  <div class='ocr_page' id='page_1' title='image "/cluster/home/n/w/nwhite01/storage/ocr_20150623/65/hvd.32044054128558/214.png"; bbox 0 0 4014 6340; ppageno 0'>
   <div class='ocr_carea' id='block_1_1' title="bbox 178 301 266 358">
    <p class='ocr_par' dir='ltr' id='par_1_1' title="bbox 178 301 266 358">
     <span class='ocr_line' id='line_1_1' title="bbox 178 301 266 358; baseline -0.023 0"><span class='ocrx_word' id='word_1_1' title='bbox 178 301 266 358; x_wconf 67' lang='grc'><strong>417</strong></span> 
     </span>
    </p>
   </div>
   <div class='ocr_carea' id='block_1_2' title="bbox 1563 301 2056 361">
    <p class='ocr_par' dir='ltr' id='par_1_2' title="bbox 1563 301 2056 361">
     <span class='ocr_line' id='line_1_2' title="bbox 1563 301 2056 361; baseline 0 -1"><span class='ocrx_word' id='word_1_2' title='bbox 1563 303 1895 361; x_wconf 83' lang='lat' dir='ltr'><strong>EPISTOLA</strong></span> <span class='ocrx_word' id='word_1_3' title='bbox 1925 301 2056 360; x_wconf 70' lang='lat' dir='ltr'><strong>XIV.</strong></span> 
     </span>
    </p>
   </div>
   <div class='ocr_carea' id='block_1_3' title="bbox 3343 295 3447 356">
    <p class='ocr_par' dir='ltr' id='par_1_3' title="bbox 3343 295 3447 356">
     <span class='ocr_line' id='line_1_3' title="bbox 3343 295 3447 356; baseline 0 0"><span class='ocrx_word' id='word_1_4' title='bbox 3343 295 3447 356; x_wconf 66' lang='grc'><strong>418</strong></span> 
     </span>
    </p>
   </div>
   <div class='ocr_carea' id='block_1_4' title="bbox 169 409 3448 492">
    <p class='ocr_par' dir='ltr' id='par_1_4' title="bbox 169 409 3448 492">
     <span class='ocr_line' id='line_1_4' title="bbox 169 409 3448 492; baseline -0.001 -15"><span class='ocrx_word' id='word_1_5' title='bbox 169 427 273 478; x_wconf 65' lang='lat' dir='ltr'><strong>suis</strong></span> <span class='ocrx_word' id='word_1_6' title='bbox 337 419 616 476; x_wconf 72' lang='lat' dir='ltr'><strong>evidenter</strong></span> <span class='ocrx_word' id='word_1_7' title='bbox 652 431 815 492; x_wconf 92' lang='lat' dir='ltr'><strong>atque</strong></span> <span class='ocrx_word' id='word_1_8' title='bbox 859 423 1225 478; x_wconf 75' lang='lat' dir='ltr'><strong>indubitanter</strong></span> <span class='ocrx_word' id='word_1_9' title='bbox 1271 423 1511 478; x_wconf 85' lang='lat' dir='ltr'><strong>ostendit</strong></span> <span class='ocrx_word' id='word_1_10' title='bbox 1558 425 1749 480; x_wconf 71' lang='lat' dir='ltr'><strong>anima:</strong></span> <span class='ocrx_word' id='word_1_11' title='bbox 1777 430 1832 489; x_wconf 76' lang='grc' dir='ltr'>Α</span> <span class='ocrx_word' id='word_1_12' title='bbox 1856 423 1968 489; x_wconf 86' lang='lat' dir='ltr'><strong>bus,</strong></span> <span class='ocrx_word' id='word_1_13' title='bbox 1993 421 2086 477; x_wconf 89' lang='lat' dir='ltr'><strong>se&#39;d</strong></span> <span class='ocrx_word' id='word_1_14' title='bbox 2119 423 2235 476; x_wconf 83' lang='lat' dir='ltr'><strong>aliis</strong></span> <span class='ocrx_word' id='word_1_15' title='bbox 2262 420 2574 488; x_wconf 71' lang='lat' dir='ltr'><strong>hominibus,</strong></span> <span class='ocrx_word' id='word_1_16' title='bbox 2599 421 2703 478; x_wconf 84' lang='lat' dir='ltr'><strong>nisi</strong></span> <span class='ocrx_word' id='word_1_17' title='bbox 2727 427 2784 475; x_wconf 88' lang='lat' dir='ltr'><strong>ut</strong></span> <span class='ocrx_word' id='word_1_18' title='bbox 2805 417 3116 475; x_wconf 83' lang='lat' dir='ltr'><strong>ostenderet</strong></span> <span class='ocrx_word' id='word_1_19' title='bbox 3142 416 3222 474; x_wconf 85' lang='lat' dir='ltr'><strong>illi</strong></span> <span class='ocrx_word' id='word_1_20' title='bbox 3241 409 3448 475; x_wconf 81' lang='lat' dir='ltr'><strong>homini</strong></span> 
     </span>
    </p>
   </div>
   <div class='ocr_carea' id='block_1_5' title="bbox 166 514 1748 584">
    <p class='ocr_par' dir='ltr' id='par_1_5' title="bbox 166 514 1748 584">
     <span class='ocr_line' id='line_1_5' title="bbox 166 514 1748 584; baseline 0.003 -14"><span class='ocrx_word' id='word_1_21' title='bbox 166 515 353 570; x_wconf 70' lang='lat' dir='ltr'><strong>Chrisri</strong></span> <span class='ocrx_word' id='word_1_22' title='bbox 385 514 602 584; x_wconf 84' lang='lat' dir='ltr'><strong>plenam</strong></span> <span class='ocrx_word' id='word_1_23' title='bbox 629 518 794 572; x_wconf 85' lang='lat' dir='ltr'><strong>totius</strong></span> <span class='ocrx_word' id='word_1_24' title='bbox 817 516 1113 572; x_wconf 79' lang='lat' dir='ltr'><strong>divinitatis</strong></span> <span class='ocrx_word' id='word_1_25' title='bbox 1135 517 1311 572; x_wconf 89' lang='lat' dir='ltr'><strong>inesse</strong></span> <span class='ocrx_word' id='word_1_26' title='bbox 1336 517 1602 583; x_wconf 84' lang='lat' dir='ltr'><strong>notitiam,</strong></span> <span class='ocrx_word' id='word_1_27' title='bbox 1626 534 1748 573; x_wconf 88' lang='lat' dir='ltr'><strong>cum</strong></span> 
     </span>
    </p>
   </div>
   <div class='ocr_carea' id='block_1_6' title="bbox 155 609 1749 679">
    <p class='ocr_par' dir='ltr' id='par_1_6' title="bbox 155 609 1749 679">
     <span class='ocr_line' id='line_1_6' title="bbox 155 609 1749 679; baseline 0.003 -15"><span class='ocrx_word' id='word_1_28' title='bbox 155 611 294 673; x_wconf 75' lang='lat' dir='ltr'><strong>dicit,</strong></span> <span class='ocrx_word' id='word_1_29' title='bbox 329 610 456 679; x_wconf 86' lang='lat' dir='ltr'><strong>quia</strong></span> <span class='ocrx_word' id='word_1_30' title='bbox 488 611 632 666; x_wconf 87' lang='lat' dir='ltr'><strong>circa</strong></span> <span class='ocrx_word' id='word_1_31' title='bbox 655 627 754 665; x_wconf 92' lang='lat' dir='ltr'><strong>nos</strong></span> <span class='ocrx_word' id='word_1_32' title='bbox 783 627 851 666; x_wconf 90' lang='lat' dir='ltr'><strong>ex</strong></span> <span class='ocrx_word' id='word_1_33' title='bbox 872 609 1116 667; x_wconf 86' lang='lat' dir='ltr'><strong>alllueuti</strong></span> <span class='ocrx_word' id='word_1_34' title='bbox 1136 611 1426 668; x_wconf 89' lang='lat' dir='ltr'><strong>commodo</strong></span> <span class='ocrx_word' id='word_1_35' title='bbox 1455 611 1749 668; x_wconf 85' lang='lat' dir='ltr'><strong>liberalitas</strong></span> 
     </span>
    </p>
   </div>
   <div class='ocr_carea' id='block_1_7' title="bbox 163 701 1748 774">
    <p class='ocr_par' dir='ltr' id='par_1_7' title="bbox 163 701 1748 774">
     <span class='ocr_line' id='line_1_7' title="bbox 163 701 1748 774; baseline 0.001 -18"><span class='ocrx_word' id='word_1_36' title='bbox 163 701 431 768; x_wconf 86' lang='lat' dir='ltr'><strong>largientis</strong></span> <span class='ocrx_word' id='word_1_37' title='bbox 451 711 553 767; x_wconf 89' lang='lat' dir='ltr'><strong>est,</strong></span> <span class='ocrx_word' id='word_1_38' title='bbox 585 702 637 755; x_wconf 84' lang='lat' dir='ltr'><strong>in</strong></span> <span class='ocrx_word' id='word_1_39' title='bbox 661 703 754 756; x_wconf 90' lang='lat' dir='ltr'><strong>illo</strong></span> <span class='ocrx_word' id='word_1_40' title='bbox 778 703 943 758; x_wconf 86' lang='lat' dir='ltr'><strong>totius</strong></span> <span class='ocrx_word' id='word_1_41' title='bbox 965 712 1152 758; x_wconf 89' lang='lat' dir='ltr'><strong>manet</strong></span> <span class='ocrx_word' id='word_1_42' title='bbox 1180 704 1232 757; x_wconf 92' lang='lat' dir='ltr'><strong>in</strong></span> <span class='ocrx_word' id='word_1_43' title='bbox 1262 713 1523 758; x_wconf 75' lang='lat' dir='ltr'><strong>mternum</strong></span> <span class='ocrx_word' id='word_1_44' title='bbox 1573 704 1748 774; x_wconf 87' lang='lat' dir='ltr'><strong>Spiri-</strong></span> 
     </span>
    </p>
   </div>
   <div class='ocr_carea' id='block_1_8' title="bbox 162 791 1749 862">
    <p class='ocr_par' dir='ltr' id='par_1_8' title="bbox 162 791 1749 862">
     <span class='ocr_line' id='line_1_8' title="bbox 162 791 1749 862; baseline 0.003 -16"><span class='ocrx_word' id='word_1_45' title='bbox 162 803 238 849; x_wconf 94' lang='lat' dir='ltr'><strong>tus</strong></span> <span class='ocrx_word' id='word_1_46' title='bbox 257 791 564 862; x_wconf 82' lang='lat' dir='ltr'><strong>plenitudo.</strong></span> <span class='ocrx_word' id='word_1_47' title='bbox 587 791 703 848; x_wconf 81' lang='lat' dir='ltr'><strong>Hoc</strong></span> <span class='ocrx_word' id='word_1_48' title='bbox 731 802 912 848; x_wconf 81' lang='lat' dir='ltr'><strong>autem</strong></span> <span class='ocrx_word' id='word_1_49' title='bbox 927 802 986 848; x_wconf 92' lang='lat' dir='ltr'><strong>ut</strong></span> <span class='ocrx_word' id='word_1_50' title='bbox 1014 794 1237 859; x_wconf 86' lang='lat' dir='ltr'><strong>diceret,</strong></span> <span class='ocrx_word' id='word_1_51' title='bbox 1262 794 1411 849; x_wconf 91' lang='lat' dir='ltr'><strong>illum</strong></span> <span class='ocrx_word' id='word_1_52' title='bbox 1439 809 1749 850; x_wconf 87' lang='lat' dir='ltr'><strong>sermonem</strong></span> 
     </span>
    </p>
   </div>
   <div class='ocr_carea' id='block_1_9' title="bbox 164 883 1752 956">
    <p class='ocr_par' dir='ltr' id='par_1_9' title="bbox 164 883 1752 956">
     <span class='ocr_line' id='line_1_9' title="bbox 164 883 1752 956; baseline 0.001 -16"><span class='ocrx_word' id='word_1_53' title='bbox 164 885 290 940; x_wconf 86' lang='lat' dir='ltr'><strong>beati</strong></span> <span class='ocrx_word' id='word_1_54' title='bbox 315 883 548 940; x_wconf 83' lang='lat' dir='ltr'><strong>Joannis</strong></span> <span class='ocrx_word' id='word_1_55' title='bbox 572 885 820 950; x_wconf 84' lang='lat' dir='ltr'><strong>attendit,</strong></span> <span class='ocrx_word' id='word_1_56' title='bbox 845 901 954 954; x_wconf 91' lang='lat' dir='ltr'><strong>quo</strong></span> <span class='ocrx_word' id='word_1_57' title='bbox 982 887 1078 954; x_wconf 89' lang='lat' dir='ltr'><strong>ait,</strong></span> <span class='ocrx_word' id='word_1_58' title='bbox 1109 901 1230 941; x_wconf 91' lang='lat' dir='ltr'><strong>cum</strong></span> <span class='ocrx_word' id='word_1_59' title='bbox 1259 885 1327 941; x_wconf 92' lang='lat' dir='ltr'><strong>de</strong></span> <span class='ocrx_word' id='word_1_60' title='bbox 1364 887 1480 956; x_wconf 91' lang='lat' dir='ltr'><strong>ipso</strong></span> <span class='ocrx_word' id='word_1_61' title='bbox 1504 885 1641 941; x_wconf 89' lang='lat' dir='ltr'><strong>Filio</strong></span> <span class='ocrx_word' id='word_1_62' title='bbox 1668 887 1752 943; x_wconf 91' lang='lat' dir='ltr'><strong>lo-</strong></span> 
     </span>
    </p>
   </div>
   <div class='ocr_carea' id='block_1_10' title="bbox 163 973 1751 1048">
    <p class='ocr_par' dir='ltr' id='par_1_10' title="bbox 163 973 1751 1048">
     <span class='ocr_line' id='line_1_10' title="bbox 163 973 1751 1048; baseline 0.002 -19"><span class='ocrx_word' id='word_1_63' title='bbox 163 984 445 1046; x_wconf 74' lang='lat' dir='ltr'><strong>queretur:</strong></span> <span class='ocrx_word' id='word_1_64' title='bbox 479 973 605 1031; x_wconf 86' lang='lat' dir='ltr'><strong>Non</strong></span> <span class='ocrx_word' id='word_1_65' title='bbox 653 978 791 1031; x_wconf 89' lang='lat' dir='ltr'><strong>enim</strong></span> <span class='ocrx_word' id='word_1_66' title='bbox 830 977 899 1030; x_wconf 89' lang='lat' dir='ltr'><strong>ad</strong></span> <span class='ocrx_word' id='word_1_67' title='bbox 942 993 1241 1031; x_wconf 76' lang='lat' dir='ltr'><strong>mensuram</strong></span> <span class='ocrx_word' id='word_1_68' title='bbox 1269 977 1362 1031; x_wconf 85' lang='lat' dir='ltr'><strong>dat</strong></span> <span class='ocrx_word' id='word_1_69' title='bbox 1390 975 1532 1030; x_wconf 90' lang='lat' dir='ltr'><strong>Deus</strong></span> <span class='ocrx_word' id='word_1_70' title='bbox 1575 976 1751 1048; x_wconf 80' lang='lat' dir='ltr'><strong>Spiri-</strong></span> 
     </span>
    </p>
   </div>
   <div class='ocr_carea' id='block_1_11' title="bbox 167 1067 1752 1138">
    <p class='ocr_par' dir='ltr' id='par_1_11' title="bbox 167 1067 1752 1138">
     <span class='ocr_line' id='line_1_11' title="bbox 167 1067 1752 1138; baseline 0.001 -16"><span class='ocrx_word' id='word_1_71' title='bbox 167 1081 252 1127; x_wconf 71' lang='lat' dir='ltr'><strong>nnn</strong></span> <span class='ocrx_word' id='word_1_72' title='bbox 283 1067 468 1136; x_wconf 83' lang='lat' dir='ltr'><strong>(Joan.</strong></span> <span class='ocrx_word' id='word_1_73' title='bbox 499 1083 578 1135; x_wconf 89' lang='grc' dir='ltr'><strong><em>ιιι,</em></strong></span> <span class='ocrx_word' id='word_1_74' title='bbox 603 1067 716 1122; x_wconf 68' lang='lat'><strong>54).</strong></span> <span class='ocrx_word' id='word_1_75' title='bbox 744 1067 898 1134; x_wconf 83' lang='lat' dir='ltr'><strong>Quod</strong></span> <span class='ocrx_word' id='word_1_76' title='bbox 943 1069 1130 1123; x_wconf 89' lang='lat' dir='ltr'><strong>beatus</strong></span> <span class='ocrx_word' id='word_1_77' title='bbox 1156 1083 1372 1138; x_wconf 91' lang='lat' dir='ltr'><strong>quoque</strong></span> <span class='ocrx_word' id='word_1_78' title='bbox 1420 1068 1752 1138; x_wconf 81' lang='lat' dir='ltr'><strong>Augustinus</strong></span> 
     </span>
    </p>
   </div>
   <div class='ocr_carea' id='block_1_12' title="bbox 168 1159 1752 1232">
    <p class='ocr_par' dir='ltr' id='par_1_12' title="bbox 168 1159 1752 1232">
     <span class='ocr_line' id='line_1_12' title="bbox 168 1159 1752 1232; baseline 0.003 -18"><span class='ocrx_word' id='word_1_79' title='bbox 168 1159 336 1214; x_wconf 68' lang='lat' dir='ltr'><strong>cadem</strong></span> <span class='ocrx_word' id='word_1_80' title='bbox 358 1159 537 1214; x_wconf 88' lang='lat' dir='ltr'><strong>sancti</strong></span> <span class='ocrx_word' id='word_1_81' title='bbox 567 1159 800 1230; x_wconf 87' lang='lat' dir='ltr'><strong>Spiritus</strong></span> <span class='ocrx_word' id='word_1_82' title='bbox 822 1159 1215 1216; x_wconf 90' lang='lat' dir='ltr'><strong>illuminatione</strong></span> <span class='ocrx_word' id='word_1_83' title='bbox 1252 1160 1555 1232; x_wconf 85' lang='lat' dir='ltr'><strong>percipiens</strong></span> <span class='ocrx_word' id='word_1_84' title='bbox 1583 1169 1752 1231; x_wconf 89' lang='lat' dir='ltr'><strong>atque</strong></span> 
     </span>
    </p>
   </div>
   <div class='ocr_carea' id='block_1_13' title="bbox 165 1251 1751 1324">
    <p class='ocr_par' dir='ltr' id='par_1_13' title="bbox 165 1251 1751 1324">
     <span class='ocr_line' id='line_1_13' title="bbox 165 1251 1751 1324; baseline 0.004 -19"><span class='ocrx_word' id='word_1_85' title='bbox 165 1251 477 1320; x_wconf 72' lang='lat' dir='ltr'><strong>intelligens,</strong></span> <span class='ocrx_word' id='word_1_86' title='bbox 532 1252 584 1306; x_wconf 92' lang='lat' dir='ltr'><strong>in</strong></span> <span class='ocrx_word' id='word_1_87' title='bbox 633 1252 749 1307; x_wconf 89' lang='lat' dir='ltr'><strong>sola</strong></span> <span class='ocrx_word' id='word_1_88' title='bbox 795 1268 1030 1322; x_wconf 87' lang='lat' dir='ltr'><strong>persona</strong></span> <span class='ocrx_word' id='word_1_89' title='bbox 1085 1252 1284 1310; x_wconf 88' lang='lat' dir='ltr'><strong>Christi</strong></span> <span class='ocrx_word' id='word_1_90' title='bbox 1332 1254 1502 1324; x_wconf 88' lang='lat' dir='ltr'><strong>accipi</strong></span> <span class='ocrx_word' id='word_1_91' title='bbox 1548 1254 1751 1311; x_wconf 87' lang='lat' dir='ltr'><strong>debere</strong></span> 
     </span>
    </p>
   </div>
   <div class='ocr_carea' id='block_1_14' title="bbox 165 1343 1752 1416">
    <p class='ocr_par' dir='ltr' id='par_1_14' title="bbox 165 1343 1752 1416">
     <span class='ocr_line' id='line_1_14' title="bbox 165 1343 1752 1416; baseline 0.001 -15"><span class='ocrx_word' id='word_1_92' title='bbox 165 1344 456 1401; x_wconf 78' lang='lat' dir='ltr'><strong>continuat.</strong></span> <span class='ocrx_word' id='word_1_93' title='bbox 490 1343 624 1399; x_wconf 81' lang='lat' dir='ltr'><strong>Nam</strong></span> <span class='ocrx_word' id='word_1_94' title='bbox 656 1360 778 1399; x_wconf 90' lang='lat' dir='ltr'><strong>cum</strong></span> <span class='ocrx_word' id='word_1_95' title='bbox 827 1345 1075 1400; x_wconf 91' lang='lat' dir='ltr'><strong>eumdem</strong></span> <span class='ocrx_word' id='word_1_96' title='bbox 1109 1345 1286 1402; x_wconf 91' lang='lat' dir='ltr'><strong>locum</strong></span> <span class='ocrx_word' id='word_1_97' title='bbox 1336 1345 1612 1416; x_wconf 75' lang='lat' dir='ltr'><strong>Evangelii</strong></span> <span class='ocrx_word' id='word_1_98' title='bbox 1659 1363 1752 1402; x_wconf 84' lang='lat' dir='ltr'><strong>ex-</strong></span> 
     </span>
    </p>
   </div>
   <div class='ocr_carea' id='block_1_15' title="bbox 167 1435 1751 1508">
    <p class='ocr_par' dir='ltr' id='par_1_15' title="bbox 167 1435 1751 1508">
     <span class='ocr_line' id='line_1_15' title="bbox 167 1435 1751 1508; baseline 0.003 -18"><span class='ocrx_word' id='word_1_99' title='bbox 167 1437 425 1506; x_wconf 79' lang='lat' dir='ltr'><strong>planasset</strong></span> <span class='ocrx_word' id='word_1_100' title='bbox 447 1435 652 1505; x_wconf 87' lang='lat' dir='ltr'><strong>(Tract.</strong></span> <span class='ocrx_word' id='word_1_101' title='bbox 679 1435 748 1489; x_wconf 73' lang='lat' dir='ltr'><strong>H</strong></span> <span class='ocrx_word' id='word_1_102' title='bbox 768 1438 824 1490; x_wconf 90' lang='lat' dir='ltr'><strong>in</strong></span> <span class='ocrx_word' id='word_1_103' title='bbox 852 1435 1063 1507; x_wconf 85' lang='lat' dir='ltr'><strong>Joan.),</strong></span> <span class='ocrx_word' id='word_1_104' title='bbox 1097 1438 1214 1508; x_wconf 91' lang='lat' dir='ltr'><strong>ipso</strong></span> <span class='ocrx_word' id='word_1_105' title='bbox 1252 1454 1503 1494; x_wconf 88' lang='lat' dir='ltr'><strong>sermone</strong></span> <span class='ocrx_word' id='word_1_106' title='bbox 1523 1438 1751 1496; x_wconf 81' lang='lat' dir='ltr'><strong>Joannis</strong></span> 
     </span>
    </p>
   </div>
   <div class='ocr_carea' id='block_1_16' title="bbox 165 1527 1748 1599">
    <p class='ocr_par' dir='ltr' id='par_1_16' title="bbox 165 1527 1748 1599">
     <span class='ocr_line' id='line_1_16' title="bbox 165 1527 1748 1599; baseline 0.003 -17"><span class='ocrx_word' id='word_1_107' title='bbox 165 1527 403 1599; x_wconf 65' lang='lat' dir='ltr'><strong>hptistae</strong></span> <span class='ocrx_word' id='word_1_108' title='bbox 434 1527 717 1597; x_wconf 83' lang='lat' dir='ltr'><strong>proposito</strong></span> <span class='ocrx_word' id='word_1_109' title='bbox 744 1544 853 1598; x_wconf 88' lang='lat' dir='ltr'><strong>quo</strong></span> <span class='ocrx_word' id='word_1_110' title='bbox 883 1529 957 1584; x_wconf 91' lang='lat' dir='ltr'><strong>ait</strong></span> <span class='ocrx_word' id='word_1_111' title='bbox 982 1545 996 1582; x_wconf 91' lang='lat'><strong>:</strong></span> <span class='ocrx_word' id='word_1_112' title='bbox 1040 1527 1164 1584; x_wconf 90' lang='lat' dir='ltr'><strong>Non</strong></span> <span class='ocrx_word' id='word_1_113' title='bbox 1185 1531 1322 1584; x_wconf 87' lang='lat' dir='ltr'><strong>enim</strong></span> <span class='ocrx_word' id='word_1_114' title='bbox 1355 1530 1425 1584; x_wconf 85' lang='lat' dir='ltr'><strong>ad</strong></span> <span class='ocrx_word' id='word_1_115' title='bbox 1451 1547 1748 1586; x_wconf 78' lang='lat' dir='ltr'><strong>mensuram</strong></span> 
     </span>
    </p>
   </div>
   <div class='ocr_carea' id='block_1_17' title="bbox 166 1619 1798 1691">
    <p class='ocr_par' dir='ltr' id='par_1_17' title="bbox 166 1619 1798 1691">
     <span class='ocr_line' id='line_1_17' title="bbox 166 1619 1798 1691; baseline 0.004 -16"><span class='ocrx_word' id='word_1_116' title='bbox 166 1621 241 1675; x_wconf 82' lang='lat' dir='ltr'><strong>dat</strong></span> <span class='ocrx_word' id='word_1_117' title='bbox 258 1619 402 1674; x_wconf 86' lang='lat' dir='ltr'><strong>Deus</strong></span> <span class='ocrx_word' id='word_1_118' title='bbox 425 1620 706 1690; x_wconf 79' lang='lat' dir='ltr'><strong>Spiritum,</strong></span> <span class='ocrx_word' id='word_1_119' title='bbox 727 1620 873 1676; x_wconf 90' lang='lat' dir='ltr'><strong>idem</strong></span> <span class='ocrx_word' id='word_1_120' title='bbox 895 1621 1086 1675; x_wconf 89' lang='lat' dir='ltr'><strong>beatus</strong></span> <span class='ocrx_word' id='word_1_121' title='bbox 1107 1621 1436 1690; x_wconf 78' lang='lat' dir='ltr'><strong>Augustinus</strong></span> <span class='ocrx_word' id='word_1_122' title='bbox 1468 1623 1538 1676; x_wconf 84' lang='lat' dir='ltr'><strong>ita</strong></span> <span class='ocrx_word' id='word_1_123' title='bbox 1561 1622 1747 1691; x_wconf 90' lang='lat' dir='ltr'><strong>subje-</strong></span> <span class='ocrx_word' id='word_1_124' title='bbox 1793 1677 1798 1682; x_wconf 89' lang='lat'><strong>.</strong></span> 
     </span>
    </p>
   </div>
   <div class='ocr_carea' id='block_1_18' title="bbox 165 1713 1745 1779">
    <p class='ocr_par' dir='ltr' id='par_1_18' title="bbox 165 1713 1745 1779">
     <span class='ocr_line' id='line_1_18' title="bbox 165 1713 1745 1779; baseline 0 -7"><span class='ocrx_word' id='word_1_125' title='bbox 165 1717 256 1772; x_wconf 82' lang='lat' dir='ltr'><strong>cit:</strong></span> <span class='ocrx_word' id='word_1_126' title='bbox 286 1713 431 1779; x_wconf 83' lang='lat' dir='ltr'><strong>Quid</strong></span> <span class='ocrx_word' id='word_1_127' title='bbox 457 1722 536 1768; x_wconf 87' lang='lat' dir='ltr'><strong>est</strong></span> <span class='ocrx_word' id='word_1_128' title='bbox 561 1714 658 1768; x_wconf 84' lang='lat' dir='ltr'><strong>hoc</strong></span> <span class='ocrx_word' id='word_1_129' title='bbox 680 1730 700 1768; x_wconf 88' lang='lat'><strong><em>:</em></strong></span> <span class='ocrx_word' id='word_1_130' title='bbox 727 1713 844 1769; x_wconf 85' lang='lat' dir='ltr'><strong>Non</strong></span> <span class='ocrx_word' id='word_1_131' title='bbox 865 1716 1009 1770; x_wconf 93' lang='lat' dir='ltr'><strong>enim</strong></span> <span class='ocrx_word' id='word_1_132' title='bbox 1039 1715 1106 1770; x_wconf 91' lang='lat' dir='ltr'><strong>ad</strong></span> <span class='ocrx_word' id='word_1_133' title='bbox 1143 1730 1449 1770; x_wconf 90' lang='lat' dir='ltr'><strong>mensuram</strong></span> <span class='ocrx_word' id='word_1_134' title='bbox 1478 1715 1574 1770; x_wconf 91' lang='lat' dir='ltr'><strong>dat</strong></span> <span class='ocrx_word' id='word_1_135' title='bbox 1601 1715 1745 1772; x_wconf 91' lang='lat' dir='ltr'><strong>Deus</strong></span> 
     </span>
    </p>
   </div>
   <div class='ocr_carea' id='block_1_19' title="bbox 1854 511 3451 585">
    <p class='ocr_par' dir='ltr' id='par_1_19' title="bbox 1854 511 3451 585">
     <span class='ocr_line' id='line_1_19' title="bbox 1854 511 3451 585; baseline -0.003 -14"><span class='ocrx_word' id='word_1_136' title='bbox 1854 515 2200 585; x_wconf 67' lang='lat' dir='ltr'><strong>singulariter</strong></span> <span class='ocrx_word' id='word_1_137' title='bbox 2247 530 2354 569; x_wconf 88' lang='lat' dir='ltr'><strong>non</strong></span> <span class='ocrx_word' id='word_1_138' title='bbox 2384 514 2452 570; x_wconf 82' lang='lat' dir='ltr'><strong>ad</strong></span> <span class='ocrx_word' id='word_1_139' title='bbox 2490 529 2819 580; x_wconf 73' lang='lat' dir='ltr'><strong>mensuram,</strong></span> <span class='ocrx_word' id='word_1_140' title='bbox 2863 511 2959 568; x_wconf 85' lang='lat' dir='ltr'><strong>sed</strong></span> <span class='ocrx_word' id='word_1_141' title='bbox 3003 525 3222 570; x_wconf 84' lang='lat' dir='ltr'><strong>omnem</strong></span> <span class='ocrx_word' id='word_1_142' title='bbox 3271 512 3451 568; x_wconf 89' lang='lat' dir='ltr'><strong>inesse</strong></span> 
     </span>
    </p>
   </div>
   <div class='ocr_carea' id='block_1_20' title="bbox 1853 607 3448 680">
    <p class='ocr_par' dir='ltr' id='par_1_20' title="bbox 1853 607 3448 680">
     <span class='ocr_line' id='line_1_20' title="bbox 1853 607 3448 680; baseline -0.001 -16"><span class='ocrx_word' id='word_1_143' title='bbox 1853 609 2088 680; x_wconf 87' lang='lat' dir='ltr'><strong>Spiritus</strong></span> <span class='ocrx_word' id='word_1_144' title='bbox 2134 607 2545 679; x_wconf 81' lang='lat' dir='ltr'><strong>plenitudinem,</strong></span> <span class='ocrx_word' id='word_1_145' title='bbox 2580 607 2673 678; x_wconf 90' lang='lat' dir='ltr'><strong>qui</strong></span> <span class='ocrx_word' id='word_1_146' title='bbox 2702 609 2780 662; x_wconf 90' lang='lat' dir='ltr'><strong>sic</strong></span> <span class='ocrx_word' id='word_1_147' title='bbox 2820 615 2907 662; x_wconf 92' lang='lat' dir='ltr'><strong>est</strong></span> <span class='ocrx_word' id='word_1_148' title='bbox 2930 608 3252 664; x_wconf 87' lang='lat' dir='ltr'><strong>naturaliter</strong></span> <span class='ocrx_word' id='word_1_149' title='bbox 3280 607 3448 663; x_wconf 89' lang='lat' dir='ltr'><strong>homo</strong></span> 
     </span>
    </p>
   </div>
   <div class='ocr_carea' id='block_1_21' title="bbox 1853 700 3451 770">
    <p class='ocr_par' dir='ltr' id='par_1_21' title="bbox 1853 700 3451 770">
     <span class='ocr_line' id='line_1_21' title="bbox 1853 700 3451 770; baseline -0.001 -14"><span class='ocrx_word' id='word_1_150' title='bbox 1853 718 2035 770; x_wconf 87' lang='lat' dir='ltr'><strong>verus,</strong></span> <span class='ocrx_word' id='word_1_151' title='bbox 2048 711 2108 756; x_wconf 91' lang='lat' dir='ltr'><strong>ut</strong></span> <span class='ocrx_word' id='word_1_152' title='bbox 2125 701 2266 757; x_wconf 82' lang='lat' dir='ltr'><strong>idem</strong></span> <span class='ocrx_word' id='word_1_153' title='bbox 2287 702 2358 757; x_wconf 90' lang='lat' dir='ltr'><strong>sit</strong></span> <span class='ocrx_word' id='word_1_154' title='bbox 2379 703 2698 758; x_wconf 88' lang='lat' dir='ltr'><strong>naturaliter</strong></span> <span class='ocrx_word' id='word_1_155' title='bbox 2719 701 2882 756; x_wconf 90' lang='lat' dir='ltr'><strong>etiam</strong></span> <span class='ocrx_word' id='word_1_156' title='bbox 2898 700 3037 757; x_wconf 85' lang='lat' dir='ltr'><strong>Deus</strong></span> <span class='ocrx_word' id='word_1_157' title='bbox 3056 716 3250 766; x_wconf 88' lang='lat' dir='ltr'><strong>verus;</strong></span> <span class='ocrx_word' id='word_1_158' title='bbox 3275 709 3451 756; x_wconf 91' lang='lat' dir='ltr'><strong>totum</strong></span> 
     </span>
    </p>
   </div>
   <div class='ocr_carea' id='block_1_22' title="bbox 1855 794 3452 866">
    <p class='ocr_par' dir='ltr' id='par_1_22' title="bbox 1855 794 3452 866">
     <span class='ocr_line' id='line_1_22' title="bbox 1855 794 3452 866; baseline -0.001 -18"><span class='ocrx_word' id='word_1_159' title='bbox 1855 795 2124 866; x_wconf 89' lang='lat' dir='ltr'><strong>accipiens</strong></span> <span class='ocrx_word' id='word_1_160' title='bbox 2149 795 2208 849; x_wconf 87' lang='lat' dir='ltr'><strong>in</strong></span> <span class='ocrx_word' id='word_1_161' title='bbox 2232 795 2462 850; x_wconf 74' lang='lat' dir='ltr'><strong>veritate</strong></span> <span class='ocrx_word' id='word_1_162' title='bbox 2497 796 2693 861; x_wconf 87' lang='lat' dir='ltr'><strong>carnis,</strong></span> <span class='ocrx_word' id='word_1_163' title='bbox 2723 809 2884 865; x_wconf 83' lang='lat' dir='ltr'><strong>quem</strong></span> <span class='ocrx_word' id='word_1_164' title='bbox 2913 794 2982 850; x_wconf 89' lang='lat' dir='ltr'><strong>ad</strong></span> <span class='ocrx_word' id='word_1_165' title='bbox 3009 809 3317 851; x_wconf 90' lang='lat' dir='ltr'><strong>mensuram</strong></span> <span class='ocrx_word' id='word_1_166' title='bbox 3340 795 3452 848; x_wconf 89' lang='lat' dir='ltr'><strong>lar-</strong></span> 
     </span>
    </p>
   </div>
   <div class='ocr_carea' id='block_1_23' title="bbox 1853 887 3451 959">
    <p class='ocr_par' dir='ltr' id='par_1_23' title="bbox 1853 887 3451 959">
     <span class='ocr_line' id='line_1_23' title="bbox 1853 887 3451 959; baseline -0.001 -17"><span class='ocrx_word' id='word_1_167' title='bbox 1853 889 1998 959; x_wconf 89' lang='lat' dir='ltr'><strong>gitur</strong></span> <span class='ocrx_word' id='word_1_168' title='bbox 2025 904 2250 944; x_wconf 89' lang='lat' dir='ltr'><strong>munere</strong></span> <span class='ocrx_word' id='word_1_169' title='bbox 2280 889 2533 945; x_wconf 74' lang='lat' dir='ltr'><strong>deitatis?</strong></span> <span class='ocrx_word' id='word_1_170' title='bbox 2561 888 2642 944; x_wconf 89' lang='lat' dir='ltr'><strong>llli</strong></span> <span class='ocrx_word' id='word_1_171' title='bbox 2673 903 2804 958; x_wconf 85' lang='lat' dir='ltr'><strong>ergo</strong></span> <span class='ocrx_word' id='word_1_172' title='bbox 2833 888 2926 959; x_wconf 80' lang='lat' dir='ltr'><strong>qui</strong></span> <span class='ocrx_word' id='word_1_173' title='bbox 2954 887 3251 944; x_wconf 89' lang='lat' dir='ltr'><strong>secundum</strong></span> <span class='ocrx_word' id='word_1_174' title='bbox 3291 902 3451 943; x_wconf 89' lang='lat' dir='ltr'><strong>men-</strong></span> 
     </span>
    </p>
   </div>
   <div class='ocr_carea' id='block_1_24' title="bbox 1852 979 3451 1050">
    <p class='ocr_par' dir='ltr' id='par_1_24' title="bbox 1852 979 3451 1050">
     <span class='ocr_line' id='line_1_24' title="bbox 1852 979 3451 1050; baseline -0.004 -13"><span class='ocrx_word' id='word_1_175' title='bbox 1852 995 2036 1037; x_wconf 83' lang='lat' dir='ltr'><strong>suram</strong></span> <span class='ocrx_word' id='word_1_176' title='bbox 2064 979 2370 1036; x_wconf 88' lang='lat' dir='ltr'><strong>donationis</strong></span> <span class='ocrx_word' id='word_1_177' title='bbox 2395 997 2504 1037; x_wconf 58' lang='lat' dir='ltr'><strong>sua‘.</strong></span> <span class='ocrx_word' id='word_1_178' title='bbox 2531 981 2623 1037; x_wconf 89' lang='lat' dir='ltr'><strong>dat</strong></span> <span class='ocrx_word' id='word_1_179' title='bbox 2649 981 2896 1050; x_wconf 77' lang='lat' dir='ltr'><strong>gratiam,</strong></span> <span class='ocrx_word' id='word_1_180' title='bbox 2912 996 3021 1036; x_wconf 92' lang='lat' dir='ltr'><strong>non</strong></span> <span class='ocrx_word' id='word_1_181' title='bbox 3041 980 3110 1036; x_wconf 92' lang='lat' dir='ltr'><strong>ad</strong></span> <span class='ocrx_word' id='word_1_182' title='bbox 3137 992 3451 1036; x_wconf 87' lang='lat' dir='ltr'><strong>mensuram</strong></span> 
     </span>
    </p>
   </div>
   <div class='ocr_carea' id='block_1_25' title="bbox 1853 1071 3448 1144">
    <p class='ocr_par' dir='ltr' id='par_1_25' title="bbox 1853 1071 3448 1144">
     <span class='ocr_line' id='line_1_25' title="bbox 1853 1071 3448 1144; baseline -0.001 -17"><span class='ocrx_word' id='word_1_183' title='bbox 1853 1071 2001 1127; x_wconf 81' lang='lat' dir='ltr'><strong>dedit</strong></span> <span class='ocrx_word' id='word_1_184' title='bbox 2015 1071 2157 1128; x_wconf 89' lang='lat' dir='ltr'><strong>Deus</strong></span> <span class='ocrx_word' id='word_1_185' title='bbox 2181 1072 2462 1144; x_wconf 89' lang='lat' dir='ltr'><strong>Spiritum.</strong></span> <span class='ocrx_word' id='word_1_186' title='bbox 2485 1073 2544 1128; x_wconf 91' lang='lat' dir='ltr'><strong>ln</strong></span> <span class='ocrx_word' id='word_1_187' title='bbox 2565 1072 2783 1129; x_wconf 90' lang='lat' dir='ltr'><strong>Christo</strong></span> <span class='ocrx_word' id='word_1_188' title='bbox 2811 1082 3016 1142; x_wconf 90' lang='lat' dir='ltr'><strong>autem,</strong></span> <span class='ocrx_word' id='word_1_189' title='bbox 3032 1071 3330 1128; x_wconf 90' lang='lat' dir='ltr'><strong>secundum</strong></span> <span class='ocrx_word' id='word_1_190' title='bbox 3354 1085 3448 1126; x_wconf 89' lang='lat' dir='ltr'><strong>ca-</strong></span> 
     </span>
    </p>
   </div>
   <div class='ocr_carea' id='block_1_26' title="bbox 1844 1163 3450 1235">
    <p class='ocr_par' dir='ltr' id='par_1_26' title="bbox 1844 1163 3450 1235">
     <span class='ocr_line' id='line_1_26' title="bbox 1844 1163 3450 1235; baseline -0.001 -17"><span class='ocrx_word' id='word_1_191' title='bbox 1844 1163 2071 1220; x_wconf 67' lang='lat' dir='ltr'><strong>tholica:</strong></span> <span class='ocrx_word' id='word_1_192' title='bbox 2101 1164 2222 1220; x_wconf 88' lang='lat' dir='ltr'><strong>lidei</strong></span> <span class='ocrx_word' id='word_1_193' title='bbox 2249 1165 2555 1233; x_wconf 84' lang='lat' dir='ltr'><strong>veritatem,</strong></span> <span class='ocrx_word' id='word_1_194' title='bbox 2589 1167 2642 1221; x_wconf 91' lang='lat' dir='ltr'><strong>in</strong></span> <span class='ocrx_word' id='word_1_195' title='bbox 2676 1166 2884 1221; x_wconf 87' lang='lat' dir='ltr'><strong>unitate</strong></span> <span class='ocrx_word' id='word_1_196' title='bbox 2918 1179 3166 1235; x_wconf 63' lang='lat' dir='ltr'><strong>personas</strong></span> <span class='ocrx_word' id='word_1_197' title='bbox 3208 1163 3365 1218; x_wconf 89' lang='lat' dir='ltr'><strong>simul</strong></span> <span class='ocrx_word' id='word_1_198' title='bbox 3395 1169 3450 1217; x_wconf 92' lang='lat' dir='ltr'><strong>et</strong></span> 
     </span>
    </p>
   </div>
   <div class='ocr_carea' id='block_1_27' title="bbox 1855 1252 3444 1325">
    <p class='ocr_par' dir='ltr' id='par_1_27' title="bbox 1855 1252 3444 1325">
     <span class='ocr_line' id='line_1_27' title="bbox 1855 1252 3444 1325; baseline -0.001 -17"><span class='ocrx_word' id='word_1_199' title='bbox 1855 1252 2136 1322; x_wconf 88' lang='lat' dir='ltr'><strong>deitatem,</strong></span> <span class='ocrx_word' id='word_1_200' title='bbox 2163 1265 2219 1310; x_wconf 90' lang='lat' dir='ltr'><strong>et</strong></span> <span class='ocrx_word' id='word_1_201' title='bbox 2244 1258 2478 1311; x_wconf 91' lang='lat' dir='ltr'><strong>animam</strong></span> <span class='ocrx_word' id='word_1_202' title='bbox 2501 1257 2820 1312; x_wconf 89' lang='lat' dir='ltr'><strong>rationalem</strong></span> <span class='ocrx_word' id='word_1_203' title='bbox 2841 1255 3097 1325; x_wconf 84' lang='lat' dir='ltr'><strong>fatemur,</strong></span> <span class='ocrx_word' id='word_1_204' title='bbox 3109 1263 3166 1310; x_wconf 92' lang='lat' dir='ltr'><strong>et</strong></span> <span class='ocrx_word' id='word_1_205' title='bbox 3184 1268 3404 1310; x_wconf 90' lang='lat' dir='ltr'><strong>carnem</strong></span> <span class='ocrx_word' id='word_1_206' title='bbox 3430 1269 3444 1306; x_wconf 90' lang='lat'>:</span> 
     </span>
    </p>
   </div>
   <div class='ocr_carea' id='block_1_28' title="bbox 1853 1343 3448 1418">
    <p class='ocr_par' dir='ltr' id='par_1_28' title="bbox 1853 1343 3448 1418">
     <span class='ocr_line' id='line_1_28' title="bbox 1853 1343 3448 1418; baseline 0 -21"><span class='ocrx_word' id='word_1_207' title='bbox 1853 1343 1908 1398; x_wconf 92' lang='lat' dir='ltr'><strong>in</strong></span> <span class='ocrx_word' id='word_1_208' title='bbox 1937 1360 2045 1416; x_wconf 89' lang='lat' dir='ltr'><strong>quo</strong></span> <span class='ocrx_word' id='word_1_209' title='bbox 2073 1353 2254 1402; x_wconf 88' lang='lat' dir='ltr'><strong>tamen</strong></span> <span class='ocrx_word' id='word_1_210' title='bbox 2297 1347 2471 1402; x_wconf 85' lang='lat' dir='ltr'><strong>deitas</strong></span> <span class='ocrx_word' id='word_1_211' title='bbox 2499 1346 2759 1418; x_wconf 85' lang='lat' dir='ltr'><strong>Spiritum</strong></span> <span class='ocrx_word' id='word_1_212' title='bbox 2801 1347 3049 1418; x_wconf 90' lang='lat' dir='ltr'><strong>accipere</strong></span> <span class='ocrx_word' id='word_1_213' title='bbox 3097 1361 3206 1402; x_wconf 90' lang='lat' dir='ltr'><strong>non</strong></span> <span class='ocrx_word' id='word_1_214' title='bbox 3247 1344 3448 1415; x_wconf 90' lang='lat' dir='ltr'><strong>potuit,</strong></span> 
     </span>
    </p>
   </div>
   <div class='ocr_carea' id='block_1_29' title="bbox 1851 1435 3450 1506">
    <p class='ocr_par' dir='ltr' id='par_1_29' title="bbox 1851 1435 3450 1506">
     <span class='ocr_line' id='line_1_29' title="bbox 1851 1435 3450 1506; baseline -0.001 -17"><span class='ocrx_word' id='word_1_215' title='bbox 1851 1435 1976 1503; x_wconf 89' lang='lat' dir='ltr'><strong>quia</strong></span> <span class='ocrx_word' id='word_1_216' title='bbox 1993 1436 2290 1491; x_wconf 87' lang='lat' dir='ltr'><strong>secundum</strong></span> <span class='ocrx_word' id='word_1_217' title='bbox 2305 1436 2560 1492; x_wconf 88' lang='lat' dir='ltr'><strong>deitatem</strong></span> <span class='ocrx_word' id='word_1_218' title='bbox 2580 1435 2742 1493; x_wconf 90' lang='lat' dir='ltr'><strong>Pater</strong></span> <span class='ocrx_word' id='word_1_219' title='bbox 2761 1445 2816 1492; x_wconf 91' lang='lat' dir='ltr'><strong>et</strong></span> <span class='ocrx_word' id='word_1_220' title='bbox 2829 1437 2994 1492; x_wconf 88' lang='lat' dir='ltr'><strong>Filius</strong></span> <span class='ocrx_word' id='word_1_221' title='bbox 3015 1445 3070 1492; x_wconf 92' lang='lat' dir='ltr'><strong>et</strong></span> <span class='ocrx_word' id='word_1_222' title='bbox 3085 1435 3320 1506; x_wconf 91' lang='lat' dir='ltr'><strong>Spiritus</strong></span> <span class='ocrx_word' id='word_1_223' title='bbox 3333 1450 3450 1489; x_wconf 82' lang='lat' dir='ltr'><strong>san-</strong></span> 
     </span>
    </p>
   </div>
   <div class='ocr_carea' id='block_1_30' title="bbox 1851 1527 3450 1598">
    <p class='ocr_par' dir='ltr' id='par_1_30' title="bbox 1851 1527 3450 1598">
     <span class='ocr_line' id='line_1_30' title="bbox 1851 1527 3450 1598; baseline 0 -16"><span class='ocrx_word' id='word_1_224' title='bbox 1851 1536 1990 1593; x_wconf 92' lang='lat' dir='ltr'><strong>ctus,</strong></span> <span class='ocrx_word' id='word_1_225' title='bbox 2021 1544 2160 1583; x_wconf 87' lang='lat' dir='ltr'><strong>unus</strong></span> <span class='ocrx_word' id='word_1_226' title='bbox 2181 1539 2264 1585; x_wconf 92' lang='lat' dir='ltr'><strong>est</strong></span> <span class='ocrx_word' id='word_1_227' title='bbox 2287 1529 2446 1584; x_wconf 91' lang='lat' dir='ltr'><strong>Deus.</strong></span> <span class='ocrx_word' id='word_1_228' title='bbox 2476 1528 2576 1585; x_wconf 86' lang='lat' dir='ltr'><strong>Ubi</strong></span> <span class='ocrx_word' id='word_1_229' title='bbox 2604 1538 2786 1587; x_wconf 89' lang='lat' dir='ltr'><strong>tantus</strong></span> <span class='ocrx_word' id='word_1_230' title='bbox 2817 1539 2900 1585; x_wconf 90' lang='lat' dir='ltr'><strong>est</strong></span> <span class='ocrx_word' id='word_1_231' title='bbox 2931 1527 3091 1586; x_wconf 89' lang='lat' dir='ltr'><strong>Pater</strong></span> <span class='ocrx_word' id='word_1_232' title='bbox 3117 1527 3268 1584; x_wconf 89' lang='lat' dir='ltr'><strong>solus</strong></span> <span class='ocrx_word' id='word_1_233' title='bbox 3287 1541 3450 1598; x_wconf 82' lang='lat' dir='ltr'><strong>quan-</strong></span> 
     </span>
    </p>
   </div>
   <div class='ocr_carea' id='block_1_31' title="bbox 1855 1618 3452 1694">
    <p class='ocr_par' dir='ltr' id='par_1_31' title="bbox 1855 1618 3452 1694">
     <span class='ocr_line' id='line_1_31' title="bbox 1855 1618 3452 1694; baseline -0.001 -20"><span class='ocrx_word' id='word_1_234' title='bbox 1855 1628 1940 1677; x_wconf 91' lang='lat' dir='ltr'><strong>tus</strong></span> <span class='ocrx_word' id='word_1_235' title='bbox 1955 1637 2077 1676; x_wconf 91' lang='lat' dir='ltr'><strong>cum</strong></span> <span class='ocrx_word' id='word_1_236' title='bbox 2098 1621 2232 1676; x_wconf 88' lang='lat' dir='ltr'><strong>Filio</strong></span> <span class='ocrx_word' id='word_1_237' title='bbox 2253 1631 2309 1677; x_wconf 87' lang='lat' dir='ltr'><strong>et</strong></span> <span class='ocrx_word' id='word_1_238' title='bbox 2329 1621 2532 1692; x_wconf 90' lang='lat' dir='ltr'><strong>Spiritu</strong></span> <span class='ocrx_word' id='word_1_239' title='bbox 2561 1632 2781 1688; x_wconf 86' lang='lat' dir='ltr'><strong>sancto;</strong></span> <span class='ocrx_word' id='word_1_240' title='bbox 2807 1630 3094 1694; x_wconf 89' lang='lat' dir='ltr'><strong>tantusque</strong></span> <span class='ocrx_word' id='word_1_241' title='bbox 3116 1621 3266 1678; x_wconf 88' lang='lat' dir='ltr'><strong>solus</strong></span> <span class='ocrx_word' id='word_1_242' title='bbox 3283 1618 3452 1674; x_wconf 88' lang='lat' dir='ltr'><strong>Filius</strong></span> 
     </span>
    </p>
   </div>
   <div class='ocr_carea' id='block_1_32' title="bbox 1851 1713 3451 1786">
    <p class='ocr_par' dir='ltr' id='par_1_32' title="bbox 1851 1713 3451 1786">
     <span class='ocr_line' id='line_1_32' title="bbox 1851 1713 3451 1786; baseline 0.001 -19"><span class='ocrx_word' id='word_1_243' title='bbox 1851 1721 2087 1783; x_wconf 91' lang='lat' dir='ltr'><strong>quantus</strong></span> <span class='ocrx_word' id='word_1_244' title='bbox 2107 1730 2227 1769; x_wconf 90' lang='lat' dir='ltr'><strong>cum</strong></span> <span class='ocrx_word' id='word_1_245' title='bbox 2249 1714 2410 1770; x_wconf 86' lang='lat' dir='ltr'><strong>Patre</strong></span> <span class='ocrx_word' id='word_1_246' title='bbox 2426 1724 2480 1770; x_wconf 89' lang='lat' dir='ltr'><strong>et</strong></span> <span class='ocrx_word' id='word_1_247' title='bbox 2500 1713 2706 1785; x_wconf 88' lang='lat' dir='ltr'><strong>Spiritu</strong></span> <span class='ocrx_word' id='word_1_248' title='bbox 2735 1725 2955 1782; x_wconf 90' lang='lat' dir='ltr'><strong>sancto;</strong></span> <span class='ocrx_word' id='word_1_249' title='bbox 2989 1724 3280 1786; x_wconf 89' lang='lat' dir='ltr'><strong>tantusque</strong></span> <span class='ocrx_word' id='word_1_250' title='bbox 3303 1713 3451 1769; x_wconf 88' lang='lat' dir='ltr'><strong>solus</strong></span> 
     </span>
    </p>
   </div>
   <div class='ocr_carea' id='block_1_33' title="bbox 166 1803 3449 1878">
    <p class='ocr_par' dir='ltr' id='par_1_33' title="bbox 166 1803 3449 1878">
     <span class='ocr_line' id='line_1_33' title="bbox 166 1803 3449 1878; baseline -0.002 -16"><span class='ocrx_word' id='word_1_251' title='bbox 166 1805 448 1878; x_wconf 80' lang='lat' dir='ltr'><strong>Spiritum?</strong></span> <span class='ocrx_word' id='word_1_252' title='bbox 497 1807 815 1872; x_wconf 80' lang='lat' dir='ltr'><strong>Invenimus,</strong></span> <span class='ocrx_word' id='word_1_253' title='bbox 865 1809 986 1878; x_wconf 84' lang='lat' dir='ltr'><strong>quia</strong></span> <span class='ocrx_word' id='word_1_254' title='bbox 1023 1807 1092 1861; x_wconf 89' lang='lat' dir='ltr'><strong>ad</strong></span> <span class='ocrx_word' id='word_1_255' title='bbox 1138 1823 1434 1861; x_wconf 83' lang='lat' dir='ltr'><strong>mensuram</strong></span> <span class='ocrx_word' id='word_1_256' title='bbox 1474 1807 1566 1861; x_wconf 84' lang='lat' dir='ltr'><strong>dat</strong></span> <span class='ocrx_word' id='word_1_257' title='bbox 1603 1806 1748 1862; x_wconf 82' lang='lat' dir='ltr'><strong>Deus</strong></span> <span class='ocrx_word' id='word_1_258' title='bbox 1783 1816 1828 1876; x_wconf 74' lang='grc' dir='ltr'><strong>Β</strong></span> <span class='ocrx_word' id='word_1_259' title='bbox 1857 1805 2091 1874; x_wconf 87' lang='lat' dir='ltr'><strong>Spiritus</strong></span> <span class='ocrx_word' id='word_1_260' title='bbox 2131 1816 2350 1862; x_wconf 88' lang='lat' dir='ltr'><strong>sanctus</strong></span> <span class='ocrx_word' id='word_1_261' title='bbox 2378 1815 2612 1875; x_wconf 88' lang='lat' dir='ltr'><strong>quantus</strong></span> <span class='ocrx_word' id='word_1_262' title='bbox 2649 1821 2769 1862; x_wconf 88' lang='lat' dir='ltr'><strong>cum</strong></span> <span class='ocrx_word' id='word_1_263' title='bbox 2801 1805 2963 1862; x_wconf 83' lang='lat' dir='ltr'><strong>Patre</strong></span> <span class='ocrx_word' id='word_1_264' title='bbox 2993 1806 3152 1861; x_wconf 89' lang='lat' dir='ltr'><strong>simul</strong></span> <span class='ocrx_word' id='word_1_265' title='bbox 3183 1821 3246 1862; x_wconf 90' lang='lat' dir='ltr'><strong>ac</strong></span> <span class='ocrx_word' id='word_1_266' title='bbox 3289 1803 3449 1860; x_wconf 89' lang='lat' dir='ltr'><strong>Filio.</strong></span> 
     </span>
    </p>
   </div>
   <div class='ocr_carea' id='block_1_34' title="bbox 167 1896 1749 1970">
    <p class='ocr_par' dir='ltr' id='par_1_34' title="bbox 167 1896 1749 1970">
     <span class='ocr_line' id='line_1_34' title="bbox 167 1896 1749 1970; baseline 0 -16"><span class='ocrx_word' id='word_1_267' title='bbox 167 1898 400 1970; x_wconf 75' lang='lat' dir='ltr'><strong>Spiritum</strong></span> <span class='ocrx_word' id='word_1_268' title='bbox 423 1897 448 1951; x_wconf 70' lang='grc'><em>2</em></span> <span class='ocrx_word' id='word_1_269' title='bbox 472 1897 608 1951; x_wconf 80' lang='lat' dir='ltr'><strong>Audi</strong></span> <span class='ocrx_word' id='word_1_270' title='bbox 637 1897 941 1968; x_wconf 81' lang='lat' dir='ltr'><strong>Apostolum</strong></span> <span class='ocrx_word' id='word_1_271' title='bbox 962 1898 1213 1952; x_wconf 81' lang='lat' dir='ltr'><strong>dicentem</strong></span> <span class='ocrx_word' id='word_1_272' title='bbox 1228 1914 1247 1952; x_wconf 91' lang='lat'><strong><em>:</em></strong></span> <span class='ocrx_word' id='word_1_273' title='bbox 1269 1896 1574 1953; x_wconf 91' lang='lat' dir='ltr'><strong>Secundum</strong></span> <span class='ocrx_word' id='word_1_274' title='bbox 1595 1913 1749 1954; x_wconf 89' lang='lat' dir='ltr'><strong>men-</strong></span> 
     </span>
    </p>
   </div>
   <div class='ocr_carea' id='block_1_35' title="bbox 168 1987 1749 2060">
    <p class='ocr_par' dir='ltr' id='par_1_35' title="bbox 168 1987 1749 2060">
     <span class='ocr_line' id='line_1_35' title="bbox 168 1987 1749 2060; baseline 0 -15"><span class='ocrx_word' id='word_1_275' title='bbox 168 2005 332 2045; x_wconf 80' lang='lat' dir='ltr'><strong>suram</strong></span> <span class='ocrx_word' id='word_1_276' title='bbox 358 1989 666 2046; x_wconf 89' lang='lat' dir='ltr'><strong>donationis</strong></span> <span class='ocrx_word' id='word_1_277' title='bbox 703 1987 906 2045; x_wconf 88' lang='lat' dir='ltr'><strong>Christi</strong></span> <span class='ocrx_word' id='word_1_278' title='bbox 953 1988 1168 2060; x_wconf 81' lang='lat' dir='ltr'><strong>(Ephes.</strong></span> <span class='ocrx_word' id='word_1_279' title='bbox 1215 2005 1284 2055; x_wconf 74' lang='grc' dir='ltr'><strong><em>ιν,</em></strong></span> <span class='ocrx_word' id='word_1_280' title='bbox 1327 1989 1402 2060; x_wconf 91' lang='lat'><strong>7).</strong></span> <span class='ocrx_word' id='word_1_281' title='bbox 1435 1987 1749 2045; x_wconf 81' lang='lat' dir='ltr'><strong>Hominibus</strong></span> 
     </span>
    </p>
   </div>
   <div class='ocr_carea' id='block_1_36' title="bbox 168 2079 1745 2147">
    <p class='ocr_par' dir='ltr' id='par_1_36' title="bbox 168 2079 1745 2147">
     <span class='ocr_line' id='line_1_36' title="bbox 168 2079 1745 2147; baseline 0.001 -12"><span class='ocrx_word' id='word_1_282' title='bbox 168 2081 233 2135; x_wconf 80' lang='lat' dir='ltr'><strong>ad</strong></span> <span class='ocrx_word' id='word_1_283' title='bbox 253 2098 542 2136; x_wconf 76' lang='lat' dir='ltr'><strong>mensuram</strong></span> <span class='ocrx_word' id='word_1_284' title='bbox 567 2081 678 2147; x_wconf 86' lang='lat' dir='ltr'><strong>dat,</strong></span> <span class='ocrx_word' id='word_1_285' title='bbox 707 2082 862 2136; x_wconf 90' lang='lat' dir='ltr'><strong>unico</strong></span> <span class='ocrx_word' id='word_1_286' title='bbox 891 2079 938 2134; x_wconf 65' lang='grc' dir='ltr'><em>Γ</em></span> <span class='ocrx_word' id='word_1_287' title='bbox 941 2081 1032 2136; x_wconf 89' lang='lat' dir='ltr'><strong>ilio</strong></span> <span class='ocrx_word' id='word_1_288' title='bbox 1071 2097 1175 2135; x_wconf 90' lang='lat' dir='ltr'><strong>non</strong></span> <span class='ocrx_word' id='word_1_289' title='bbox 1202 2081 1293 2136; x_wconf 88' lang='lat' dir='ltr'><strong>dat</strong></span> <span class='ocrx_word' id='word_1_290' title='bbox 1331 2081 1402 2135; x_wconf 84' lang='lat' dir='ltr'><strong>ad</strong></span> <span class='ocrx_word' id='word_1_291' title='bbox 1427 2099 1745 2137; x_wconf 87' lang='lat' dir='ltr'><strong>mensuram.</strong></span> 
     </span>
    </p>
   </div>
   <div class='ocr_carea' id='block_1_37' title="bbox 169 2171 1749 2230">
    <p class='ocr_par' dir='ltr' id='par_1_37' title="bbox 169 2171 1749 2230">
     <span class='ocr_line' id='line_1_37' title="bbox 169 2171 1749 2230; baseline 0 0"><span class='ocrx_word' id='word_1_292' title='bbox 169 2171 279 2230; x_wconf 85' lang='lat' dir='ltr'><strong>Item</strong></span> <span class='ocrx_word' id='word_1_293' title='bbox 331 2175 386 2230; x_wconf 92' lang='lat' dir='ltr'><strong>in</strong></span> <span class='ocrx_word' id='word_1_294' title='bbox 431 2174 621 2230; x_wconf 88' lang='lat' dir='ltr'><strong>eadem</strong></span> <span class='ocrx_word' id='word_1_295' title='bbox 667 2174 888 2229; x_wconf 88' lang='lat' dir='ltr'><strong>homilia</strong></span> <span class='ocrx_word' id='word_1_296' title='bbox 917 2173 1048 2228; x_wconf 90' lang='lat' dir='ltr'><strong>dicit</strong></span> <span class='ocrx_word' id='word_1_297' title='bbox 1081 2191 1096 2228; x_wconf 92' lang='lat'><strong>:</strong></span> <span class='ocrx_word' id='word_1_298' title='bbox 1136 2191 1157 2227; x_wconf 80' lang='grc' dir='ltr'><strong>ι</strong></span> <span class='ocrx_word' id='word_1_299' title='bbox 1189 2173 1279 2229; x_wconf 90' lang='lat' dir='ltr'><strong>Sic</strong></span> <span class='ocrx_word' id='word_1_300' title='bbox 1314 2183 1442 2230; x_wconf 90' lang='lat' dir='ltr'><strong>sunt</strong></span> <span class='ocrx_word' id='word_1_301' title='bbox 1469 2175 1631 2230; x_wconf 89' lang='lat' dir='ltr'><strong>etiam</strong></span> <span class='ocrx_word' id='word_1_302' title='bbox 1660 2175 1749 2230; x_wconf 88' lang='lat' dir='ltr'><strong>di-</strong></span> 
     </span>
    </p>
   </div>
   <div class='ocr_carea' id='block_1_38' title="bbox 171 2263 1747 2334">
    <p class='ocr_par' dir='ltr' id='par_1_38' title="bbox 171 2263 1747 2334">
     <span class='ocr_line' id='line_1_38' title="bbox 171 2263 1747 2334; baseline -0.001 -13"><span class='ocrx_word' id='word_1_303' title='bbox 171 2279 298 2322; x_wconf 82' lang='lat' dir='ltr'><strong>versa</strong></span> <span class='ocrx_word' id='word_1_304' title='bbox 326 2265 472 2321; x_wconf 84' lang='lat' dir='ltr'><strong>dona</strong></span> <span class='ocrx_word' id='word_1_305' title='bbox 493 2263 756 2333; x_wconf 77' lang='lat' dir='ltr'><strong>ﬁdelium,</strong></span> <span class='ocrx_word' id='word_1_306' title='bbox 784 2272 1040 2334; x_wconf 88' lang='lat' dir='ltr'><strong>tanquam</strong></span> <span class='ocrx_word' id='word_1_307' title='bbox 1062 2265 1319 2321; x_wconf 85' lang='lat' dir='ltr'><strong>membris</strong></span> <span class='ocrx_word' id='word_1_308' title='bbox 1347 2264 1415 2320; x_wconf 90' lang='lat' dir='ltr'><strong>ad</strong></span> <span class='ocrx_word' id='word_1_309' title='bbox 1435 2281 1747 2321; x_wconf 80' lang='lat' dir='ltr'><strong>mensuram</strong></span> 
     </span>
    </p>
   </div>
   <div class='ocr_carea' id='block_1_39' title="bbox 170 2357 1746 2432">
    <p class='ocr_par' dir='ltr' id='par_1_39' title="bbox 170 2357 1746 2432">
     <span class='ocr_line' id='line_1_39' title="bbox 170 2357 1746 2432; baseline 0 -17"><span class='ocrx_word' id='word_1_310' title='bbox 170 2360 339 2430; x_wconf 82' lang='lat' dir='ltr'><strong>cuique</strong></span> <span class='ocrx_word' id='word_1_311' title='bbox 382 2361 660 2431; x_wconf 85' lang='lat' dir='ltr'><strong>propriam</strong></span> <span class='ocrx_word' id='word_1_312' title='bbox 709 2359 1018 2416; x_wconf 89' lang='lat' dir='ltr'><strong>distributa.</strong></span> <span class='ocrx_word' id='word_1_313' title='bbox 1049 2357 1157 2414; x_wconf 91' lang='lat' dir='ltr'><strong>Sed</strong></span> <span class='ocrx_word' id='word_1_314' title='bbox 1203 2359 1448 2416; x_wconf 91' lang='lat' dir='ltr'><strong>Christus</strong></span> <span class='ocrx_word' id='word_1_315' title='bbox 1499 2360 1592 2432; x_wconf 92' lang='lat' dir='ltr'><strong>qui</strong></span> <span class='ocrx_word' id='word_1_316' title='bbox 1632 2361 1746 2426; x_wconf 85' lang='lat' dir='ltr'><strong>dat,</strong></span> 
     </span>
    </p>
   </div>
   <div class='ocr_carea' id='block_1_40' title="bbox 167 2450 1747 2523">
    <p class='ocr_par' dir='ltr' id='par_1_40' title="bbox 167 2450 1747 2523">
     <span class='ocr_line' id='line_1_40' title="bbox 167 2450 1747 2523; baseline 0.001 -16"><span class='ocrx_word' id='word_1_317' title='bbox 167 2467 257 2507; x_wconf 90' lang='lat' dir='ltr'><strong>non</strong></span> <span class='ocrx_word' id='word_1_318' title='bbox 286 2453 352 2508; x_wconf 87' lang='lat' dir='ltr'><strong>ad</strong></span> <span class='ocrx_word' id='word_1_319' title='bbox 383 2467 693 2507; x_wconf 87' lang='lat' dir='ltr'><strong>mensuram</strong></span> <span class='ocrx_word' id='word_1_320' title='bbox 733 2453 962 2522; x_wconf 88' lang='lat' dir='ltr'><strong>accepit.</strong></span> <span class='ocrx_word' id='word_1_321' title='bbox 1009 2450 1149 2507; x_wconf 90' lang='lat' dir='ltr'><strong>Audi</strong></span> <span class='ocrx_word' id='word_1_322' title='bbox 1179 2451 1322 2506; x_wconf 89' lang='lat' dir='ltr'><strong>enim</strong></span> <span class='ocrx_word' id='word_1_323' title='bbox 1371 2452 1548 2508; x_wconf 92' lang='lat' dir='ltr'><strong>adhuc</strong></span> <span class='ocrx_word' id='word_1_324' title='bbox 1597 2453 1747 2523; x_wconf 90' lang='lat' dir='ltr'><strong>quod</strong></span> 
     </span>
    </p>
   </div>
   <div class='ocr_carea' id='block_1_41' title="bbox 165 2539 1748 2614">
    <p class='ocr_par' dir='ltr' id='par_1_41' title="bbox 165 2539 1748 2614">
     <span class='ocr_line' id='line_1_41' title="bbox 165 2539 1748 2614; baseline -0.002 -15"><span class='ocrx_word' id='word_1_325' title='bbox 165 2543 410 2614; x_wconf 83' lang='lat' dir='ltr'><strong>sequitur,</strong></span> <span class='ocrx_word' id='word_1_326' title='bbox 434 2543 561 2614; x_wconf 87' lang='lat' dir='ltr'><strong>quia</strong></span> <span class='ocrx_word' id='word_1_327' title='bbox 591 2542 659 2596; x_wconf 91' lang='lat' dir='ltr'><strong>de</strong></span> <span class='ocrx_word' id='word_1_328' title='bbox 687 2541 824 2596; x_wconf 91' lang='lat' dir='ltr'><strong>Filio</strong></span> <span class='ocrx_word' id='word_1_329' title='bbox 850 2542 1061 2597; x_wconf 81' lang='lat' dir='ltr'><strong>dixerat</strong></span> <span class='ocrx_word' id='word_1_330' title='bbox 1103 2559 1118 2594; x_wconf 88' lang='lat'><strong>:</strong></span> <span class='ocrx_word' id='word_1_331' title='bbox 1151 2539 1277 2596; x_wconf 86' lang='lat' dir='ltr'><strong>Non</strong></span> <span class='ocrx_word' id='word_1_332' title='bbox 1304 2542 1444 2596; x_wconf 88' lang='lat' dir='ltr'><strong>enim</strong></span> <span class='ocrx_word' id='word_1_333' title='bbox 1490 2541 1560 2595; x_wconf 90' lang='lat' dir='ltr'><strong>ad</strong></span> <span class='ocrx_word' id='word_1_334' title='bbox 1598 2559 1748 2596; x_wconf 88' lang='lat' dir='ltr'><strong>men-</strong></span> 
     </span>
    </p>
   </div>
   <div class='ocr_carea' id='block_1_42' title="bbox 165 2630 1748 2704">
    <p class='ocr_par' dir='ltr' id='par_1_42' title="bbox 165 2630 1748 2704">
     <span class='ocr_line' id='line_1_42' title="bbox 165 2630 1748 2704; baseline -0.002 -16"><span class='ocrx_word' id='word_1_335' title='bbox 165 2651 324 2689; x_wconf 82' lang='lat' dir='ltr'><strong>suram</strong></span> <span class='ocrx_word' id='word_1_336' title='bbox 363 2635 454 2688; x_wconf 89' lang='lat' dir='ltr'><strong>dat</strong></span> <span class='ocrx_word' id='word_1_337' title='bbox 491 2632 636 2688; x_wconf 85' lang='lat' dir='ltr'><strong>Deus</strong></span> <span class='ocrx_word' id='word_1_338' title='bbox 683 2632 976 2702; x_wconf 84' lang='lat' dir='ltr'><strong>Spiritum;</strong></span> <span class='ocrx_word' id='word_1_339' title='bbox 1012 2631 1174 2686; x_wconf 85' lang='lat' dir='ltr'><strong>Pater</strong></span> <span class='ocrx_word' id='word_1_340' title='bbox 1201 2632 1373 2704; x_wconf 84' lang='lat' dir='ltr'><strong>diligit</strong></span> <span class='ocrx_word' id='word_1_341' title='bbox 1420 2630 1648 2700; x_wconf 86' lang='lat' dir='ltr'><strong>Filium,</strong></span> <span class='ocrx_word' id='word_1_342' title='bbox 1697 2639 1748 2686; x_wconf 83' lang='lat' dir='ltr'><strong>et</strong></span> 
     </span>
    </p>
   </div>
   <div class='ocr_carea' id='block_1_43' title="bbox 165 2723 1749 2795">
    <p class='ocr_par' dir='ltr' id='par_1_43' title="bbox 165 2723 1749 2795">
     <span class='ocr_line' id='line_1_43' title="bbox 165 2723 1749 2795; baseline 0.001 -16"><span class='ocrx_word' id='word_1_343' title='bbox 165 2726 328 2780; x_wconf 77' lang='lat' dir='ltr'><strong>omnia</strong></span> <span class='ocrx_word' id='word_1_344' title='bbox 354 2725 496 2779; x_wconf 79' lang='lat' dir='ltr'><strong>dedit</strong></span> <span class='ocrx_word' id='word_1_345' title='bbox 542 2724 597 2777; x_wconf 91' lang='lat' dir='ltr'><strong>in</strong></span> <span class='ocrx_word' id='word_1_346' title='bbox 643 2740 801 2777; x_wconf 87' lang='lat' dir='ltr'><strong>manu</strong></span> <span class='ocrx_word' id='word_1_347' title='bbox 845 2724 957 2795; x_wconf 83' lang='lat' dir='ltr'><strong>ejus</strong></span> <span class='ocrx_word' id='word_1_348' title='bbox 986 2723 1166 2791; x_wconf 85' lang='lat' dir='ltr'><strong>(Joan.</strong></span> <span class='ocrx_word' id='word_1_349' title='bbox 1215 2739 1290 2789; x_wconf 85' lang='grc' dir='ltr'><strong>ιιι,</strong></span> <span class='ocrx_word' id='word_1_350' title='bbox 1333 2723 1447 2792; x_wconf 74' lang='grc'><strong>54).</strong></span> <span class='ocrx_word' id='word_1_351' title='bbox 1486 2743 1506 2776; x_wconf 79' lang='lat' dir='ltr'><strong>s</strong></span> <span class='ocrx_word' id='word_1_352' title='bbox 1542 2723 1749 2794; x_wconf 85' lang='lat' dir='ltr'><strong>Nempe</strong></span> 
     </span>
    </p>
   </div>
   <div class='ocr_carea' id='block_1_44' title="bbox 167 2815 1748 2885">
    <p class='ocr_par' dir='ltr' id='par_1_44' title="bbox 167 2815 1748 2885">
     <span class='ocr_line' id='line_1_44' title="bbox 167 2815 1748 2885; baseline 0.001 -14"><span class='ocrx_word' id='word_1_353' title='bbox 167 2817 338 2871; x_wconf 86' lang='lat' dir='ltr'><strong>beatus</strong></span> <span class='ocrx_word' id='word_1_354' title='bbox 362 2817 689 2885; x_wconf 74' lang='lat' dir='ltr'><strong>Augustinus</strong></span> <span class='ocrx_word' id='word_1_355' title='bbox 710 2815 947 2870; x_wconf 90' lang='lat' dir='ltr'><strong>ostendit</strong></span> <span class='ocrx_word' id='word_1_356' title='bbox 968 2816 1071 2870; x_wconf 88' lang='lat' dir='ltr'><strong>hoc</strong></span> <span class='ocrx_word' id='word_1_357' title='bbox 1098 2815 1410 2884; x_wconf 88' lang='lat' dir='ltr'><strong>evangelico</strong></span> <span class='ocrx_word' id='word_1_358' title='bbox 1435 2817 1748 2872; x_wconf 89' lang='lat' dir='ltr'><strong>testimonio</strong></span> 
     </span>
    </p>
   </div>
   <div class='ocr_carea' id='block_1_45' title="bbox 168 2902 1750 2976">
    <p class='ocr_par' dir='ltr' id='par_1_45' title="bbox 168 2902 1750 2976">
     <span class='ocr_line' id='line_1_45' title="bbox 168 2902 1750 2976; baseline 0.001 -15"><span class='ocrx_word' id='word_1_359' title='bbox 168 2907 272 2976; x_wconf 83' lang='lat' dir='ltr'><strong>quid</strong></span> <span class='ocrx_word' id='word_1_360' title='bbox 301 2906 598 2961; x_wconf 84' lang='lat' dir='ltr'><strong>debeamus</strong></span> <span class='ocrx_word' id='word_1_361' title='bbox 626 2905 693 2960; x_wconf 91' lang='lat' dir='ltr'><strong>de</strong></span> <span class='ocrx_word' id='word_1_362' title='bbox 713 2905 890 2959; x_wconf 89' lang='lat' dir='ltr'><strong>anima</strong></span> <span class='ocrx_word' id='word_1_363' title='bbox 917 2902 1118 2960; x_wconf 90' lang='lat' dir='ltr'><strong>Christi</strong></span> <span class='ocrx_word' id='word_1_364' title='bbox 1145 2905 1366 2968; x_wconf 89' lang='lat' dir='ltr'><strong>sentire,</strong></span> <span class='ocrx_word' id='word_1_365' title='bbox 1391 2905 1606 2974; x_wconf 91' lang='lat' dir='ltr'><strong>quando</strong></span> <span class='ocrx_word' id='word_1_366' title='bbox 1633 2906 1750 2975; x_wconf 86' lang='lat' dir='ltr'><strong>ipse</strong></span> 
     </span>
    </p>
   </div>
   <div class='ocr_carea' id='block_1_46' title="bbox 170 2995 1744 3068">
    <p class='ocr_par' dir='ltr' id='par_1_46' title="bbox 170 2995 1744 3068">
     <span class='ocr_line' id='line_1_46' title="bbox 170 2995 1744 3068; baseline -0.001 -15"><span class='ocrx_word' id='word_1_367' title='bbox 170 2997 396 3053; x_wconf 78' lang='lat' dir='ltr'><strong>Christus</strong></span> <span class='ocrx_word' id='word_1_368' title='bbox 422 2997 515 3068; x_wconf 89' lang='lat' dir='ltr'><strong>qui</strong></span> <span class='ocrx_word' id='word_1_369' title='bbox 541 2995 798 3067; x_wconf 90' lang='lat' dir='ltr'><strong>Spiritum</strong></span> <span class='ocrx_word' id='word_1_370' title='bbox 821 2995 932 3062; x_wconf 89' lang='lat' dir='ltr'><strong>dat,</strong></span> <span class='ocrx_word' id='word_1_371' title='bbox 961 3011 1070 3051; x_wconf 90' lang='lat' dir='ltr'><strong>non</strong></span> <span class='ocrx_word' id='word_1_372' title='bbox 1097 2995 1165 3050; x_wconf 92' lang='lat' dir='ltr'><strong>ad</strong></span> <span class='ocrx_word' id='word_1_373' title='bbox 1196 3011 1502 3051; x_wconf 87' lang='lat' dir='ltr'><strong>mensuram</strong></span> <span class='ocrx_word' id='word_1_374' title='bbox 1528 2996 1744 3067; x_wconf 90' lang='lat' dir='ltr'><strong>accipit.</strong></span> 
     </span>
    </p>
   </div>
   <div class='ocr_carea' id='block_1_47' title="bbox 170 3088 1748 3160">
    <p class='ocr_par' dir='ltr' id='par_1_47' title="bbox 170 3088 1748 3160">
     <span class='ocr_line' id='line_1_47' title="bbox 170 3088 1748 3160; baseline 0.001 -18"><span class='ocrx_word' id='word_1_375' title='bbox 170 3088 269 3160; x_wconf 85' lang='lat' dir='ltr'><strong>Ipse</strong></span> <span class='ocrx_word' id='word_1_376' title='bbox 295 3098 380 3144; x_wconf 87' lang='lat' dir='ltr'><strong>est</strong></span> <span class='ocrx_word' id='word_1_377' title='bbox 406 3088 551 3144; x_wconf 90' lang='lat' dir='ltr'><strong>enim</strong></span> <span class='ocrx_word' id='word_1_378' title='bbox 573 3089 664 3157; x_wconf 89' lang='lat' dir='ltr'><strong>qui</strong></span> <span class='ocrx_word' id='word_1_379' title='bbox 707 3089 822 3155; x_wconf 89' lang='lat' dir='ltr'><strong>dat,</strong></span> <span class='ocrx_word' id='word_1_380' title='bbox 855 3089 969 3158; x_wconf 91' lang='lat' dir='ltr'><strong>ipse</strong></span> <span class='ocrx_word' id='word_1_381' title='bbox 1009 3096 1092 3143; x_wconf 92' lang='lat' dir='ltr'><strong>est</strong></span> <span class='ocrx_word' id='word_1_382' title='bbox 1132 3088 1227 3158; x_wconf 91' lang='lat' dir='ltr'><strong>qui</strong></span> <span class='ocrx_word' id='word_1_383' title='bbox 1273 3089 1495 3160; x_wconf 87' lang='lat' dir='ltr'><strong>accipit;</strong></span> <span class='ocrx_word' id='word_1_384' title='bbox 1540 3097 1596 3145; x_wconf 91' lang='lat' dir='ltr'><strong>et</strong></span> <span class='ocrx_word' id='word_1_385' title='bbox 1621 3089 1748 3160; x_wconf 90' lang='lat' dir='ltr'><strong>quia</strong></span> 
     </span>
    </p>
   </div>
   <div class='ocr_carea' id='block_1_48' title="bbox 171 3178 1821 3259">
    <p class='ocr_par' dir='ltr' id='par_1_48' title="bbox 171 3178 1821 3259">
     <span class='ocr_line' id='line_1_48' title="bbox 171 3178 1821 3259; baseline 0.001 -25"><span class='ocrx_word' id='word_1_386' title='bbox 171 3189 344 3249; x_wconf 87' lang='lat' dir='ltr'><strong>potens</strong></span> <span class='ocrx_word' id='word_1_387' title='bbox 370 3187 456 3234; x_wconf 88' lang='lat' dir='ltr'><strong>est</strong></span> <span class='ocrx_word' id='word_1_388' title='bbox 499 3178 566 3232; x_wconf 91' lang='lat' dir='ltr'><strong>ad</strong></span> <span class='ocrx_word' id='word_1_389' title='bbox 606 3194 913 3234; x_wconf 86' lang='lat' dir='ltr'><strong>mensuram</strong></span> <span class='ocrx_word' id='word_1_390' title='bbox 943 3179 1092 3244; x_wconf 88' lang='lat' dir='ltr'><strong>dare,</strong></span> <span class='ocrx_word' id='word_1_391' title='bbox 1141 3178 1262 3235; x_wconf 87' lang='lat' dir='ltr'><strong>ideo</strong></span> <span class='ocrx_word' id='word_1_392' title='bbox 1306 3195 1414 3236; x_wconf 89' lang='lat' dir='ltr'><strong>non</strong></span> <span class='ocrx_word' id='word_1_393' title='bbox 1461 3181 1638 3250; x_wconf 89' lang='lat' dir='ltr'><strong>potuit</strong></span> <span class='ocrx_word' id='word_1_394' title='bbox 1675 3179 1747 3235; x_wconf 90' lang='lat' dir='ltr'><strong>ad</strong></span> <span class='ocrx_word' id='word_1_395' title='bbox 1775 3196 1821 3259; x_wconf 74' lang='grc' dir='ltr'><strong>ρ</strong></span> 
     </span>
    </p>
   </div>
   <div class='ocr_carea' id='block_1_49' title="bbox 174 3267 1746 3343">
    <p class='ocr_par' dir='ltr' id='par_1_49' title="bbox 174 3267 1746 3343">
     <span class='ocr_line' id='line_1_49' title="bbox 174 3267 1746 3343; baseline 0.003 -21"><span class='ocrx_word' id='word_1_396' title='bbox 174 3284 458 3326; x_wconf 83' lang='lat' dir='ltr'><strong>mensuram</strong></span> <span class='ocrx_word' id='word_1_397' title='bbox 483 3269 751 3339; x_wconf 86' lang='lat' dir='ltr'><strong>accipere.</strong></span> <span class='ocrx_word' id='word_1_398' title='bbox 773 3268 830 3323; x_wconf 90' lang='lat' dir='ltr'><strong>ln</strong></span> <span class='ocrx_word' id='word_1_399' title='bbox 855 3267 1026 3325; x_wconf 81' lang='lat' dir='ltr'><strong>forma</strong></span> <span class='ocrx_word' id='word_1_400' title='bbox 1057 3270 1199 3325; x_wconf 90' lang='lat' dir='ltr'><strong>enim</strong></span> <span class='ocrx_word' id='word_1_401' title='bbox 1227 3269 1321 3326; x_wconf 89' lang='lat' dir='ltr'><strong>Dei</strong></span> <span class='ocrx_word' id='word_1_402' title='bbox 1349 3286 1594 3338; x_wconf 87' lang='lat' dir='ltr'><strong>manens,</strong></span> <span class='ocrx_word' id='word_1_403' title='bbox 1619 3272 1746 3343; x_wconf 89' lang='lat' dir='ltr'><strong>Spi-</strong></span> 
     </span>
    </p>
   </div>
   <div class='ocr_carea' id='block_1_50' title="bbox 177 3362 1742 3436">
    <p class='ocr_par' dir='ltr' id='par_1_50' title="bbox 177 3362 1742 3436">
     <span class='ocr_line' id='line_1_50' title="bbox 177 3362 1742 3436; baseline 0.003 -21"><span class='ocrx_word' id='word_1_404' title='bbox 177 3363 323 3416; x_wconf 85' lang='lat' dir='ltr'><strong>ritum</strong></span> <span class='ocrx_word' id='word_1_405' title='bbox 349 3362 459 3428; x_wconf 90' lang='lat' dir='ltr'><strong>dat;</strong></span> <span class='ocrx_word' id='word_1_406' title='bbox 487 3362 721 3418; x_wconf 78' lang='lat' dir='ltr'><strong>formam</strong></span> <span class='ocrx_word' id='word_1_407' title='bbox 746 3363 888 3419; x_wconf 91' lang='lat' dir='ltr'><strong>servi</strong></span> <span class='ocrx_word' id='word_1_408' title='bbox 919 3363 1210 3434; x_wconf 88' lang='lat' dir='ltr'><strong>accipiens,</strong></span> <span class='ocrx_word' id='word_1_409' title='bbox 1225 3363 1484 3434; x_wconf 88' lang='lat' dir='ltr'><strong>Spiritum</strong></span> <span class='ocrx_word' id='word_1_410' title='bbox 1515 3365 1742 3436; x_wconf 88' lang='lat' dir='ltr'><strong>accepit.</strong></span> 
     </span>
    </p>
   </div>
   <div class='ocr_carea' id='block_1_51' title="bbox 173 3452 1747 3526">
    <p class='ocr_par' dir='ltr' id='par_1_51' title="bbox 173 3452 1747 3526">
     <span class='ocr_line' id='line_1_51' title="bbox 173 3452 1747 3526; baseline 0 -16"><span class='ocrx_word' id='word_1_411' title='bbox 173 3452 266 3510; x_wconf 86' lang='lat' dir='ltr'><strong>Sed</strong></span> <span class='ocrx_word' id='word_1_412' title='bbox 306 3456 426 3525; x_wconf 88' lang='lat' dir='ltr'><strong>quia</strong></span> <span class='ocrx_word' id='word_1_413' title='bbox 467 3456 584 3526; x_wconf 86' lang='lat' dir='ltr'><strong>ipse</strong></span> <span class='ocrx_word' id='word_1_414' title='bbox 622 3455 690 3509; x_wconf 89' lang='lat' dir='ltr'><strong>ad</strong></span> <span class='ocrx_word' id='word_1_415' title='bbox 737 3468 1044 3510; x_wconf 91' lang='lat' dir='ltr'><strong>mensuram</strong></span> <span class='ocrx_word' id='word_1_416' title='bbox 1084 3453 1194 3519; x_wconf 92' lang='lat' dir='ltr'><strong>dat,</strong></span> <span class='ocrx_word' id='word_1_417' title='bbox 1244 3454 1366 3509; x_wconf 88' lang='lat' dir='ltr'><strong>ideo</strong></span> <span class='ocrx_word' id='word_1_418' title='bbox 1398 3470 1505 3510; x_wconf 89' lang='lat' dir='ltr'><strong>non</strong></span> <span class='ocrx_word' id='word_1_419' title='bbox 1537 3456 1653 3524; x_wconf 86' lang='lat' dir='ltr'><strong>ipse</strong></span> <span class='ocrx_word' id='word_1_420' title='bbox 1680 3453 1747 3510; x_wconf 89' lang='lat' dir='ltr'><strong>ad</strong></span> 
     </span>
    </p>
   </div>
   <div class='ocr_carea' id='block_1_52' title="bbox 175 3544 1747 3616">
    <p class='ocr_par' dir='ltr' id='par_1_52' title="bbox 175 3544 1747 3616">
     <span class='ocr_line' id='line_1_52' title="bbox 175 3544 1747 3616; baseline 0 -16"><span class='ocrx_word' id='word_1_421' title='bbox 175 3560 458 3602; x_wconf 81' lang='lat' dir='ltr'><strong>mensuram</strong></span> <span class='ocrx_word' id='word_1_422' title='bbox 499 3546 743 3616; x_wconf 87' lang='lat' dir='ltr'><strong>accepit;</strong></span> <span class='ocrx_word' id='word_1_423' title='bbox 777 3546 952 3616; x_wconf 88' lang='lat' dir='ltr'><strong>ipsum</strong></span> <span class='ocrx_word' id='word_1_424' title='bbox 980 3545 1124 3600; x_wconf 91' lang='lat' dir='ltr'><strong>enim</strong></span> <span class='ocrx_word' id='word_1_425' title='bbox 1153 3559 1316 3614; x_wconf 90' lang='lat' dir='ltr'><strong>quem</strong></span> <span class='ocrx_word' id='word_1_426' title='bbox 1345 3544 1412 3599; x_wconf 90' lang='lat' dir='ltr'><strong>ad</strong></span> <span class='ocrx_word' id='word_1_427' title='bbox 1438 3560 1747 3601; x_wconf 89' lang='lat' dir='ltr'><strong>mensuram</strong></span> 
     </span>
    </p>
   </div>
   <div class='ocr_carea' id='block_1_53' title="bbox 181 3634 1752 3706">
    <p class='ocr_par' dir='ltr' id='par_1_53' title="bbox 181 3634 1752 3706">
     <span class='ocr_line' id='line_1_53' title="bbox 181 3634 1752 3706; baseline 0 -16"><span class='ocrx_word' id='word_1_428' title='bbox 181 3634 272 3703; x_wconf 85' lang='lat' dir='ltr'><strong>dat,</strong></span> <span class='ocrx_word' id='word_1_429' title='bbox 297 3647 468 3694; x_wconf 90' lang='lat' dir='ltr'><strong>totum</strong></span> <span class='ocrx_word' id='word_1_430' title='bbox 491 3637 732 3706; x_wconf 88' lang='lat' dir='ltr'><strong>accepit:</strong></span> <span class='ocrx_word' id='word_1_431' title='bbox 765 3635 832 3690; x_wconf 88' lang='lat' dir='ltr'><strong>ad</strong></span> <span class='ocrx_word' id='word_1_432' title='bbox 867 3650 1177 3691; x_wconf 85' lang='lat' dir='ltr'><strong>mensuram</strong></span> <span class='ocrx_word' id='word_1_433' title='bbox 1217 3636 1417 3706; x_wconf 89' lang='lat' dir='ltr'><strong>quippe</strong></span> <span class='ocrx_word' id='word_1_434' title='bbox 1449 3635 1543 3690; x_wconf 89' lang='lat' dir='ltr'><strong>dat</strong></span> <span class='ocrx_word' id='word_1_435' title='bbox 1567 3635 1752 3690; x_wconf 91' lang='lat' dir='ltr'><strong>multis</strong></span> 
     </span>
    </p>
   </div>
   <div class='ocr_carea' id='block_1_54' title="bbox 177 3726 1745 3795">
    <p class='ocr_par' dir='ltr' id='par_1_54' title="bbox 177 3726 1745 3795">
     <span class='ocr_line' id='line_1_54' title="bbox 177 3726 1745 3795; baseline 0.002 -16"><span class='ocrx_word' id='word_1_436' title='bbox 177 3728 297 3793; x_wconf 80' lang='lat' dir='ltr'><strong>ﬁliis,</strong></span> <span class='ocrx_word' id='word_1_437' title='bbox 323 3728 418 3784; x_wconf 78' lang='lat' dir='ltr'><strong>sed</strong></span> <span class='ocrx_word' id='word_1_438' title='bbox 445 3745 553 3783; x_wconf 91' lang='lat' dir='ltr'><strong>non</strong></span> <span class='ocrx_word' id='word_1_439' title='bbox 596 3728 663 3782; x_wconf 90' lang='lat' dir='ltr'><strong>ad</strong></span> <span class='ocrx_word' id='word_1_440' title='bbox 714 3742 1023 3782; x_wconf 89' lang='lat' dir='ltr'><strong>mensuram</strong></span> <span class='ocrx_word' id='word_1_441' title='bbox 1069 3727 1267 3795; x_wconf 91' lang='lat' dir='ltr'><strong>accipit</strong></span> <span class='ocrx_word' id='word_1_442' title='bbox 1307 3727 1498 3782; x_wconf 91' lang='lat' dir='ltr'><strong>unicus</strong></span> <span class='ocrx_word' id='word_1_443' title='bbox 1544 3726 1745 3792; x_wconf 88' lang='lat' dir='ltr'><strong>Filius;</strong></span> 
     </span>
    </p>
   </div>
   <div class='ocr_carea' id='block_1_55' title="bbox 175 3817 1423 3888">
    <p class='ocr_par' dir='ltr' id='par_1_55' title="bbox 175 3817 1423 3888">
     <span class='ocr_line' id='line_1_55' title="bbox 175 3817 1423 3888; baseline -0.002 -14"><span class='ocrx_word' id='word_1_444' title='bbox 175 3820 282 3888; x_wconf 84' lang='lat' dir='ltr'><strong>quia</strong></span> <span class='ocrx_word' id='word_1_445' title='bbox 302 3823 377 3876; x_wconf 88' lang='lat' dir='ltr'><strong>sic</strong></span> <span class='ocrx_word' id='word_1_446' title='bbox 402 3829 486 3876; x_wconf 88' lang='lat' dir='ltr'><strong>est</strong></span> <span class='ocrx_word' id='word_1_447' title='bbox 516 3835 675 3874; x_wconf 90' lang='lat' dir='ltr'><strong>verus</strong></span> <span class='ocrx_word' id='word_1_448' title='bbox 694 3819 877 3882; x_wconf 87' lang='lat' dir='ltr'><strong>homo,</strong></span> <span class='ocrx_word' id='word_1_449' title='bbox 903 3827 962 3874; x_wconf 91' lang='lat' dir='ltr'><strong>ut</strong></span> <span class='ocrx_word' id='word_1_450' title='bbox 983 3832 1140 3874; x_wconf 88' lang='lat' dir='ltr'><strong>verus</strong></span> <span class='ocrx_word' id='word_1_451' title='bbox 1167 3818 1239 3873; x_wconf 89' lang='lat' dir='ltr'><strong>sit</strong></span> <span class='ocrx_word' id='word_1_452' title='bbox 1264 3817 1423 3874; x_wconf 90' lang='lat' dir='ltr'><strong>Deus.</strong></span> 
     </span>
    </p>
   </div>
   <div class='ocr_carea' id='block_1_56' title="bbox 228 3909 1752 3982">
    <p class='ocr_par' dir='ltr' id='par_1_56' title="bbox 228 3909 1752 3982">
     <span class='ocr_line' id='line_1_56' title="bbox 228 3909 1752 3982; baseline 0.001 -15"><span class='ocrx_word' id='word_1_453' title='bbox 228 3913 313 3968; x_wconf 76' lang='lat'><strong>28.</strong></span> <span class='ocrx_word' id='word_1_454' title='bbox 351 3913 506 3970; x_wconf 83' lang='lat' dir='ltr'><strong>Hunc</strong></span> <span class='ocrx_word' id='word_1_455' title='bbox 531 3912 805 3982; x_wconf 85' lang='lat' dir='ltr'><strong>Evangelii</strong></span> <span class='ocrx_word' id='word_1_456' title='bbox 826 3913 1004 3967; x_wconf 90' lang='lat' dir='ltr'><strong>locum</strong></span> <span class='ocrx_word' id='word_1_457' title='bbox 1025 3910 1183 3966; x_wconf 87' lang='lat' dir='ltr'><strong>aliter</strong></span> <span class='ocrx_word' id='word_1_458' title='bbox 1202 3911 1395 3966; x_wconf 89' lang='lat' dir='ltr'><strong>beatus</strong></span> <span class='ocrx_word' id='word_1_459' title='bbox 1416 3909 1752 3978; x_wconf 83' lang='lat' dir='ltr'><strong>Augustinus</strong></span> 
     </span>
    </p>
   </div>
   <div class='ocr_carea' id='block_1_57' title="bbox 177 4001 1752 4077">
    <p class='ocr_par' dir='ltr' id='par_1_57' title="bbox 177 4001 1752 4077">
     <span class='ocr_line' id='line_1_57' title="bbox 177 4001 1752 4077; baseline 0 -19"><span class='ocrx_word' id='word_1_460' title='bbox 177 4005 442 4076; x_wconf 87' lang='lat' dir='ltr'><strong>aliquando</strong></span> <span class='ocrx_word' id='word_1_461' title='bbox 467 4012 723 4077; x_wconf 88' lang='lat' dir='ltr'><strong>posuerat</strong></span> <span class='ocrx_word' id='word_1_462' title='bbox 741 4005 795 4060; x_wconf 89' lang='lat' dir='ltr'><strong>in</strong></span> <span class='ocrx_word' id='word_1_463' title='bbox 826 4004 1038 4060; x_wconf 84' lang='lat' dir='ltr'><strong>duobus</strong></span> <span class='ocrx_word' id='word_1_464' title='bbox 1077 4003 1228 4059; x_wconf 89' lang='lat' dir='ltr'><strong>libris</strong></span> <span class='ocrx_word' id='word_1_465' title='bbox 1256 4018 1393 4073; x_wconf 91' lang='lat' dir='ltr'><strong>quos</strong></span> <span class='ocrx_word' id='word_1_466' title='bbox 1431 4001 1644 4074; x_wconf 90' lang='lat' dir='ltr'><strong>scripsit</strong></span> <span class='ocrx_word' id='word_1_467' title='bbox 1682 4003 1752 4058; x_wconf 91' lang='lat' dir='ltr'><strong>de</strong></span> 
     </span>
    </p>
   </div>
   <div class='ocr_carea' id='block_1_58' title="bbox 179 4096 1747 4176">
    <p class='ocr_par' dir='ltr' id='par_1_58' title="bbox 179 4096 1747 4176">
     <span class='ocr_line' id='line_1_58' title="bbox 179 4096 1747 4176; baseline -0.001 -21"><span class='ocrx_word' id='word_1_468' title='bbox 179 4098 417 4156; x_wconf 82' lang='lat' dir='ltr'><strong>Sermone</strong></span> <span class='ocrx_word' id='word_1_469' title='bbox 445 4099 658 4156; x_wconf 90' lang='lat' dir='ltr'><strong>Domini</strong></span> <span class='ocrx_word' id='word_1_470' title='bbox 691 4099 746 4154; x_wconf 92' lang='lat' dir='ltr'><strong>in</strong></span> <span class='ocrx_word' id='word_1_471' title='bbox 773 4106 957 4154; x_wconf 90' lang='lat' dir='ltr'><strong>monte</strong></span> <span class='ocrx_word' id='word_1_472' title='bbox 997 4096 1084 4170; x_wconf 89' lang='lat' dir='ltr'><strong>(S.</strong></span> <span class='ocrx_word' id='word_1_473' title='bbox 1134 4099 1267 4169; x_wconf 84' lang='lat' dir='ltr'><strong>Aug.</strong></span> <span class='ocrx_word' id='word_1_474' title='bbox 1311 4097 1402 4152; x_wconf 88' lang='lat' dir='ltr'><strong>lib.</strong></span> <span class='ocrx_word' id='word_1_475' title='bbox 1434 4113 1451 4152; x_wconf 92' lang='grc' dir='ltr'><strong>ι</strong></span> <span class='ocrx_word' id='word_1_476' title='bbox 1482 4097 1544 4176; x_wconf 83' lang='lat' dir='ltr'><strong>de</strong></span> <span class='ocrx_word' id='word_1_477' title='bbox 1573 4097 1747 4153; x_wconf 83' lang='lat' dir='ltr'><strong>Serm.</strong></span> 
     </span>
    </p>
   </div>
   <div class='ocr_carea' id='block_1_59' title="bbox 182 4191 1748 4264">
    <p class='ocr_par' dir='ltr' id='par_1_59' title="bbox 182 4191 1748 4264">
     <span class='ocr_line' id='line_1_59' title="bbox 182 4191 1748 4264; baseline -0.002 -16"><span class='ocrx_word' id='word_1_478' title='bbox 182 4191 368 4250; x_wconf 78' lang='lat' dir='ltr'><strong>Domini</strong></span> <span class='ocrx_word' id='word_1_479' title='bbox 411 4197 466 4250; x_wconf 87' lang='lat' dir='ltr'><strong>in</strong></span> <span class='ocrx_word' id='word_1_480' title='bbox 514 4202 708 4259; x_wconf 87' lang='lat' dir='ltr'><strong>monte,</strong></span> <span class='ocrx_word' id='word_1_481' title='bbox 755 4209 874 4264; x_wconf 88' lang='lat' dir='ltr'><strong>cap.</strong></span> <span class='ocrx_word' id='word_1_482' title='bbox 906 4191 984 4260; x_wconf 85' lang='lat'><strong>6).</strong></span> <span class='ocrx_word' id='word_1_483' title='bbox 1021 4191 1191 4258; x_wconf 85' lang='lat' dir='ltr'><strong>Quem</strong></span> <span class='ocrx_word' id='word_1_484' title='bbox 1223 4200 1402 4245; x_wconf 88' lang='lat' dir='ltr'><strong>tamen</strong></span> <span class='ocrx_word' id='word_1_485' title='bbox 1448 4205 1664 4245; x_wconf 90' lang='lat' dir='ltr'><strong>sensum</strong></span> <span class='ocrx_word' id='word_1_486' title='bbox 1694 4191 1748 4245; x_wconf 90' lang='lat' dir='ltr'><strong>in</strong></span> 
     </span>
    </p>
   </div>
   <div class='ocr_carea' id='block_1_60' title="bbox 180 4284 1751 4358">
    <p class='ocr_par' dir='ltr' id='par_1_60' title="bbox 180 4284 1751 4358">
     <span class='ocr_line' id='line_1_60' title="bbox 180 4284 1751 4358; baseline -0.002 -14"><span class='ocrx_word' id='word_1_487' title='bbox 180 4290 270 4344; x_wconf 86' lang='lat' dir='ltr'><strong>suis</strong></span> <span class='ocrx_word' id='word_1_488' title='bbox 296 4287 794 4346; x_wconf 81' lang='lat' dir='ltr'><strong>Retractationibus</strong></span> <span class='ocrx_word' id='word_1_489' title='bbox 825 4285 965 4358; x_wconf 86' lang='lat' dir='ltr'><strong>(Lib.</strong></span> <span class='ocrx_word' id='word_1_490' title='bbox 989 4301 1027 4351; x_wconf 91' lang='grc' dir='ltr'><strong>ι,</strong></span> <span class='ocrx_word' id='word_1_491' title='bbox 1044 4301 1161 4356; x_wconf 85' lang='lat' dir='ltr'><strong>cap.</strong></span> <span class='ocrx_word' id='word_1_492' title='bbox 1180 4284 1268 4356; x_wconf 83' lang='lat' dir='ltr'><strong>l9)</strong></span> <span class='ocrx_word' id='word_1_493' title='bbox 1301 4285 1624 4352; x_wconf 88' lang='lat' dir='ltr'><strong>emendavit,</strong></span> <span class='ocrx_word' id='word_1_494' title='bbox 1645 4285 1751 4341; x_wconf 91' lang='lat' dir='ltr'><strong>hoc</strong></span> 
     </span>
    </p>
   </div>
   <div class='ocr_carea' id='block_1_61' title="bbox 179 4376 1752 4450">
    <p class='ocr_par' dir='ltr' id='par_1_61' title="bbox 179 4376 1752 4450">
     <span class='ocr_line' id='line_1_61' title="bbox 179 4376 1752 4450; baseline 0 -19"><span class='ocrx_word' id='word_1_495' title='bbox 179 4381 461 4450; x_wconf 82' lang='lat' dir='ltr'><strong>approbans</strong></span> <span class='ocrx_word' id='word_1_496' title='bbox 483 4389 644 4450; x_wconf 89' lang='lat' dir='ltr'><strong>atque</strong></span> <span class='ocrx_word' id='word_1_497' title='bbox 670 4378 947 4433; x_wconf 80' lang='lat' dir='ltr'><strong>afﬁrmans</strong></span> <span class='ocrx_word' id='word_1_498' title='bbox 977 4376 1122 4448; x_wconf 91' lang='lat' dir='ltr'><strong>quod</strong></span> <span class='ocrx_word' id='word_1_499' title='bbox 1150 4384 1341 4447; x_wconf 87' lang='lat' dir='ltr'><strong>postea</strong></span> <span class='ocrx_word' id='word_1_500' title='bbox 1372 4377 1565 4432; x_wconf 89' lang='lat' dir='ltr'><strong>melius</strong></span> <span class='ocrx_word' id='word_1_501' title='bbox 1595 4376 1752 4432; x_wconf 89' lang='lat' dir='ltr'><strong>intel-</strong></span> 
     </span>
    </p>
   </div>
   <div class='ocr_carea' id='block_1_62' title="bbox 178 4466 1750 4541">
    <p class='ocr_par' dir='ltr' id='par_1_62' title="bbox 178 4466 1750 4541">
     <span class='ocr_line' id='line_1_62' title="bbox 178 4466 1750 4541; baseline 0 -16"><span class='ocrx_word' id='word_1_502' title='bbox 178 4471 345 4540; x_wconf 78' lang='lat' dir='ltr'><strong>ligens,</strong></span> <span class='ocrx_word' id='word_1_503' title='bbox 375 4473 428 4527; x_wconf 90' lang='lat' dir='ltr'><strong>in</strong></span> <span class='ocrx_word' id='word_1_504' title='bbox 465 4471 556 4527; x_wconf 88' lang='lat' dir='ltr'><strong>illa</strong></span> <span class='ocrx_word' id='word_1_505' title='bbox 599 4470 937 4541; x_wconf 78' lang='lat' dir='ltr'><strong>expositione</strong></span> <span class='ocrx_word' id='word_1_506' title='bbox 989 4467 1266 4536; x_wconf 88' lang='lat' dir='ltr'><strong>Evangelii</strong></span> <span class='ocrx_word' id='word_1_507' title='bbox 1293 4466 1361 4523; x_wconf 87' lang='lat' dir='ltr'><strong>de</strong></span> <span class='ocrx_word' id='word_1_508' title='bbox 1386 4468 1504 4523; x_wconf 93' lang='lat' dir='ltr'><strong>solo</strong></span> <span class='ocrx_word' id='word_1_509' title='bbox 1533 4467 1750 4525; x_wconf 90' lang='lat' dir='ltr'><strong>Christo</strong></span> 
     </span>
    </p>
   </div>
   <div class='ocr_carea' id='block_1_63' title="bbox 177 4557 1830 4648">
    <p class='ocr_par' dir='ltr' id='par_1_63' title="bbox 177 4557 1830 4648">
     <span class='ocr_line' id='line_1_63' title="bbox 177 4557 1830 4648; baseline 0.001 -35"><span class='ocrx_word' id='word_1_510' title='bbox 177 4563 330 4632; x_wconf 80' lang='lat' dir='ltr'><strong>accipi</strong></span> <span class='ocrx_word' id='word_1_511' title='bbox 351 4562 550 4618; x_wconf 89' lang='lat' dir='ltr'><strong>debere</strong></span> <span class='ocrx_word' id='word_1_512' title='bbox 589 4559 842 4616; x_wconf 83' lang='lat' dir='ltr'><strong>ﬁrmavit.</strong></span> <span class='ocrx_word' id='word_1_513' title='bbox 876 4558 1034 4626; x_wconf 85' lang='lat' dir='ltr'><strong>Quod</strong></span> <span class='ocrx_word' id='word_1_514' title='bbox 1058 4559 1113 4612; x_wconf 92' lang='lat' dir='ltr'><strong>in</strong></span> <span class='ocrx_word' id='word_1_515' title='bbox 1151 4559 1326 4629; x_wconf 90' lang='lat' dir='ltr'><strong>primo</strong></span> <span class='ocrx_word' id='word_1_516' title='bbox 1351 4558 1488 4614; x_wconf 92' lang='lat' dir='ltr'><strong>libro</strong></span> <span class='ocrx_word' id='word_1_517' title='bbox 1519 4557 1751 4615; x_wconf 83' lang='lat' dir='ltr'><strong>Retrac-</strong></span> <span class='ocrx_word' id='word_1_518' title='bbox 1775 4585 1830 4648; x_wconf 73' lang='grc' dir='ltr'><strong><em>ι)</em></strong></span> 
     </span>
    </p>
   </div>
   <div class='ocr_carea' id='block_1_64' title="bbox 175 4649 1750 4715">
    <p class='ocr_par' dir='ltr' id='par_1_64' title="bbox 175 4649 1750 4715">
     <span class='ocr_line' id='line_1_64' title="bbox 175 4649 1750 4715; baseline 0.001 -10"><span class='ocrx_word' id='word_1_519' title='bbox 175 4652 418 4709; x_wconf 85' lang='lat' dir='ltr'><strong>tationum</strong></span> <span class='ocrx_word' id='word_1_520' title='bbox 444 4668 664 4709; x_wconf 90' lang='lat' dir='ltr'><strong>suarum</strong></span> <span class='ocrx_word' id='word_1_521' title='bbox 694 4649 1008 4715; x_wconf 89' lang='lat' dir='ltr'><strong>ostendens,</strong></span> <span class='ocrx_word' id='word_1_522' title='bbox 1035 4649 1176 4704; x_wconf 89' lang='lat' dir='ltr'><strong>inter</strong></span> <span class='ocrx_word' id='word_1_523' title='bbox 1204 4649 1308 4704; x_wconf 90' lang='lat' dir='ltr'><strong>alia</strong></span> <span class='ocrx_word' id='word_1_524' title='bbox 1329 4649 1408 4705; x_wconf 86' lang='lat' dir='ltr'><strong>sic</strong></span> <span class='ocrx_word' id='word_1_525' title='bbox 1434 4649 1550 4704; x_wconf 92' lang='lat' dir='ltr'><strong>ait:</strong></span> <span class='ocrx_word' id='word_1_526' title='bbox 1581 4668 1602 4701; x_wconf 78' lang='grc' dir='ltr'><strong>ι</strong></span> <span class='ocrx_word' id='word_1_527' title='bbox 1627 4649 1750 4707; x_wconf 90' lang='lat' dir='ltr'><strong>Alio</strong></span> 
     </span>
    </p>
   </div>
   <div class='ocr_carea' id='block_1_65' title="bbox 172 4739 1749 4815">
    <p class='ocr_par' dir='ltr' id='par_1_65' title="bbox 172 4739 1749 4815">
     <span class='ocr_line' id='line_1_65' title="bbox 172 4739 1749 4815; baseline 0.001 -20"><span class='ocrx_word' id='word_1_528' title='bbox 172 4741 290 4799; x_wconf 88' lang='lat' dir='ltr'><strong>loco</strong></span> <span class='ocrx_word' id='word_1_529' title='bbox 324 4745 460 4814; x_wconf 86' lang='lat' dir='ltr'><strong>quod</strong></span> <span class='ocrx_word' id='word_1_530' title='bbox 513 4743 811 4815; x_wconf 89' lang='lat' dir='ltr'><strong>interposui</strong></span> <span class='ocrx_word' id='word_1_531' title='bbox 866 4741 1272 4797; x_wconf 88' lang='lat' dir='ltr'><strong>testimonium:</strong></span> <span class='ocrx_word' id='word_1_532' title='bbox 1319 4739 1446 4796; x_wconf 87' lang='lat' dir='ltr'><strong>Non</strong></span> <span class='ocrx_word' id='word_1_533' title='bbox 1491 4740 1630 4796; x_wconf 89' lang='lat' dir='ltr'><strong>enim</strong></span> <span class='ocrx_word' id='word_1_534' title='bbox 1677 4742 1749 4796; x_wconf 90' lang='lat' dir='ltr'><strong>ad</strong></span> 
     </span>
    </p>
   </div>
   <div class='ocr_carea' id='block_1_66' title="bbox 174 4833 1748 4906">
    <p class='ocr_par' dir='ltr' id='par_1_66' title="bbox 174 4833 1748 4906">
     <span class='ocr_line' id='line_1_66' title="bbox 174 4833 1748 4906; baseline 0.003 -19"><span class='ocrx_word' id='word_1_535' title='bbox 174 4849 446 4891; x_wconf 78' lang='lat' dir='ltr'><strong>mensuram</strong></span> <span class='ocrx_word' id='word_1_536' title='bbox 475 4837 567 4890; x_wconf 87' lang='lat' dir='ltr'><strong>dat</strong></span> <span class='ocrx_word' id='word_1_537' title='bbox 597 4835 736 4891; x_wconf 84' lang='lat' dir='ltr'><strong>Deus</strong></span> <span class='ocrx_word' id='word_1_538' title='bbox 765 4834 1019 4906; x_wconf 87' lang='lat' dir='ltr'><strong>Spiritum</strong></span> <span class='ocrx_word' id='word_1_539' title='bbox 1048 4833 1231 4904; x_wconf 84' lang='lat' dir='ltr'><strong>(Joan.</strong></span> <span class='ocrx_word' id='word_1_540' title='bbox 1265 4849 1342 4901; x_wconf 88' lang='grc' dir='ltr'><strong><em>ιιι,</em></strong></span> <span class='ocrx_word' id='word_1_541' title='bbox 1370 4833 1484 4904; x_wconf 68' lang='grc'><strong>⁸54),</strong></span> <span class='ocrx_word' id='word_1_542' title='bbox 1509 4835 1748 4891; x_wconf 89' lang='lat' dir='ltr'><strong>nondum</strong></span> 
     </span>
    </p>
   </div>
   <div class='ocr_carea' id='block_1_67' title="bbox 175 4925 1749 4997">
    <p class='ocr_par' dir='ltr' id='par_1_67' title="bbox 175 4925 1749 4997">
     <span class='ocr_line' id='line_1_67' title="bbox 175 4925 1749 4997; baseline 0.005 -20"><span class='ocrx_word' id='word_1_543' title='bbox 175 4925 526 4982; x_wconf 81' lang='lat' dir='ltr'><strong>intellexeram</strong></span> <span class='ocrx_word' id='word_1_544' title='bbox 565 4927 632 4982; x_wconf 91' lang='lat' dir='ltr'><strong>de</strong></span> <span class='ocrx_word' id='word_1_545' title='bbox 670 4926 886 4982; x_wconf 87' lang='lat' dir='ltr'><strong>Christo</strong></span> <span class='ocrx_word' id='word_1_546' title='bbox 929 4925 1148 4997; x_wconf 89' lang='lat' dir='ltr'><strong>proprie</strong></span> <span class='ocrx_word' id='word_1_547' title='bbox 1182 4927 1362 4982; x_wconf 88' lang='lat' dir='ltr'><strong>verius</strong></span> <span class='ocrx_word' id='word_1_548' title='bbox 1392 4927 1581 4996; x_wconf 90' lang='lat' dir='ltr'><strong>accipi.</strong></span> <span class='ocrx_word' id='word_1_549' title='bbox 1615 4926 1749 4985; x_wconf 85' lang='lat' dir='ltr'><strong>Aliis</strong></span> 
     </span>
    </p>
   </div>
   <div class='ocr_carea' id='block_1_68' title="bbox 173 5016 1742 5089">
    <p class='ocr_par' dir='ltr' id='par_1_68' title="bbox 173 5016 1742 5089">
     <span class='ocr_line' id='line_1_68' title="bbox 173 5016 1742 5089; baseline 0.004 -20"><span class='ocrx_word' id='word_1_550' title='bbox 173 5017 356 5086; x_wconf 82' lang='lat' dir='ltr'><strong>quippe</strong></span> <span class='ocrx_word' id='word_1_551' title='bbox 381 5017 686 5074; x_wconf 90' lang='lat' dir='ltr'><strong>hominibus</strong></span> <span class='ocrx_word' id='word_1_552' title='bbox 704 5017 808 5072; x_wconf 77' lang='lat' dir='ltr'><strong>nisi</strong></span> <span class='ocrx_word' id='word_1_553' title='bbox 831 5017 897 5071; x_wconf 90' lang='lat' dir='ltr'><strong>ad</strong></span> <span class='ocrx_word' id='word_1_554' title='bbox 921 5031 1229 5071; x_wconf 84' lang='lat' dir='ltr'><strong>mensuram</strong></span> <span class='ocrx_word' id='word_1_555' title='bbox 1246 5017 1469 5072; x_wconf 90' lang='lat' dir='ltr'><strong>daretur</strong></span> <span class='ocrx_word' id='word_1_556' title='bbox 1486 5016 1742 5089; x_wconf 89' lang='lat' dir='ltr'><strong>Spiritus,</strong></span> 
     </span>
    </p>
   </div>
   <div class='ocr_carea' id='block_1_69' title="bbox 175 5107 1745 5183">
    <p class='ocr_par' dir='ltr' id='par_1_69' title="bbox 175 5107 1745 5183">
     <span class='ocr_line' id='line_1_69' title="bbox 175 5107 1745 5183; baseline 0.006 -26"><span class='ocrx_word' id='word_1_557' title='bbox 175 5122 276 5160; x_wconf 88' lang='lat' dir='ltr'><strong>non</strong></span> <span class='ocrx_word' id='word_1_558' title='bbox 301 5108 510 5180; x_wconf 88' lang='lat' dir='ltr'><strong>duplum</strong></span> <span class='ocrx_word' id='word_1_559' title='bbox 552 5118 762 5180; x_wconf 86' lang='lat' dir='ltr'><strong>peteret</strong></span> <span class='ocrx_word' id='word_1_560' title='bbox 789 5107 1007 5166; x_wconf 70' lang='lat' dir='ltr'><strong>Elisaeus</strong></span> <span class='ocrx_word' id='word_1_561' title='bbox 1034 5123 1196 5179; x_wconf 90' lang='lat' dir='ltr'><strong>quam</strong></span> <span class='ocrx_word' id='word_1_562' title='bbox 1239 5109 1338 5163; x_wconf 78' lang='lat' dir='ltr'><strong>fuit</strong></span> <span class='ocrx_word' id='word_1_563' title='bbox 1373 5110 1427 5164; x_wconf 92' lang='lat' dir='ltr'><strong>in</strong></span> <span class='ocrx_word' id='word_1_564' title='bbox 1467 5109 1585 5165; x_wconf 87' lang='lat' dir='ltr'><strong>Elia</strong></span> <span class='ocrx_word' id='word_1_565' title='bbox 1634 5111 1688 5183; x_wconf 88' lang='grc'><strong>(1</strong></span> <span class='ocrx_word' id='word_1_566' title='bbox 1701 5111 1745 5166; x_wconf 80' lang='grc' dir='ltr'><strong><em>γ</em></strong></span> 
     </span>
    </p>
   </div>
   <div class='ocr_carea' id='block_1_70' title="bbox 179 5197 1748 5274">
    <p class='ocr_par' dir='ltr' id='par_1_70' title="bbox 179 5197 1748 5274">
     <span class='ocr_line' id='line_1_70' title="bbox 179 5197 1748 5274; baseline 0.005 -22"><span class='ocrx_word' id='word_1_567' title='bbox 179 5197 298 5269; x_wconf 82' lang='lat' dir='ltr'><strong>Reg.</strong></span> <span class='ocrx_word' id='word_1_568' title='bbox 324 5219 378 5268; x_wconf 86' lang='grc' dir='ltr'><strong>ιι,</strong></span> <span class='ocrx_word' id='word_1_569' title='bbox 405 5203 482 5270; x_wconf 85' lang='lat'><strong>9).</strong></span> <span class='ocrx_word' id='word_1_570' title='bbox 525 5221 543 5255; x_wconf 78' lang='grc' dir='ltr'><strong>ι</strong></span> <span class='ocrx_word' id='word_1_571' title='bbox 576 5202 633 5257; x_wconf 89' lang='lat' dir='ltr'><strong>In</strong></span> <span class='ocrx_word' id='word_1_572' title='bbox 665 5203 749 5258; x_wconf 89' lang='lat' dir='ltr'><strong>his</strong></span> <span class='ocrx_word' id='word_1_573' title='bbox 783 5218 912 5274; x_wconf 91' lang='lat' dir='ltr'><strong>ergo</strong></span> <span class='ocrx_word' id='word_1_574' title='bbox 938 5202 1094 5258; x_wconf 89' lang='lat' dir='ltr'><strong>dictis</strong></span> <span class='ocrx_word' id='word_1_575' title='bbox 1122 5201 1269 5257; x_wconf 87' lang='lat' dir='ltr'><strong>beati</strong></span> <span class='ocrx_word' id='word_1_576' title='bbox 1309 5201 1590 5270; x_wconf 83' lang='lat' dir='ltr'><strong>Augustini</strong></span> <span class='ocrx_word' id='word_1_577' title='bbox 1617 5203 1748 5260; x_wconf 89' lang='lat' dir='ltr'><strong>illud</strong></span> 
     </span>
    </p>
   </div>
   <div class='ocr_carea' id='block_1_71' title="bbox 177 5293 1748 5364">
    <p class='ocr_par' dir='ltr' id='par_1_71' title="bbox 177 5293 1748 5364">
     <span class='ocr_line' id='line_1_71' title="bbox 177 5293 1748 5364; baseline 0.006 -22"><span class='ocrx_word' id='word_1_578' title='bbox 177 5293 391 5349; x_wconf 76' lang='lat' dir='ltr'><strong>maxime</strong></span> <span class='ocrx_word' id='word_1_579' title='bbox 404 5295 761 5360; x_wconf 89' lang='lat' dir='ltr'><strong>attendamus,</strong></span> <span class='ocrx_word' id='word_1_580' title='bbox 773 5295 918 5364; x_wconf 91' lang='lat' dir='ltr'><strong>quod</strong></span> <span class='ocrx_word' id='word_1_581' title='bbox 940 5295 1033 5360; x_wconf 88' lang='lat' dir='ltr'><strong>ait,</strong></span> <span class='ocrx_word' id='word_1_582' title='bbox 1048 5294 1165 5349; x_wconf 89' lang='lat' dir='ltr'><strong>aliis</strong></span> <span class='ocrx_word' id='word_1_583' title='bbox 1182 5293 1490 5349; x_wconf 90' lang='lat' dir='ltr'><strong>hominibus</strong></span> <span class='ocrx_word' id='word_1_584' title='bbox 1510 5293 1575 5348; x_wconf 91' lang='lat' dir='ltr'><strong>ad</strong></span> <span class='ocrx_word' id='word_1_585' title='bbox 1593 5309 1748 5351; x_wconf 82' lang='lat' dir='ltr'><strong>men-</strong></span> 
     </span>
    </p>
   </div>
   <div class='ocr_carea' id='block_1_72' title="bbox 1855 1893 3452 1966">
    <p class='ocr_par' dir='ltr' id='par_1_72' title="bbox 1855 1893 3452 1966">
     <span class='ocr_line' id='line_1_72' title="bbox 1855 1893 3452 1966; baseline 0.001 -18"><span class='ocrx_word' id='word_1_586' title='bbox 1855 1893 1931 1949; x_wconf 90' lang='lat' dir='ltr'><strong>lbi</strong></span> <span class='ocrx_word' id='word_1_587' title='bbox 1961 1895 2105 1949; x_wconf 90' lang='lat' dir='ltr'><strong>nulla</strong></span> <span class='ocrx_word' id='word_1_588' title='bbox 2133 1895 2200 1950; x_wconf 93' lang='lat' dir='ltr'><strong>de</strong></span> <span class='ocrx_word' id='word_1_589' title='bbox 2233 1896 2402 1950; x_wconf 89' lang='lat' dir='ltr'><strong>tribus</strong></span> <span class='ocrx_word' id='word_1_590' title='bbox 2430 1895 2678 1966; x_wconf 89' lang='lat' dir='ltr'><strong>personis</strong></span> <span class='ocrx_word' id='word_1_591' title='bbox 2704 1896 2869 1951; x_wconf 89' lang='lat' dir='ltr'><strong>habet</strong></span> <span class='ocrx_word' id='word_1_592' title='bbox 2889 1896 3092 1965; x_wconf 89' lang='lat' dir='ltr'><strong>aliquid</strong></span> <span class='ocrx_word' id='word_1_593' title='bbox 3121 1897 3298 1951; x_wconf 87' lang='lat' dir='ltr'><strong>minus</strong></span> <span class='ocrx_word' id='word_1_594' title='bbox 3325 1895 3452 1950; x_wconf 89' lang='lat' dir='ltr'><strong>dua-</strong></span> 
     </span>
    </p>
   </div>
   <div class='ocr_carea' id='block_1_73' title="bbox 1852 1984 3452 2058">
    <p class='ocr_par' dir='ltr' id='par_1_73' title="bbox 1852 1984 3452 2058">
     <span class='ocr_line' id='line_1_73' title="bbox 1852 1984 3452 2058; baseline 0.001 -18"><span class='ocrx_word' id='word_1_595' title='bbox 1852 1984 1974 2051; x_wconf 89' lang='lat' dir='ltr'><strong>bus,</strong></span> <span class='ocrx_word' id='word_1_596' title='bbox 2024 1986 2114 2041; x_wconf 88' lang='lat' dir='ltr'><strong>ubi</strong></span> <span class='ocrx_word' id='word_1_597' title='bbox 2155 1987 2208 2040; x_wconf 90' lang='lat' dir='ltr'><strong>in</strong></span> <span class='ocrx_word' id='word_1_598' title='bbox 2239 2002 2561 2056; x_wconf 88' lang='lat' dir='ltr'><strong>unaquaque</strong></span> <span class='ocrx_word' id='word_1_599' title='bbox 2588 2001 2820 2056; x_wconf 86' lang='lat' dir='ltr'><strong>persona</strong></span> <span class='ocrx_word' id='word_1_600' title='bbox 2847 1988 2925 2042; x_wconf 89' lang='lat' dir='ltr'><strong>sic</strong></span> <span class='ocrx_word' id='word_1_601' title='bbox 2955 1997 3039 2044; x_wconf 91' lang='lat' dir='ltr'><strong>est</strong></span> <span class='ocrx_word' id='word_1_602' title='bbox 3065 1989 3227 2058; x_wconf 91' lang='lat' dir='ltr'><strong>plena</strong></span> <span class='ocrx_word' id='word_1_603' title='bbox 3256 1988 3452 2053; x_wconf 86' lang='lat' dir='ltr'><strong>deitas,</strong></span> 
     </span>
    </p>
   </div>
   <div class='ocr_carea' id='block_1_74' title="bbox 1856 2075 3447 2149">
    <p class='ocr_par' dir='ltr' id='par_1_74' title="bbox 1856 2075 3447 2149">
     <span class='ocr_line' id='line_1_74' title="bbox 1856 2075 3447 2149; baseline 0.003 -20"><span class='ocrx_word' id='word_1_604' title='bbox 1856 2082 1915 2129; x_wconf 92' lang='lat' dir='ltr'><strong>ut</strong></span> <span class='ocrx_word' id='word_1_605' title='bbox 1941 2084 1997 2130; x_wconf 92' lang='lat' dir='ltr'><strong>et</strong></span> <span class='ocrx_word' id='word_1_606' title='bbox 2019 2075 2071 2129; x_wconf 94' lang='lat' dir='ltr'><strong>in</strong></span> <span class='ocrx_word' id='word_1_607' title='bbox 2101 2077 2274 2132; x_wconf 89' lang='lat' dir='ltr'><strong>tribus</strong></span> <span class='ocrx_word' id='word_1_608' title='bbox 2301 2078 2547 2147; x_wconf 90' lang='lat' dir='ltr'><strong>personis</strong></span> <span class='ocrx_word' id='word_1_609' title='bbox 2577 2094 2681 2132; x_wconf 88' lang='lat' dir='ltr'><strong>una</strong></span> <span class='ocrx_word' id='word_1_610' title='bbox 2704 2078 2794 2140; x_wconf 90' lang='lat' dir='ltr'><strong>sit,</strong></span> <span class='ocrx_word' id='word_1_611' title='bbox 2840 2087 2894 2134; x_wconf 89' lang='lat' dir='ltr'><strong>et</strong></span> <span class='ocrx_word' id='word_1_612' title='bbox 2944 2080 2999 2134; x_wconf 91' lang='lat' dir='ltr'><strong>in</strong></span> <span class='ocrx_word' id='word_1_613' title='bbox 3047 2079 3272 2149; x_wconf 89' lang='lat' dir='ltr'><strong>singulis</strong></span> <span class='ocrx_word' id='word_1_614' title='bbox 3317 2087 3447 2134; x_wconf 88' lang='lat' dir='ltr'><strong>tota.</strong></span> 
     </span>
    </p>
   </div>
   <div class='ocr_carea' id='block_1_75' title="bbox 1853 2167 3452 2241">
    <p class='ocr_par' dir='ltr' id='par_1_75' title="bbox 1853 2167 3452 2241">
     <span class='ocr_line' id='line_1_75' title="bbox 1853 2167 3452 2241; baseline 0.003 -18"><span class='ocrx_word' id='word_1_615' title='bbox 1853 2167 1971 2224; x_wconf 81' lang='lat' dir='ltr'><strong>Non</strong></span> <span class='ocrx_word' id='word_1_616' title='bbox 1995 2182 2126 2238; x_wconf 82' lang='lat' dir='ltr'><strong>ergo</strong></span> <span class='ocrx_word' id='word_1_617' title='bbox 2156 2171 2330 2240; x_wconf 89' lang='lat' dir='ltr'><strong>potuit</strong></span> <span class='ocrx_word' id='word_1_618' title='bbox 2359 2169 2620 2241; x_wconf 90' lang='lat' dir='ltr'><strong>Spiritum</strong></span> <span class='ocrx_word' id='word_1_619' title='bbox 2649 2180 2895 2228; x_wconf 88' lang='lat' dir='ltr'><strong>sanctum</strong></span> <span class='ocrx_word' id='word_1_620' title='bbox 2928 2171 3178 2227; x_wconf 87' lang='lat' dir='ltr'><strong>divinitas</strong></span> <span class='ocrx_word' id='word_1_621' title='bbox 3207 2171 3328 2227; x_wconf 85' lang='lat' dir='ltr'><strong>Filii</strong></span> <span class='ocrx_word' id='word_1_622' title='bbox 3359 2187 3452 2228; x_wconf 90' lang='lat' dir='ltr'><strong>ac-</strong></span> 
     </span>
    </p>
   </div>
   <div class='ocr_carea' id='block_1_76' title="bbox 1853 2259 3452 2333">
    <p class='ocr_par' dir='ltr' id='par_1_76' title="bbox 1853 2259 3452 2333">
     <span class='ocr_line' id='line_1_76' title="bbox 1853 2259 3452 2333; baseline 0.002 -17"><span class='ocrx_word' id='word_1_623' title='bbox 1853 2261 2059 2330; x_wconf 90' lang='lat' dir='ltr'><strong>cipere,</strong></span> <span class='ocrx_word' id='word_1_624' title='bbox 2087 2276 2212 2316; x_wconf 92' lang='lat' dir='ltr'><strong>cum</strong></span> <span class='ocrx_word' id='word_1_625' title='bbox 2240 2261 2355 2332; x_wconf 89' lang='lat' dir='ltr'><strong>ipse</strong></span> <span class='ocrx_word' id='word_1_626' title='bbox 2376 2259 2610 2332; x_wconf 91' lang='lat' dir='ltr'><strong>Spiritus</strong></span> <span class='ocrx_word' id='word_1_627' title='bbox 2630 2272 2850 2318; x_wconf 90' lang='lat' dir='ltr'><strong>sanctus</strong></span> <span class='ocrx_word' id='word_1_628' title='bbox 2874 2263 2953 2318; x_wconf 92' lang='lat' dir='ltr'><strong>sic</strong></span> <span class='ocrx_word' id='word_1_629' title='bbox 2979 2263 3239 2333; x_wconf 90' lang='lat' dir='ltr'><strong>procedat</strong></span> <span class='ocrx_word' id='word_1_630' title='bbox 3260 2278 3290 2317; x_wconf 91' lang='lat' dir='ltr'><strong>a</strong></span> <span class='ocrx_word' id='word_1_631' title='bbox 3320 2259 3452 2319; x_wconf 87' lang='lat' dir='ltr'><strong>Filio</strong></span> 
     </span>
    </p>
   </div>
   <div class='ocr_carea' id='block_1_77' title="bbox 1853 2350 3455 2421">
    <p class='ocr_par' dir='ltr' id='par_1_77' title="bbox 1853 2350 3455 2421">
     <span class='ocr_line' id='line_1_77' title="bbox 1853 2350 3455 2421; baseline 0.003 -15"><span class='ocrx_word' id='word_1_632' title='bbox 1853 2354 1996 2406; x_wconf 83' lang='lat' dir='ltr'><strong>sicut</strong></span> <span class='ocrx_word' id='word_1_633' title='bbox 2023 2351 2268 2421; x_wconf 88' lang='lat' dir='ltr'><strong>procedit</strong></span> <span class='ocrx_word' id='word_1_634' title='bbox 2295 2369 2328 2407; x_wconf 90' lang='lat' dir='ltr'><strong>a</strong></span> <span class='ocrx_word' id='word_1_635' title='bbox 2358 2350 2538 2418; x_wconf 88' lang='lat' dir='ltr'><strong>Patre,</strong></span> <span class='ocrx_word' id='word_1_636' title='bbox 2557 2363 2614 2410; x_wconf 91' lang='lat' dir='ltr'><strong>et</strong></span> <span class='ocrx_word' id='word_1_637' title='bbox 2637 2355 2716 2411; x_wconf 91' lang='lat' dir='ltr'><strong>sic</strong></span> <span class='ocrx_word' id='word_1_638' title='bbox 2737 2355 2897 2410; x_wconf 91' lang='lat' dir='ltr'><strong>detur</strong></span> <span class='ocrx_word' id='word_1_639' title='bbox 2916 2370 2947 2410; x_wconf 92' lang='lat' dir='ltr'><strong>a</strong></span> <span class='ocrx_word' id='word_1_640' title='bbox 2971 2354 3109 2412; x_wconf 91' lang='lat' dir='ltr'><strong>Filio</strong></span> <span class='ocrx_word' id='word_1_641' title='bbox 3139 2357 3278 2412; x_wconf 89' lang='lat' dir='ltr'><strong>sicut</strong></span> <span class='ocrx_word' id='word_1_642' title='bbox 3297 2355 3455 2411; x_wconf 78' lang='lat' dir='ltr'><strong>datur</strong></span> 
     </span>
    </p>
   </div>
   <div class='ocr_carea' id='block_1_78' title="bbox 1854 2439 3456 2515">
    <p class='ocr_par' dir='ltr' id='par_1_78' title="bbox 1854 2439 3456 2515">
     <span class='ocr_line' id='line_1_78' title="bbox 1854 2439 3456 2515; baseline 0.006 -20"><span class='ocrx_word' id='word_1_643' title='bbox 1854 2457 1887 2495; x_wconf 90' lang='lat' dir='ltr'><strong>a</strong></span> <span class='ocrx_word' id='word_1_644' title='bbox 1917 2439 2110 2508; x_wconf 87' lang='lat' dir='ltr'><strong>Patre;</strong></span> <span class='ocrx_word' id='word_1_645' title='bbox 2153 2458 2254 2498; x_wconf 92' lang='lat' dir='ltr'><strong>nec</strong></span> <span class='ocrx_word' id='word_1_646' title='bbox 2277 2444 2366 2498; x_wconf 89' lang='lat' dir='ltr'><strong>illa</strong></span> <span class='ocrx_word' id='word_1_647' title='bbox 2397 2453 2588 2500; x_wconf 90' lang='lat' dir='ltr'><strong>natura</strong></span> <span class='ocrx_word' id='word_1_648' title='bbox 2615 2444 2760 2500; x_wconf 91' lang='lat' dir='ltr'><strong>unde</strong></span> <span class='ocrx_word' id='word_1_649' title='bbox 2783 2445 3018 2515; x_wconf 92' lang='lat' dir='ltr'><strong>Spiritus</strong></span> <span class='ocrx_word' id='word_1_650' title='bbox 3045 2455 3264 2502; x_wconf 89' lang='lat' dir='ltr'><strong>sanctus</strong></span> <span class='ocrx_word' id='word_1_651' title='bbox 3292 2447 3456 2505; x_wconf 79' lang='lat' dir='ltr'><strong>habet</strong></span> 
     </span>
    </p>
   </div>
   <div class='ocr_carea' id='block_1_79' title="bbox 1855 2533 3454 2608">
    <p class='ocr_par' dir='ltr' id='par_1_79' title="bbox 1855 2533 3454 2608">
     <span class='ocr_line' id='line_1_79' title="bbox 1855 2533 3454 2608; baseline 0.002 -22"><span class='ocrx_word' id='word_1_652' title='bbox 1855 2533 2140 2601; x_wconf 89' lang='lat' dir='ltr'><strong>originem,</strong></span> <span class='ocrx_word' id='word_1_653' title='bbox 2175 2535 2352 2603; x_wconf 92' lang='lat' dir='ltr'><strong>potuit</strong></span> <span class='ocrx_word' id='word_1_654' title='bbox 2379 2535 2496 2600; x_wconf 85' lang='lat' dir='ltr'><strong>ejus</strong></span> <span class='ocrx_word' id='word_1_655' title='bbox 2521 2535 2608 2590; x_wconf 89' lang='lat' dir='ltr'><strong>vel</strong></span> <span class='ocrx_word' id='word_1_656' title='bbox 2629 2546 2948 2606; x_wconf 72' lang='lat' dir='ltr'><strong>exspectem</strong></span> <span class='ocrx_word' id='word_1_657' title='bbox 2969 2537 3056 2592; x_wconf 85' lang='lat' dir='ltr'><strong>vel</strong></span> <span class='ocrx_word' id='word_1_658' title='bbox 3081 2538 3329 2608; x_wconf 89' lang='lat' dir='ltr'><strong>accipere</strong></span> <span class='ocrx_word' id='word_1_659' title='bbox 3351 2537 3454 2591; x_wconf 66' lang='lat' dir='ltr'><strong>lar.</strong></span> 
     </span>
    </p>
   </div>
   <div class='ocr_carea' id='block_1_80' title="bbox 1853 2623 3452 2698">
    <p class='ocr_par' dir='ltr' id='par_1_80' title="bbox 1853 2623 3452 2698">
     <span class='ocr_line' id='line_1_80' title="bbox 1853 2623 3452 2698; baseline 0.004 -21"><span class='ocrx_word' id='word_1_660' title='bbox 1853 2623 2095 2692; x_wconf 88' lang='lat' dir='ltr'><strong>gitatem.</strong></span> <span class='ocrx_word' id='word_1_661' title='bbox 2128 2624 2360 2694; x_wconf 89' lang='lat' dir='ltr'><strong>Spiritus</strong></span> <span class='ocrx_word' id='word_1_662' title='bbox 2390 2627 2478 2682; x_wconf 92' lang='lat' dir='ltr'><strong>ille</strong></span> <span class='ocrx_word' id='word_1_663' title='bbox 2509 2635 2657 2684; x_wconf 89' lang='lat' dir='ltr'><strong>totus</strong></span> <span class='ocrx_word' id='word_1_664' title='bbox 2686 2637 2772 2683; x_wconf 93' lang='lat' dir='ltr'><strong>est</strong></span> <span class='ocrx_word' id='word_1_665' title='bbox 2799 2627 2998 2698; x_wconf 88' lang='lat' dir='ltr'><strong>Patris,</strong></span> <span class='ocrx_word' id='word_1_666' title='bbox 3027 2637 3173 2684; x_wconf 91' lang='lat' dir='ltr'><strong>totus</strong></span> <span class='ocrx_word' id='word_1_667' title='bbox 3199 2639 3284 2685; x_wconf 90' lang='lat' dir='ltr'><strong>est</strong></span> <span class='ocrx_word' id='word_1_668' title='bbox 3313 2629 3452 2696; x_wconf 87' lang='lat' dir='ltr'><strong>Filii,</strong></span> 
     </span>
    </p>
   </div>
   <div class='ocr_carea' id='block_1_81' title="bbox 1853 2718 3454 2792">
    <p class='ocr_par' dir='ltr' id='par_1_81' title="bbox 1853 2718 3454 2792">
     <span class='ocr_line' id='line_1_81' title="bbox 1853 2718 3454 2792; baseline 0.004 -21"><span class='ocrx_word' id='word_1_669' title='bbox 1853 2718 1980 2786; x_wconf 88' lang='lat' dir='ltr'><strong>quia</strong></span> <span class='ocrx_word' id='word_1_670' title='bbox 2025 2733 2163 2773; x_wconf 89' lang='lat' dir='ltr'><strong>unus</strong></span> <span class='ocrx_word' id='word_1_671' title='bbox 2217 2720 2538 2776; x_wconf 89' lang='lat' dir='ltr'><strong>naturaliter</strong></span> <span class='ocrx_word' id='word_1_672' title='bbox 2585 2729 2670 2776; x_wconf 89' lang='lat' dir='ltr'><strong>est</strong></span> <span class='ocrx_word' id='word_1_673' title='bbox 2721 2720 2956 2792; x_wconf 89' lang='lat' dir='ltr'><strong>Spiritus</strong></span> <span class='ocrx_word' id='word_1_674' title='bbox 3000 2719 3176 2776; x_wconf 89' lang='lat' dir='ltr'><strong>Patris</strong></span> <span class='ocrx_word' id='word_1_675' title='bbox 3209 2731 3268 2783; x_wconf 83' lang='lat' dir='ltr'><strong>et</strong></span> <span class='ocrx_word' id='word_1_676' title='bbox 3313 2722 3454 2778; x_wconf 86' lang='lat' dir='ltr'><strong>Filii.</strong></span> 
     </span>
    </p>
   </div>
   <div class='ocr_carea' id='block_1_82' title="bbox 1856 2807 3454 2881">
    <p class='ocr_par' dir='ltr' id='par_1_82' title="bbox 1856 2807 3454 2881">
     <span class='ocr_line' id='line_1_82' title="bbox 1856 2807 3454 2881; baseline 0.004 -20"><span class='ocrx_word' id='word_1_677' title='bbox 1856 2807 2088 2863; x_wconf 91' lang='lat' dir='ltr'><strong>Proinde</strong></span> <span class='ocrx_word' id='word_1_678' title='bbox 2113 2817 2260 2865; x_wconf 91' lang='lat' dir='ltr'><strong>totus</strong></span> <span class='ocrx_word' id='word_1_679' title='bbox 2287 2809 2355 2865; x_wconf 92' lang='lat' dir='ltr'><strong>de</strong></span> <span class='ocrx_word' id='word_1_680' title='bbox 2380 2810 2543 2866; x_wconf 89' lang='lat' dir='ltr'><strong>Patre</strong></span> <span class='ocrx_word' id='word_1_681' title='bbox 2566 2811 2813 2881; x_wconf 90' lang='lat' dir='ltr'><strong>procedit</strong></span> <span class='ocrx_word' id='word_1_682' title='bbox 2837 2820 2893 2866; x_wconf 92' lang='lat' dir='ltr'><strong>et</strong></span> <span class='ocrx_word' id='word_1_683' title='bbox 2920 2809 3080 2878; x_wconf 90' lang='lat' dir='ltr'><strong>Filio,</strong></span> <span class='ocrx_word' id='word_1_684' title='bbox 3114 2819 3262 2868; x_wconf 92' lang='lat' dir='ltr'><strong>totus</strong></span> <span class='ocrx_word' id='word_1_685' title='bbox 3283 2813 3336 2867; x_wconf 92' lang='lat' dir='ltr'><strong>in</strong></span> <span class='ocrx_word' id='word_1_686' title='bbox 3361 2811 3454 2867; x_wconf 82' lang='lat' dir='ltr'><strong>Pa-</strong></span> 
     </span>
    </p>
   </div>
   <div class='ocr_carea' id='block_1_83' title="bbox 1855 2900 3455 2974">
    <p class='ocr_par' dir='ltr' id='par_1_83' title="bbox 1855 2900 3455 2974">
     <span class='ocr_line' id='line_1_83' title="bbox 1855 2900 3455 2974; baseline 0.006 -22"><span class='ocrx_word' id='word_1_687' title='bbox 1855 2903 1940 2953; x_wconf 89' lang='lat' dir='ltr'><strong>tre</strong></span> <span class='ocrx_word' id='word_1_688' title='bbox 1965 2907 2150 2955; x_wconf 88' lang='lat' dir='ltr'><strong>manet</strong></span> <span class='ocrx_word' id='word_1_689' title='bbox 2176 2916 2239 2955; x_wconf 89' lang='lat' dir='ltr'><strong>ac</strong></span> <span class='ocrx_word' id='word_1_690' title='bbox 2266 2900 2442 2969; x_wconf 87' lang='lat' dir='ltr'><strong>Filio;</strong></span> <span class='ocrx_word' id='word_1_691' title='bbox 2471 2903 2598 2973; x_wconf 90' lang='lat' dir='ltr'><strong>quia</strong></span> <span class='ocrx_word' id='word_1_692' title='bbox 2644 2903 2724 2958; x_wconf 92' lang='lat' dir='ltr'><strong>sic</strong></span> <span class='ocrx_word' id='word_1_693' title='bbox 2768 2913 2954 2958; x_wconf 89' lang='lat' dir='ltr'><strong>manet</strong></span> <span class='ocrx_word' id='word_1_694' title='bbox 2980 2912 3042 2958; x_wconf 91' lang='lat' dir='ltr'><strong>ut</strong></span> <span class='ocrx_word' id='word_1_695' title='bbox 3065 2904 3346 2974; x_wconf 88' lang='lat' dir='ltr'><strong>procedat,</strong></span> <span class='ocrx_word' id='word_1_696' title='bbox 3377 2904 3455 2962; x_wconf 84' lang='lat' dir='ltr'><strong>sic</strong></span> 
     </span>
    </p>
   </div>
   <div class='ocr_carea' id='block_1_84' title="bbox 1853 2989 3456 3060">
    <p class='ocr_par' dir='ltr' id='par_1_84' title="bbox 1853 2989 3456 3060">
     <span class='ocr_line' id='line_1_84' title="bbox 1853 2989 3456 3060; baseline 0.007 -17"><span class='ocrx_word' id='word_1_697' title='bbox 1853 2989 2102 3060; x_wconf 87' lang='lat' dir='ltr'><strong>procedit</strong></span> <span class='ocrx_word' id='word_1_698' title='bbox 2124 3001 2183 3046; x_wconf 91' lang='lat' dir='ltr'><strong>ut</strong></span> <span class='ocrx_word' id='word_1_699' title='bbox 2211 3002 2445 3048; x_wconf 90' lang='lat' dir='ltr'><strong>maneat.</strong></span> <span class='ocrx_word' id='word_1_700' title='bbox 2474 2993 2624 3050; x_wconf 89' lang='lat' dir='ltr'><strong>Unde</strong></span> <span class='ocrx_word' id='word_1_701' title='bbox 2641 2995 2962 3052; x_wconf 90' lang='lat' dir='ltr'><strong>naturaliter</strong></span> <span class='ocrx_word' id='word_1_702' title='bbox 2982 2996 3124 3052; x_wconf 90' lang='lat' dir='ltr'><strong>hanc</strong></span> <span class='ocrx_word' id='word_1_703' title='bbox 3148 2996 3314 3052; x_wconf 87' lang='lat' dir='ltr'><strong>habet</strong></span> <span class='ocrx_word' id='word_1_704' title='bbox 3334 3012 3456 3054; x_wconf 88' lang='lat' dir='ltr'><strong>cum</strong></span> 
     </span>
    </p>
   </div>
   <div class='ocr_carea' id='block_1_85' title="bbox 1853 3079 3457 3160">
    <p class='ocr_par' dir='ltr' id='par_1_85' title="bbox 1853 3079 3457 3160">
     <span class='ocr_line' id='line_1_85' title="bbox 1853 3079 3457 3160; baseline 0.006 -25"><span class='ocrx_word' id='word_1_705' title='bbox 1853 3079 2015 3137; x_wconf 90' lang='lat' dir='ltr'><strong>Patre</strong></span> <span class='ocrx_word' id='word_1_706' title='bbox 2035 3097 2100 3139; x_wconf 88' lang='lat' dir='ltr'><strong>ac</strong></span> <span class='ocrx_word' id='word_1_707' title='bbox 2128 3082 2264 3140; x_wconf 86' lang='lat' dir='ltr'><strong>Filio</strong></span> <span class='ocrx_word' id='word_1_708' title='bbox 2293 3086 2514 3140; x_wconf 87' lang='lat' dir='ltr'><strong>unitatis</strong></span> <span class='ocrx_word' id='word_1_709' title='bbox 2559 3087 2973 3157; x_wconf 88' lang='lat' dir='ltr'><strong>plenitudinem,</strong></span> <span class='ocrx_word' id='word_1_710' title='bbox 3009 3096 3066 3145; x_wconf 89' lang='lat' dir='ltr'><strong>et</strong></span> <span class='ocrx_word' id='word_1_711' title='bbox 3104 3087 3457 3160; x_wconf 86' lang='lat' dir='ltr'><strong>plenitudinis</strong></span> 
     </span>
    </p>
   </div>
   <div class='ocr_carea' id='block_1_86' title="bbox 1855 3173 3458 3250">
    <p class='ocr_par' dir='ltr' id='par_1_86' title="bbox 1855 3173 3458 3250">
     <span class='ocr_line' id='line_1_86' title="bbox 1855 3173 3458 3250; baseline 0.007 -25"><span class='ocrx_word' id='word_1_712' title='bbox 1855 3173 2137 3239; x_wconf 89' lang='lat' dir='ltr'><strong>unitatem,</strong></span> <span class='ocrx_word' id='word_1_713' title='bbox 2168 3185 2227 3230; x_wconf 91' lang='lat' dir='ltr'><strong>ut</strong></span> <span class='ocrx_word' id='word_1_714' title='bbox 2246 3185 2416 3232; x_wconf 88' lang='lat' dir='ltr'><strong>totum</strong></span> <span class='ocrx_word' id='word_1_715' title='bbox 2434 3176 2651 3233; x_wconf 88' lang='lat' dir='ltr'><strong>Patrem</strong></span> <span class='ocrx_word' id='word_1_716' title='bbox 2681 3179 2902 3248; x_wconf 87' lang='lat' dir='ltr'><strong>habeat,</strong></span> <span class='ocrx_word' id='word_1_717' title='bbox 2923 3187 3206 3250; x_wconf 87' lang='lat' dir='ltr'><strong>totumque</strong></span> <span class='ocrx_word' id='word_1_718' title='bbox 3225 3179 3458 3248; x_wconf 87' lang='lat' dir='ltr'><strong>Filium;</strong></span> 
     </span>
    </p>
   </div>
   <div class='ocr_carea' id='block_1_87' title="bbox 1855 3262 3456 3338">
    <p class='ocr_par' dir='ltr' id='par_1_87' title="bbox 1855 3262 3456 3338">
     <span class='ocr_line' id='line_1_87' title="bbox 1855 3262 3456 3338; baseline 0.007 -20"><span class='ocrx_word' id='word_1_719' title='bbox 1855 3262 2079 3334; x_wconf 89' lang='lat' dir='ltr'><strong>ipseque</strong></span> <span class='ocrx_word' id='word_1_720' title='bbox 2105 3274 2251 3322; x_wconf 89' lang='lat' dir='ltr'><strong>totus</strong></span> <span class='ocrx_word' id='word_1_721' title='bbox 2280 3268 2545 3324; x_wconf 87' lang='lat' dir='ltr'><strong>habeatur</strong></span> <span class='ocrx_word' id='word_1_722' title='bbox 2570 3287 2601 3324; x_wconf 90' lang='lat' dir='ltr'><strong>a</strong></span> <span class='ocrx_word' id='word_1_723' title='bbox 2634 3269 2816 3338; x_wconf 87' lang='lat' dir='ltr'><strong>Patre,</strong></span> <span class='ocrx_word' id='word_1_724' title='bbox 2849 3279 2997 3328; x_wconf 91' lang='lat' dir='ltr'><strong>totus</strong></span> <span class='ocrx_word' id='word_1_725' title='bbox 3021 3272 3290 3329; x_wconf 90' lang='lat' dir='ltr'><strong>habeatur</strong></span> <span class='ocrx_word' id='word_1_726' title='bbox 3315 3288 3348 3328; x_wconf 89' lang='lat' dir='ltr'><strong>a</strong></span> <span class='ocrx_word' id='word_1_727' title='bbox 3367 3273 3456 3329; x_wconf 80' lang='lat' dir='ltr'><strong>Fi-</strong></span> 
     </span>
    </p>
   </div>
   <div class='ocr_carea' id='block_1_88' title="bbox 1852 3355 3457 3433">
    <p class='ocr_par' dir='ltr' id='par_1_88' title="bbox 1852 3355 3457 3433">
     <span class='ocr_line' id='line_1_88' title="bbox 1852 3355 3457 3433; baseline 0.005 -21"><span class='ocrx_word' id='word_1_728' title='bbox 1852 3355 1949 3412; x_wconf 92' lang='lat' dir='ltr'><strong>lio.</strong></span> <span class='ocrx_word' id='word_1_729' title='bbox 1975 3356 2092 3412; x_wconf 85' lang='lat' dir='ltr'><strong>Non</strong></span> <span class='ocrx_word' id='word_1_730' title='bbox 2119 3373 2252 3428; x_wconf 87' lang='lat' dir='ltr'><strong>ergo</strong></span> <span class='ocrx_word' id='word_1_731' title='bbox 2283 3362 2496 3431; x_wconf 90' lang='lat' dir='ltr'><strong>accepit</strong></span> <span class='ocrx_word' id='word_1_732' title='bbox 2520 3362 2783 3433; x_wconf 87' lang='lat' dir='ltr'><strong>Spiritum</strong></span> <span class='ocrx_word' id='word_1_733' title='bbox 2812 3374 3060 3420; x_wconf 90' lang='lat' dir='ltr'><strong>sanctum</strong></span> <span class='ocrx_word' id='word_1_734' title='bbox 3086 3365 3338 3420; x_wconf 85' lang='lat' dir='ltr'><strong>divinitas</strong></span> <span class='ocrx_word' id='word_1_735' title='bbox 3368 3365 3457 3420; x_wconf 83' lang='lat' dir='ltr'><strong>Fi-</strong></span> 
     </span>
    </p>
   </div>
   <div class='ocr_carea' id='block_1_89' title="bbox 1853 3447 3454 3526">
    <p class='ocr_par' dir='ltr' id='par_1_89' title="bbox 1853 3447 3454 3526">
     <span class='ocr_line' id='line_1_89' title="bbox 1853 3447 3454 3526; baseline 0.006 -24"><span class='ocrx_word' id='word_1_736' title='bbox 1853 3447 1930 3515; x_wconf 89' lang='lat' dir='ltr'><strong>lii,</strong></span> <span class='ocrx_word' id='word_1_737' title='bbox 1953 3463 2077 3504; x_wconf 91' lang='lat' dir='ltr'><strong>cum</strong></span> <span class='ocrx_word' id='word_1_738' title='bbox 2100 3464 2207 3519; x_wconf 91' lang='lat' dir='ltr'><strong>qua</strong></span> <span class='ocrx_word' id='word_1_739' title='bbox 2233 3453 2392 3506; x_wconf 91' lang='lat' dir='ltr'><strong>unius</strong></span> <span class='ocrx_word' id='word_1_740' title='bbox 2412 3460 2620 3508; x_wconf 75' lang='lat' dir='ltr'><strong>natura:</strong></span> <span class='ocrx_word' id='word_1_741' title='bbox 2647 3463 2729 3510; x_wconf 90' lang='lat' dir='ltr'><strong>est</strong></span> <span class='ocrx_word' id='word_1_742' title='bbox 2757 3453 2994 3526; x_wconf 89' lang='lat' dir='ltr'><strong>Spiritus</strong></span> <span class='ocrx_word' id='word_1_743' title='bbox 3031 3465 3273 3524; x_wconf 91' lang='lat' dir='ltr'><strong>sanctus,</strong></span> <span class='ocrx_word' id='word_1_744' title='bbox 3299 3466 3355 3512; x_wconf 91' lang='lat' dir='ltr'><strong>et</strong></span> <span class='ocrx_word' id='word_1_745' title='bbox 3383 3473 3454 3512; x_wconf 90' lang='lat' dir='ltr'><strong>ex</strong></span> 
     </span>
    </p>
   </div>
   <div class='ocr_carea' id='block_1_90' title="bbox 1853 3542 3455 3618">
    <p class='ocr_par' dir='ltr' id='par_1_90' title="bbox 1853 3542 3455 3618">
     <span class='ocr_line' id='line_1_90' title="bbox 1853 3542 3455 3618; baseline 0.006 -23"><span class='ocrx_word' id='word_1_746' title='bbox 1853 3555 1961 3610; x_wconf 90' lang='lat' dir='ltr'><strong>qua</strong></span> <span class='ocrx_word' id='word_1_747' title='bbox 1992 3542 2158 3602; x_wconf 88' lang='lat' dir='ltr'><strong>habet</strong></span> <span class='ocrx_word' id='word_1_748' title='bbox 2185 3544 2446 3615; x_wconf 90' lang='lat' dir='ltr'><strong>quidquid</strong></span> <span class='ocrx_word' id='word_1_749' title='bbox 2476 3546 2658 3611; x_wconf 88' lang='lat' dir='ltr'><strong>habet,</strong></span> <span class='ocrx_word' id='word_1_750' title='bbox 2692 3547 2803 3602; x_wconf 92' lang='lat' dir='ltr'><strong>imo</strong></span> <span class='ocrx_word' id='word_1_751' title='bbox 2834 3548 2902 3603; x_wconf 87' lang='lat' dir='ltr'><strong>de</strong></span> <span class='ocrx_word' id='word_1_752' title='bbox 2931 3563 3039 3616; x_wconf 89' lang='lat' dir='ltr'><strong>qua</strong></span> <span class='ocrx_word' id='word_1_753' title='bbox 3069 3557 3154 3604; x_wconf 92' lang='lat' dir='ltr'><strong>est</strong></span> <span class='ocrx_word' id='word_1_754' title='bbox 3183 3550 3288 3604; x_wconf 93' lang='lat' dir='ltr'><strong>hoc</strong></span> <span class='ocrx_word' id='word_1_755' title='bbox 3307 3549 3455 3618; x_wconf 89' lang='lat' dir='ltr'><strong>quod</strong></span> 
     </span>
    </p>
   </div>
   <div class='ocr_carea' id='block_1_91' title="bbox 1853 3633 3456 3704">
    <p class='ocr_par' dir='ltr' id='par_1_91' title="bbox 1853 3633 3456 3704">
     <span class='ocr_line' id='line_1_91' title="bbox 1853 3633 3456 3704; baseline 0.007 -19"><span class='ocrx_word' id='word_1_756' title='bbox 1853 3638 1966 3695; x_wconf 88' lang='lat' dir='ltr'><strong>est;</strong></span> <span class='ocrx_word' id='word_1_757' title='bbox 1991 3633 2117 3701; x_wconf 91' lang='lat' dir='ltr'><strong>quia</strong></span> <span class='ocrx_word' id='word_1_758' title='bbox 2146 3633 2293 3704; x_wconf 82' lang='lat' dir='ltr'><strong>quod</strong></span> <span class='ocrx_word' id='word_1_759' title='bbox 2323 3635 2644 3691; x_wconf 89' lang='lat' dir='ltr'><strong>naturaliter</strong></span> <span class='ocrx_word' id='word_1_760' title='bbox 2669 3637 2852 3703; x_wconf 90' lang='lat' dir='ltr'><strong>habet,</strong></span> <span class='ocrx_word' id='word_1_761' title='bbox 2884 3637 2991 3693; x_wconf 90' lang='lat' dir='ltr'><strong>hoc</strong></span> <span class='ocrx_word' id='word_1_762' title='bbox 3014 3647 3116 3694; x_wconf 90' lang='lat' dir='ltr'><strong>est.</strong></span> <span class='ocrx_word' id='word_1_763' title='bbox 3148 3639 3343 3695; x_wconf 85' lang='lat' dir='ltr'><strong>Restat</strong></span> <span class='ocrx_word' id='word_1_764' title='bbox 3362 3639 3456 3696; x_wconf 79' lang='lat' dir='ltr'><strong>ita-</strong></span> 
     </span>
    </p>
   </div>
   <div class='ocr_carea' id='block_1_92' title="bbox 1853 3722 3456 3802">
    <p class='ocr_par' dir='ltr' id='par_1_92' title="bbox 1853 3722 3456 3802">
     <span class='ocr_line' id='line_1_92' title="bbox 1853 3722 3456 3802; baseline 0.007 -26"><span class='ocrx_word' id='word_1_765' title='bbox 1853 3736 1962 3794; x_wconf 85' lang='lat' dir='ltr'><strong>que</strong></span> <span class='ocrx_word' id='word_1_766' title='bbox 1991 3731 2051 3777; x_wconf 93' lang='lat' dir='ltr'><strong>ut</strong></span> <span class='ocrx_word' id='word_1_767' title='bbox 2095 3725 2273 3778; x_wconf 89' lang='lat' dir='ltr'><strong>anima</strong></span> <span class='ocrx_word' id='word_1_768' title='bbox 2317 3722 2516 3780; x_wconf 89' lang='lat' dir='ltr'><strong>Christi</strong></span> <span class='ocrx_word' id='word_1_769' title='bbox 2552 3725 2810 3798; x_wconf 91' lang='lat' dir='ltr'><strong>Spiritum</strong></span> <span class='ocrx_word' id='word_1_770' title='bbox 2861 3737 3109 3785; x_wconf 82' lang='lat' dir='ltr'><strong>sanctum</strong></span> <span class='ocrx_word' id='word_1_771' title='bbox 3159 3729 3456 3802; x_wconf 83' lang='lat' dir='ltr'><strong>acceperit,</strong></span> 
     </span>
    </p>
   </div>
   <div class='ocr_carea' id='block_1_93' title="bbox 1853 3815 3454 3892">
    <p class='ocr_par' dir='ltr' id='par_1_93' title="bbox 1853 3815 3454 3892">
     <span class='ocr_line' id='line_1_93' title="bbox 1853 3815 3454 3892; baseline 0.007 -26"><span class='ocrx_word' id='word_1_772' title='bbox 1853 3825 2018 3881; x_wconf 89' lang='lat' dir='ltr'><strong>quem</strong></span> <span class='ocrx_word' id='word_1_773' title='bbox 2062 3821 2243 3869; x_wconf 89' lang='lat' dir='ltr'><strong>tamen</strong></span> <span class='ocrx_word' id='word_1_774' title='bbox 2286 3830 2396 3870; x_wconf 90' lang='lat' dir='ltr'><strong>non</strong></span> <span class='ocrx_word' id='word_1_775' title='bbox 2439 3815 2507 3870; x_wconf 88' lang='lat' dir='ltr'><strong>ad</strong></span> <span class='ocrx_word' id='word_1_776' title='bbox 2556 3832 2864 3873; x_wconf 89' lang='lat' dir='ltr'><strong>mensuram</strong></span> <span class='ocrx_word' id='word_1_777' title='bbox 2895 3821 3123 3892; x_wconf 91' lang='lat' dir='ltr'><strong>accepit,</strong></span> <span class='ocrx_word' id='word_1_778' title='bbox 3153 3821 3249 3876; x_wconf 90' lang='lat' dir='ltr'><strong>sed</strong></span> <span class='ocrx_word' id='word_1_779' title='bbox 3279 3830 3454 3877; x_wconf 91' lang='lat' dir='ltr'><strong>totum</strong></span> 
     </span>
    </p>
   </div>
   <div class='ocr_carea' id='block_1_94' title="bbox 1855 3902 3456 3984">
    <p class='ocr_par' dir='ltr' id='par_1_94' title="bbox 1855 3902 3456 3984">
     <span class='ocr_line' id='line_1_94' title="bbox 1855 3902 3456 3984; baseline 0.009 -29"><span class='ocrx_word' id='word_1_780' title='bbox 1855 3902 2106 3972; x_wconf 83' lang='lat' dir='ltr'><strong>accepit;</strong></span> <span class='ocrx_word' id='word_1_781' title='bbox 2139 3902 2229 3958; x_wconf 90' lang='lat' dir='ltr'><strong>ubi</strong></span> <span class='ocrx_word' id='word_1_782' title='bbox 2256 3905 2401 3960; x_wconf 88' lang='lat' dir='ltr'><strong>enim</strong></span> <span class='ocrx_word' id='word_1_783' title='bbox 2440 3921 2696 3963; x_wconf 89' lang='lat' dir='ltr'><strong>mensura</strong></span> <span class='ocrx_word' id='word_1_784' title='bbox 2739 3924 2850 3964; x_wconf 93' lang='lat' dir='ltr'><strong>non</strong></span> <span class='ocrx_word' id='word_1_785' title='bbox 2897 3925 3020 3966; x_wconf 90' lang='lat' dir='ltr'><strong>esse</strong></span> <span class='ocrx_word' id='word_1_786' title='bbox 3067 3911 3284 3977; x_wconf 92' lang='lat' dir='ltr'><strong>dicitur,</strong></span> <span class='ocrx_word' id='word_1_787' title='bbox 3339 3912 3456 3984; x_wconf 87' lang='lat' dir='ltr'><strong>ple-</strong></span> 
     </span>
    </p>
   </div>
   <div class='ocr_carea' id='block_1_95' title="bbox 1855 3992 3454 4072">
    <p class='ocr_par' dir='ltr' id='par_1_95' title="bbox 1855 3992 3454 4072">
     <span class='ocr_line' id='line_1_95' title="bbox 1855 3992 3454 4072; baseline 0.009 -25"><span class='ocrx_word' id='word_1_788' title='bbox 1855 3992 2046 4050; x_wconf 89' lang='lat' dir='ltr'><strong>nitudo</strong></span> <span class='ocrx_word' id='word_1_789' title='bbox 2066 3995 2414 4065; x_wconf 82' lang='lat' dir='ltr'><strong>perfectionis</strong></span> <span class='ocrx_word' id='word_1_790' title='bbox 2431 4005 2488 4052; x_wconf 89' lang='lat' dir='ltr'><strong>et</strong></span> <span class='ocrx_word' id='word_1_791' title='bbox 2510 3999 2770 4069; x_wconf 87' lang='lat' dir='ltr'><strong>perfectio</strong></span> <span class='ocrx_word' id='word_1_792' title='bbox 2792 4002 3144 4072; x_wconf 90' lang='lat' dir='ltr'><strong>plenitudinis</strong></span> <span class='ocrx_word' id='word_1_793' title='bbox 3159 4003 3454 4062; x_wconf 90' lang='lat' dir='ltr'><strong>invenitur.</strong></span> 
     </span>
    </p>
   </div>
   <div class='ocr_carea' id='block_1_96' title="bbox 1928 4083 3458 4164">
    <p class='ocr_par' dir='ltr' id='par_1_96' title="bbox 1928 4083 3458 4164">
     <span class='ocr_line' id='line_1_96' title="bbox 1928 4083 3458 4164; baseline 0.009 -27"><span class='ocrx_word' id='word_1_794' title='bbox 1928 4083 2017 4138; x_wconf 71' lang='lat'><strong>29.</strong></span> <span class='ocrx_word' id='word_1_795' title='bbox 2060 4083 2192 4152; x_wconf 86' lang='lat' dir='ltr'><strong>Quis</strong></span> <span class='ocrx_word' id='word_1_796' title='bbox 2237 4086 2308 4142; x_wconf 89' lang='lat' dir='ltr'><strong>sit</strong></span> <span class='ocrx_word' id='word_1_797' title='bbox 2346 4096 2528 4164; x_wconf 84' lang='lat' dir='ltr'><strong>autem</strong></span> <span class='ocrx_word' id='word_1_798' title='bbox 2577 4089 2680 4145; x_wconf 90' lang='lat' dir='ltr'><strong>iste</strong></span> <span class='ocrx_word' id='word_1_799' title='bbox 2724 4088 2980 4161; x_wconf 91' lang='lat' dir='ltr'><strong>Spiritus,</strong></span> <span class='ocrx_word' id='word_1_800' title='bbox 3028 4108 3189 4163; x_wconf 92' lang='lat' dir='ltr'><strong>quem</strong></span> <span class='ocrx_word' id='word_1_801' title='bbox 3231 4110 3340 4150; x_wconf 91' lang='lat' dir='ltr'><strong>non</strong></span> <span class='ocrx_word' id='word_1_802' title='bbox 3385 4094 3458 4150; x_wconf 88' lang='lat' dir='ltr'><strong>ad</strong></span> 
     </span>
    </p>
   </div>
   <div class='ocr_carea' id='block_1_97' title="bbox 1855 4165 3458 4256">
    <p class='ocr_par' dir='ltr' id='par_1_97' title="bbox 1855 4165 3458 4256">
     <span class='ocr_line' id='line_1_97' title="bbox 1855 4165 3458 4256; baseline 0.007 -23"><span class='ocrx_word' id='word_1_803' title='bbox 1855 4191 2166 4234; x_wconf 86' lang='lat' dir='ltr'><strong>mensuram</strong></span> <span class='ocrx_word' id='word_1_804' title='bbox 2208 4179 2455 4238; x_wconf 88' lang='lat' dir='ltr'><strong>Christus</strong></span> <span class='ocrx_word' id='word_1_805' title='bbox 2502 4165 2742 4254; x_wconf 75' lang='lat' dir='ltr'><strong>accepit,</strong></span> <span class='ocrx_word' id='word_1_806' title='bbox 2787 4187 3050 4256; x_wconf 88' lang='lat' dir='ltr'><strong>propheta</strong></span> <span class='ocrx_word' id='word_1_807' title='bbox 3088 4187 3246 4243; x_wconf 90' lang='lat' dir='ltr'><strong>nobis</strong></span> <span class='ocrx_word' id='word_1_808' title='bbox 3287 4187 3458 4245; x_wconf 87' lang='lat' dir='ltr'><strong>Isaias</strong></span> 
     </span>
    </p>
   </div>
   <div class='ocr_carea' id='block_1_98' title="bbox 1855 4274 3453 4353">
    <p class='ocr_par' dir='ltr' id='par_1_98' title="bbox 1855 4274 3453 4353">
     <span class='ocr_line' id='line_1_98' title="bbox 1855 4274 3453 4353; baseline 0.005 -24"><span class='ocrx_word' id='word_1_809' title='bbox 1855 4274 2111 4342; x_wconf 88' lang='lat' dir='ltr'><strong>ostendit,</strong></span> <span class='ocrx_word' id='word_1_810' title='bbox 2161 4276 2257 4346; x_wconf 93' lang='lat' dir='ltr'><strong>qui</strong></span> <span class='ocrx_word' id='word_1_811' title='bbox 2301 4275 2370 4332; x_wconf 92' lang='lat' dir='ltr'><strong>de</strong></span> <span class='ocrx_word' id='word_1_812' title='bbox 2411 4279 2529 4348; x_wconf 89' lang='lat' dir='ltr'><strong>ipso</strong></span> <span class='ocrx_word' id='word_1_813' title='bbox 2560 4278 2654 4349; x_wconf 89' lang='lat' dir='ltr'><strong>(al.</strong></span> <span class='ocrx_word' id='word_1_814' title='bbox 2689 4279 2756 4334; x_wconf 90' lang='lat' dir='ltr'><strong>de</strong></span> <span class='ocrx_word' id='word_1_815' title='bbox 2783 4278 3022 4350; x_wconf 86' lang='lat' dir='ltr'><strong>Christo)</strong></span> <span class='ocrx_word' id='word_1_816' title='bbox 3052 4282 3298 4353; x_wconf 90' lang='lat' dir='ltr'><strong>loquens,</strong></span> <span class='ocrx_word' id='word_1_817' title='bbox 3331 4284 3453 4338; x_wconf 88' lang='lat' dir='ltr'><strong>ait:</strong></span> 
     </span>
    </p>
   </div>
   <div class='ocr_carea' id='block_1_99' title="bbox 1855 4364 3457 4446">
    <p class='ocr_par' dir='ltr' id='par_1_99' title="bbox 1855 4364 3457 4446">
     <span class='ocr_line' id='line_1_99' title="bbox 1855 4364 3457 4446; baseline 0.006 -26"><span class='ocrx_word' id='word_1_818' title='bbox 1855 4364 2169 4438; x_wconf 86' lang='lat' dir='ltr'><strong>Egredietur</strong></span> <span class='ocrx_word' id='word_1_819' title='bbox 2197 4371 2340 4441; x_wconf 82' lang='lat' dir='ltr'><strong>virga</strong></span> <span class='ocrx_word' id='word_1_820' title='bbox 2369 4371 2434 4424; x_wconf 91' lang='lat' dir='ltr'><strong>de</strong></span> <span class='ocrx_word' id='word_1_821' title='bbox 2465 4370 2642 4426; x_wconf 85' lang='lat' dir='ltr'><strong>radice</strong></span> <span class='ocrx_word' id='word_1_822' title='bbox 2668 4370 2837 4438; x_wconf 72' lang='lat' dir='ltr'><strong>Iesse,</strong></span> <span class='ocrx_word' id='word_1_823' title='bbox 2853 4383 2902 4427; x_wconf 88' lang='lat' dir='ltr'><strong>et</strong></span> <span class='ocrx_word' id='word_1_824' title='bbox 2925 4375 3024 4442; x_wconf 81' lang='lat' dir='ltr'><strong>flos</strong></span> <span class='ocrx_word' id='word_1_825' title='bbox 3052 4373 3115 4428; x_wconf 88' lang='lat' dir='ltr'><strong>de</strong></span> <span class='ocrx_word' id='word_1_826' title='bbox 3138 4375 3314 4428; x_wconf 82' lang='lat' dir='ltr'><strong>radice</strong></span> <span class='ocrx_word' id='word_1_827' title='bbox 3337 4376 3457 4446; x_wconf 76' lang='lat' dir='ltr'><strong>ejus</strong></span> 
     </span>
    </p>
   </div>
   <div class='ocr_carea' id='block_1_100' title="bbox 1855 4461 3460 4536">
    <p class='ocr_par' dir='ltr' id='par_1_100' title="bbox 1855 4461 3460 4536">
     <span class='ocr_line' id='line_1_100' title="bbox 1855 4461 3460 4536; baseline 0.004 -22"><span class='ocrx_word' id='word_1_828' title='bbox 1855 4461 2116 4528; x_wconf 85' lang='lat' dir='ltr'><strong>ascendet,</strong></span> <span class='ocrx_word' id='word_1_829' title='bbox 2131 4471 2181 4515; x_wconf 86' lang='lat' dir='ltr'><strong>et</strong></span> <span class='ocrx_word' id='word_1_830' title='bbox 2203 4464 2482 4534; x_wconf 86' lang='lat' dir='ltr'><strong>requiescet</strong></span> <span class='ocrx_word' id='word_1_831' title='bbox 2509 4480 2663 4535; x_wconf 87' lang='lat' dir='ltr'><strong>super</strong></span> <span class='ocrx_word' id='word_1_832' title='bbox 2691 4481 2806 4519; x_wconf 87' lang='lat' dir='ltr'><strong>eum</strong></span> <span class='ocrx_word' id='word_1_833' title='bbox 2827 4465 3055 4535; x_wconf 87' lang='lat' dir='ltr'><strong>Spiritus</strong></span> <span class='ocrx_word' id='word_1_834' title='bbox 3077 4465 3309 4532; x_wconf 87' lang='lat' dir='ltr'><strong>Domini,</strong></span> <span class='ocrx_word' id='word_1_835' title='bbox 3327 4467 3460 4536; x_wconf 83' lang='lat' dir='ltr'><strong>Spi-</strong></span> 
     </span>
    </p>
   </div>
   <div class='ocr_carea' id='block_1_101' title="bbox 1853 4554 3457 4632">
    <p class='ocr_par' dir='ltr' id='par_1_101' title="bbox 1853 4554 3457 4632">
     <span class='ocr_line' id='line_1_101' title="bbox 1853 4554 3457 4632; baseline 0.005 -26"><span class='ocrx_word' id='word_1_836' title='bbox 1853 4554 1985 4606; x_wconf 87' lang='lat' dir='ltr'><strong>ritus</strong></span> <span class='ocrx_word' id='word_1_837' title='bbox 2012 4555 2285 4624; x_wconf 76' lang='lat' dir='ltr'><strong>supienlite</strong></span> <span class='ocrx_word' id='word_1_838' title='bbox 2303 4564 2351 4609; x_wconf 90' lang='lat' dir='ltr'><strong>et</strong></span> <span class='ocrx_word' id='word_1_839' title='bbox 2371 4556 2681 4625; x_wconf 83' lang='lat' dir='ltr'><strong>intellectus,</strong></span> <span class='ocrx_word' id='word_1_840' title='bbox 2731 4557 2960 4628; x_wconf 87' lang='lat' dir='ltr'><strong>Spiritus</strong></span> <span class='ocrx_word' id='word_1_841' title='bbox 2990 4560 3191 4614; x_wconf 84' lang='lat' dir='ltr'><strong>consilii</strong></span> <span class='ocrx_word' id='word_1_842' title='bbox 3219 4569 3270 4614; x_wconf 86' lang='lat' dir='ltr'><strong>et</strong></span> <span class='ocrx_word' id='word_1_843' title='bbox 3297 4561 3457 4632; x_wconf 74' lang='lat' dir='ltr'><strong>forti-</strong></span> 
     </span>
    </p>
   </div>
   <div class='ocr_carea' id='block_1_102' title="bbox 1855 4637 3452 4722">
    <p class='ocr_par' dir='ltr' id='par_1_102' title="bbox 1855 4637 3452 4722">
     <span class='ocr_line' id='line_1_102' title="bbox 1855 4637 3452 4722; baseline 0.004 -22"><span class='ocrx_word' id='word_1_844' title='bbox 1855 4637 2070 4712; x_wconf 79' lang='lat' dir='ltr'><strong>tudinis,</strong></span> <span class='ocrx_word' id='word_1_845' title='bbox 2104 4645 2333 4715; x_wconf 89' lang='lat' dir='ltr'><strong>Spiritus</strong></span> <span class='ocrx_word' id='word_1_846' title='bbox 2374 4648 2602 4703; x_wconf 77' lang='lat' dir='ltr'><strong>scientia:</strong></span> <span class='ocrx_word' id='word_1_847' title='bbox 2652 4657 2702 4701; x_wconf 88' lang='lat' dir='ltr'><strong>et</strong></span> <span class='ocrx_word' id='word_1_848' title='bbox 2743 4651 2971 4716; x_wconf 87' lang='lat' dir='ltr'><strong>pietatis,</strong></span> <span class='ocrx_word' id='word_1_849' title='bbox 3001 4658 3051 4704; x_wconf 92' lang='lat' dir='ltr'><strong>et</strong></span> <span class='ocrx_word' id='word_1_850' title='bbox 3079 4650 3296 4722; x_wconf 79' lang='lat' dir='ltr'><strong>replebit</strong></span> <span class='ocrx_word' id='word_1_851' title='bbox 3332 4667 3452 4706; x_wconf 82' lang='lat' dir='ltr'><strong>eum</strong></span> 
     </span>
    </p>
   </div>
   <div class='ocr_carea' id='block_1_103' title="bbox 1857 4733 3456 4813">
    <p class='ocr_par' dir='ltr' id='par_1_103' title="bbox 1857 4733 3456 4813">
     <span class='ocr_line' id='line_1_103' title="bbox 1857 4733 3456 4813; baseline 0.003 -21"><span class='ocrx_word' id='word_1_852' title='bbox 1857 4733 2092 4806; x_wconf 86' lang='lat' dir='ltr'><strong>Spiritus</strong></span> <span class='ocrx_word' id='word_1_853' title='bbox 2141 4737 2340 4792; x_wconf 85' lang='lat' dir='ltr'><strong>timoris</strong></span> <span class='ocrx_word' id='word_1_854' title='bbox 2386 4736 2602 4792; x_wconf 88' lang='lat' dir='ltr'><strong>Domini</strong></span> <span class='ocrx_word' id='word_1_855' title='bbox 2631 4737 2789 4807; x_wconf 89' lang='lat' dir='ltr'><strong>(Isai.</strong></span> <span class='ocrx_word' id='word_1_856' title='bbox 2817 4739 2994 4813; x_wconf 53' lang='lat' dir='ltr'><strong>xui).</strong></span> <span class='ocrx_word' id='word_1_857' title='bbox 3043 4743 3268 4812; x_wconf 90' lang='lat' dir='ltr'><strong>Accepit</strong></span> <span class='ocrx_word' id='word_1_858' title='bbox 3317 4756 3456 4812; x_wconf 83' lang='lat' dir='ltr'><strong>ergo</strong></span> 
     </span>
    </p>
   </div>
   <div class='ocr_carea' id='block_1_104' title="bbox 1856 4826 3444 4904">
    <p class='ocr_par' dir='ltr' id='par_1_104' title="bbox 1856 4826 3444 4904">
     <span class='ocr_line' id='line_1_104' title="bbox 1856 4826 3444 4904; baseline 0.004 -22"><span class='ocrx_word' id='word_1_859' title='bbox 1856 4826 2103 4883; x_wconf 91' lang='lat' dir='ltr'><strong>Christus</strong></span> <span class='ocrx_word' id='word_1_860' title='bbox 2148 4826 2428 4897; x_wconf 88' lang='lat' dir='ltr'><strong>Spiritum,</strong></span> <span class='ocrx_word' id='word_1_861' title='bbox 2473 4829 2570 4886; x_wconf 88' lang='lat' dir='ltr'><strong>sed</strong></span> <span class='ocrx_word' id='word_1_862' title='bbox 2599 4845 2708 4885; x_wconf 93' lang='lat' dir='ltr'><strong>non</strong></span> <span class='ocrx_word' id='word_1_863' title='bbox 2751 4830 2820 4886; x_wconf 91' lang='lat' dir='ltr'><strong>ad</strong></span> <span class='ocrx_word' id='word_1_864' title='bbox 2867 4846 3175 4887; x_wconf 89' lang='lat' dir='ltr'><strong>mensuram</strong></span> <span class='ocrx_word' id='word_1_865' title='bbox 3216 4832 3444 4904; x_wconf 86' lang='lat' dir='ltr'><strong>accepit.</strong></span> 
     </span>
    </p>
   </div>
   <div class='ocr_carea' id='block_1_105' title="bbox 1856 4920 3454 4990">
    <p class='ocr_par' dir='ltr' id='par_1_105' title="bbox 1856 4920 3454 4990">
     <span class='ocr_line' id='line_1_105' title="bbox 1856 4920 3454 4990; baseline 0.004 -14"><span class='ocrx_word' id='word_1_866' title='bbox 1856 4920 2013 4990; x_wconf 85' lang='lat' dir='ltr'><strong>Quod</strong></span> <span class='ocrx_word' id='word_1_867' title='bbox 2037 4922 2082 4977; x_wconf 92' lang='lat' dir='ltr'><strong>si</strong></span> <span class='ocrx_word' id='word_1_868' title='bbox 2103 4923 2297 4977; x_wconf 76' lang='lat' dir='ltr'><strong>animae</strong></span> <span class='ocrx_word' id='word_1_869' title='bbox 2319 4923 2520 4980; x_wconf 90' lang='lat' dir='ltr'><strong>Christi</strong></span> <span class='ocrx_word' id='word_1_870' title='bbox 2550 4939 2659 4980; x_wconf 92' lang='lat' dir='ltr'><strong>non</strong></span> <span class='ocrx_word' id='word_1_871' title='bbox 2686 4923 2752 4979; x_wconf 91' lang='lat' dir='ltr'><strong>ad</strong></span> <span class='ocrx_word' id='word_1_872' title='bbox 2782 4939 3087 4981; x_wconf 90' lang='lat' dir='ltr'><strong>mensuram</strong></span> <span class='ocrx_word' id='word_1_873' title='bbox 3116 4924 3266 4981; x_wconf 89' lang='lat' dir='ltr'><strong>dedit</strong></span> <span class='ocrx_word' id='word_1_874' title='bbox 3302 4925 3454 4982; x_wconf 80' lang='lat' dir='ltr'><strong>Deus</strong></span> 
     </span>
    </p>
   </div>
   <div class='ocr_carea' id='block_1_106' title="bbox 1857 5012 3456 5092">
    <p class='ocr_par' dir='ltr' id='par_1_106' title="bbox 1857 5012 3456 5092">
     <span class='ocr_line' id='line_1_106' title="bbox 1857 5012 3456 5092; baseline 0.004 -24"><span class='ocrx_word' id='word_1_875' title='bbox 1857 5012 2138 5084; x_wconf 92' lang='lat' dir='ltr'><strong>Spiritum,</strong></span> <span class='ocrx_word' id='word_1_876' title='bbox 2188 5030 2411 5072; x_wconf 89' lang='lat' dir='ltr'><strong>necesse</strong></span> <span class='ocrx_word' id='word_1_877' title='bbox 2439 5023 2524 5072; x_wconf 90' lang='lat' dir='ltr'><strong>est</strong></span> <span class='ocrx_word' id='word_1_878' title='bbox 2554 5025 2612 5071; x_wconf 89' lang='lat' dir='ltr'><strong>ut</strong></span> <span class='ocrx_word' id='word_1_879' title='bbox 2639 5015 2772 5078; x_wconf 91' lang='lat' dir='ltr'><strong>nihil</strong></span> <span class='ocrx_word' id='word_1_880' title='bbox 2798 5017 2976 5072; x_wconf 90' lang='lat' dir='ltr'><strong>minus</strong></span> <span class='ocrx_word' id='word_1_881' title='bbox 3004 5016 3203 5073; x_wconf 89' lang='lat' dir='ltr'><strong>habeat</strong></span> <span class='ocrx_word' id='word_1_882' title='bbox 3230 5018 3456 5092; x_wconf 62' lang='lat' dir='ltr'><strong>sapienv</strong></span> 
     </span>
    </p>
   </div>
   <div class='ocr_carea' id='block_1_107' title="bbox 1857 5107 3500 5188">
    <p class='ocr_par' dir='ltr' id='par_1_107' title="bbox 1857 5107 3500 5188">
     <span class='ocr_line' id='line_1_107' title="bbox 1857 5107 3500 5188; baseline 0.003 -26"><span class='ocrx_word' id='word_1_883' title='bbox 1857 5107 1964 5173; x_wconf 65' lang='lat' dir='ltr'><strong>tiae,</strong></span> <span class='ocrx_word' id='word_1_884' title='bbox 1999 5108 2130 5163; x_wconf 93' lang='lat' dir='ltr'><strong>nihil</strong></span> <span class='ocrx_word' id='word_1_885' title='bbox 2156 5109 2394 5166; x_wconf 68' lang='lat' dir='ltr'><strong>scientia:</strong></span> <span class='ocrx_word' id='word_1_886' title='bbox 2423 5128 2438 5164; x_wconf 88' lang='lat'><strong>:</strong></span> <span class='ocrx_word' id='word_1_887' title='bbox 2469 5109 2702 5182; x_wconf 90' lang='lat' dir='ltr'><strong>Spiritus</strong></span> <span class='ocrx_word' id='word_1_888' title='bbox 2737 5110 2882 5166; x_wconf 90' lang='lat' dir='ltr'><strong>enim</strong></span> <span class='ocrx_word' id='word_1_889' title='bbox 2925 5111 3035 5177; x_wconf 93' lang='lat' dir='ltr'><strong>ille,</strong></span> <span class='ocrx_word' id='word_1_890' title='bbox 3087 5110 3320 5183; x_wconf 89' lang='lat' dir='ltr'><strong>Spiritus</strong></span> <span class='ocrx_word' id='word_1_891' title='bbox 3362 5121 3449 5169; x_wconf 89' lang='lat' dir='ltr'><strong>est</strong></span> <span class='ocrx_word' id='word_1_892' title='bbox 3484 5175 3500 5188; x_wconf 28' lang='grc' dir='ltr'><strong><em>ι,</em></strong></span> 
     </span>
    </p>
   </div>
   <div class='ocr_carea' id='block_1_108' title="bbox 1856 5201 3495 5272">
    <p class='ocr_par' dir='ltr' id='par_1_108' title="bbox 1856 5201 3495 5272">
     <span class='ocr_line' id='line_1_108' title="bbox 1856 5201 3495 5272; baseline 0.002 -16"><span class='ocrx_word' id='word_1_893' title='bbox 1856 5201 2133 5271; x_wconf 59' lang='lat' dir='ltr'><strong>sapientia:</strong></span> <span class='ocrx_word' id='word_1_894' title='bbox 2162 5211 2219 5258; x_wconf 91' lang='lat' dir='ltr'><strong>et</strong></span> <span class='ocrx_word' id='word_1_895' title='bbox 2245 5203 2572 5272; x_wconf 88' lang='lat' dir='ltr'><strong>intellectus,</strong></span> <span class='ocrx_word' id='word_1_896' title='bbox 2589 5203 2798 5260; x_wconf 86' lang='lat' dir='ltr'><strong>consilii</strong></span> <span class='ocrx_word' id='word_1_897' title='bbox 2821 5211 2878 5260; x_wconf 87' lang='lat' dir='ltr'><strong>et</strong></span> <span class='ocrx_word' id='word_1_898' title='bbox 2899 5202 3245 5270; x_wconf 79' lang='lat' dir='ltr'><strong>fortitudinis,</strong></span> <span class='ocrx_word' id='word_1_899' title='bbox 3271 5206 3448 5262; x_wconf 85' lang='lat' dir='ltr'><strong>scien-</strong></span> <span class='ocrx_word' id='word_1_900' title='bbox 3487 5222 3495 5229; x_wconf 91' lang='grc'><strong>·</strong></span> 
     </span>
    </p>
   </div>
   <div class='ocr_carea' id='block_1_109' title="bbox 1856 5294 3446 5367">
    <p class='ocr_par' dir='ltr' id='par_1_109' title="bbox 1856 5294 3446 5367">
     <span class='ocr_line' id='line_1_109' title="bbox 1856 5294 3446 5367; baseline 0.003 -19"><span class='ocrx_word' id='word_1_901' title='bbox 1856 5294 1944 5348; x_wconf 75' lang='lat' dir='ltr'><strong>tia:</strong></span> <span class='ocrx_word' id='word_1_902' title='bbox 1963 5303 2019 5350; x_wconf 90' lang='lat' dir='ltr'><strong>et</strong></span> <span class='ocrx_word' id='word_1_903' title='bbox 2041 5295 2278 5365; x_wconf 89' lang='lat' dir='ltr'><strong>pietatis.</strong></span> <span class='ocrx_word' id='word_1_904' title='bbox 2311 5296 2388 5352; x_wconf 87' lang='lat' dir='ltr'><strong>Ac</strong></span> <span class='ocrx_word' id='word_1_905' title='bbox 2417 5311 2513 5367; x_wconf 92' lang='lat' dir='ltr'><strong>per</strong></span> <span class='ocrx_word' id='word_1_906' title='bbox 2539 5297 2664 5361; x_wconf 92' lang='lat' dir='ltr'><strong>hoc,</strong></span> <span class='ocrx_word' id='word_1_907' title='bbox 2686 5311 2795 5352; x_wconf 90' lang='lat' dir='ltr'><strong>non</strong></span> <span class='ocrx_word' id='word_1_908' title='bbox 2821 5297 2993 5354; x_wconf 89' lang='lat' dir='ltr'><strong>solum</strong></span> <span class='ocrx_word' id='word_1_909' title='bbox 3021 5296 3089 5352; x_wconf 90' lang='lat' dir='ltr'><strong>ad</strong></span> <span class='ocrx_word' id='word_1_910' title='bbox 3107 5297 3446 5355; x_wconf 87' lang='lat' dir='ltr'><strong>divinitatem</strong></span> 
     </span>
    </p>
   </div>
   <div class='ocr_carea' id='block_1_110' title="bbox 178 5385 1747 5460">
    <p class='ocr_par' dir='ltr' id='par_1_110' title="bbox 178 5385 1747 5460">
     <span class='ocr_line' id='line_1_110' title="bbox 178 5385 1747 5460; baseline 0.002 -21"><span class='ocrx_word' id='word_1_911' title='bbox 178 5393 340 5440; x_wconf 69' lang='lat' dir='ltr'><strong>suram</strong></span> <span class='ocrx_word' id='word_1_912' title='bbox 363 5388 622 5460; x_wconf 86' lang='lat' dir='ltr'><strong>Spiritum</strong></span> <span class='ocrx_word' id='word_1_913' title='bbox 651 5387 786 5442; x_wconf 89' lang='lat' dir='ltr'><strong>dari.</strong></span> <span class='ocrx_word' id='word_1_914' title='bbox 819 5385 973 5454; x_wconf 82' lang='lat' dir='ltr'><strong>Quod</strong></span> <span class='ocrx_word' id='word_1_915' title='bbox 1003 5387 1190 5456; x_wconf 91' lang='lat' dir='ltr'><strong>utique</strong></span> <span class='ocrx_word' id='word_1_916' title='bbox 1216 5385 1339 5441; x_wconf 88' lang='lat' dir='ltr'><strong>ideo</strong></span> <span class='ocrx_word' id='word_1_917' title='bbox 1367 5385 1525 5452; x_wconf 83' lang='lat' dir='ltr'><strong>dixit,</strong></span> <span class='ocrx_word' id='word_1_918' title='bbox 1557 5394 1618 5440; x_wconf 90' lang='lat' dir='ltr'><strong>ut</strong></span> <span class='ocrx_word' id='word_1_919' title='bbox 1643 5386 1747 5442; x_wconf 89' lang='lat' dir='ltr'><strong>hoc</strong></span> 
     </span>
    </p>
   </div>
   <div class='ocr_carea' id='block_1_111' title="bbox 176 5479 1745 5547">
    <p class='ocr_par' dir='ltr' id='par_1_111' title="bbox 176 5479 1745 5547">
     <span class='ocr_line' id='line_1_111' title="bbox 176 5479 1745 5547; baseline 0.004 -17"><span class='ocrx_word' id='word_1_920' title='bbox 176 5491 232 5530; x_wconf 88' lang='lat' dir='ltr'><strong>se</strong></span> <span class='ocrx_word' id='word_1_921' title='bbox 259 5495 352 5534; x_wconf 92' lang='lat' dir='ltr'><strong>non</strong></span> <span class='ocrx_word' id='word_1_922' title='bbox 378 5482 445 5538; x_wconf 90' lang='lat' dir='ltr'><strong>de</strong></span> <span class='ocrx_word' id='word_1_923' title='bbox 474 5481 776 5547; x_wconf 87' lang='lat' dir='ltr'><strong>divinitate,</strong></span> <span class='ocrx_word' id='word_1_924' title='bbox 808 5481 903 5537; x_wconf 86' lang='lat' dir='ltr'><strong>sed</strong></span> <span class='ocrx_word' id='word_1_925' title='bbox 933 5480 1001 5536; x_wconf 91' lang='lat' dir='ltr'><strong>de</strong></span> <span class='ocrx_word' id='word_1_926' title='bbox 1030 5479 1366 5535; x_wconf 86' lang='lat' dir='ltr'><strong>humanitate</strong></span> <span class='ocrx_word' id='word_1_927' title='bbox 1393 5479 1594 5535; x_wconf 90' lang='lat' dir='ltr'><strong>Christi</strong></span> <span class='ocrx_word' id='word_1_928' title='bbox 1617 5495 1745 5536; x_wconf 89' lang='lat' dir='ltr'><strong>sen-</strong></span> 
     </span>
    </p>
   </div>
   <div class='ocr_carea' id='block_1_112' title="bbox 176 5574 1751 5641">
    <p class='ocr_par' dir='ltr' id='par_1_112' title="bbox 176 5574 1751 5641">
     <span class='ocr_line' id='line_1_112' title="bbox 176 5574 1751 5641; baseline 0.005 -17"><span class='ocrx_word' id='word_1_929' title='bbox 176 5574 296 5631; x_wconf 81' lang='lat' dir='ltr'><strong>sisse</strong></span> <span class='ocrx_word' id='word_1_930' title='bbox 331 5586 680 5641; x_wconf 88' lang='lat' dir='ltr'><strong>monstraret,</strong></span> <span class='ocrx_word' id='word_1_931' title='bbox 709 5577 796 5634; x_wconf 92' lang='lat' dir='ltr'><strong>cui</strong></span> <span class='ocrx_word' id='word_1_932' title='bbox 836 5593 946 5633; x_wconf 91' lang='lat' dir='ltr'><strong>non</strong></span> <span class='ocrx_word' id='word_1_933' title='bbox 984 5577 1052 5632; x_wconf 90' lang='lat' dir='ltr'><strong>ad</strong></span> <span class='ocrx_word' id='word_1_934' title='bbox 1095 5592 1404 5633; x_wconf 87' lang='lat' dir='ltr'><strong>mensuram</strong></span> <span class='ocrx_word' id='word_1_935' title='bbox 1433 5575 1582 5631; x_wconf 91' lang='lat' dir='ltr'><strong>dedit</strong></span> <span class='ocrx_word' id='word_1_936' title='bbox 1607 5575 1751 5632; x_wconf 90' lang='lat' dir='ltr'><strong>Deus</strong></span> 
     </span>
    </p>
   </div>
   <div class='ocr_carea' id='block_1_113' title="bbox 1855 5387 3488 5462">
    <p class='ocr_par' dir='ltr' id='par_1_113' title="bbox 1855 5387 3488 5462">
     <span class='ocr_line' id='line_1_113' title="bbox 1855 5387 3488 5462; baseline 0.002 -19"><span class='ocrx_word' id='word_1_937' title='bbox 1855 5387 2078 5455; x_wconf 90' lang='lat' dir='ltr'><strong>Christi,</strong></span> <span class='ocrx_word' id='word_1_938' title='bbox 2101 5388 2198 5445; x_wconf 91' lang='lat' dir='ltr'><strong>sed</strong></span> <span class='ocrx_word' id='word_1_939' title='bbox 2228 5388 2296 5444; x_wconf 89' lang='lat' dir='ltr'><strong>ad</strong></span> <span class='ocrx_word' id='word_1_940' title='bbox 2324 5389 2442 5459; x_wconf 87' lang='lat' dir='ltr'><strong>ejus</strong></span> <span class='ocrx_word' id='word_1_941' title='bbox 2470 5404 2686 5460; x_wconf 91' lang='lat' dir='ltr'><strong>quoque</strong></span> <span class='ocrx_word' id='word_1_942' title='bbox 2717 5390 2952 5445; x_wconf 88' lang='lat' dir='ltr'><strong>animam</strong></span> <span class='ocrx_word' id='word_1_943' title='bbox 2981 5390 3071 5445; x_wconf 87' lang='lat' dir='ltr'><strong>illa</strong></span> <span class='ocrx_word' id='word_1_944' title='bbox 3097 5390 3453 5462; x_wconf 83' lang='lat' dir='ltr'><strong>perfectionis</strong></span> <span class='ocrx_word' id='word_1_945' title='bbox 3481 5399 3488 5462; x_wconf 71' lang='grc' dir='ltr'>ξ</span> 
     </span>
    </p>
   </div>
   <div class='ocr_carea' id='block_1_114' title="bbox 1855 5452 3492 5552">
    <p class='ocr_par' dir='ltr' id='par_1_114' title="bbox 1855 5452 3492 5552">
     <span class='ocr_line' id='line_1_114' title="bbox 1855 5452 3492 5552; baseline -0.001 -16"><span class='ocrx_word' id='word_1_946' title='bbox 1855 5452 2209 5551; x_wconf 61' lang='lat' dir='ltr'><strong>praerogativa</strong></span> <span class='ocrx_word' id='word_1_947' title='bbox 2238 5452 2504 5552; x_wconf 62' lang='lat' dir='ltr'><strong>pertinet,</strong></span> <span class='ocrx_word' id='word_1_948' title='bbox 2525 5452 2686 5550; x_wconf 71' lang='lat' dir='ltr'><strong>quam</strong></span> <span class='ocrx_word' id='word_1_949' title='bbox 2716 5481 2818 5552; x_wconf 86' lang='lat' dir='ltr'><strong>ipsi</strong></span> <span class='ocrx_word' id='word_1_950' title='bbox 2840 5481 3056 5538; x_wconf 92' lang='lat' dir='ltr'><strong>Christo</strong></span> <span class='ocrx_word' id='word_1_951' title='bbox 3085 5452 3275 5538; x_wconf 78' lang='lat' dir='ltr'><strong>beatus</strong></span> <span class='ocrx_word' id='word_1_952' title='bbox 3314 5452 3492 5537; x_wconf 62' lang='lat' dir='ltr'><strong>assi-i</strong></span> 
     </span>
    </p>
   </div>
   <div class='ocr_carea' id='block_1_115' title="bbox 1852 5561 3480 5652">
    <p class='ocr_par' dir='ltr' id='par_1_115' title="bbox 1852 5561 3480 5652">
     <span class='ocr_line' id='line_1_115' title="bbox 1852 5561 3480 5652; baseline -0.001 -20"><span class='ocrx_word' id='word_1_953' title='bbox 1852 5585 1982 5648; x_wconf 89' lang='lat' dir='ltr'><strong>gnat</strong></span> <span class='ocrx_word' id='word_1_954' title='bbox 2021 5577 2334 5649; x_wconf 86' lang='lat' dir='ltr'><strong>Apostolus,</strong></span> <span class='ocrx_word' id='word_1_955' title='bbox 2385 5577 2606 5634; x_wconf 88' lang='lat' dir='ltr'><strong>dicens:</strong></span> <span class='ocrx_word' id='word_1_956' title='bbox 2639 5576 2707 5633; x_wconf 84' lang='lat' dir='ltr'><strong>In</strong></span> <span class='ocrx_word' id='word_1_957' title='bbox 2733 5595 2832 5652; x_wconf 86' lang='lat' dir='ltr'><strong>quo</strong></span> <span class='ocrx_word' id='word_1_958' title='bbox 2857 5587 2978 5632; x_wconf 86' lang='lat' dir='ltr'><strong>sunt</strong></span> <span class='ocrx_word' id='word_1_959' title='bbox 3009 5595 3185 5633; x_wconf 87' lang='lat' dir='ltr'><strong>omnes</strong></span> <span class='ocrx_word' id='word_1_960' title='bbox 3217 5561 3480 5632; x_wconf 45' lang='lat' dir='ltr'><strong>thesauri:</strong></span> 
     </span>
    </p>
   </div>
   <div class='ocr_carea' id='block_1_116' title="bbox 194 5669 1750 5742">
    <p class='ocr_par' dir='ltr' id='par_1_116' title="bbox 194 5669 1750 5742">
     <span class='ocr_line' id='line_1_116' title="bbox 194 5669 1750 5742; baseline 0.004 -22"><span class='ocrx_word' id='word_1_961' title='bbox 194 5669 446 5741; x_wconf 67' lang='lat' dir='ltr'><strong>:piritum,</strong></span> <span class='ocrx_word' id='word_1_962' title='bbox 496 5689 620 5731; x_wconf 89' lang='lat' dir='ltr'><strong>cum</strong></span> <span class='ocrx_word' id='word_1_963' title='bbox 678 5672 966 5742; x_wconf 90' lang='lat' dir='ltr'><strong>unicuique</strong></span> <span class='ocrx_word' id='word_1_964' title='bbox 1018 5671 1135 5727; x_wconf 87' lang='lat' dir='ltr'><strong>dari</strong></span> <span class='ocrx_word' id='word_1_965' title='bbox 1181 5671 1410 5741; x_wconf 84' lang='lat' dir='ltr'><strong>gratiam</strong></span> <span class='ocrx_word' id='word_1_966' title='bbox 1455 5669 1750 5727; x_wconf 88' lang='lat' dir='ltr'><strong>secundum</strong></span> 
     </span>
    </p>
   </div>
   <div class='ocr_carea' id='block_1_117' title="bbox 178 5759 1752 5844">
    <p class='ocr_par' dir='ltr' id='par_1_117' title="bbox 178 5759 1752 5844">
     <span class='ocr_line' id='line_1_117' title="bbox 178 5759 1752 5844; baseline -0.002 -23"><span class='ocrx_word' id='word_1_967' title='bbox 178 5759 321 5836; x_wconf 68' lang='lat'><strong>252</strong></span> <span class='ocrx_word' id='word_1_968' title='bbox 346 5781 654 5822; x_wconf 90' lang='lat' dir='ltr'><strong>mensuram</strong></span> <span class='ocrx_word' id='word_1_969' title='bbox 695 5763 1003 5822; x_wconf 88' lang='lat' dir='ltr'><strong>donationis</strong></span> <span class='ocrx_word' id='word_1_970' title='bbox 1039 5761 1238 5818; x_wconf 90' lang='lat' dir='ltr'><strong>Christi</strong></span> <span class='ocrx_word' id='word_1_971' title='bbox 1270 5770 1496 5818; x_wconf 88' lang='lat' dir='ltr'><strong>testetur</strong></span> <span class='ocrx_word' id='word_1_972' title='bbox 1515 5762 1752 5844; x_wconf 65' lang='lat' dir='ltr'><strong>Aposto-</strong></span> 
     </span>
    </p>
   </div>
   <div class='ocr_carea' id='block_1_118' title="bbox 1852 5670 3444 5746">
    <p class='ocr_par' dir='ltr' id='par_1_118' title="bbox 1852 5670 3444 5746">
     <span class='ocr_line' id='line_1_118' title="bbox 1852 5670 3444 5746; baseline -0.001 -20"><span class='ocrx_word' id='word_1_973' title='bbox 1852 5673 2124 5743; x_wconf 77' lang='lat' dir='ltr'><strong>sopientia:</strong></span> <span class='ocrx_word' id='word_1_974' title='bbox 2168 5682 2218 5728; x_wconf 89' lang='lat' dir='ltr'><strong>et</strong></span> <span class='ocrx_word' id='word_1_975' title='bbox 2265 5674 2497 5730; x_wconf 83' lang='lat' dir='ltr'><strong>scientia:</strong></span> <span class='ocrx_word' id='word_1_976' title='bbox 2548 5671 2836 5727; x_wconf 81' lang='lat' dir='ltr'><strong>absconditi</strong></span> <span class='ocrx_word' id='word_1_977' title='bbox 2881 5670 3116 5745; x_wconf 86' lang='lat' dir='ltr'><strong>(Coloss.</strong></span> <span class='ocrx_word' id='word_1_978' title='bbox 3162 5688 3220 5746; x_wconf 83' lang='grc' dir='ltr'><strong>ιι,</strong></span> <span class='ocrx_word' id='word_1_979' title='bbox 3250 5671 3343 5743; x_wconf 77' lang='lat'><strong>&#39;5).</strong></span> <span class='ocrx_word' id='word_1_980' title='bbox 3387 5670 3444 5726; x_wconf 89' lang='lat' dir='ltr'><strong>Si</strong></span> 
     </span>
    </p>
   </div>
   <div class='ocr_carea' id='block_1_119' title="bbox 1854 5765 3454 5838">
    <p class='ocr_par' dir='ltr' id='par_1_119' title="bbox 1854 5765 3454 5838">
     <span class='ocr_line' id='line_1_119' title="bbox 1854 5765 3454 5838; baseline -0.001 -18"><span class='ocrx_word' id='word_1_981' title='bbox 1854 5765 2000 5821; x_wconf 90' lang='lat' dir='ltr'><strong>enim</strong></span> <span class='ocrx_word' id='word_1_982' title='bbox 2033 5782 2141 5821; x_wconf 92' lang='lat' dir='ltr'><strong>non</strong></span> <span class='ocrx_word' id='word_1_983' title='bbox 2181 5767 2248 5821; x_wconf 91' lang='lat' dir='ltr'><strong>ad</strong></span> <span class='ocrx_word' id='word_1_984' title='bbox 2286 5781 2595 5822; x_wconf 88' lang='lat' dir='ltr'><strong>mensuram</strong></span> <span class='ocrx_word' id='word_1_985' title='bbox 2642 5765 2853 5836; x_wconf 85' lang='lat' dir='ltr'><strong>accepit</strong></span> <span class='ocrx_word' id='word_1_986' title='bbox 2879 5765 3137 5838; x_wconf 89' lang='lat' dir='ltr'><strong>Spiritum</strong></span> <span class='ocrx_word' id='word_1_987' title='bbox 3167 5765 3454 5838; x_wconf 64' lang='lat' dir='ltr'><strong>sapientius</strong></span> 
     </span>
    </p>
   </div>
   <div class='ocr_carea' id='block_1_120' title="bbox 180 5853 3454 5933">
    <p class='ocr_par' dir='ltr' id='par_1_120' title="bbox 180 5853 3454 5933">
     <span class='ocr_line' id='line_1_120' title="bbox 180 5853 3454 5933; baseline 0.004 -29"><span class='ocrx_word' id='word_1_988' title='bbox 180 5859 267 5909; x_wconf 82' lang='lat' dir='ltr'><strong>tus.</strong></span> <span class='ocrx_word' id='word_1_989' title='bbox 290 5858 462 5927; x_wconf 86' lang='lat' dir='ltr'><strong>Quare</strong></span> <span class='ocrx_word' id='word_1_990' title='bbox 491 5880 621 5933; x_wconf 78' lang='lat' dir='ltr'><strong>ergo</strong></span> <span class='ocrx_word' id='word_1_991' title='bbox 643 5868 833 5925; x_wconf 74' lang='lat' dir='ltr'><strong>beatus</strong></span> <span class='ocrx_word' id='word_1_992' title='bbox 862 5856 1189 5928; x_wconf 86' lang='lat' dir='ltr'><strong>Augustinus</strong></span> <span class='ocrx_word' id='word_1_993' title='bbox 1217 5871 1323 5911; x_wconf 92' lang='lat' dir='ltr'><strong>non</strong></span> <span class='ocrx_word' id='word_1_994' title='bbox 1350 5854 1484 5911; x_wconf 83' lang='lat' dir='ltr'><strong>dixit</strong></span> <span class='ocrx_word' id='word_1_995' title='bbox 1517 5853 1746 5912; x_wconf 83' lang='lat' dir='ltr'><strong>homini-</strong></span> <span class='ocrx_word' id='word_1_996' title='bbox 1851 5867 1906 5917; x_wconf 88' lang='lat' dir='ltr'><strong>et</strong></span> <span class='ocrx_word' id='word_1_997' title='bbox 1929 5860 2422 5921; x_wconf 65' lang='lat' dir='ltr'><strong>scientiamueocsse</strong></span> <span class='ocrx_word' id='word_1_998' title='bbox 2449 5867 2530 5917; x_wconf 83' lang='lat' dir='ltr'><strong>est</strong></span> <span class='ocrx_word' id='word_1_999' title='bbox 2551 5867 2608 5917; x_wconf 90' lang='lat' dir='ltr'><strong>ut</strong></span> <span class='ocrx_word' id='word_1_1000' title='bbox 2637 5873 2826 5918; x_wconf 82' lang='lat' dir='ltr'><strong>omnes</strong></span> <span class='ocrx_word' id='word_1_1001' title='bbox 2854 5858 3139 5919; x_wconf 82' lang='lat' dir='ltr'><strong>thesauros</strong></span> <span class='ocrx_word' id='word_1_1002' title='bbox 3166 5857 3454 5931; x_wconf 62' lang='lat' dir='ltr'><strong>sapientia:</strong></span> 
     </span>
    </p>
   </div>
  </div>
