4066 6346
388 329 480 396 te:
1799 334 2124 416 EPISTOLA
2161 342 2270 407 XIV

3565 346 3674 416 492

392 454 535 510 aliud
557 468 715 508 nosse
741 451 888 524 quod
917 453 1236 511 naturaliter
1281 469 1390 511 non
1436 460 1538 511 est.
1591 455 1770 511 Oculis
1809 473 1974 528 porro
2003 463 2055 523 Α
2079 463 2264 530 gratiae
2285 469 2340 517 et
2359 462 2621 529 veritatis,
2647 471 2706 518 ut
2726 461 2866 520 sicut
2885 473 2969 520 est
2993 461 3046 520 in
3068 464 3346 524 divinitate
3369 465 3487 539 ejus
3508 439 3671 542 plena

390 545 762 618 corporali-bus
786 546 928 604 Deus
954 547 1177 618 spiritus
1214 563 1321 604 non
1361 545 1594 604 videtur.
1628 545 1781 604 Unde
1809 563 1976 619 quos-

388 639 514 697 dam
542 641 733 695 beatus
754 636 1102 710 Augustinus,
1129 641 1220 714 qui
1242 640 1349 697 hoc
1369 641 1658 697 voluerunt
1676 640 1743 696 de
1762 639 1976 698 Christo

387 731 634 798 credere,
655 730 799 801 quod
826 730 994 787 Deum
1027 728 1244 788 Patrem
1284 732 1454 788 oculis
1493 731 1864 803 corporalibus
1890 733 1976 789 vi-

383 822 534 892 deat,
582 823 638 877 in
685 822 914 893 epistola
941 837 1103 894 quam
1142 824 1210 879 ad
1246 822 1488 881 Italicam
1532 823 1747 893 scripsit
1777 821 1973 897 (Epist.

383 915 522 969 alias
556 909 626 981 6,
651 929 786 968 nunc
815 913 932 985 82),
959 913 1089 970 licet
1108 915 1258 970 brevi
1280 929 1553 981 sermone,
1582 912 1868 969 sumcienti
1888 923 1974 968 ta-

384 1021 512 1062 men
533 1005 888 1077 responsione
916 1007 1206 1063 convincit.
1240 1005 1356 1063 Hoc
1375 1005 1578 1062 habent
1607 1005 1805 1076 quippe
1833 1003 1974 1061 oculi

384 1098 649 1169 corporis,
676 1105 866 1155 utnon
894 1099 1068 1154 solum
1110 1105 1340 1170 corpora
1366 1097 1606 1166 videant,
1632 1097 1726 1154 sed
1765 1113 1864 1154 nec
1889 1097 1974 1151 vi-

363 1185 515 1245 dere
537 1190 766 1260 possint,
793 1191 838 1246 si
868 1187 1008 1246 inter
1037 1188 1183 1261 ipsos
1210 1199 1268 1247 et
1313 1203 1378 1246 ea
1421 1205 1542 1262 qua:
1568 1189 1770 1257 vident,
1815 1189 1975 1260 spatii

385 1284 702 1356 cujusquam
747 1283 925 1339 media
970 1282 1248 1338 intervalla
1297 1297 1405 1338 non
1452 1282 1671 1339 fuerint.
1717 1280 1846 1337 Inde
1892 1289 1977 1336 est

384 1377 530 1448 quod
561 1393 683 1433 cum
726 1376 831 1432 alia
878 1377 1107 1448 plurima
1134 1375 1377 1445 videant,
1417 1377 1623 1447 seipsos
1652 1375 1838 1430 videre
1862 1391 1971 1430 non

384 1458 632 1541 possunt,
661 1483 762 1525 nec
782 1468 967 1524 vident
995 1468 1049 1523 in
1069 1483 1147 1536 se,
1166 1483 1288 1525 cum
1308 1469 1525 1524 videant
1547 1477 1701 1524 extra
1725 1484 1783 1522 se
1809 1485 1823 1522 :
1846 1483 1974 1524 nam

383 1574 441 1620 et
465 1565 578 1634 ipsa
605 1563 748 1620 acies
773 1563 997 1619 visionis
1023 1563 1362 1630 obtunditur,
1393 1564 1438 1620 si
1462 1563 1664 1634 aliquid
1681 1563 1972 1618 videndum

385 1655 549 1728 255
595 1655 727 1726 ipsis
775 1655 948 1710 oculis
995 1653 1334 1725 adjungatur.
1373 1654 1628 1724 Quisquis
1663 1669 1790 1725 ergo
1820 1662 1976 1726 putat

383 1746 556 1802 Deum
583 1762 746 1818 posse
773 1747 946 1803 oculis
983 1747 1356 1818 moralibus
1404 1749 1575 1817 cerni,
1629 1748 1776 1818 prius
1805 1758 1890 1804 est
1913 1757 1975 1804 ut

2083 552 2430 610 humanitatis
2471 557 2739 627 acceptio,
2779 559 2857 613 sic
2896 557 2948 612 in
2989 557 3322 614 humanitate
3363 559 3480 630 ejus
3509 562 3668 632 plena

2081 644 2153 700 sit
2181 644 2472 702 divinitatis
2502 648 2721 717 agnitio.
2754 648 2865 706 Nec
2898 659 3202 706 metuamus
3227 666 3474 709 asserere
3522 656 3669 725 quod

2082 735 2282 795 Christi
2312 740 2488 795 anima
2514 749 2682 797 totam
2709 739 2967 798 deitatem
2994 758 3146 798 suam
3178 744 3348 812 novit,
3379 759 3450 801 ne
3475 761 3542 800 ex
3569 747 3673 804 hoc

2082 830 2312 902 dicatur,
2339 849 2458 890 cum
2484 834 2599 904 ipsa
2625 833 2828 892 deitate
2849 835 3008 891 unius
3024 851 3144 892 esse
3166 845 3398 905 naturae;
3422 853 3544 894 cum
3568 839 3673 894 uti-

2081 935 2187 992 que
2216 923 2260 977 si
2288 923 2392 979 hoc
2419 925 2757 981 ratiocinatio
2786 942 2913 981 vera
2954 926 3218 998 deposcit,
3252 935 3312 982 ut
3341 929 3395 984 in
3432 929 3670 1002 plenitu~-

2082 1011 2208 1068 dine
2235 1013 2553 1084 cognitionis
2601 1017 2856 1072 continuo
2895 1017 2967 1072 sit
3009 1019 3186 1074 unitas
3236 1019 3672 1091 naturalis;-ipse

2081 1103 2329 1174 primitus
2359 1105 2521 1172 Deus,
2568 1107 2695 1178 quia
2741 1110 2921 1164 omnia
2961 1124 3080 1182 qua:
3114 1108 3260 1176 fecit,
3287 1110 3447 1182 plene
3485 1112 3670 1183 utique

2081 1197 2253 1263 novit,
2286 1197 2402 1267 ejus
2431 1199 2641 1254 dicetur
2669 1215 2788 1255 esse
2817 1209 3045 1268 natum,
3077 1200 3231 1271 cujus
3258 1211 3385 1257 sunt
3422 1201 3512 1257 illa
3551 1218 3670 1275 quae

2079 1284 2206 1342 fecit
2250 1295 2302 1343 et
2333 1288 2501 1344 novit.
2536 1288 2692 1357 Quod
2721 1289 2813 1360 qui
2849 1290 3023 1346 credit
3059 1299 3154 1346 aut
3181 1293 3404 1359 asserit,
3435 1308 3543 1347 non
3574 1307 3669 1349 ca-

2079 1379 2280 1434 tholica
2301 1381 2532 1436 veritate
2557 1381 2830 1453 praeditus,
2862 1383 2956 1438 sed
2981 1382 3273 1440 Manichaea
3305 1384 3361 1439 lit
3390 1385 3670 1456 impietate

2080 1485 2377 1541 possessus.
2411 1465 2612 1528 Deinde
2640 1471 2770 1528 illud
2811 1481 2896 1528 est
2942 1473 3290 1530 nihilominus
3330 1475 3667 1545 intuendum,

2080 1561 2224 1632 quod
2246 1561 2360 1632 ipsa
2382 1559 2580 1629 Christi
2604 1563 2778 1618 anima
2807 1579 2874 1619 ex
2902 1573 3318 1642 quantacunque
3342 1575 3497 1636 parte
3524 1567 3671 1622 dica-

2080 1659 2169 1706 tur
2190 1651 2406 1707 deitatis
2449 1667 2560 1708 suae
2589 1653 2790 1708 habere
2816 1654 3086 1720 notitiam,
3129 1654 3312 1709 statim
3349 1653 3544 1710 dicitur
3573 1655 3668 1728 (at.

2081 1743 2311 1815 dicetur)
2344 1761 2412 1800 ex
2441 1753 2590 1800 tanta
2610 1755 2764 1817 parte
2791 1763 2950 1802 unam
2973 1748 3176 1804 habere
3200 1764 3325 1804 cum
3349 1764 3445 1804 sua
3470 1749 3672 1805 deitate

383 1849 510 1896 eum
536 1839 683 1896 dicat
709 1841 777 1896 ab
806 1839 938 1910 ipsis
959 1841 1134 1898 oculis
1175 1842 1447 1912 corporali
1488 1843 1666 1913 spatio
1686 1844 1927 1913 separari
1955 1861 1970 1898 :
2005 1850 2055 1912 Β
2080 1845 2360 1905 naturam;
2388 1838 2531 1909 quod
2561 1839 2746 1910 utique
2774 1853 2981 1909 magnae
3027 1839 3251 1896 insanite
3287 1850 3392 1898 est.
3435 1840 3569 1896 Nam
3615 1850 3673 1900 et

385 1932 629 2004 quisquis
655 1941 837 1988 autem
863 1933 980 1988 vult
1003 1947 1300 2003 agnoscere
1320 1933 1518 2005 quibus
1545 1936 1716 1990 oculis
1731 1935 1872 1991 Deus
1893 1935 1977 1990 vi-

386 2025 597 2094 deatur,
620 2025 794 2097 ipsum
833 2025 1004 2081 Deum
1033 2014 1236 2096 cogitet
1262 2027 1387 2096 quia
1407 2035 1462 2083 et
1483 2027 1765 2098 sapientia,
1799 2035 1855 2084 et
1875 2043 1973 2084 ve-

377 2117 540 2185 ritas,
565 2125 623 2173 et
649 2118 850 2173 caritas
890 2126 994 2174 est.
1037 2116 1305 2186 Quocirca
1335 2121 1530 2190 quibus
1559 2121 1732 2177 oculis
1760 2122 1975 2179 videtur

383 2209 669 2280 sapientia,
701 2210 900 2265 veritas
948 2218 1004 2266 et
1023 2212 1239 2279 caritas,
1271 2213 1400 2283 ipsis
1429 2213 1598 2269 oculis
1645 2213 1858 2270 videtur
1883 2215 1976 2271 illa

381 2299 619 2370 sapiens,
649 2315 778 2356 vera
807 2317 1046 2373 caraque
1071 2303 1344 2359 divinitas.
1364 2303 1481 2361 Non
1506 2306 1687 2375 itaque
1707 2308 1970 2378 corporis,

383 2390 481 2446 sed
510 2391 682 2447 oculis
703 2392 894 2448 animae
915 2393 1165 2450 humanm
1205 2395 1346 2451 Deus
1373 2412 1526 2451 suam
1552 2398 1822 2456 visionem.
1841 2414 1974 2468 pro-

383 2482 572 2548 mittit,
601 2498 764 2552 quam
809 2499 1063 2555 capacem
1093 2486 1390 2557 sapientiae,
1414 2489 1679 2556 veritatis,
1703 2491 1975 2547 caritatis-

383 2593 491 2652 que
517 2578 816 2634 constituit.
843 2577 1073 2650 Spiritus
1101 2594 1229 2648 ergo
1252 2582 1531 2638 rationalis
1561 2584 1768 2654 accepit
1787 2598 1818 2638 a
1838 2583 1974 2654 Deo,

385 2679 445 2724 ut
473 2670 653 2726 videat
678 2671 845 2726 Deum
874 2690 887 2725 :
921 2673 1132 2743 accepit
1155 2676 1342 2744 utique
1383 2691 1479 2746 per
1507 2677 1765 2746 gratiam;
1814 2694 1975 2748 quem

384 2760 482 2832 (αι.
515 2761 656 2833 qum)
694 2769 876 2816 tamen
904 2779 1010 2817 non
1041 2773 1192 2820 extra
1222 2781 1281 2821 se
1311 2775 1492 2838 potest
1533 2767 1733 2835 videre,
1780 2769 1875 2824 sed
1921 2769 1974 2824 in

382 2867 483 2918 se;
512 2851 654 2908 Deus
688 2854 833 2909 enim
861 2871 968 2911 non
997 2855 1119 2912 loco
1144 2859 1470 2926 continetur,
1503 2859 1600 2915 sed
1629 2857 1822 2932 affectu
1847 2877 1974 2933 per-

381 2945 601 3017 cipitur,
627 2955 684 3004 et
707 2947 827 3004 ideo
848 2948 903 3004 in
930 2965 1038 3019 quo
1061 2967 1170 3006 non
1183 2951 1407 3020 habitat,
1422 2968 1530 3010 non
1553 2956 1782 3012 videtur.
1807 2955 1974 3014 Multo

384 3039 530 3095 enim
559 3040 787 3096 interius
815 3041 1051 3099 animam
1097 3041 1362 3099 inhabitat
1400 3044 1563 3114 Deus,
1605 3063 1768 3119 quam
1795 3049 1975 3105 anima

384 3129 653 3186 inhabitat
681 3146 905 3203 corpus;
950 3133 1202 3203 quoniam
1246 3143 1462 3192 creator
1498 3139 1714 3210 spiritus
1753 3139 1841 3196 ille
1868 3147 1974 3207 est,

2079 1947 2180 1986 nos
2207 1946 2486 2002 speramus
2514 1943 2613 2003 per
2632 1931 2729 1988 Dei
2757 1932 2984 2002 gratiam
3003 1931 3216 1990 visuros
3237 1948 3358 1992 esse
3384 1932 3554 1990 Deum
3578 1949 3593 1988 :
3614 1932 3672 1996 in

2079 2034 2336 2097 quantum
2358 2033 2537 2081 autem
2564 2027 2793 2095 visuros,
2825 2028 2880 2083 in
2910 2035 3120 2084 tantum
3149 2030 3266 2086 sine
3293 2029 3458 2086 dubio
3485 2027 3673 2101 cogni-

2079 2125 2265 2185 turos;
2316 2119 2478 2191 256
2523 2119 2778 2189 quoniam
2828 2127 3116 2190 utrumque
3167 2122 3324 2179 nobis
3375 2121 3671 2193 apostolica

2080 2211 2424 2267 commendat
2447 2212 2765 2280 auctoritas,
2816 2228 2941 2268 nam
2973 2223 3031 2271 et
3057 2214 3246 2272 beatus
3273 2213 3562 2288 Apostolus
3589 2213 3673 2270 di-

2079 2302 2192 2358 cit:
2221 2300 2378 2357 Nunc
2408 2321 2661 2376 cognosco
2691 2306 2769 2360 ἐκ
2803 2313 2972 2375 parte,
3003 2315 3123 2362 tunc
3156 2315 3327 2363 autem
3362 2322 3672 2382 agnoscam

2080 2396 2212 2450 sicut
2241 2405 2304 2477 ¹ει
2349 2398 2587 2470 cognitus
2616 2413 2728 2451 sum
2772 2397 2824 2471 (Ι
2868 2396 2989 2452 Cor.
3037 2414 3152 2467 xm,
3186 2398 3308 2472 12);
3349 2408 3405 2456 et
3441 2399 3671 2456 dilectus

2079 2484 2276 2541 Christi
2304 2484 2542 2542 Joannes
2567 2485 2930 2544 indubitanter
2951 2490 3141 2544 asserit
3167 2507 3180 2542 :
3209 2487 3343 2554 Quia
3365 2506 3480 2544 cum
3502 2504 3669 2560 appa-

2079 2579 2258 2644 ruerit,
2292 2577 2487 2632 similes
2511 2578 2558 2631 ei
2584 2579 2807 2642 erimus,
2856 2581 3100 2650 quoniam
3160 2579 3253 2654 (al.
3286 2579 3357 2650 et)
3389 2578 3670 2635 videbimus

2073 2677 2193 2722 eum
2241 2667 2392 2722 sicuti
2437 2677 2514 2722 est
2556 2666 2610 2740 (Ι
2639 2667 2908 2733 ,Ιοαημιιῃ
2934 2667 3012 2741 2).
3042 2668 3192 2725 Visio
3221 2669 3402 2724 autem
3438 2669 3528 2724 illa
3557 2685 3668 2726 non

2080 2759 2246 2816 solius
2275 2758 2453 2814 carnis
2481 2758 2604 2828 erit,
2636 2757 2927 2816 secundum
2949 2775 3108 2830 quam
3135 2761 3307 2816 solam
3328 2760 3476 2817 solus
3500 2760 3668 2818 Filius

2080 2852 2148 2908 ab
2173 2851 2352 2923 impiis
2385 2851 2657 2908 videbitur
2683 2851 2750 2906 ad
2777 2867 2967 2908 eorum
3008 2852 3516 2909 condemnationem
3542 2867 3668 2924 per-

2080 2953 2331 3016 petuam;
2362 2943 2458 3000 sed
2504 2944 2609 2999 erit
2645 2944 2782 3000 visio
2827 2944 3066 3006 deitatis.
3097 2944 3390 3002 secundum
3420 2960 3579 3016 quam
3609 2961 3668 3001 se

2081 3037 2196 3110 ipsa
2223 3037 2459 3094 Trinitas
2487 3039 2562 3095 ita
2586 3037 2870 3094 videndam
2896 3038 3156 3109 prmbebit
3176 3037 3356 3110 justis,
3385 3046 3445 3116 ut
3472 3038 3561 3093 illa
3587 3038 3668 3094 di-

2080 3128 2316 3184 viuitatis
2343 3127 2653 3184 indesinens
2683 3128 2838 3195 visio,
2868 3128 2984 3199 ipsa
3010 3128 3081 3183 sit
3104 3126 3449 3185 beatitudinis
3479 3124 3669 3184 indeli-
3750 3172 3759 3179 ,

387 3223 493 3278 iste
521 3231 751 3279 creatus.
784 3221 843 3276 In
871 3231 1080 3280 tantum
1131 3240 1260 3296 ergo
1301 3226 1468 3284 habet
1507 3231 1758 3300 quamlibet
1799 3233 1973 3288 sancti
1999 3237 2048 3305 ο
2080 3223 2228 3278 ciens
2256 3221 2555 3293 plenitudo.
2588 3221 2716 3277 Inde
2741 3223 2886 3277 enim
2911 3231 3038 3278 sunt
3079 3221 3214 3278 beati
3254 3222 3446 3278 mundo
3485 3222 3664 3293 corde,

393 3311 627 3369 hominis
667 3314 845 3369 anima
874 3313 1016 3392 illius
1056 3317 1250 3372 summi
1285 3315 1382 3374 Dei
1411 3320 1680 3394 notitiam,
1720 3321 1775 3376 in
1798 3338 1972 3392 quan-

395 3416 504 3464 tum
533 3406 754 3464 internae
776 3408 996 3466 visionis
1024 3413 1295 3484 acceperit
1321 3414 1567 3482 gratiam.
1608 3411 1762 3470 Unde
1791 3416 1972 3472 nescio

389 3497 660 3568 quomodo
707 3499 1034 3570 accipiamus
1080 3499 1426 3571 Unigenitum
1473 3520 1504 3559 a
1547 3503 1710 3560 Patre
1754 3505 1974 3577 plenum

389 3591 576 3661 gratia:
606 3599 663 3647 et
687 3592 951 3660 veritatis,
976 3592 1020 3647 si
1049 3591 1136 3648 vel
1168 3593 1242 3648 illi
1269 3595 1587 3665 plenitudini
1611 3597 1853 3653 veritatis
1878 3597 1972 3653 ali-

391 3684 516 3758 quid
546 3683 896 3754 plenitudinis
923 3686 1109 3756 gratite
1130 3685 1316 3743 deesse
1358 3687 1606 3754 dicimus,
1638 3690 1725 3745 vel
1756 3690 1829 3744 illi
1856 3691 1974 3762 ple-

391 3774 620 3830 nitudini
651 3776 837 3845 gratia:
861 3792 969 3832 non
1008 3783 1176 3832 totam
1209 3778 1385 3834 inesse
1413 3780 1655 3836 veritatis
1683 3781 1975 3852 plenitudi—

391 3883 512 3923 nem
539 3869 869 3924 aestimemus
895 3887 907 3921 :
942 3885 1066 3925 cum
1114 3871 1302 3939 utique
1340 3872 1395 3926 in
1423 3887 1489 3928 eo
1518 3874 1815 3930 certissime
1840 3872 1976 3928 Uni-

392 3962 602 4030 genitus
627 3977 659 4016 a
685 3961 844 4017 Patre
871 3962 1062 4033 plenus
1082 3973 1402 4033 agnoscatur
1421 3967 1606 4034 gratim
1629 3974 1686 4021 et
1711 3967 1976 4032 veritatis,

392 4052 568 4108 sinon
593 4052 768 4109 solum
815 4054 869 4108 in
910 4054 1025 4125 ipso
1068 4071 1178 4110 uno
1221 4056 1380 4126 plena
1409 4058 1580 4125 gratia
1606 4059 1972 4127 humanitatis,

2076 3313 2319 3385 quoniam
2347 3311 2449 3383 ipsi
2479 3309 2646 3366 Deum
2670 3311 2910 3366 videbunt
2942 3311 3158 3386 (Matth.
3183 3329 3236 3382 ν,
3266 3311 3342 3387 8).
3372 3313 3430 3368 In
3458 3322 3668 3371 tantum

2077 3419 2207 3474 ergo
2256 3403 2593 3460 divinitatem
2645 3412 2846 3460 sancta:
2902 3401 3179 3460 Trinitatis
3230 3405 3560 3474 videbimus,
3608 3406 3665 3462 in

2076 3504 2334 3568 quantum
2370 3491 2696 3566 accipiemus
2727 3495 2821 3583 (af.
2853 3496 3149 3567 capiemus)
3190 3496 3334 3553 dono
3377 3498 3564 3568 gratia:
3605 3505 3667 3554 ut

2078 3585 2262 3643 videre
2299 3588 2588 3658 possimus.
2618 3585 2729 3642 Nec
2759 3594 2938 3641 tamen
2971 3587 3024 3642 in
3053 3595 3312 3657 quantum
3339 3587 3683 3660 videbimus,

2077 3680 2130 3734 in
2156 3687 2358 3734 tantum
2382 3677 2480 3749 ipsi
2503 3677 2763 3733 divinitati
2783 3678 3268 3736 consubstantiales
3287 3679 3506 3736 erimus.
3528 3679 3664 3736 Nam

2079 3780 2134 3827 et
2174 3785 2402 3841 corpore
2429 3768 2674 3824 videmus
2713 3769 2904 3837 multa,
2945 3783 3064 3839 quae
3111 3785 3233 3826 cum
3271 3779 3454 3826 nostra
3497 3785 3663 3827 carne

2079 3879 2188 3918 non
2241 3869 2367 3916 sunt
2414 3861 2572 3916 unius
2618 3850 2967 3933 ejusdemque
3008 3869 3233 3918 naturae.
3278 3861 3477 3918 Vident
3517 3863 3663 3919 enim

2080 3955 2222 4011 oculi
2270 3955 2438 4009 nostri
2487 3954 2682 4020 lucem,
2712 3969 2835 4010 cum
2864 3962 3046 4011 tamen
3075 3956 3296 4013 alterius
3323 3965 3528 4012 naturae
3555 3957 3665 4014 sint

2081 4046 2178 4114 illi,
2203 4046 2424 4101 alterius
2445 4045 2554 4100 illa.
2584 4045 2728 4100 Dixit
2751 4046 2968 4118 quidem
2992 4050 3183 4106 beatus
3215 4048 3452 4108 Joannes
3477 4069 3494 4106 :
3524 4049 3665 4118 Quo-

391 4144 658 4216 plenaque
693 4145 988 4202 divinitatis
1033 4147 1234 4204 veritas
1282 4158 1636 4218 agnoscatur;
1682 4150 1777 4206 sed
1813 4151 1975 4207 etiam

2081 4139 2223 4192 niam
2251 4154 2364 4191 cum
2396 4138 2714 4210 apparuerit,
2747 4139 2944 4194 similes
2977 4141 3026 4195 ei
3065 4140 3274 4208 erimus,
3305 4143 3550 4215 quoniam
3584 4144 3665 4198 ui-

387 4235 666 4306 plenitudo
715 4237 960 4295 veritatis
1004 4238 1059 4293 in
1112 4239 1288 4310 seipsa
1336 4241 1730 4310 plenitudinem
1782 4242 1975 4299 habeat

2083 4228 2310 4284 debimus
2340 4228 2455 4284 eum
2476 4230 2627 4284 sicuti
2655 4239 2730 4285 est
2761 4229 2815 4299 (Ι
2835 4229 2994 4288 Joan.
3026 4249 3104 4300 In,
3135 4233 3212 4305 2).
3246 4233 3460 4294 Similes
3482 4244 3664 4293 autem

386 4329 604 4398 suum,
651 4344 756 4399 qua
787 4341 870 4386 εει
893 4339 1006 4386 tota
1033 4331 1342 4388 humanitas
1367 4335 1420 4389 in
1461 4334 1742 4392 divinitate
1765 4354 1895 4405 sua;
1924 4346 1981 4393 ει
2081 4321 2234 4386 dixit,
2269 4321 2570 4377 imitatione
2597 4321 2803 4378 scilicet
2825 4323 3070 4394 justitizc,
3101 4341 3213 4381 non
3251 4326 3460 4383 unitate
3503 4339 3664 4383 natu-

387 4419 668 4491 plenitudo
696 4422 882 4492 gratia:
910 4422 1296 4493 plenitudinem
1327 4425 1382 4479 in
1405 4441 1463 4481 se
1485 4427 1685 4482 habeat
1709 4429 1975 4495 veritatis,

388 4523 497 4580 qua
531 4518 614 4567 est
641 4519 753 4566 tota
782 4511 1032 4569 divinitas
1069 4511 1122 4567 in
1153 4513 1484 4571 humanitate
1513 4533 1606 4571 sua
1632 4534 1643 4569 :
1673 4517 1746 4571 ita
1776 4524 1834 4571 ut
1861 4517 1977 4588 ple-

2082 4430 2154 4470 rte
2179 4433 2190 4468 :
2215 4414 2507 4470 secundum
2537 4429 2697 4484 quam
2726 4416 3105 4486 imitationem,
3154 4419 3285 4474 dicit
3309 4421 3500 4476 beatus
3527 4421 3666 4476 Pau-

2082 4507 2164 4561 lus
2190 4526 2201 4560 :
2233 4507 2529 4562 Imitatores
2552 4509 2649 4562 mei
2670 4517 2852 4575 estote,
2880 4511 3012 4564 sicut
3036 4518 3086 4565 et
3118 4528 3212 4584 ego
3238 4509 3429 4566 Christi
3456 4509 3512 4586 (Ι
3539 4509 3664 4570 Cor.

387 4601 579 4659 nitudo
605 4604 847 4660 veritatis
875 4604 1259 4676 plenitudinem
1306 4608 1361 4662 in
1407 4624 1468 4664 se
1519 4608 1716 4664 habeat
1768 4609 1972 4680 gratite,

2083 4612 2156 4663 ιι,
2183 4595 2270 4666 l);
2297 4602 2352 4651 et
2381 4597 2569 4652 beatus
2595 4594 2832 4654 Joannes
2859 4600 2970 4654 ait:
2998 4601 3099 4666 Qui
3138 4599 3266 4654 dicit
3291 4617 3346 4656 se
3372 4601 3426 4654 in
3459 4599 3669 4660 Christo

390 4702 450 4749 et
475 4695 752 4766 plenitudo
789 4698 976 4766 gratia:
1011 4697 1402 4769 plenitudinem
1430 4701 1486 4756 in
1514 4715 1574 4756 se
1613 4700 1812 4756 habeat
1836 4702 1978 4758 veri-

391 4785 520 4840 tatis

463 4877 552 4934 ⁸55.
593 4879 710 4936 Non
741 4890 923 4937 autem
950 4891 1065 4938 tota
1111 4883 1394 4952 plenitudo
1433 4883 1680 4941 veritatis
1724 4885 1974 4952 habetur,

391 4970 609 5043 quando
639 4971 806 5042 ipsius
833 4974 1076 5029 veritatis
1104 4974 1306 5044 aliquid
1335 4975 1634 5045 ignoratur,
1663 4976 1808 5048 quod
1837 4977 1979 5034 absit

393 5071 455 5120 ut
491 5063 558 5120 de
597 5061 813 5120 Christo
849 5065 1187 5134 aliquatenus
1225 5067 1539 5125 sentiamus.
1570 5067 1660 5126 Sic
1685 5069 1830 5126 enim
1859 5077 1973 5125 tota

393 5151 674 5223 plenitudo
717 5153 899 5222 gratiae
928 5161 1014 5209 est
1060 5153 1114 5209 in
1153 5154 1240 5209 illa
1271 5155 1602 5225 plenitudine
1628 5156 1888 5222 veritatis,
1921 5164 1982 5212 ut

393 5248 486 5304 illa
523 5249 681 5320 plena
719 5247 893 5304 deitas
922 5255 1090 5305 totam
1120 5249 1340 5321 impleat
1369 5249 1758 5304 humanitatem
1787 5265 1976 5317 suam;

392 5347 452 5396 et
476 5340 555 5397 sic
583 5348 667 5396 est
695 5339 974 5412 plenitudo
1001 5341 1244 5396 veritatis
1268 5340 1324 5395 in
1362 5340 1452 5396 illa
1493 5339 1824 5410 plenitudine
1851 5353 1979 5408 gra-

394 5431 514 5508 tias,
537 5440 596 5489 ut
639 5431 731 5488 illa
770 5431 931 5503 plena
978 5432 1280 5488 humanitas
1309 5432 1450 5489 sicut
1477 5431 1688 5504 plenam
1726 5432 1890 5488 habet
1923 5439 1980 5488 et

391 5523 720 5593 singularem
790 5524 1249 5594 incorruptionem
1311 5533 1471 5595 atque
1514 5525 1974 5581 immortalitatem

392 5613 589 5680 carnis,
633 5614 707 5672 ita
753 5613 1048 5697 secundum
1094 5615 1348 5684 animam,
1380 5616 1594 5688 plenam
1632 5615 1976 5686 singulariter

389 5703 589 5768 habeat
608 5709 854 5766 notitiam
880 5702 1116 5768 deitatis.
1139 5706 1232 5767 Sic
1254 5716 1340 5767 est
1363 5723 1494 5793 ergo
1518 5707 1762 5768 Christus
1781 5707 1976 5782 plenus
2005 5766 2021 5776 ,η

458 5873 488 5904 ⁸
510 5863 665 5932 Ant,
684 5864 742 5921 in
767 5871 1034 5936 quantum.

2073 4704 2311 4754 manere,
2356 4686 2504 4741 debet
2531 4689 2957 4759 quemadmodum
2990 4690 3085 4763 (al.
3109 4691 3265 4762 sicut)
3295 4691 3382 4746 ille
3427 4688 3665 4745 ambuta~

2087 4782 2175 4850 vit,
2202 4789 2251 4835 et
2283 4781 2392 4853 ipse
2422 4779 2686 4835 ambulare
2715 4780 2766 4853 (Ι
2797 4781 2957 4837 Joan.
2989 4798 3046 4849 Il,
3079 4781 3155 4855 6).
3191 4781 3507 4838 Creatorem
3533 4796 3668 4839 vero

2084 4873 2229 4943 capit
2256 4879 2523 4943 creatura,
2553 4879 2810 4942 quantum
2833 4881 2860 4910 ιι
2880 4873 3075 4944 accipit
3101 4883 3161 4930 ut
3187 4874 3404 4946 capiat.

2156 4964 2244 5022 54.
2285 4962 2413 5021 Inde
2439 4973 2523 5023 est
2549 4963 2693 5035 quod
2717 4965 2908 5022 beatus
2935 4967 3262 5036 Augustinus
3289 4967 3430 5024 hunc
3454 4982 3666 5025 sermo-

2089 5075 2211 5115 nem
2241 5074 2349 5114 non
2392 5054 2607 5128 refugit,
2637 5057 2733 5112 sed
2771 5057 3140 5116 indubitanter
3165 5059 3406 5117 assumit.
3448 5057 3582 5116 Nam
3611 5060 3665 5120 in

2085 5153 2272 5208 eadem
2302 5149 2524 5206 homilia
2555 5149 2756 5222 (Tract.
2793 5151 2862 5208 14
2898 5155 2953 5208 in
2981 5154 3166 5221 Joan.,
3197 5171 3370 5212 sersus
3398 5156 3578 5229 ﬁnem)
3609 5156 3664 5214 in

2084 5257 2189 5312 qua
2238 5242 2487 5312 exposuit
2534 5240 2680 5296 illum
2725 5240 2922 5312 locum,
2953 5242 3092 5312 Quia
3118 5262 3223 5301 non
3263 5246 3333 5300 ad
3371 5264 3665 5302 mensuram

2085 5333 2173 5386 dat
2198 5331 2338 5386 Deus
2361 5332 2616 5405 Spiritum
2643 5331 2821 5402 (Joan.
2843 5351 2920 5404 ιιι,
2945 5335 3058 5409 54),
3085 5338 3162 5395 sic
3190 5339 3424 5411 quodam
3455 5339 3576 5395 loco
3597 5339 3665 5395 de

2083 5425 2198 5495 ipso
2228 5425 2363 5480 Filio
2413 5425 2583 5482 dicit:
2614 5424 2838 5484 Muneris
2881 5429 3018 5485 enim
3063 5428 3204 5485 Deus
3244 5432 3384 5503 apud
3425 5429 3662 5499 Patrem,

2082 5517 2221 5588 apud
2249 5516 2480 5572 homines
2503 5519 2672 5589 factus
2700 5529 2776 5575 est
2797 5521 2968 5590 homo,
2991 5531 3049 5576 ut
3075 5531 3126 5576 tu
3146 5541 3237 5594 per
3253 5524 3399 5578 illum
3421 5523 3505 5595 qui
3527 5521 3666 5594 apud

2082 5618 2130 5665 te
2156 5611 2322 5682 factus
2350 5617 2428 5664 est
2453 5609 2626 5679 homo,
2649 5610 2802 5683 ﬁeres
2831 5614 2952 5667 tatis
2978 5614 3145 5686 qualis
3171 5615 3306 5682 capit
3338 5613 3536 5668 Deum:
3563 5628 3663 5666 non

2079 5703 2216 5760 enim
2244 5701 2395 5758 homo
2421 5710 2625 5773 poterat
2656 5719 2840 5773 capere
2873 5701 3067 5773 Deum;
3095 5705 3264 5762 uidere
3288 5715 3490 5778 poterat
3515 5705 3660 5760 homo
