4066 6346
371 352 478 406 415

1401 349 1460 405 8.
1501 348 1868 406 FULGENTH
1906 346 2210 407 EPISCOPI
2253 345 2620 405 RUSPENSIS

3540 333 3648 392 δίο

371 451 648 532 hominem,
672 481 854 534 capere
878 465 1044 520 Deum
1067 483 1170 520 non
1190 474 1410 537 poterat.
1449 465 1597 522 Unde
1621 485 1725 523 non
1753 476 1962 539 poterat
1982 473 2033 530 Α
2060 469 2316 540 aliquibus
2357 469 2552 524 sanctis
2603 465 2921 537 quantalibet
2971 462 3230 532 sapientia
3266 479 3327 516 ac
3373 460 3648 516 sanctitate

368 575 552 627 capere
581 557 785 614 Deum?
816 559 949 623 Quia
978 561 1179 613 oculum
1210 559 1383 614 cordis
1420 561 1558 615 unde
1601 571 1806 632 caperet
1848 579 1953 617 non

369 650 607 706 habebat.
649 651 782 705 Erat
821 670 942 722 ergo
981 652 1178 723 aliquid
1214 653 1351 707 intus
1391 655 1643 721 saucium,
1679 665 1730 709 et
1759 655 1955 724 aliquid

369 746 498 816 foris
533 761 756 799 sanum:
785 745 1019 814 corporis
1069 745 1244 799 oculos
1297 744 1516 800 habebat
1566 763 1742 811 sanos,
1785 745 1956 803 cordis

368 836 587 891 habebat
610 837 834 890 saucios.
874 835 1069 891 Factus
1093 848 1169 891 est
1190 837 1280 893 ille
1300 838 1452 895 homo
1480 841 1550 894 ad
1575 841 1805 912 corporis
1833 857 1958 896 ocuo

369 930 499 1008 lum,
530 938 586 983 ut
617 929 828 984 credens
857 931 910 984 in
940 947 1053 985 eum
1088 933 1172 1002 qui
1201 931 1362 986 uideri
1403 935 1742 1002 corporaliter
1767 935 1953 1004 potuit,

368 1021 623 1073 curareris
663 1019 733 1073 ad
774 1038 888 1074 eum
930 1021 1099 1092 ipsum
1138 1022 1431 1090 videndum,
1460 1041 1610 1095 quem
1653 1026 1959 1095 spiritaliter

367 1109 538 1163 videre
565 1127 669 1165 non
697 1121 920 1180 poteras.
954 1110 1051 1167 His
1075 1113 1253 1169 verbis
1296 1115 1533 1169 ostendit
1559 1115 1749 1172 beatus
1777 1117 1960 1186 Augu-

369 1201 539 1255 stinus
569 1201 621 1254 in
653 1202 985 1270 spiritalibus
1013 1203 1175 1258 rebus
1199 1204 1304 1260 hoc
1330 1220 1451 1261 esse
1481 1219 1677 1276 capere
1701 1205 1848 1274 quod
1871 1205 1957 1260 vi-

369 1287 521 1354 dere,
555 1305 730 1359 neque
755 1291 898 1346 aliud
927 1307 1047 1348 esse
1071 1292 1258 1348 videre
1302 1310 1463 1363 quam
1508 1295 1831 1366 intelligere,
1857 1311 1960 1352 nec

369 1381 674 1453 intelligere
703 1382 846 1438 aliud
875 1400 991 1440 esse
1019 1400 1179 1454 quam
1205 1401 1388 1441 nosse.
1425 1385 1562 1445 Hinc
1588 1395 1673 1442 est
1711 1386 1856 1457 quod
1902 1387 1958 1442 in

367 1473 507 1529 libro
533 1474 600 1528 de
625 1473 912 1530 Praesentia
943 1476 1039 1532 Dei
1066 1475 1258 1548 (Epist.
1284 1478 1353 1532 ad
1373 1476 1684 1534 Dardanum
1713 1481 1848 1536 alias
1865 1477 1960 1548 57,

373 1583 508 1620 nunc
539 1565 685 1637 187),
717 1585 838 1622 cum
868 1569 970 1624 soli
1008 1569 1144 1626 Filio
1172 1570 1266 1626 dat
1295 1571 1508 1641 plenam
1547 1572 1844 1628 divinitatis
1869 1587 1962 1628 ca-

371 1656 697 1727 pacitatem,
748 1658 850 1713 soli
899 1659 1112 1729 plenam
1159 1660 1456 1718 divinitatis
1480 1663 1738 1720 ‘.05tendit
1784 1663 1964 1720 inesse

372 1747 638 1804 notitiam.
671 1748 729 1804 ln
752 1760 1054 1807 memorato
1073 1754 1273 1823 quippe
1289 1753 1426 1809 libro
1446 1754 1532 1809 his
1543 1755 1729 1810 utitur
1740 1755 1958 1812 verbis:

355 1849 401 1890 ’σ
431 1837 569 1894 Deus
611 1839 774 1908 igitur
811 1841 1008 1912 ubique
1045 1858 1282 1913 praesens
1329 1855 1434 1914 est,
1475 1854 1532 1901 et
1574 1845 1774 1915 ubique
1817 1855 1965 1902 totus
1995 1851 2043 1912 Β

374 1943 633 2001 ριτθεθηε,
676 1948 775 1987 nec
818 1933 1014 2002 ubique
1056 1935 1324 2001 habitans,
1363 1935 1459 1993 sed
1503 1936 1556 1990 in
1599 1937 1803 2008 templo
1840 1953 1964 2004 suo,

355 2021 463 2078 cui
491 2038 586 2091 per
621 2024 847 2090 gratiam
891 2023 1152 2093 benignus
1181 2036 1264 2081 est
1302 2034 1358 2082 et
1395 2027 1676 2097 propitius.
1707 2087 1722 2098 ρ
1744 2027 1968 2096 Capitur

377 2123 557 2167 autem
611 2113 879 2180 habitans,
927 2115 994 2170 ab
1039 2116 1159 2171 aliis
1196 2117 1444 2187 amplius,
1487 2125 1544 2172 et
1587 2117 1655 2172 ab
1691 2099 1814 2173 aliis
1860 2117 1966 2172 mi-

356 2209 496 2257 'nus.
529 2203 604 2258 De
629 2204 746 2274 ipso
773 2220 903 2260 vero
930 2205 1109 2275 capite
1138 2215 1325 2263 nostro
1366 2207 1657 2278 Apostolus
1684 2209 1761 2264 ait
1785 2228 1795 2260 :
1825 2205 1968 2273 Quo-

378 2297 521 2350 niam
569 2297 623 2350 in
662 2299 776 2367 ipso
825 2292 1023 2352 Iiabitat
1050 2301 1215 2354 omnis
1244 2300 1507 2372 plenitudo
1534 2302 1818 2356 divinitatis
1846 2318 1967 2356 cor-

374 2389 623 2460 poraliter
645 2387 867 2460 (Coloss.
899 2389 1050 2461 ",9).
1085 2412 1103 2443 ι
1139 2391 1395 2458 Attende,
1425 2409 1628 2464 quazso,
1659 2395 1711 2448 in
1735 2395 1819 2449 his
1849 2411 1970 2450 ver—

362 2477 459 2534 bis
488 2479 630 2534 beati
651 2479 935 2550 Augustini
957 2481 1338 2538 discretionem
1361 2485 1551 2555 capitis
1571 2486 1970 2541 membrorum—

374 2585 480 2639 que
503 2575 659 2644 257
696 2573 1074 2629 certissimam.
1099 2574 1179 2629 Ab
1201 2575 1306 2630 illis
1331 2575 1474 2630 enim
1496 2577 1692 2646 quibus
1720 2577 1784 2631 ad
1813 2593 1968 2632 men-

375 2676 558 2717 smam
579 2663 672 2718 dat
702 2652 843 2720 Deus
865 2664 1146 2736 Spiritum,
1196 2669 1409 2738 capitur
1436 2669 1705 2738 habitans,
1754 2671 1821 2725 ab
1849 2671 1969 2726 aliis

377 2755 626 2825 amplius,
651 2756 719 2811 ab
750 2755 870 2813 aliis
897 2757 1092 2813 minus.
1117 2757 1256 2824 Quid
1278 2767 1361 2813 est
1388 2768 1570 2814 autem
1606 2761 1726 2830 capi
1756 2761 1855 2814 nisi
1887 2761 1970 2816 in-

379 2844 545 2915 telligi
570 2855 733 2916 atque
758 2849 1050 2915 cognosci?
1077 2848 1208 2903 Cum
1241 2857 1420 2904 autem
1465 2849 1532 2905 de
1562 2848 1779 2905 Christo
1827 2851 1969 2907 idem

378 2938 567 2994 beatus
597 2941 922 3009 Augustinus
947 2941 1095 3011 loqui
1124 2941 1306 3005 vellet,
1338 2942 1462 2997 vide
1501 2943 1629 3012 quid
1681 2945 1796 2998 ait:
1840 2964 1857 2995 ι
1893 2944 1971 3000 De

377 3028 520 3100 ipso,
547 3029 740 3099 inquit,
768 3032 944 3102 capite
973 3038 1160 3086 nostro
1213 3031 1503 3100 Apostolus
1534 3034 1609 3087 ait
1642 3052 1654 3086 :
1711 3033 1970 3098 Quoniam

379 3121 432 3176 in
462 3123 577 3192 ipso
599 3121 796 3176 habitat
818 3123 987 3178 omnis
1018 3122 1283 3193 plenitudo
1313 3124 1599 3181 divinitatis
1629 3127 1972 3196 corporaliter

2058 559 2446 630 prastantibus,
2478 559 2584 614 ullo
2613 556 2767 612 modo
2816 564 2982 627 potest
3029 572 3138 610 esse
3166 553 3470 608 communis.
3513 549 3649 606 Cer»

2060 660 2174 708 tum
2202 661 2285 709 est
2305 653 2488 721 itaque
2507 658 2816 705 sanctorum
2834 646 3052 702 Patrum
3078 644 3400 701 sententiam
3417 640 3653 709 Scriptu-

2062 744 2137 800 ris
2169 743 2483 800 cmlestibus
2503 740 2816 806 convenire,
2839 751 2959 808 qua:
2979 733 3413 790 manifestissime
3441 737 3653 800 protes-

2060 841 2266 900 tantur,
2292 841 2347 888 et
2390 831 2645 888 divinitus
2675 829 2947 900 inspirata:
2993 823 3329 895 proclamant
3375 819 3548 882 nobis,
3599 817 3653 872 id

2061 933 2149 981 est
2177 925 2427 980 omnibus
2455 922 2739 993 adoptivis.
2798 925 3008 990 partem
3058 911 3446 983 cognoscenda:
3491 919 3656 979 atque

2063 1017 2339 1088 capiendae
2361 1016 2676 1079 divinitatis,
2706 1024 2866 1085 prout
2883 1011 3135 1067 voluntas
3163 1007 3445 1064 donaverit
3491 1004 3657 1074 largi-

2064 1111 2224 1178 toris,
2248 1108 2457 1184 infundi
2481 1124 2578 1180 per
2597 1108 2857 1175 gratiam;
2885 1102 3100 1160 Christo
3128 1115 3278 1166 vero,
3311 1099 3363 1154 id
3411 1106 3494 1152 est
3540 1096 3658 1151 ani-

2067 1217 2172 1257 ma:
2200 1202 2336 1272 ejus,
2362 1200 2574 1271 plenam
2606 1197 2770 1253 totius
2799 1194 3093 1250 divinitatis
3113 1193 3290 1247 inesse
3313 1189 3581 1245 notitiam.

2613 1324 2854 1374 QUESTIO
2875 1323 3108 1372 οωηιτλ.

2068 1432 2072 1436 ’
2146 1426 2237 1482 35.
2279 1425 2536 1493 Quartam
2561 1423 2758 1478 deinde
2786 1421 3136 1492 quaestionem
3159 1415 3327 1470 series
3350 1422 3558 1468 tuarum
3581 1410 3661 1464 sic

2073 1521 2318 1577 continet
2347 1518 2668 1572 litterarum.
2705 1513 2899 1576 Unum,
2930 1511 3120 1583 inquis,
3150 1523 3365 1580 regnum
3388 1504 3588 1566 Patris,
3613 1513 3662 1556 et

2071 1611 2227 1677 Filii,
2255 1619 2306 1665 et
2326 1609 2554 1679 Spiritus
2575 1606 2741 1662 sancti
2763 1603 3017 1659 credimus
3045 1611 3094 1655 et
3117 1602 3355 1670 fatemur,
3379 1594 3533 1649 simul
3573 1609 3662 1646 eos

2073 1703 2336 1759 dominari
2367 1703 2616 1754 creaturis
2645 1696 2879 1753 omnibus
2905 1694 3201 1749 sentientes.
3235 1683 3410 1753 Quare
3445 1701 3565 1755 ergo
3605 1685 3663 1736 in

2074 1793 2400 1851 orationibus
2418 1791 2761 1852 sacerdotum,
2801 1808 2820 1840 ε
2857 1785 2964 1841 Per
2981 1784 3159 1839 Iesum
3186 1781 3448 1836 Christum
3469 1777 3514 1831 F
3518 1777 3664 1830 ilium

2077 1894 2226 1940 tuum
2253 1885 2527 1939 Dominum
2549 1891 2804 1947 nostrum,
2833 1880 2918 1951 qui
2940 1887 3108 1932 tecum
3126 1875 3248 1930 vivit
3285 1882 3337 1927 et
3381 1876 3563 1942 regnat
3607 1868 3665 1919 in

2075 1979 2282 2032 unitate
2310 1976 2536 2047 Spiritus
2563 1973 2748 2038 sancti,
2787 1991 2806 2024 ι
2860 1988 2950 2041 per
2989 1969 3257 2022 uniuersas
3298 1979 3428 2035 pene
3472 1960 3666 2030 Africa!

2077 2072 2317 2142 regiones
2366 2068 2623 2123 catholica
2649 2068 2819 2120 dicere
2847 2063 3108 2119 consueuit
3133 2059 3388 2118 Ecclesia,
3424 2065 3668 2126 tanquam

2077 2160 2224 2219 so'lus
2247 2162 2417 2217 Filius
2458 2179 2572 2216 cum
2603 2159 2764 2214 Patre
2795 2157 3058 2230 possideat
3096 2169 3330 2226 regnum,
3362 2151 3416 2205 in
3462 2147 3668 2203 unitate

2075 2257 2278 2312 scilicet
2300 2255 2532 2326 Spiritus
2563 2257 2764 2319 sancti,
2801 2263 2855 2308 ut
2885 2260 3164 2324 regnantes
3193 2249 3450 2311 adunare,
3471 2260 3577 2300 non
3596 2243 3668 2298 si-

2078 2350 2194 2404 mul
2220 2365 2439 2422 regnare
2467 2349 2696 2420 Spiritus
2718 2355 2930 2403 sanctus
2951 2342 3247 2400 intimetur.’

2638 2461 2802 2532 258
2827 2472 3130 2514 nesmnsro.

2149 2585 2244 2640 56.
2287 2584 2471 2639 Dicam
2499 2581 2812 2650 simpliciter
2839 2578 2906 2633 de
2933 2578 3038 2632 hoc
3057 2588 3307 2630 sermone
3361 2567 3506 2640 quod
3544 2580 3666 2621 sen-

2075 2679 2178 2735 tio.
2204 2677 2470 2745 Quotiens
2500 2672 2695 2729 exinde
2722 2668 2972 2738 cogitavi,
3007 2665 3136 2722 nihil
3167 2663 3238 2719 ibi
3269 2660 3408 2717 aliud
3436 2656 3668 2727 majores

2075 2778 2321 2831 nostros,
2348 2781 2506 2836 quam
2533 2763 2652 2818 fidei
2673 2761 2954 2815 veritatem
2985 2765 3173 2812 contra
3197 2753 3392 2809 multas
3433 2750 3664 2804 haereses

2076 2861 2436 2936 praenunisse
2463 2855 2712 2925 cognovi.
2735 2851 2869 2908 illud
2896 2851 3096 2920 quippe
3123 2848 3361 2936 primum
3384 2840 3670 2936 attenden-

2078 2933 2213 3013 dum
2230 2963 2344 3018 est,
2370 2950 2514 3021 quod
2536 2951 2588 3004 in
2615 2946 2963 3004 conclusione
3009 2939 3286 3004 orationis,
3342 2935 3446 2990 Per
3494 2933 3671 2988 Iesum

2077 3050 2347 3104 Christum
2378 3043 2575 3098 Filium
2622 3050 2762 3093 tuum
2816 3035 3096 3092 Dominum
3140 3040 3374 3086 nostrum
3413 3027 3664 3084 dicimus;

2077 3155 2179 3210 per
2204 3135 2463 3207 Spiritum
2482 3147 2615 3186 vero
2643 3137 2881 3184 sanctum
2911 3120 3493 3210 nullatenus_dicimu_s:
3520 3110 3670 3210 quod

379 3213 606 3288 (Coloss.
633 3230 693 3283 ιι,
714 3212 791 3286 9).
831 3233 850 3266 ι
884 3213 1088 3284 Nempe
1116 3215 1230 3285 ipse
1259 3215 1450 3271 beatus
1498 3217 1830 3286 Augustinus
1869 3217 1969 3286 ait,

2081 3204 2277 3298 inique
2310 3243 2415 3279 non
2447 3222 2679 3277 inaniter
2703 3219 2969 3276 catholica
3018 3212 3365 3271 concelebrat
3418 3204 3676 3298 Ecclesia,

381 3307 636 3376 quoniam
687 3307 832 3364 Deus
885 3308 1134 3364 habitans
1189 3309 1446 3378 capitur:
1495 3310 1750 3378 quocirca
1779 3311 1846 3365 ab
1878 3311 1970 3366 illo

379 3397 656 3469 plenitudo
679 3397 976 3452 divinitatis
1004 3399 1122 3453 sine
1146 3399 1309 3454 dubio
1329 3399 1562 3470 capitur,
1591 3401 1645 3456 in
1688 3416 1796 3471 quo
1853 3402 1970 3472 ipsa

382 3490 675 3546 divinitatis
702 3490 913 3545 habitat
936 3489 1237 3560 plenitudo.
1273 3490 1332 3546 In
1355 3508 1420 3548 eo
1441 3500 1624 3548 autem
1652 3494 1885 3564 capitur,
1914 3493 1971 3548 in

379 3598 490 3652 quo
515 3582 883 3650 cognoscitur.
915 3581 994 3636 illi
1018 3597 1147 3651 ergo
1177 3583 1229 3637 in
1258 3599 1367 3654 quo
1397 3584 1605 3640 habitat
1626 3585 1803 3640 omnis
1855 3583 1972 3654 ple-

383 3673 572 3730 nitudo
595 3674 908 3740 divinitatis,
934 3692 1042 3730 non
1066 3685 1243 3746 potest
1265 3678 1433 3748 ipsius
1453 3677 1972 3748 plenitudinisplena

384 3779 496 3820 non
525 3765 702 3820 inesse
731 3766 942 3820 notitia.
973 3765 1103 3820 Inde
1130 3775 1211 3822 est
1239 3768 1386 3836 quod
1415 3769 1604 3824 beatus
1644 3769 1972 3836 Augustinus

383 3857 441 3911 in
464 3857 654 3912 eodem
685 3855 821 3911 libro
852 3855 1098 3929 (Ibidem)
1123 3858 1286 3928 paulo
1310 3866 1433 3928 post
1462 3847 1578 3914 haec
1607 3859 1734 3914 dicit
1765 3876 1778 3911 :
1833 3857 1973 3922 Quid

384 3963 508 4019 ergo
529 3950 639 4002 est?
688 3947 916 4002 Haecine
944 3958 1190 4004 interesse
1219 3951 1535 4006 arbitramur
1560 3954 1698 4006 inter
1737 3961 1892 4021 caput
1921 3962 1973 4006 et

386 4040 612 4094 membra
656 4049 863 4105 uetera,
915 4043 1050 4111 quod
1102 4043 1157 4097 in
1204 4044 1427 4114 quolibet
1451 4045 1682 4114 quamvis
1707 4045 1970 4114 prazcipuo

385 4131 632 4198 membro,
662 4133 795 4185 velut
823 4133 876 4186 in
900 4135 1072 4205 aliqua
1101 4152 1292 4207 magno
1323 4135 1574 4205 propheta
1595 4144 1683 4187 aut
1713 4135 1970 4203 apostolo,

385 4228 615 4296 quamvis
659 4226 900 4281 divinitas
955 4227 1169 4293 habitet,
1213 4246 1316 4283 non
1348 4239 1536 4293 tamen,
1567 4227 1698 4281 sicut
1728 4228 1783 4281 in
1805 4228 1974 4296 capite

387 4316 523 4389 quod
543 4325 618 4370 est
641 4315 894 4381 Christus,
918 4321 1084 4374 omnis
1109 4319 1376 4389 plenitudo
1406 4319 1735 4381 divinitatis?
1765 4315 1906 4370 Nam
1925 4327 1975 4371 et

387 4409 442 4460 in
484 4417 658 4462 nostro
703 4424 916 4480 corpore
958 4412 1088 4463 inest
1119 4427 1297 4464 sensus
1337 4411 1556 4480 singulis
1595 4412 1856 4477 membris,
1883 4409 1975 4465 sed

384 4514 491 4553 non
515 4510 685 4554 tantus
714 4511 934 4571 quantus
980 4503 1034 4555 in
1064 4503 1250 4572 capite,
1293 4501 1378 4555 ubi
1416 4519 1630 4573 prorsus
1684 4504 1853 4559 omnis
1899 4512 1976 4558 est

2084 3295 2314 3388 propter
2343 3313 2471 3368 illud
2501 3313 2687 3382 utique
2735 3313 3155 3371 sacramentum,
3207 3299 3352 3370 quod
3407 3295 3684 3388 mediator

2084 3384 2266 3466 Dei—et
2287 3406 2567 3463 hominum
2589 3402 2762 3459 factus
2787 3409 2872 3456 est
2896 3399 3061 3454 homo
3099 3395 3338 3450 Christus
3363 3389 3538 3454 Iesus,
3569 3384 3684 3442 Sa-

2085 3499 2284 3558 cecdos
2303 3499 2357 3552 in
2384 3504 2644 3551 mternum
2673 3491 2968 3548 secundum
2989 3486 3238 3543 ordinem
3266 3478 3682 3544 Melchisedech,

2084 3594 2184 3662 qui
2205 3605 2304 3662 per
2322 3587 2601 3660 proprium
2628 3583 2941 3652 sanguinem
2953 3578 3120 3633 semel
3140 3573 3378 3632 introivit
3401 3572 3453 3626 in
3471 3578 3682 3662 sancta,

2087 3659 2418 3751 non—utique
2442 3674 2752 3732 manufacta
2777 3669 3106 3742 exemplaria
3138 3679 3385 3722 verorum
3409 3672 3436 3700 ι
3486 3659 3681 3725 (Hebr.

2086 3795 2168 3841 ιι,
2192 3773 2308 3843 24),
2332 3771 2427 3828 sed
2456 3771 2508 3826 in
2539 3770 2714 3839 ipsum
2743 3766 2959 3825 cmlum,
2985 3761 3074 3816 ubi
3107 3768 3189 3814 est
3214 3759 3266 3812 in
3296 3757 3518 3810 dextera
3563 3751 3683 3817 Dei,

2084 3880 2150 3924 et
2174 3865 2483 3937 interpellat
2509 3878 2608 3933 pro
2639 3860 2814 3915 nobis.
2848 3856 2963 3911 Hoc
2992 3856 3044 3908 in
3075 3868 3141 3908 eo
3191 3849 3534 3922 pontiﬁcatus
3562 3843 3668 3899 olli-

2084 3962 2237 4018 ¢cium
2269 3959 2482 4012 intuens
2503 3952 2792 4022 Apostolus
2808 3950 2908 4003 ait:
2943 3947 3047 4000 Per
3066 3947 3235 4015 ipsum
3254 3959 3377 4012 ergo
3407 3940 3685 4009 offeramus

2087 4054 2318 4108 hostiam
2347 4048 2515 4103 laudis
2544 4060 2743 4114 semper
2772 4041 2900 4104 Deo,
2931 4038 2988 4093 id
3034 4046 3109 4092 est
3161 4037 3383 4108 fructum
3429 4030 3686 4085 labiorum

2087 4144 2453 4216 conﬁtentium
2474 4138 2670 4194 nomini
2689 4136 2800 4207 ejus
2829 4132 3014 4202 (Hebr.
3049 4134 3156 4194 xm,
3185 4125 3296 4222 l5).
3349 4124 3453 4222 l’er
3499 4123 3676 4222 ipsum

2089 4251 2227 4305 ergo
2256 4233 2486 4288 hostiam
2509 4229 2679 4284 laudis
2701 4234 2863 4296 atque
2902 4221 3162 4278 orationis
3214 4217 3508 4279 oll‘erimus,
3553 4217 3682 4305 quia

2089 4344 2196 4400 per
2225 4325 2340 4396 ejus
2364 4331 2595 4378 mortem
2623 4314 2958 4374 reconciliati
2986 4328 3172 4368 sumus
3197 4326 3317 4366 cum
3367 4304 3564 4400 inimici
3597 4319 3690 4358 es-

2091 4397 2298 4474 semus.
2325 4414 2428 4469 Per
2452 4414 2626 4482 ipsum
2653 4410 2797 4466 enim
2823 4406 2914 4476 qui
2943 4419 3041 4475 pro
3062 4403 3218 4458 nobis
3238 4399 3413 4456 hostia
3426 4397 3688 4465 dignatus

2093 4517 2185 4565 est
2213 4505 2347 4570 ﬁeri,
2380 4511 2561 4576 potest
2593 4503 2646 4557 in
2675 4505 2970 4569 c0nspcctu
2995 4496 3086 4550 Dei
3129 4506 3312 4550 nostra
3369 4490 3543 4545 hostia
3593 4501 3688 4576 ac-

388 4590 608 4660 quinque
628 4594 867 4662 partitus.
890 4591 970 4644 Ibi
997 4595 1134 4646 enim
1154 4601 1229 4646 est
1255 4594 1412 4660 visus,
1439 4602 1489 4648 et
1518 4595 1748 4658 auditus,
1799 4605 1850 4650 et
1897 4595 1976 4650 ol-
2002 4615 2056 4676 υ
2093 4573 2654 4670 θεριθὺίιίέὶηνθηίτὶ.
2693 4591 2984 4660 Propterea
3015 4602 3113 4640 nos
3141 4587 3331 4676 beatus
3353 4573 3704 4676 Petrus-ad;

375 4681 578 4751 factus,
598 4691 647 4734 et
667 4691 862 4752 gustus,
887 4691 936 4735 et
957 4691 1142 4736 tactus.
1167 4683 1236 4738 In
1259 4685 1457 4739 cwteris
1498 4696 1669 4741 autem
1712 4686 1855 4742 solas
1901 4695 1980 4742 est

389 4782 577 4830 tactus.
601 4775 679 4828 An
701 4777 1060 4846 etiampraeter
1087 4777 1201 4843 hoc,
1251 4779 1387 4850 quod
1429 4789 1676 4852 tanquam
1704 4782 1760 4834 in
1792 4781 1978 4852 templo

387 4861 444 4917 in
473 4865 565 4919 illo
593 4881 807 4936 corpore
834 4865 1035 4920 habitat
1055 4869 1222 4922 omnis
1246 4869 1512 4938 plenitudo
1543 4871 1856 4938 diuinitatis,
1903 4880 1982 4924 est

376 4957 535 5010 'aliud
566 4958 702 5030 quod
720 4960 921 5012 intersit
947 4960 1082 5012 inter
1101 4959 1232 5014 illud
1275 4971 1430 5032 caput
1457 4973 1508 5016 et
1528 4962 1798 5034 cujuslibet
1820 4979 1982 5016 mem-

390 5045 470 5098 bri
490 5047 886 5101 excellentiam?
914 5047 1012 5102 Est
1056 5051 1229 5120 plane,
1275 5053 1411 5125 quod
1457 5053 1709 5123 singulari
1756 5053 1982 5126 quadam

389 5140 730 5207 susceptione,
755 5139 976 5196 hominis
1006 5143 1149 5198 illius
1174 5162 1281 5198 una
1303 5148 1444 5217 facta
1490 5155 1569 5202 est
1608 5164 1828 5217 persona
1866 5163 1980 5201 cum

397 5227 586 5284 Verbo.
611 5229 690 5284 De
711 5232 852 5288 nullo
871 5237 1008 5290 enim
1025 5247 1323 5292 sanctorum
1343 5239 1446 5294 dici
1465 5241 1652 5312 potuit,
1685 5249 1775 5293 aut
1792 5249 1984 5311 potest,

389 5331 482 5376 aut
532 5325 758 5379 poterit:
802 5325 1034 5384 Verbum
1075 5344 1204 5385 caro
1234 5328 1432 5387 factttm
1457 5341 1537 5387 est
1584 5331 1764 5403 (Ioan.
1798 5351 1833 5398 ι,
1868 5333 1981 5402 ll).

390 5410 585 5470 Nullus
608 5427 902 5474 sanctorum
928 5421 1151 5492 qualibet
1171 5426 1481 5492 praestantia
1508 5428 1696 5498 gratia:
1720 5425 1984 5498 Unigeniti

387 5523 573 5562 nomen
615 5514 840 5582 accepit;
889 5521 945 5566 ut
991 5513 1128 5584 quod
1173 5525 1249 5568 est
1276 5517 1445 5586 ipsum
1475 5515 1575 5572 Dei
1611 5517 1834 5572 Verbum
1859 5528 1981 5572 ante

387 5603 603 5671 swcula,
655 5604 748 5658 hoc
776 5607 930 5660 simul
967 5623 1081 5660 cum
1129 5621 1393 5680 assumpto
1448 5609 1656 5666 homine
1705 5611 1976 5665 diceretur.

389 5690 688 5764 Singularis
713 5712 836 5768 ergo
864 5706 942 5753 est
978 5697 1072 5753 illa
1109 5702 1388 5774 susceptio,
1420 5719 1517 5758 nec
1545 5719 1660 5757 cum
1694 5703 1985 5758 hominibus

2086 4667 2305 4756 nonet,
2337 4689 2558 4743 dicens:
2592 4683 2660 4737 Et
2681 4700 2768 4736 vos
2811 4691 3054 4748 tanquam
3083 4674 3281 4746 lapides
3318 4671 3415 4726 vivi
3455 4667 3690 4737 aediﬁca-

2087 4787 2229 4842 uini
2258 4786 2312 4838 in
2342 4783 2550 4837 domum
2572 4777 2878 4849 spiritalem,
2935 4774 2989 4825 in
3039 4767 3382 4824 sacerdotium
3427 4768 3688 4822 sanctum,

2096 4878 2378 4947 o/ferentes
2393 4870 2656 4943 spiritales
2678 4869 2892 4926 hostias,
2921 4858 3258 4929 acceptabiles
3272 4856 3381 4910 Deo
3402 4851 3694 4947 pergIesum

2099 4944 2362 5024 Christum
2393 4963 2446 5038 (Ι
2468 4963 2617 5017 Petr.
2651 4977 2707 5026 ιι,
2741 4960 2821 5030 5).
2849 4958 2959 5012 Hac
3010 4956 3172 5022 igitur
3209 4951 3420 5006 ratione
3461 4944 3691 5001 dicimus

2101 5058 2216 5112 Deo
2266 5054 2413 5108 Patri
2455 5053 2560 5106 Per
2605 5049 2785 5105 Iesum
2837 5047 3096 5102 Christum
3137 5041 3414 5095 Dominum
3433 5041 3690 5089 nostrum.

2102 5149 2240 5205 Nam
2269 5147 2411 5200 bene
2441 5142 2585 5198 nosti
2608 5151 2990 5207 nonnunquam
3021 5134 3126 5189 dici
3152 5151 3165 5186 :
3199 5131 3303 5185 Per
3353 5122 3690 5182 Sacerdotem

2097 5245 2354 5300 internum
2382 5235 2428 5290 F
2431 5237 2577 5290 ilium
2606 5242 2745 5287 tuum
2781 5231 3059 5286 Dominum
3087 5235 3322 5281 nostrum
3341 5219 3523 5276 Iesum
3543 5215 3695 5271 Citri-

2101 5342 2260 5388 stunt.
2318 5329 2450 5384 Cum
2507 5340 2636 5394 crgo
2681 5321 2978 5378 sacerdotis
3033 5320 3092 5371 lit
3138 5317 3360 5380 mentio,
3389 5312 3514 5382 quid
3544 5306 3692 5365 aliud

2101 5439 2266 5493 quam
2291 5420 2603 5491 mysterium
2638 5417 2916 5472 dominicm
2941 5410 3334 5468 lncarnationis
3362 5403 3690 5466 ostenditur,

2105 5531 2215 5585 quo
2242 5513 2337 5568 Dei
2367 5511 2560 5576 Filius,
2595 5525 2715 5564 cum
2756 5509 2806 5562 in
2839 5506 3006 5561 forma
3038 5506 3133 5560 Dei
3154 5512 3317 5569 esset,
3344 5497 3688 5568 semetipsum
3746 5497 3766 5534 ’ί

2107 5603 2428 5668 exinanivit,
2459 5601 2685 5658 formam
2709 5599 2851 5654 servi
2872 5597 3176 5668 accipiens;
3208 5592 3499 5650 secundum
3527 5599 3691 5657 quam

2055 5709 2058 5712 ’
2107 5712 2170 5754 se
2217 5697 2534 5762 humiliavit,
2592 5694 2766 5751 factus
2822 5692 3078 5750 obediens
3133 5705 3301 5762 usque
3328 5687 3396 5746 ad
3423 5687 3691 5746 mortem;

465 5861 489 5891 η
515 5853 606 5910 Sic
633 5869 740 5910 ms.
761 5853 900 5912 Thu.
930 5867 986 5917 et
1011 5859 1159 5927 Ant.,
1189 5863 1550 5924 conformiter
1572 5867 1739 5920 textui
1773 5866 2114 5935 apostolico;
2144 5865 2234 5921 alii
2267 5861 2447 5928 codd.,
2481 5864 2724 5918 veritatis.
