4014 6340
213 351 309 408 4³25

1570 347 1896 405 EPISTULA
1927 344 2060 399 XIV.

3343 336 3448 393 H6

207 460 487 514 tuinoratus
507 458 711 513 scilicet
733 459 892 527 paulo
923 458 1095 513 minus
1116 460 1183 513 ab
1211 460 1430 529 angelis,
1462 469 1516 515 et
1540 461 1756 531 aequali-
1786 465 1836 523 Α
1863 460 2009 514 illum
2036 458 2381 515 Sacerdotem
2425 465 2636 512 nostras
2686 456 2959 511 orationes
3009 455 3303 519 oderimus,
3353 457 3448 524 qu

211 559 358 605 tatem
386 558 621 619 paternie
643 549 922 620 possidens
943 551 1236 606 divinitatis
1260 554 1352 622 (at.
1379 552 1654 623 unitatis)?
1682 552 1759 608 Eo

207 642 390 711 quippe
414 640 717 695 minoratus
744 649 825 695 est
853 639 1036 706 Filius,
1068 643 1289 710 aequalis
1316 657 1634 712 permanens
1663 642 1761 696 Pa-

210 733 285 795 tri,
313 746 416 800 quo
444 731 498 785 in
527 731 927 786 similitudinem
952 733 1224 787 hominum
1247 734 1493 802 dignatus
1521 745 1602 789 est
1625 733 1759 790 ﬁeri.

209 823 313 894 Ipse
361 832 537 877 autem
587 838 647 878 se
692 824 956 878 minorem
1009 823 1150 887 fecit,
1179 826 1392 894 quando
1421 826 1762 895 semetipsum

209 914 500 977 exinanivit,
532 913 756 968 formam
784 915 923 969 servi
945 916 1232 984 accipiens.
1257 914 1454 971 Christi
1480 933 1640 986 porro
1662 919 1764 971 mi-

210 1006 424 1073 noratio,
454 1005 570 1075 ipsa
599 1014 680 1060 est
695 1008 1018 1072 exinanitio;
1051 1022 1150 1061 nec
1170 1015 1348 1062 tamen
1371 1007 1472 1061 alia
1490 1007 1583 1079 (at.
1599 1007 1764 1079 aliud)

207 1109 278 1155 est
308 1100 594 1155 exinanitio
623 1115 782 1169 quam
815 1097 1000 1154 formae
1028 1096 1236 1152 servilis
1262 1099 1524 1168 acceptio.

271 1191 350 1244 37.
389 1188 639 1246 Christus
667 1204 798 1258 ergo
819 1191 873 1244 in
903 1189 1072 1244 forma
1093 1187 1189 1244 Dei
1242 1205 1582 1260 permanens,
1635 1187 1766 1244 Uni-

207 1286 401 1350 genitus
425 1283 588 1349 Deus,
619 1283 704 1338 cui
732 1299 854 1338 cum
882 1281 1042 1337 Patre
1070 1283 1274 1336 hostias
1319 1281 1612 1348 offerimus,
1667 1283 1769 1337 for-

209 1389 335 1428 mam
357 1375 492 1430 servi
517 1375 811 1444 accipiens,
833 1372 1084 1430 sacerdos
1106 1381 1188 1428 est
1214 1361 1406 1440 factus,
1458 1389 1554 1444 per
1608 1388 1766 1443 quem

211 1466 419 1520 hostiam
448 1467 646 1533 vivam,
678 1474 936 1530 sanctam,
968 1463 1080 1520 Deo
1101 1465 1405 1535 placentem
1435 1463 1631 1520 olferre
1653 1481 1769 1535 pos-

216 1557 378 1610 simus.
408 1553 516 1610 Nec
548 1564 726 1609 tamen
758 1555 934 1609 hostia
961 1569 990 1607 a
1016 1555 1170 1608 nobis
1190 1553 1369 1608 oiierri
1411 1554 1693 1624 potuisset,
1723 1554 1767 1607 si

219 1644 434 1700 Christus
456 1661 555 1714 pro
581 1643 735 1699 nobis
766 1641 936 1698 factus
961 1645 1136 1698 hostia
1167 1660 1275 1698 non
1307 1641 1528 1698 luisset:
1563 1639 1616 1698 in
1661 1659 1768 1712 quo

221 1735 317 1803 ipsa
361 1745 545 1788 natura
590 1734 756 1789 nostri
783 1735 1017 1802 generis,
1044 1747 1169 1788 vera
1191 1743 1274 1788 est
1295 1732 1470 1788 hostia
1499 1734 1765 1788 salutaris.

1865 562 2149 624 propterea
2164 555 2320 605 verus
2331 557 2414 604 est
2435 547 2719 613 Sacerdos,
2744 549 2867 618 quia
2888 548 3237 616 semetipsum
3259 561 3444 600 veram

1867 656 1967 710 pro
1994 639 2147 694 nobis
2173 640 2402 694 hostiam
2426 637 2646 703 obtulit;
2669 636 2812 707 quod
2837 635 3128 706 Apostolus
3150 634 3448 688 indubitan-

1867 738 1950 783 tcr
1976 729 2227 791 afﬁrmat,
2259 727 2440 782 dicens
2465 744 2477 778 :
2511 725 2690 779 Estote
2713 741 2832 796 ergo
2853 725 3138 778 imitatores
3168 723 3284 787 Dei,
3316 723 3450 777 sicut

1865 819 1963 889 ﬁlii
1990 819 2276 880 carissimi;
2305 827 2354 870 et
2383 817 2640 869 ambulate
2675 817 2726 868 in
2757 815 3047 881 dilectione,
3069 816 3199 867 sicut
3218 821 3266 866 et
3295 809 3447 865 Chri-

1871 921 1981 965 stus
2010 911 2192 963 dilexit
2217 927 2330 972 nos,
2362 917 2411 962 et
2439 907 2622 961 obtulit
2649 908 2973 976 semetipsum
2994 923 3086 975 pro
3125 906 3271 959 nobis
3301 903 3452 958 able--

1869 1003 2058 1056 tionem
2101 1011 2150 1054 et
2195 1001 2413 1054 hostiam
2464 998 2572 1053 Deo
2617 999 2669 1051 in
2702 998 2910 1052 odorem
2938 995 3447 1070 suaeitatis(Ephes.

1869 1105 1922 1154 v,
1955 1089 2025 1159 l).
2053 1087 2154 1155 Qui
2183 1089 2366 1158 utique
2396 1101 2576 1142 veram
2609 1087 2837 1141 hostiam
2862 1102 2968 1142 non
2993 1087 3230 1150 oll‘erret,
3256 1087 3301 1141 si
3326 1101 3450 1141 car-

1869 1183 1951 1237 nis
1977 1183 2030 1236 in
2053 1197 2118 1238 eo
2139 1181 2338 1236 veritas
2369 1196 2475 1235 non
2516 1177 2720 1234 fuisset.
2754 1176 2925 1248 Hujus
2949 1179 3136 1234 hostite
3164 1177 3448 1232 veritatem

1868 1283 2152 1344 postquam
2178 1289 2206 1327 a
2237 1269 2463 1327 mortuis
2484 1273 2801 1335 resurrexit,
2829 1271 2942 1341 ipse
2981 1285 3221 1325 summus
3265 1267 3452 1325 Sacer-

1870 1363 1967 1418 dos
1989 1363 2263 1433 discipulis
2291 1364 2401 1418 suis
2422 1362 2676 1425 ostendit,
2704 1370 2757 1416 et
2778 1367 3213 1417 contrectandam
3235 1362 3452 1430 obtulit,

1869 1450 2053 1506 dicens
2077 1469 2089 1504 :
2121 1451 2342 1522 Palpate
2365 1461 2412 1504 et
2433 1452 2595 1504 ridete
2613 1451 2731 1519 quia
2761 1451 2972 1520 spiritus
2993 1468 3201 1504 carnem
3247 1459 3297 1504 et
3335 1467 3452 1506 ossa

1872 1559 1974 1597 non
1996 1543 2166 1610 habet,
2191 1545 2322 1596 sicut
2353 1559 2432 1596 me
2459 1544 2634 1597 ridetis
2661 1543 2845 1596 habere
2876 1541 3025 1613 (Luc.
3051 1559 3196 1609 xxw,
3230 1542 3342 1611 59).

1941 1635 2029 1687 '58.
2070 1635 2204 1690 Hinc
2256 1635 2416 1689 etiam
2459 1635 2590 1690 lides
2637 1644 2816 1690 nostra
2847 1635 3165 1690 discernitur
3193 1637 3259 1689 ab
3283 1635 3450 1708 Euty-

1872 1727 2040 1781 chetis
2066 1741 2279 1793 errore;
2310 1727 2400 1797 qni
2442 1727 2567 1782 licet
2616 1728 2947 1783 incarnatum
2981 1727 3212 1784 Verbum
3255 1744 3454 1799 negare

222 1827 278 1883 Ut
299 1829 430 1882 enim
454 1828 570 1898 ipse
603 1826 936 1896 Unigenitus,
968 1827 1060 1896 qui
1091 1842 1247 1881 verus
1270 1826 1583 1882 naturaliter
1628 1820 1769 1883 Deus
1799 1831 1846 1889 Β
1871 1833 1979 1871 non
2006 1817 2219 1884 audeat,
2250 1818 2416 1887 ipsam
2443 1827 2620 1872 tamen
2651 1818 2811 1872 Verbi
2840 1833 3053 1873 carnem
3084 1835 3206 1874 cum
3247 1835 3352 1874 non
3385 1819 3454 1874 fa-

221 1930 303 1988 est,
331 1936 480 1976 verus
511 1919 664 1975 ﬁeret
692 1927 746 1974 et
775 1915 1048 1984 sacerdos,
1098 1919 1150 1972 in
1201 1933 1428 1988 persona
1477 1917 1770 1973 divinitatis

222 2026 327 2076 sum,
347 2026 449 2066 non
495 2000 844 2065 humanitatis
872 2018 1069 2070 nostrze
1099 2024 1384 2079 personam
1411 2008 1659 2076 dignatus
1687 2016 1768 2062 est

225 2102 455 2171 accipere,
506 2099 602 2157 sed
649 2109 916 2154 naturam.
965 2099 1021 2154 Si
1069 2099 1210 2155 enim
1264 2107 1506 2153 naturam
1536 2098 1768 2153 hominis

225 2207 324 2246 cum
371 2205 600 2261 persona
646 2190 805 2245 simul
861 2189 1157 2260 accepisset
1183 2189 1235 2244 in
1267 2190 1357 2243 illo
1384 2189 1771 2245 lncarnationis

226 2282 449 2350 mysterio
469 2321 483 2346 ,
517 2296 626 2334 non
657 2275 798 2334 idem
830 2295 964 2334 unus
988 2278 1235 2333 Christus
1256 2279 1308 2332 in
1332 2278 1537 2332 duabus
1566 2279 1770 2334 naturis

225 2380 342 2425 esset
362 2371 494 2425 Deus
523 2375 580 2425 et
600 2370 784 2434 homo,
806 2369 901 2424 sed
930 2369 982 2422 in
1004 2368 1208 2423 duabus
1236 2367 1482 2438 personis
1520 2367 1658 2422 alter
1685 2383 1770 2424 es-

224 2471 289 2516 set
313 2461 461 2529 Deus,
493 2469 549 2516 et
577 2460 712 2514 alter
739 2460 924 2514 homo.
960 2458 1067 2514 Sed
1122 2459 1242 2514 ideo
1291 2475 1428 2513 unus
1474 2465 1555 2512 est
1609 2460 1771 2530 259

224 2553 452 2612 Christus.
484 2567 646 2609 verus
675 2551 770 2605 Dei
799 2560 854 2605 et
880 2551 1113 2606 hominis
1141 2549 1328 2616 Filius,
1351 2550 1472 2619 quia
1504 2543 1593 2604 ille
1643 2544 1771 2603 Uni-

224 2644 403 2712 genitus
422 2643 697 2710 Dominus,
727 2642 817 2711 qui
841 2657 1124 2711 personam
1147 2641 1420 2710 propriam
1442 2654 1655 2709 semper
1681 2631 1772 2692 ha-

224 2734 334 2798 buit,
362 2734 409 2787 in
428 2733 597 2802 ipsam
620 2747 904 2802 personam
926 2745 1077 2786 suam
1105 2725 1386 2785 veritatem
1418 2737 1621 2783 natura:
1657 2745 1766 2784 ser-

224 2823 319 2878 vilis
344 2825 561 2893 accepit.
590 2821 820 2877 Proinde
867 2821 1108 2876 Christus
1138 2820 1509 2891 inseparabilis
1556 2835 1768 2889 perma-

225 2923 317 2978 net,
344 2915 459 2983 quia
484 2927 607 2968 cum
637 2912 807 2966 altera
832 2912 900 2966 sit
930 2913 982 2966 in
1011 2925 1078 2966 eo
1104 2919 1293 2965 natura
1319 2909 1634 2972 divinitatis,
1691 2909 1768 2962 al-

226 3013 318 3058 tera
359 3010 484 3058 vero
530 3012 720 3058 natura
765 3002 998 3064 servilis,
1041 3003 1093 3055 in
1143 3017 1249 3056 uno
1270 3009 1449 3056 tamen
1477 3001 1773 3069 eodemque

225 3093 408 3150 Christo
429 3093 514 3147 illa
547 3107 775 3162 persona
804 3091 1094 3146 divinitatis
1113 3099 1347 3157 :Lternze,
1374 3091 1486 3160 ipsa
1509 3099 1591 3144 est
1611 3092 1770 3145 etiam

1874 1915 2016 1960 tetur
2044 1916 2311 1978 sumptam
2356 1907 2423 1962 dc
2451 1924 2612 1962 carne
2642 1902 2891 1976 Virginis,
2924 1909 3234 1980 mysterium
3262 1913 3453 1965 summi

1871 2008 2090 2066 prorsus
2118 2006 2342 2052 evaCuat
2369 1997 2695 2052 Sacerdotis.
2722 1997 2820 2052 Cui
2846 1999 3132 2068 Apustolus
3162 2000 3251 2054 illa
3295 2016 3456 2068 quam

1871 2086 2116 2155 superius
2138 2087 2290 2155 posui
2319 2087 2580 2141 sententia
2601 2087 2944 2142 contradicit:
2970 2085 3150 2142 Omnis
3166 2090 3457 2159 (inquiens)

1871 2181 2104 2250 pontifex
2126 2197 2190 2234 ea:
2222 2182 2508 2236 hominibus
2552 2193 2866 2254 assumptus,
2897 2201 2989 2254 pro
3015 2185 3306 2238 hominibus
3331 2202 3459 2240 con-

1870 2271 2098 2324 stituitur
2138 2273 2189 2324 in
2237 2273 2315 2326 his
2361 2289 2474 2344 qua:
2505 2279 2620 2327 sunt
2661 2273 2729 2326 ad
2776 2273 2938 2328 Deum
2973 2273 3159 2342 (Hebr.
3191 2291 3242 2341 v,
3277 2275 3349 2346 l).
3396 2275 3459 2330 Et

1871 2360 1978 2416 alio
2008 2361 2132 2416 loco
2167 2380 2178 2415 :
2214 2361 2483 2434 Nusquam
2529 2366 2665 2418 enim
2713 2366 2922 2435 angelos
2971 2367 3328 2436 apprehendit,
3370 2367 3460 2420 sed

1871 2461 2042 2505 senten
2074 2451 2294 2506 Abrahae
2339 2453 2696 2520 apprehendit.
2755 2453 2902 2508 Unde
2951 2453 3122 2508 debuit
3149 2472 3240 2525 per
3285 2457 3460 2509 omnis

1873 2539 2117 2610 fratribus
2160 2541 2402 2606 similari,
2434 2551 2488 2593 ut
2521 2542 2813 2595 misericors
2844 2543 3009 2611 fieret,
3037 2543 3197 2614 ρει)
3221 2554 3270 2596 et
3289 2543 3460 2614 fidelis

1871 2632 2106 2698 pontifex
2153 2630 2221 2682 ad
2275 2629 2457 2696 Deum,
2510 2640 2566 2683 ut
2618 2631 2980 2700 repropitiaret
3039 2632 3226 2685 delicta
3283 2633 3463 2703 pepuli

1872 2718 2058 2788 (Hebr.
2086 2727 2144 2784 li,
2178 2718 2285 2786 16).
2315 2717 2428 2772 Hoc
2482 2719 2660 2787 itaque
2708 2729 2958 2774 sermone
3002 2735 3108 2789 quo
3153 2736 3250 2790 per
3276 2719 3462 2776 Jesum

1873 2809 2145 2864 Christum
2177 2825 2273 2863 nos
2312 2808 2643 2863 ostendimus
2671 2819 2882 2864 nostras
2923 2811 3198 2864 orationes
3242 2810 3458 2869 oll'erre.

1874 2915 2001 2955 vera
2033 2901 2162 2955 lldes
2191 2900 2339 2954 omni
2361 2901 2529 2954 errori
2561 2901 2827 2965 renititur,
2869 2902 2960 2971 qui
2991 2901 3042 2955 in
3076 2902 3290 2957 Christo
3317 2903 3461 2956 veri-

1875 3001 2038 3046 tatem
2068 2991 2285 3046 humani
2315 2991 2558 3062 corporis
2580 3007 2686 3046 non
2709 2992 2924 3047 fatetur.
2944 2991 3048 3047 Sed
3069 2992 3192 3062 quia
3217 2991 3464 3048 Christus

1878 3098 1982 3138 non
2012 3084 2184 3138 solum
2215 3097 2374 3138 verus
2415 3084 2598 3149 homo,
2631 3084 2723 3139 sed
2756 3091 2811 3138 et
2850 3099 3006 3139 verus
3030 3092 3113 3139 est
3141 3085 3462 3140 naturaliter

225 3181 539 3236 humanitatis
563 3190 864 3251 assumptae.
913 3179 1204 3250 Propterea
1235 3180 1374 3235 idem
1425 3187 1585 3249 atque
1636 3193 1772 3234 unus
1802 3188 1846 3249 ρ
1879 3177 2037 3242 Deus,
2069 3187 2124 3231 et
2173 3193 2308 3231 unus
2359 3193 2480 3232 cum
2511 3175 2670 3232 Patre
2716 3188 2770 3232 ct
2815 3177 3016 3249 Spiritu
3069 3189 3257 3234 sancto
3299 3180 3460 3243 Deus,

227 3279 293 3324 est
309 3271 560 3332 Christus,
594 3286 752 3339 quem
795 3279 851 3324 et
878 3270 1036 3339 paulo
1068 3270 1330 3327 minorem
1361 3271 1428 3324 ab
1453 3269 1653 3338 angelis
1683 3286 1771 3324 os-

228 3363 371 3417 tendit
396 3363 638 3432 acceptio
669 3363 852 3417 formae
872 3362 1104 3430 servilis,
1127 3370 1179 3416 et
1199 3363 1459 3431 :equalcm
1492 3361 1633 3414 l'atri
1681 3361 1774 3414 dc-

228 3463 459 3508 moustrat
478 3455 654 3509 unitas
680 3453 957 3508 naturalis.
987 3451 1045 3506 in
1073 3468 1180 3522 quo
1203 3461 1539 3507 sacramento
1567 3452 1644 3505 sic
1690 3451 1773 3505 of-

228 3544 479 3599 lenderunt
505 3544 710 3606 Ariani,
736 3553 794 3598 ut
813 3543 1152 3598 attendentes
1179 3543 1233 3598 in
1255 3557 1320 3598 eo
1345 3541 1575 3597 cilicium
1597 3555 1775 3595 sacer-

231 3632 367 3697 dotis,
401 3637 605 3691 nollent
628 3649 648 3670 ο
682 3631 1050 3690 celsitudinem
1080 3635 1351 3704 suscipere
1380 3632 1614 3687 deitatis.
1646 3629 1774 3686 inde

231 3726 444 3795 estquod
473 3727 636 3781 etiam
657 3727 736 3782 sic
753 3727 937 3781 dieunt
966 3745 977 3778 :
1013 3725 1192 3780 Gloria
1215 3725 1365 3779 Patri
1411 3743 1502 3794 per
1558 3723 1776 3791 Filium,

236 3825 284 3870 ut
306 3819 458 3873 nolint
479 3819 677 3885 dicere,
711 3817 888 3873 Gloria
921 3818 1073 3872 Patri
1101 3828 1148 3872 et
1176 3817 1337 3870 Filio.
1365 3815 1626 3883 Quoniam
1649 3828 1778 3883 ergo

234 3919 338 3963 sunt
379 3911 611 3966 barretlci
663 3911 751 3980 qui
803 3911 996 3965 Filium
1043 3926 1162 3965 cum
1194 3907 1354 3963 Patre
1382 3909 1539 3962 unius
1567 3909 1780 3964 deitatis

235 4012 333 4054 esse
352 4015 448 4054 non
473 3999 701 4056 credunt
720 4000 768 4064 ιι,
796 4001 925 4056 item
946 4008 1071 4055 sunt
1085 4000 1173 4054 alii
1199 4000 1288 4068 qui
1311 3998 1590 4052 veritatem
1602 3999 1780 4054 carnis

237 4088 279 4142 in
298 4089 380 4144 Dei
407 4087 538 4147 Filio
569 4105 767 4159 negare
791 4106 899 4146 non
929 4099 1204 4154 metuant;
1247 4091 1388 4143 hunc
1432 4087 1604 4142 locum
1653 4103 1781 4141 con-

237 4189 346 4244 grue
369 4188 523 4251 atque
545 4181 746 4234 utiliter
767 4175 954 4234 Patres
973 4179 1292 4234 sanctissimi
1314 4185 1623 4248 posuerunt.
1647 4175 1780 4229 Nam

239 4281 338 4322 cum
359 4287 449 4325 nos
476 4265 810 4328 ostendimus
837 4287 934 4343 per
957 4280 1216 4326 internum
1273 4261 1618 4325 Sacerdotem
1674 4265 1780 4322 Do-

239 4359 409 4415 minum
432 4362 702 4418 Christum
728 4372 938 4418 nostras
967 4362 1237 4417 orationes
1283 4361 1484 4428 ollerri,
1515 4375 1696 4414 veram
1729 4360 1780 4414 in

237 4465 293 4506 eo
315 4470 515 4510 carnem
542 4457 709 4510 nostri
731 4446 942 4524 generis
969 4451 1314 4517 conﬁtemur;
1338 4446 1629 4506 secundum
1655 4450 1780 4504 illud

1874 3270 2030 3337 digne
2057 3270 2282 3325 dicimus
2307 3268 2417 3324 Deo
2442 3268 2585 3324 Patri
2613 3289 2624 3322 :
2648 3272 2733 3340 qui
2766 3281 2926 3324 tecum
2956 3271 3072 3326 uiuit
3093 3282 3140 3326 et
3168 3281 3371 3344 regnat,
3405 3273 3460 3327 in

1878 3361 1962 3414 illa
1993 3361 2177 3429 utique
2207 3361 2408 3415 unitate
2436 3363 2664 3416 naturali
2687 3378 2846 3432 quam
2876 3364 3182 3428 ostendens,
3217 3365 3322 3418 ait:
3349 3363 3463 3436 Ego

1877 3461 1924 3505 et
1971 3450 2129 3504 Pater
2182 3468 2338 3504 unum
2390 3466 2562 3505 sumus
2627 3451 2804 3519 (loan.
2839 3463 2890 3515 x,
2921 3453 3033 3523 50).
3069 3451 3166 3507 Ubi
3217 3454 3464 3508 similiter

1879 3543 2010 3598 ﬁdes
2057 3555 2259 3612 nostra,
2292 3559 2396 3598 non
2427 3544 2599 3598 solum
2647 3545 2713 3599 ab
2745 3545 2854 3598 Arii
2899 3553 2954 3601 et
3000 3545 3238 3610 Sabellii,
3273 3562 3460 3602 verum

1879 3634 2040 3687 etiam
2068 3649 2099 3688 a
2148 3633 2376 3688 Nestorii
2419 3641 2604 3689 errore
2632 3634 2991 3690 discernitur:
3022 3637 3073 3690 in
3117 3637 3234 3707 ipso
3263 3638 3463 3709 quippe

1880 3728 2099 3781 unitatis
2131 3727 2393 3782 vocabulo
2426 3728 2564 3782 sicut
2594 3728 2766 3783 Patris
2793 3735 2848 3784 et
2879 3729 2998 3784 Filii
3027 3730 3237 3786 diversa
3260 3747 3462 3801 cogno-

1880 3819 2045 3873 scitur
2061 3834 2162 3872 non
2187 3832 2302 3871 esse
2318 3818 2637 3883 substantia,
2665 3819 2736 3873 ita
2765 3835 2886 3874 cum
2917 3819 3158 3886 dicimus,
3187 3823 3273 3893 qui
3301 3833 3464 3876 tecum

1881 3906 1999 3960 vivit
2021 3916 2070 3960 et
2097 3916 2298 3978 regnat,
2327 3907 2626 3962 ostenditur
2655 3906 2830 3963 Patris
2857 3921 2911 3964 et
2936 3909 3053 3965 Filii
3076 3927 3179 3968 una
3210 3928 3314 3967 non
3344 3929 3464 3968 esse

1881 4012 2130 4066 persona.
2171 3999 2407 4068 Apparet
2436 3998 2596 4053 etiam
2626 4008 2885 4054 :eternum
2917 3999 3264 4057 Sacerdotem
3292 4004 3464 4072 ipsum

1881 4105 2067 4144 verum
2097 4089 2285 4144 Filium
2315 4105 2450 4154 esse,
2476 4091 2566 4159 qui
2591 4107 2713 4146 cum
2745 4092 2856 4146 Deo
2875 4093 3032 4149 Patre
3054 4104 3240 4164 regnat
3267 4095 3316 4148 in
3348 4097 3466 4150 uni-

1885 4189 1994 4234 tate
2026 4189 2243 4235 natum.
2274 4181 2405 4234 Cum
2439 4195 2567 4236 vero
2615 4183 2667 4236 in
2709 4186 2906 4236 unitate
2936 4183 3164 4253 Spiritus
3193 4187 3359 4239 sancti
3385 4186 3466 4241 di-

1885 4270 2070 4335 cimus,
2103 4287 2259 4325 unam
2291 4281 2536 4326 naturam
2566 4273 2798 4342 Spiritus
2825 4273 2994 4328 sancti
3024 4290 3144 4328 cum
3175 4273 3330 4328 Patre
3373 4274 3465 4330 Fi-

1884 4361 2063 4432 lioque
2091 4369 2466 4416 monstramus.
2505 4360 2694 4415 Unitas
2723 4370 2901 4415 autem
2933 4371 3136 4416 natura:
3176 4363 3298 4431 quid
3323 4365 3466 4432 aliud

1887 4457 2046 4520 quam
2068 4449 2380 4505 Trinitatem
2402 4467 2564 4506 unum
2596 4452 2780 4518 Deum,
2812 4462 2866 4506 et
2885 4468 2950 4507 ex
2975 4453 3078 4507 hoc
3100 4470 3258 4507 unum
3282 4463 3467 4508 osten~

237 4545 357 4611 quod
376 4545 662 4616 Apostolus
691 4545 819 4601 dicit
844 4563 855 4596 :
893 4545 1077 4598 Omnis
1097 4544 1233 4596 enim
1257 4541 1492 4613 pontifex
1520 4557 1582 4594 ea:
1613 4540 1778 4594 homi-
1812 4546 1861 4604 D
1886 4540 1963 4594 dit
1991 4550 2045 4594 et
2074 4543 2330 4609 regnum?
2363 4541 2650 4615 Diversitas
2698 4544 2896 4613 quippe
2941 4552 3144 4598 natura:
3184 4552 3361 4613 potest
3411 4546 3465 4601 in

236 4633 363 4688 nibus
389 4645 698 4707 assumptus,
728 4653 821 4706 pro
843 4634 1129 4688 hominibus
1152 4634 1474 4687 constituitur
1496 4633 1546 4684 in
1570 4631 1647 4684 his
1669 4647 1782 4700 qua

236 4735 334 4778 sunt
368 4729 434 4780 ad
456 4728 640 4792 Deum,
670 4737 724 4780 ut
745 4730 927 4796 oﬁ'erat
958 4728 1095 4780 dona
1123 4738 1142 4766 ε
1167 4737 1215 4780 et
1245 4727 1504 4795 sacriﬁcia
1547 4742 1639 4794 pro
1668 4740 1784 4794 pec-

236 4818 346 4870 catis
377 4817 558 4888 (Hebr.
592 4835 644 4882 v,
679 4819 754 4885 l).
794 4818 928 4871 Cum
960 4833 1088 4873 vero
1118 4817 1344 4872 dicimus
1381 4806 1576 4868 Filium
1621 4827 1779 4877 tuum,

233 4913 280 4956 et
299 4907 588 4974 adjicimus,
620 4909 705 4979 qui
736 4919 898 4961 tecum
929 4897 1044 4962 vivit
1066 4917 1116 4960 et
1142 4915 1324 4975 regnat
1346 4906 1399 4958 in
1421 4906 1618 4968 unitate
1662 4903 1783 4974 Spi-

234 4996 344 5050 ritus
365 5001 548 5064 sancti,
577 4999 722 5052 illam
748 4999 930 5067 utique
970 4998 1231 5052 unitatem
1277 5010 1780 5058 commemoramus,

233 5097 373 5151 quam
420 5088 734 5142 naturaliter
774 5089 936 5142 habet
988 5085 1146 5141 Pater
1187 5100 1240 5140 et
1270 5079 1436 5140 Filius
1464 5095 1519 5139 et
1555 5085 1785 5156 Spiritus

234 5187 429 5234 sanctus
453 5198 463 5232 :
500 5179 588 5234 ubi
612 5169 915 5235 ostenditur
943 5179 1081 5234 idem
1113 5179 1228 5249 ipse
1251 5176 1492 5231 Christus
1513 5193 1609 5248 pro
1634 5176 1789 5231 nobis

234 5269 529 5325 sacerdotali
564 5269 778 5324 functus
822 5270 1019 5335 ofﬁcio,
1077 5262 1161 5326 cui
1218 5269 1475 5324 naturalis
1503 5280 1584 5324 est
1615 5271 1788 5324 unitas

235 5371 342 5413 cum
370 5359 526 5417 Patre
551 5370 607 5416 et
635 5360 838 5431 Spiritu
865 5371 1071 5416 saneto.
1104 5353 1256 5424 Vide,
1285 5377 1483 5430 qumso,
1508 5363 1690 5430 quanti
1720 5377 1784 5418 ex

233 5442 324 5502 hoc
346 5451 729 5506 convincantur
753 5450 1010 5506 haeretici.
1045 5444 1417 5521 Principaliter
1437 5452 1576 5505 enim
1607 5461 1786 5508 nostra

232 5530 404 5592 ﬁdesa
432 5536 851 5594 Manichaeorum
896 5554 1080 5595 errore
1132 5538 1469 5605 discernitur,
1526 5555 1643 5592 eum
1696 5557 1790 5609 per

295 5717 317 5746 ³
346 5708 442 5766 Ms.
471 5713 638 5778 Thn.,
661 5729 763 5766 non
787 5714 1037 5767 noverint.

292 5777 318 5821 δ
345 5781 491 5846 Δηι.,
520 5799 622 5835 non
641 5783 874 5837 credant.

501 5875 773 5934 Parnot.
821 5873 1010 5935 LXV.

1888 4643 2052 4700 regno
2081 4631 2444 4686 diversitatem
2476 4635 2756 4702 potestatis
2784 4635 3086 4690 ostendere.
3139 4634 3236 4690 Ubi
3286 4645 3464 4691 autem

1889 4725 2035 4791 regii
2068 4725 2323 4780 naturalis
2343 4735 2425 4780 est
2454 4726 2650 4792 unitas,
2692 4741 2792 4780 una
2822 4727 3072 4794 regnandi
3117 4737 3390 4796 permanet
3412 4740 3467 4783 et

1890 4824 2126 4884 potestas
2158 4829 2170 4867 :
2203 4815 2253 4868 in
2286 4816 2376 4870 illo
2398 4827 2576 4870 autem
2601 4830 2766 4883 regno
2797 4816 2868 4870 illi
2892 4817 3252 4870 diversitatem
3280 4826 3465 4887 potes-

1889 4906 2010 4961 tatis
2038 4907 2234 4961 habere
2281 4914 2532 4977 possunt,
2563 4907 2757 4977 quibus
2806 4908 2918 4976 ipsa
2948 4916 3190 4976 potestas
3220 4908 3468 4962 tribuitur

1888 5015 1952 5052 ex
1977 4999 2165 5066 gratia,
2197 5015 2301 5054 non
2328 5001 2563 5070 suppetit
2585 5016 2647 5053 ex
2673 5009 2884 5054 natura.
2927 4999 3040 5053 Non
3082 5008 3163 5054 est
3188 5009 3364 5054 autem
3386 4999 3466 5054 dl-

1889 5089 2131 5154 versitas,
2155 5089 2249 5145 sed
2271 5091 2445 5147 unitas
2467 5091 2748 5161 potestatis
2777 5091 2828 5143 in
2844 5091 3122 5155 Trinitate,
3151 5106 3268 5161 quze
3297 5090 3464 5158 ipsam

1888 5187 2210 5248 potestatem
2235 5181 2518 5250 unicuique
2545 5179 2836 5234 secundum
2885 5196 3036 5234 suam
3067 5181 3248 5234 tribuit
3273 5179 3465 5233 volun-

1891 5275 2072 5334 tatem,
2125 5269 2248 5338 quia
2281 5271 2576 5325 naturalem
2617 5269 2776 5323 habet
2817 5269 3156 5324 ineii'abiliter
3184 5269 3461 5323 unitatem.

1890 5356 2023 5411 Vide
2049 5370 2228 5413 autem
2275 5360 2401 5428 quid
2430 5359 2620 5413 beatus
2673 5359 2998 5427 Augustinus
3042 5359 3094 5413 in
3145 5358 3280 5412 libro
3309 5364 3464 5412 sexto

1891 5448 2042 5520 (Cap.
2073 5465 2129 5518 ν)
2165 5449 2232 5504 de
2278 5449 2540 5505 Trinitate
2569 5451 2769 5505 sentiat
2791 5451 2858 5505 de
2887 5449 3090 5520 Spiritu
3113 5456 3320 5511 sancto,
3375 5449 3460 5501 uhi

1890 5540 2112 5597 dicens:
2145 5541 2287 5614 Ergo
2329 5543 2541 5613 (equalis
2577 5552 2654 5596 est
2707 5541 2859 5596 Patri
2902 5541 3097 5608 Filius,
3125 5549 3174 5596 et
3209 5549 3286 5595 est
3313 5541 3459 5601 unius

1971 5728 1994 5757 ⁸
2027 5717 2172 5786 Aat.,
2199 5730 2258 5773 ut
2277 5719 2460 5787 oﬂ'erat
2482 5719 2589 5776 Deo
2619 5723 2775 5776 dona.

2915 5876 2988 5942 ιδ
