4066 6346
431 293 535 348 ΑΞἹ

1444 292 1495 348 5.
1543 292 1905 348 ΡϋιϐΕΝΤΙΙ
1945 293 2244 350 EPISCOPI
2285 295 2651 354 BUSPENSIS

3583 298 3685 365 λεδ

425 402 751 475 ejusdemque
771 402 1087 468 substantitz,
1106 402 1361 458 continuo
1375 401 1664 472 subiunxit,
1686 404 2009 475 Quapropter
2035 408 2089 468 Α
2109 406 2341 474 luerunt,
2369 418 2427 464 ut
2455 425 2563 466 non
2592 410 2726 467 duos
2751 411 2943 470 calices
2971 430 3001 469 a
3033 413 3260 472 Domino
3288 397 3455 473 datos.
3472 432 3685 477 assere-

430 492 657 563 Spiri:us
676 499 887 546 sanctus
913 491 968 545 in
995 491 1175 545 eadem
1205 492 1400 546 unitate
1427 491 1729 549 substantia:
1749 503 1799 548 et
1833 511 2007 565 cuqua-

428 583 572 636 litate
596 584 832 637 consistit
858 580 950 653 (al.
981 581 1258 651 subsistit).
1290 582 1411 639 Sive
1438 587 1576 640 enim
1602 586 1670 639 sit
1697 586 1871 641 unitas
1891 603 2005 640 am-

431 674 627 741 barum,
648 677 750 729 sive
770 674 1158 739 sanctitas,sive
1178 675 1393 743 caritas,
1422 677 1525 731 sire
1553 678 1666 731 ideo
1686 678 1860 732 unitas
1887 679 2008 750 quia

429 768 644 834 caritas,
675 775 723 821 et
752 766 865 822 ideo
895 768 1086 820 caritas
1112 768 1233 839 quia
1273 769 1553 834 sanctitas,
1579 771 1908 841 manifestum
1934 778 2009 825 est

430 854 566 926 quod
589 871 691 909 non
722 853 909 924 aliquis
938 853 1153 908 duorum
1182 863 1259 908 est
1293 871 1391 927 quo
1418 865 1630 927 uterque
1656 858 2003 929 conjungitur,

427 962 524 1014 quo
553 945 752 1016 genitus
780 961 811 996 a
839 943 1077 1016 gignente
1096 945 1362 1015 diligatur,
1386 957 1834 1019 generatoremque
1861 965 2011 1003 suum

427 1035 643 1107 diligat;
670 1037 872 1106 sintque
913 1051 1016 1090 non
1063 1036 1491 1106 participatione,
1523 1037 1615 1092 sed
1638 1040 1857 1093 essentia
1883 1056 2025 1111 sua;

427 1141 586 1194 neque
613 1124 748 1180 dono
776 1126 1057 1195 superioris
1085 1126 1308 1197 alicujus
1328 1168 1342 1190 .
1386 1126 1478 1182 sed
1524 1143 1617 1182 suo
1645 1130 1875 1199 proprio,
1903 1144 2010 1182 ser-

425 1228 603 1274 vantes
630 1220 878 1274 unitatem
927 1218 1156 1290 Spiritus
1201 1222 1254 1273 in
1296 1221 1501 1275 vinculo
1539 1224 1703 1293 pacis.
1740 1222 1807 1275 Et
1849 1222 2009 1294 paulo

425 1317 548 1377 post
569 1307 816 1381 (Ibidem)
850 1326 863 1362 :
898 1310 1124 1379 Spiritus
1152 1328 1273 1381 ergo
1295 1320 1505 1365 sanctus
1528 1328 1794 1367 commune
1815 1312 2011 1384 aliquid

425 1410 502 1457 est
532 1400 710 1455 Patris
724 1408 774 1455 et
799 1398 946 1466 Filii,
985 1403 1231 1474 quidquid
1257 1404 1386 1457 illud
1414 1412 1491 1458 est
1514 1421 1532 1458 :
1564 1412 1617 1459 at
1645 1405 1759 1474 ipsa
1782 1421 2010 1458 comatu-

429 1490 514 1545 nio
544 1488 996 1545 consubstantialis
1024 1501 1073 1546 et
1103 1502 1379 1547 cca-terna.
1405 1493 1534 1557 Qua:
1558 1496 1604 1548 si
1625 1495 1856 1548 amicitia
1881 1510 2009 1549 con--

426 1583 688 1637 venienter
713 1583 815 1637 dici
843 1593 1030 1654 potest,
1073 1585 1310 1650 dicatur;
1340 1587 1430 1642 sed
1459 1590 1630 1658 aptius
1659 1589 1848 1643 dicitur
1874 1591 2011 1643 cari-

428 1683 525 1729 tas.
550 1674 621 1728 Et
647 1676 756 1730 Ita’c
783 1693 979 1747 quoque
1023 1676 1332 1742 substantia,
1376 1680 1498 1750 quia
1538 1678 1677 1734 Deus
1712 1679 2009 1735 substantia

2109 506 2249 567 rent,
2279 501 2373 556 sed
2398 498 2577 572 potius
2602 517 2703 573 per
2729 505 3168 575 anticipationem
3210 508 3410 564 dictum
3441 523 3563 566 esse
3593 510 3687 565 ﬁr—

2108 599 2353 657 marent;
2411 590 2665 648 cieterum
2693 610 2854 649 unum
2897 612 3017 653 esse
3069 598 3290 653 calicem
3319 600 3410 669 qui
3436 608 3492 655 et
3530 611 3687 659 antea

2110 680 2445 747 dividendus,
2472 692 2527 739 et
2553 693 2738 755 postea
2769 686 3031 744 bibendus
3059 701 3512 749 commemoratur
3536 694 3692 751 datus

2109 785 2229 828 esse
2257 772 2550 843 discipulis.
2581 774 2805 842 Quidam
2835 793 2966 832 vero
2987 779 3222 836 secundo
3251 781 3432 836 datum
3465 784 3688 841 calicbm

2112 861 2342 918 lirmant.
2367 863 2469 918 Sed
2492 865 2607 920 sive
2636 866 2758 933 hoc,
2788 868 2900 922 sive
2927 867 3059 923 illud
3085 871 3311 940 quisque
3334 874 3548 937 sentiat,
3573 876 3693 932 talis

2110 962 2192 1008 est
2219 964 2444 1026 uterque
2467 973 2675 1025 sensus,
2705 967 2761 1013 ut
2791 975 2821 1014 a
2851 976 2974 1015 vera
3007 960 3107 1017 ﬁde
3128 963 3433 1021 nullatenus
3457 964 3697 1022 invenia-

2110 1053 2199 1100 tur
2220 1056 2532 1108 extraneus.
2562 1049 2624 1104 Hi
2654 1067 2782 1106 vero
2822 1052 2914 1121 qui
2962 1054 3253 1109 secundum
3309 1054 3413 1125 (al.
3444 1057 3690 1127 secundo)

2110 1137 2290 1190 datum
2312 1138 2621 1193 existimant
2642 1140 2886 1205 calicem,
2905 1142 3008 1197 hoc
3028 1141 3223 1199 factum
3242 1144 3294 1198 in
3309 1145 3695 1213 signiﬁcatione

2110 1227 2357 1284 dixerunt
2386 1247 2399 1282 :
2428 1231 2517 1286 alii
2547 1241 2851 1288 asserentes
2871 1235 3013 1302 quod
3041 1235 3092 1289 in
3120 1237 3294 1305 primo
3318 1236 3489 1292 calice
3517 1253 3691 1303 suam,

2113 1319 2164 1372 in
2189 1321 2425 1375 secundo
2454 1338 2582 1377 vero
2605 1322 2835 1379 lidelium
2859 1341 3079 1380 suorum
3111 1326 3365 1383 Dominus
3386 1329 3693 1399 prmﬁgura-

2110 1409 2249 1463 verit
2277 1411 2602 1479 passionem.
2636 1411 2737 1466 Alii
2766 1429 2892 1467 vero
2915 1413 3159 1469 dixerunt
3192 1416 3244 1469 in
3268 1425 3497 1486 utroque
3525 1417 3695 1473 calice

2112 1497 2240 1552 iIlud
2270 1500 2499 1566 ostendi,
2522 1500 2668 1571 quod
2696 1502 2746 1555 in
2778 1503 2960 1557 Veteri
2991 1503 3337 1559 Testamento
3367 1516 3691 1577 prmceptum

2113 1597 2196 1643 est
2225 1588 2423 1657 (Exod.
2451 1607 2543 1653 χιι,
2576 1592 2638 1655 5;
2664 1589 2825 1645 Num.
2862 1609 2932 1655 ix,
2960 1592 3071 1661 ll),
3102 1604 3160 1648 ut
3186 1595 3277 1663 qui
3308 1593 3512 1651 Pascha
3534 1596 3692 1667 primi

2114 1680 2312 1734 mensis
2355 1693 2548 1748 agnum
2605 1681 2936 1737 comedendo
2967 1700 3074 1738 non
3125 1686 3314 1752 egerit,
3366 1685 3416 1740 in
3458 1685 3695 1743 secundo

424 1776 475 1824 et
520 1766 662 1823 Deus
690 1769 880 1823 caritas
930 1768 983 1841 (I
1010 1768 1167 1824 Joan.
1206 1786 1277 1836 tv,
1313 1768 1434 1839 16),
1466 1772 1598 1824 sicut
1624 1773 1869 1842 scriptum
1909 1779 2002 1824 est.
2038 1774 2085 1832 B
2111 1783 2296 1825 mense
2325 1768 2377 1823 in
2424 1768 2569 1824 hzedi
2624 1772 2955 1827 comestione
2986 1783 3227 1842 peragat.
3262 1774 3483 1830 Videtur
3514 1785 3693 1831 autem

425 1857 556 1914 Item
599 1859 706 1915 alio
730 1859 853 1915 loco
881 1859 1118 1930 ejusdem
1168 1860 1289 1916 libri
1332 1860 1553 1932 (Eodem
1578 1879 1691 1933 cap.
1725 1861 1790 1932 5)
1837 1862 2003 1918 dicit:

426 1947 673 2022 Equalis
694 1958 769 2004 est
794 1940 951 2021 igitur
972 1951 1127 2004 etiam
1151 1950 1380 2023 Spiritus
1413 1962 1653 2017 sanctus;
1683 1962 1733 2006 et
1760 1954 1805 2006 si
1835 1968 2008 2024 requa-

428 2041 513 2107 lis,
569 2041 625 2095 in
675 2039 909 2096 omnibus
955 2042 1171 2113 arqualis
1208 2051 1419 2114 propter
1463 2059 1713 2097 summam
1760 2042 2008 2113 simplici-

427 2140 586 2185 tatem
627 2149 741 2203 quaa
780 2134 833 2186 in
871 2133 965 2188 illa
1002 2133 1293 2188 substantia
1333 2145 1429 2190 est.
1476 2134 1543 2189 Et
1593 2136 1709 2191 ideo
1750 2153 1852 2191 non
1890 2151 2005 2191 am-

424 2221 560 2292 plius
608 2239 761 2294 quant
812 2224 911 2277 tria
960 2231 1079 2277 sunt
1121 2240 1141 2278 :
1189 2240 1321 2279 unus
1380 2226 1602 2298 diligens
1648 2244 1762 2282 eum
1816 2228 1902 2300 qui
1944 2229 2009 2282 de

417 2313 515 2367 illo
554 2322 647 2378 est,
687 2322 738 2367 et
759 2330 891 2367 unus
927 2314 1147 2386 diligens
1176 2331 1292 2369 eum
1330 2315 1394 2371 de
1421 2334 1519 2387 quo
1554 2326 1649 2385 est,
1687 2328 1737 2373 et
1770 2321 1885 2389 ipsa
1921 2320 2006 2374 di-

414 2405 610 2459 lectio:
639 2420 753 2475 qua:
789 2406 834 2459 si
871 2405 1000 2460 nihil
1035 2414 1129 2471 est,
1179 2407 1431 2477 quomodo
1476 2407 1617 2462 Deus
1658 2410 1860 2465 dilectio
1895 2420 1971 2464 est
1984 2411 2009 2463 1'

409 2498 469 2550 .si
497 2512 601 2551 non
632 2504 709 2551 est
745 2495 1057 2564 substantia,
1100 2498 1352 2569 quomodo
1391 2498 1529 2553 Deus
1577 2499 1867 2555 substantia
1894 2502 2008 2556 est?

410 2585 519 2641 liis
546 2587 729 2656 itaque
759 2587 940 2642 verbis
983 2587 1173 2643 beatus
1209 2587 1536 2656 Augustinus
1572 2606 1678 2644 non
1718 2590 2002 2654 dubitavit,

404 2682 564 2738 csieut
602 2682 883 2739 caritatem
929 2689 984 2736 et
1032 2680 1372 2738 sanctitatem
1399 2720 1415 2747 ,
1449 2681 1529 2739 sic
1556 2683 1716 2737 etiam
1745 2683 2006 2739 unitatem

427 2774 598 2828 Patris
633 2780 689 2830 et
717 2772 836 2827 Filii
875 2771 1132 2842 Spiritum
1167 2781 1411 2827 sanctum
1449 2772 1659 2841 dicere;
1703 2789 1805 2829 nec
1831 2774 2005 2843 solum

422 2877 711 2918 commune
751 2861 950 2932 aliquid
989 2877 1207 2929 eorum,
1243 2862 1336 2917 sed
1374 2862 1534 2917 etiam
1574 2865 2007 2919 communionem

420 2951 932 3007 consubstantialem
969 2959 1400 3022 ceteternamque
1458 2952 1774 3008 ﬁducialiter
1816 2955 2006 3025 βιωάί-

421 3056 568 3097 care.
600 3040 754 3108 Quod
781 3042 963 3110 utique
1001 3040 1121 3096 ideo
1170 3056 1201 3095 a
1251 3043 1530 3098 catholicis
1583 3043 1796 3109 dicitur,
1830 3055 1887 3099 ut
1937 3059 2002 3100 ex

2108 1857 2197 1913 hic
2225 1859 2355 1913 mihi
2379 1859 2543 1915 etiam
2584 1860 2729 1916 aliud
2757 1860 3028 1932 quoddam
3057 1880 3348 1933 congruum
3382 1866 3689 1923 christiana

2109 1946 2229 2003 ﬁdei
2259 1950 2483 2020 reperiri
2508 1952 2836 2022 mysterium,
2865 1955 2998 2008 utin
3039 1963 3270 2026 utroque
3289 1957 3456 2013 calice
3485 1966 3693 2013 utrum-

2109 2054 2214 2109 que
2242 2040 2462 2110 intelligi
2509 2041 2709 2097 debeat
2763 2042 3184 2099 Testamentum.
3217 2043 3521 2100 Prmsertim
3565 2046 3693 2117 quia

2110 2130 2214 2185 hoc
2234 2131 2390 2186 nobis
2415 2132 2493 2187 sic
2521 2132 2635 2202 ipsa
2658 2132 3049 2188 demonstravit
3075 2134 3301 2200 Veritas,
3334 2142 3394 2188 ut
3424 2135 3567 2189 nulla
3598 2151 3688 2191 re-

2107 2230 2350 2277 maneret
2373 2223 2732 2291 qua-rentibus
2772 2223 3053 2279 difﬁcultas
3084 2243 3098 2277 :
3132 2241 3256 2279 nam
3286 2225 3402 2296 ipse
3432 2225 3694 2280 Dominus

2106 2312 2326 2368 calicem
2356 2329 2515 2383 quem
2540 2314 2828 2370 bibendum
2852 2316 3016 2381 dedit,
3057 2316 3263 2372 Novum
3306 2318 3578 2387 appellare
3608 2317 3691 2373 di-

2105 2404 2297 2471 gnatus
2319 2410 2402 2458 cst
2423 2401 2844 2471 Testamentum,
2873 2404 3017 2474 quod
3052 2405 3346 2474 evangelici
3388 2413 3544 2461 tenor
3586 2406 3685 2462 dc-

2105 2503 2368 2549 monstrat
2395 2495 2612 2566 eloquii.
2636 2494 2725 2551 Sic
2745 2495 2958 2566 quidem
2982 2496 3149 2552 tribus
3169 2495 3527 2565 evangelistis,
3555 2495 3695 2551 Male

2106 2584 2266 2649 thmo,
2297 2583 2479 2640 Marco
2532 2594 2589 2640 et
2616 2584 2779 2647 Luca,
2833 2586 2937 2642 hoc
2965 2582 3329 2641 indubitanter
3382 2583 3692 2643 attestanti—

2106 2676 2223 2741 bus,
2255 2676 2545 2731 invenitur.
2569 2676 2748 2732 Verba
2769 2678 2966 2748 quippe
2994 2676 3229 2733 Matlhazi
3251 2679 3365 2734 haec
3388 2687 3544 2734 sunt:
3577 2677 3691 2734 Cae-

2106 2766 2349 2820 nantibus
2378 2775 2545 2821 autem
2566 2769 2659 2835 eis,
2683 2771 2879 2838 accepit
2906 2767 3057 2823 Jesus
3088 2786 3306 2841 panem;
3331 2780 3381 2825 et
3409 2770 3684 2836 benedixit,

2106 2873 2168 2910 ac
2191 2858 2365 2928 fregit,
2416 2857 2653 2928 deditque
2680 2858 2944 2928 discipulis
2983 2860 3112 2923 suis,
3149 2869 3198 2914 et
3226 2861 3331 2915 ait:
3361 2860 3608 2930 Accipite,
3636 2869 3688 2914 et

2105 2947 2351 3000 comedite
2380 2962 2398 2999 :
2424 2944 2539 3000 Hoc
2559 2956 2633 3000 est
2661 2963 2843 3015 corpus
2864 2964 3049 3001 meum.
3080 2946 3151 3001 Et
3170 2949 3423 3020 accipiens
3450 2949 3687 3014 calicem,

2104 3039 2296 3107 gratias
2317 3038 2441 3109 egit,
2472 3045 2518 3090 ct
2540 3038 2679 3092 dedit
2699 3039 2820 3106 illis,
2838 3039 3045 3096 dicens:
3069 3038 3236 3095 Bibite
3262 3058 3327 3095 ea:
3353 3040 3448 3095 lwc
3472 3058 3689 3098 omnes:

426 3134 544 3205 ipso
574 3132 793 3187 unitatis
820 3133 1038 3187 nomine
1067 3148 1173 3188 una
1203 3135 1468 3198 essentia,
1519 3143 1573 3189 et
1600 3151 1667 3191 ex
1697 3136 1800 3191 hoc
1838 3152 2001 3192 unum
2032 3134 2076 3196 ρ
2107 3126 2210 3180 llic
2237 3129 2396 3199 262
2421 3130 2556 3186 enim
2577 3134 2789 3201 sanguis
2816 3148 2956 3186 meus
2976 3130 3111 3187 Novi
3132 3132 3460 3199 Testamcnti,
3487 3137 3571 3206 qui
3590 3152 3688 3205 pro

424 3226 584 3299 251
618 3222 860 3295 r'egnum,
885 3233 941 3282 et
969 3226 1020 3280 in
1048 3227 1239 3282 eodem
1269 3243 1377 3282 uno
1406 3240 1572 3293 regno
1598 3242 1702 3281 una
1734 3227 2006 3284 Trinitatis

425 3326 684 3387 potestas,
716 3332 927 3386 unaque
948 3317 1199 3385 majestas
1221 3333 1249 3370 a
1280 3315 1528 3372 ﬁdelibus
1556 3328 1876 3385 agnoscatur
1901 3338 1913 3373 :
1937 3336 2006 3378 ne

427 3419 644 3480 putetur
689 3418 780 3465 aut
821 3409 1006 3476 Filius,
1037 3419 1130 3464 aut
1177 3409 1409 3481 Spiritus
1454 3418 1671 3467 sanctus
1710 3412 2005 3470 secundum

394 3526 400 3533 ι
425 3499 658 3556 divinam
689 3508 933 3555 naturam
964 3499 1036 3556 ita
1066 3514 1186 3554 cum
1210 3498 1369 3554 Patre
1390 3514 1634 3569 regnare,
1653 3503 2005 3572 quemadmo-

424 3591 549 3646 dum
579 3607 699 3646 cum
747 3591 962 3662 potiore
1009 3597 1200 3659 regnat
1249 3589 1502 3658 inferior;
1545 3591 1640 3647 sed
1687 3592 1775 3647 illa
1830 3594 2007 3650 unitas

424 3684 658 3755 Spiritus
685 3683 879 3751 sancti,
909 3698 1028 3752 qua:
1071 3690 1156 3739 est
1210 3684 1515 3738 communio
1562 3682 1735 3740 Patris
1776 3695 1832 3740 et
1864 3686 2004 3753 Fi'ii,

411 3774 553 3828 Idum
585 3775 678 3829 illo
716 3788 884 3841 regno
913 3774 1171 3829 unitatem
1202 3773 1498 3829 divinitatis
1539 3785 1822 3844 monstrat,
1848 3794 2004 3832 unam

426 3880 547 3919 esse
574 3862 831 3932 regnandi
862 3864 1217 3918 mternitatem
1238 3905 1255 3931 ,
1284 3879 1443 3919 unam
1474 3872 1811 3933 potestatem,
1846 3883 2005 3922 unam

429 3953 793 4020 maiestatem,
824 3967 1094 4020 unamque
1122 3952 1544 4008 dominationem
1587 3970 1805 4010 summae
1835 3957 2007 4011 Trini-

426 4043 555 4098 tatis
582 4042 827 4098 edoceat.

964 4148 1204 4196 ρυλες-ι’ιο
1242 4150 1430 4197 QUIN‘I‘A
1440 4175 1453 4188 .

502 4221 591 4276 59.
632 4222 885 4289 Quintam
915 4238 1065 4289 vero,
1088 4223 1140 4279 id
1160 4234 1242 4281 cst
1268 4226 1630 4293 novissimam,
1663 4229 1905 4283 continet
1925 4230 2007 4285 bis

429 4312 608 4368 verbis
647 4312 875 4383 epistola
930 4314 1301 4382 quaestionem.
1350 4313 1487 4379 Quid
1539 4318 1606 4371 sit
1654 4318 1789 4389 quod
1840 4318 2007 4374 Lucas

426 4404 740 4473 evangelista
768 4419 965 4457 cernam
984 4402 1195 4459 Domini
1224 4416 1550 4481 narraturus,
1575 4410 1716 4479 prius
1743 4426 1857 4463 eum
1884 4410 2008 4464 dicit

2107 3220 2279 3275 multis
2302 3220 2594 3289 cliundetur
2621 3223 2672 3275 in
2724 3223 3078 3277 remissionem
3124 3234 3446 3290 peccatorum
3471 3223 3688 3295 (Matth.

2107 3328 2250 3378 xxvi,
2283 3312 2395 3381 26).
2426 3312 2636 3368 Marcus
2664 3329 2791 3369 vero
2813 3315 3128 3385 mysterium
3159 3315 3420 3371 Dominici
3451 3317 3606 3386 panis
3634 3326 3694 3373 et

2106 3402 2288 3457 calicis
2307 3403 2687 3472 explicaturus,
2719 3404 2832 3460 hcce
2871 3404 2975 3460 ait:
3013 3404 3077 3457 Et
3103 3405 3531 3464 manducantibus
3562 3417 3588 3445 ⁸
3620 3408 3690 3462 il-

2102 3492 2189 3556 lis,
2217 3493 2411 3562 accepit
2424 3490 2579 3546 ‘Jesus
2601 3510 2821 3564 panem;
2843 3503 2891 3547 et
2917 3496 3220 3549 benedicens
3242 3497 3422 3567 fregit,
3466 3505 3518 3550 ει
3544 3496 3692 3551 dedit

2104 3582 2200 3649 eis,
2230 3591 2279 3636 et
2301 3584 2413 3635 ait:
2446 3581 2665 3648 Sumite,
2698 3583 2812 3638 Hoc
2836 3596 2913 3639 est
2938 3602 3120 3653 corpus
3151 3603 3334 3638 meum.
3380 3584 3446 3638 Et
3479 3595 3693 3656 accepto

2107 3673 2282 3737 calice,
2339 3674 2533 3744 gratias
2585 3689 2765 3743 agens,
2817 3674 2957 3728 dedit
2987 3676 3081 3739 eis,
3127 3685 3176 3728 et
3214 3674 3447 3728 biberunt
3487 3691 3553 3728 ea:
3600 3675 3693 3728 illo

2106 3781 2300 3819 omnes.
2320 3765 2386 3818 Et
2408 3766 2480 3817 ait
2494 3766 2597 3819 eis:
2616 3764 2716 3819 Hic
2730 3774 2805 3819 est
2826 3768 3037 3838 sanguis
3056 3784 3195 3821 mens
3212 3765 3345 3821 Νοιὶ
3360 3766 3690 3829 Testamenti.

2106 3856 2190 3924 qui
2218 3872 2311 3924 pro
2371 3855 2542 3908 mulsia
2598 3855 2881 3923 effunditur
2926 3856 3018 3928 [aL
3048 3855 3361 3928 e/fundetur]
3393 3855 3585 3926 (Marc.
3615 3872 3691 3921 tv,

2105 3944 2216 4012 22).
2255 3942 2408 3998 Luem
2459 3959 2610 4011 vero,
2636 3960 2795 4014 quem
2841 3946 3084 4001 secundo
3125 3954 3331 4001 eertum
3358 3955 3440 4000 est
3466 3946 3689 4001 calicem

2108 4034 2430 4099 nominasse,
2464 4034 2546 4088 bis
2595 4034 2865 4089 invenitur
2910 4036 3087 4089 verbis
3116 4035 3363 4088 ordinata
3401 4044 3562 4104 atque
3590 4049 3689 4091 ex-

2106 4123 2300 4193 plicata
2333 4125 2566 4177 narratio
2603 4140 2614 4174 :
2648 4122 2714 4176 Et
2758 4134 2965 4193 accepto
3013 4125 3173 4176 calice
3219 4124 3417 4193 gratias
3465 4124 3589 4195 egit,
3638 4132 3692 4176 et

2107 4212 2240 4265 dia‘it
2266 4227 2284 4264 :
2313 4213 2539 4282 Accipite
2582 4220 2631 4264 et
2660 4212 2870 4266 dividite
2909 4214 3041 4265 inter
3070 4229 3177 4268 ros.
3211 4213 3339 4266 Dico
3386 4212 3521 4266 enim
3550 4210 3694 4265 vobis

2108 4303 2243 4375 quod
2272 4320 2372 4356 non
2396 4302 2565 4355 bibam
2596 4302 2660 4355 de
2686 4304 3013 4373 generatione
3039 4304 3153 4356 vitis
3177 4302 3336 4356 donec
3361 4317 3571 4372 regnum
3592 4299 3697 4354 Dei

2110 4394 2297 4447 veniat.
2330 4391 2396 4444 Et
2426 4401 2637 4462 accepto
2662 4409 2795 4463 pane
2817 4393 3016 4462 gratias
3043 4393 3164 4463 egit,
3196 4402 3248 4445 et
3273 4393 3442 4463 fregit,
3475 4399 3524 4445 et
3551 4390 3697 4444 dedit

430 4496 642 4549 calicem
686 4499 967 4561 accepisse,
1007 4505 1056 4550 et
1111 4498 1372 4565 discipulis
1421 4499 1748 4554 dividendum
1795 4502 1928 4555 inter
1953 4519 2008 4555 se

2111 4487 2206 4551 eis,
2237 4484 2448 4537 dicens:
2495 4483 2609 4536 Hoc
2637 4493 2713 4536 est
2734 4499 2915 4553 corpus
2940 4499 3126 4548 meum,
3156 4482 3291 4553 quod
3312 4499 3405 4555 pro
3434 4481 3571 4535 vobis
3592 4480 3694 4533 da-

420 4589 671 4642 continuo
699 4588 1002 4653 tradidisse;
1031 4598 1080 4641 et
1104 4598 1209 4641 tum
1239 4586 1422 4643 deinde
1448 4599 1655 4661 accepto
1682 4609 1815 4659 pane
1846 4593 2009 4647 dixis-

421 4692 520 4743 se;
559 4697 576 4729 ι
613 4676 729 4733 Hoc
766 4687 839 4732 est
886 4695 1068 4747 corpus
1111 4695 1307 4742 meum;
1358 4698 1375 4730 ι
1419 4689 1468 4733 et
1512 4691 1718 4749 accepto
1776 4681 2011 4736 similiter

431 4778 699 4840 postquam
716 4771 928 4824 coenavit
948 4770 1134 4836 calice,
1160 4780 1275 4823 tunc
1298 4771 1493 4825 dixisse
1518 4788 1534 4825 :
1574 4791 1592 4823 ι
1620 4767 1725 4825 Hic
1748 4775 1887 4827 calia:
1912 4790 2007 4828 no-

432 4874 548 4913 vum
589 4858 966 4914 Testamentum
996 4861 1146 4913 estin
1182 4861 1433 4930 sanguine
1469 4877 1599 4927 meo,
1630 4863 1715 4931 qui
1752 4878 1844 4932 pro
1871 4861 2009 4916 vobis

435 4945 666 5016 funditur
687 4946 779 5018 [aL
796 4945 1109 5017 effundetur]
1134 4946 1282 5016 (Luc.
1302 4964 1429 5013 xxn,
1456 4947 1516 5000 i7
1534 4965 1643 5019 sqq.
1657 4950 1693 5011 ).
1708 4967 1725 4999 ι
1759 4947 1863 5002 Ista
1882 4964 2010 5003 vero

436 5035 730 5103 quaestione
758 5036 1027 5105 proposita
1048 5036 1320 5105 subjungis
1348 5046 1404 5091 et
1431 5036 1561 5092 dicis
1582 5055 1593 5089 :
1616 5035 1865 5106 Nunquid
1880 5053 2008 5090 unus

432 5124 577 5179 calix
625 5124 847 5180 secundo
868 5135 944 5180 est
971 5126 1147 5195 datus,
1170 5143 1238 5180 an
1270 5127 1404 5180 alius
1439 5126 1605 5196 prius,
1634 5125 1764 5179 alius
1791 5125 2012 5196 postea?

424 5227 486 5273 et
515 5218 559 5272 si
585 5218 660 5272 ita
684 5229 779 5285 est,
812 5219 1005 5290 inquis,
1033 5221 1103 5273 ad
1126 5219 1271 5290 cujus
1297 5220 1367 5273 rei
1397 5227 1772 5273 sacramentum
1795 5220 2013 5287 pertinet

433 5306 525 5369 ille
559 5309 624 5364 de
668 5326 768 5378 quo
798 5311 1018 5363 maaime
1057 5310 1230 5364 caueri
1266 5310 1349 5381 qui
1380 5309 1690 5377 scripserunt
1722 5308 2014 5379 evangelica

431 5404 553 5473 (aL,
575 5411 632 5457 ut
651 5418 811 5473 supra
841 5403 893 5455 in
916 5402 1069 5469 epist.
1086 5399 1366 5464 ‘Ferrandi,
1387 5398 1687 5472 Evangelia)
1712 5399 2015 5454 tacuerunt?

1068 5507 1366 5548 BESPONSIO.

509 5585 596 5639 ιο.
640 5584 790 5640 Hunc
820 5583 1090 5652 Evangelii
1138 5572 1315 5638 locum
1338 5585 1550 5654 quidam
1571 5584 1650 5640 sic
1672 5583 1892 5652 intelligi
1920 5597 2006 5636 vo-

511 5767 535 5796 ι
566 5757 717 5822 Διιιη
749 5756 1175 5813 manducantibus
1205 5765 1387 5811 autem.

2118 4585 2198 4628 tur
2228 4591 2244 4629 :
2275 4575 2370 4628 ltOC
2392 4574 2548 4646 facile
2589 4574 2639 4627 in
2665 4589 2827 4627 nteant
2850 4574 3402 4626 connucmoratiouem.
3436 4571 3697 4624 Similiter

2114 4674 2162 4718 et
2188 4665 2392 4718 calicem
2412 4673 2679 4733 postquam
2707 4664 2938 4726 cenavit,
2951 4662 3125 4715 dicens
3155 4680 3173 4715 :
3204 4660 3252 4714 Η
3261 4662 3306 4714 ic
3325 4660 3465 4713 calix
3485 4658 3694 4712 Novum

2118 4756 2498 4810 Testamentum
2519 4756 2667 4809 estin
2698 4756 2950 4824 sanguine
2972 4770 3102 4819 meo,
3130 4754 3216 4823 qui
3238 4769 3330 4821 pro
3352 4750 3491 4805 vobis
3512 4750 3697 4821 [undi-

2116 4858 2196 4901 tur
2225 4847 2316 4920 (al.
2351 4844 2613 4918 [nudetur]
2639 4844 2787 4916 (Luc.
2814 4860 2942 4910 xx",
2965 4845 3073 4913 l7).
3100 4843 3235 4898 Hinc
3258 4852 3338 4897 est
3362 4840 3509 4911 quod
3529 4842 3696 4894 etiam

2113 4940 2303 4993 beatus
2349 4937 2546 4991 Paulus
2593 4951 3021 4992 commemorans
3075 4934 3496 4990 sacratissimum
3551 4931 3697 4985 illius

2112 5045 2279 5083 causa:
2307 5027 2635 5098 mysterium,
2670 5042 2774 5081 non
2805 5024 2950 5080 aliud
2980 5025 3201 5079 calicem
3238 5037 3397 5092 quam
3423 5021 3629 5075 Novum
3662 5035 3697 5073 a

2117 5117 2342 5171 Domino
2388 5124 2750 5184 nuncupatum
2808 5116 3041 5169 insinuat
3084 5113 3505 5169 Testamentum.
3546 5110 3698 5165 Inter

2116 5206 2216 5260 alia
2253 5220 2488 5275 namque
2532 5204 2609 5260 sic
2651 5205 2782 5259 dicit
2813 5223 2825 5258 :
2852 5205 2968 5275 Ego
3015 5207 3150 5259 enim
3191 5204 3365 5275 accepi
3406 5220 3440 5257 a
3468 5199 3698 5256 Domino

2113 5299 2251 5367 quod
2295 5306 2343 5352 et
2366 5296 2558 5350 tradidi
2587 5297 2743 5363 vobis,
2776 5296 3018 5368 quoniam
3050 5295 3300 5349 Dominus
3328 5293 3480 5348 Jesus
3507 5293 3562 5345 in
3590 5306 3699 5361 qua

2119 5398 2261 5443 nocte
2282 5389 2596 5452 tradebatur,
2616 5389 2807 5456 accepit
2825 5404 3029 5457 panem,
3052 5397 3101 5440 et
3121 5387 3319 5459 gratias
3338 5399 3496 5457 agens
3517 5383 3700 5453 fregit,

2117 5490 2166 5536 et
2186 5482 2315 5535 dixit
2345 5498 2362 5535 :
2391 5480 2504 5535 Hoc
2542 5491 2618 5536 est
2638 5498 2821 5551 corpus
2851 5497 3017 5534 meum
3036 5499 3128 5551 pro
3159 5482 3295 5535 vobis
3319 5483 3344 5519 δ
3372 5497 3388 5534 :
3414 5480 3510 5534 hoc
3537 5478 3702 5550 facile

2117 5575 2170 5627 in
2199 5590 2365 5627 meam
2391 5574 2938 5628 commemorationem.
2958 5572 3209 5628 Similiter
3236 5581 3284 5627 et
3311 5571 3524 5626 calicem
3551 5579 3703 5640 pest-

2052 5749 2080 5790 ³
2106 5748 2194 5806 Sic
2213 5763 2340 5808 mss.
2355 5748 2490 5806 Tbu.
2506 5758 2556 5806 ct
2573 5748 2696 5806 Ant.
2718 5748 2818 5806 Alii
2833 5746 3012 5815 codd.,
3029 5747 3163 5816 quod
3182 5764 3275 5817 pro
3296 5746 3433 5803 vobis
3451 5745 3701 5803 traditur.
