4014 6340
231 312 325 372 ιιὶθ

1590 310 1916 365 ειίειυιΑ
1956 309 2088 366 ΧΠ.

3367 309 3469 369 ιδι)

223 446 360 499 quam
379 427 609 488 ctenauit,
639 423 811 479 dicem
842 439 859 478 :
889 422 993 477 Hic
1015 421 1370 477 calixNorum
1398 421 1779 477 Testamentum
1813 431 1851 482 Α
1884 423 2117 478 humana
2148 424 2456 492 subjiceret,
2489 433 2545 477 et
2581 440 2647 478 ex
2671 422 2982 479 inﬁrmitate
3013 426 3287 493 virtutem,
3336 442 3471 495 pra-

223 533 286 577 est
309 522 359 575 in
382 536 490 574 meo
513 517 763 588 sanguine
789 533 805 569 :
842 517 939 570 Itoc
963 516 1152 588 facile,
1183 517 1575 589 quotiescunque
1604 515 1781 570 bibetis

222 615 313 684 (al.
342 606 591 680 bibitis],
640 608 696 661 in
761 624 929 663 meam
976 608 1513 663 commemorationem
1557 605 1612 679 (I
1659 604 1778 661 Cor.

222 719 285 765 ιι,
308 698 423 769 25).

282 791 363 845 ll.
395 789 505 845 Hac
524 790 685 857 igitur
714 788 1143 857 evangelicorum
1172 798 1334 858 atque
1362 788 1785 858 apostolicorun;

217 886 546 942 attestatione
573 883 839 939 dictorum
861 883 914 937 in
932 883 1111 938 ealicis
1133 882 1368 946 nomine,
1392 881 1495 937 isto
1524 880 1787 936 duntaxat

217 979 342 1042 luco,
369 992 477 1030 non
517 975 663 1029 aliud
686 990 845 1044 quam
877 974 1115 1029 divinum
1157 974 1519 1045 permittimnr
1538 974 1784 1043 accipere

216 1071 621 1125 Testamentum.
653 1067 837 1138 Neque
874 1067 1016 1121 enim
1044 1067 1264 1122 dubium
1291 1073 1373 1121 est
1430 1065 1550 1120 aliis
1592 1065 1727 1121 locis
1754 1081 1785 1119 a

215 1160 424 1215 Domino
453 1159 671 1213 nomine
691 1158 873 1214 calicis
890 1158 1237 1228 signiﬁcatam
1259 1158 1484 1226 gratiam
1501 1156 1780 1226 passionis.

217 1251 355 1320 Quod
378 1252 564 1317 utique
616 1249 840 1317 intelligi
880 1249 1052 1304 voluit
1092 1249 1276 1303 dicens
1330 1248 1450 1302 ﬁliis
1499 1248 1781 1302 Zebedaei:

214 1341 420 1396 Potestis
446 1339 621 1393 bibere
648 1339 860 1393 calicem
874 1356 1019 1411 quem
1041 1356 1135 1410 ego
1156 1338 1404 1393 bibitarus
1435 1356 1547 1392 sunt
1568 1337 1780 1409 (Matth.

215 1448 291 1497 xx,
315 1429 437 1502 2'2)?
466 1430 535 1484 Et
572 1431 625 1484 in
656 1431 769 1499 ipsa
798 1430 929 1484 hora
960 1445 1064 1501 qua
1087 1428 1313 1484 detineri
1344 1430 1589 1485 manibus
1617 1430 1788 1484 voluit

213 1523 505 1591 impiorum,
529 1522 635 1577 hoc
669 1536 922 1576 sermone
948 1521 1163 1576 beatum
1199 1520 1437 1584 Petrum,
1473 1529 1530 1574 ut
1550 1521 1784 1590 gladium

214 1613 598 1686 reconderet'in
627 1613 872 1682 vaginam
918 1626 1277 1683 pnemonens,
1309 1614 1529 1667 calicem
1557 1628 1617 1667 se
1644 1612 1783 1667 hibi-

216 1714 371 1760 turum
401 1704 674 1773 passionis
719 1703 979 1768 ostendit,
1012 1704 1234 1758 dicens:
1282 1698 1431 1757 Mitte
1457 1703 1689 1774 gladium
1729 1704 1785 1757 in

1887 517 2099 572 valente
2120 514 2377 586 spiritalis
2399 516 2584 584 gratia:
2612 531 2854 580 munere,
2888 516 3202 585 perfecisset
3230 534 3243 569 :
3282 518 3350 571 ab
3378 510 3469 571 illo

1882 604 1984 661 sibi
2001 608 2308 664 facultatem
2333 598 2571 663 retinens
2598 608 2798 674 datam,
2827 608 2978 677 cujus
3009 608 3340 663 voluntatem
3361 623 3471 663 sua:

1884 698 2147 753 voluntati
2169 714 2279 754 non
2301 699 2594 768 ambigeret
2610 699 3019 770 praeferendam,
3037 708 3198 768 atque
3214 700 3285 753 ita
3307 698 3472 754 homo

1881 781 2012 843 illud
2041 790 2186 859 quod
2232 805 2299 845 ex
2350 791 2584 846 lmmana
2638 790 2951 847 inﬁrmitate
2981 792 3163 856 vellet,
3203 792 3473 861 patienter

1883 882 2161 947 vinceret,
2191 890 2249 936 ut
2276 882 2344 935 ad
2370 881 2500 936 illud
2531 883 2595 936 ad
2624 882 2767 953 quod
2796 883 2971 937 divina
2993 884 3243 938 voluntas
3273 882 3474 938 utiliter

1886 981 2064 1040 vocat,
2098 972 2323 1027 feliciter
2351 974 2674 1042 perveniret.

1956 1060 2042 1114 49..
2076 1061 2192 1117 Non
2216 1077 2343 1131 ergo
2363 1062 2560 1118 Christi
2583 1064 2828 1119 voluntas
2854 1065 2956 1117 alia
2979 1064 3152 1133 potuit
3173 1078 3291 1119 esse
3310 1078 3470 1133 quam

1889 1151 2082 1218 Patris,
2114 1169 2233 1207 cum
2266 1154 2316 1207 in
2348 1152 2505 1207 Patre
2534 1168 2596 1207 ac
2628 1153 2761 1208 Filio
2789 1171 2949 1209 unam
2977 1169 3190 1224 semper
3217 1154 3468 1207 volunta~

1887 1250 1994 1296 tem
2024 1250 2202 1298 servet
2232 1243 2410 1297 unitas
2458 1244 2735 1297 naturalis.
2788 1243 2895 1298 Sed
2943 1243 3030 1298 ille
3058 1244 3149 1313 qui
3180 1243 3470 1297 humanam

1888 1344 2132 1388 naturam
2156 1335 2453 1405 suscipiens
2475 1336 2621 1389 venit
2644 1345 2886 1389 naturam
2914 1336 3124 1391 salvare
3144 1351 3303 1405 quam
3327 1335 3467 1396 fecit,

1887 1424 2128 1495 ejusdem
2157 1441 2371 1494 quoque
2402 1433 2606 1479 natura:
2633 1426 2796 1480 verba
2826 1442 2930 1480 non
2963 1425 3158 1491 fallaci,
3183 1424 3278 1479 sed
3319 1439 3475 1478 vera-
3500 1422 3505 1433 '

1888 1516 2101 1570 cissima
2143 1516 2489 1585 susceptione
2533 1515 2774 1585 protulit,
2822 1516 2975 1584 cujus
3015 1516 3175 1569 etiam
3220 1514 3471 1569 allectum

1890 1606 2311 1661 clementissima
2362 1607 2604 1661 bonitate
2649 1608 2920 1677 suscepit»;
2970 1608 3215 1661 allectum
3266 1604 3474 1662 scilicet

1889 1710 2047 1765 quem
2077 1696 2242 1750 habet
2267 1712 2394 1751 caro
2437 1712 2503 1752 ex
2535 1697 2896 1766 trepidatione
2944 1695 3225 1761 moriendi,
3269 1711 3377 1750 non
3405 1712 3475 1752 ex

213 1798 443 1868 saginam.
475 1794 704 1850 Calicem
730 1812 877 1866 quem
905 1794 1048 1847 dedit
1080 1794 1205 1848 mihi
1242 1793 1421 1861 Pater,
1462 1811 1565 1847 non
1616 1792 1787 1847 bibam
1820 1791 1859 1848 Β
1890 1785 2183 1855 cupiditate
2211 1786 2503 1855 peccandi:
2537 1788 2626 1842 ille
2656 1789 2796 1843 enim
2828 1788 2918 1857 qui
2959 1804 3063 1842 non
3096 1795 3323 1841 noverat
3348 1792 3499 1857 pec-'

212 1888 335 1944 illum
363 1899 387 1924 ⁸
407 1889 595 1958 (Joan.
629 1904 774 1953 xvrzt,
806 1887 930 1956 ll)?
951 1886 1007 1940 ιη
1025 1902 1133 1955 quo
1153 1886 1319 1942 calice
1334 1887 1640 1957 passionem
1666 1901 1785 1940 esse

214 1975 601 2045 intelligendam
632 1978 796 2032 etiam
821 1976 930 2031 illic
953 1975 1219 2041 ostendit,
1255 1976 1344 2029 ubi
1367 1976 1583 2029 avulsus
1613 1990 1643 2028 a
1673 1975 1784 2030 dis-

212 2067 376 2137 cipulis
416 2076 686 2136 quantum
729 2066 905 2135 jactus
956 2080 1039 2123 est
1068 2067 1281 2137 lapidis,
1340 2067 1635 2123 moriturus
1687 2083 1784 2138 pro

213 2160 419 2229 peccatis
447 2159 758 2223 hominum,
793 2158 1041 2213 humanm
1087 2173 1304 2229 quoque
1332 2157 1661 2212 inﬁrmitatis
1689 2172 1780 2211 ve-

213 2251 385 2306 raciter
416 2250 469 2303 in
520 2249 705 2320 seipse
744 2248 1136 2304 demonstravit
1164 2248 1445 2313 allectum;
1490 2257 1545 2303 et
1588 2257 1648 2302 ut
1689 2248 1783 2303 tle-

212 2340 556 2410 sperationem
587 2341 655 2394 ab
681 2338 1060 2394 inﬁrmioribus
1091 2339 1186 2410 (al.
1217 2337 1579 2408 inferioribus)
1612 2354 1781 2394 mem-

213 2433 303 2486 bris
328 2431 642 2502 dignaretur
670 2429 898 2495 auferre,
929 2430 1042 2499 ipsa
1073 2430 1243 2483 virtus
1270 2444 1390 2498 quae
1421 2438 1660 2483 nostrum
1687 2446 1779 2484 ca-

213 2531 292 2590 put
320 2537 449 2576 esse'
492 2521 687 2585 voluit,
715 2519 897 2575 dicere
945 2520 1127 2575 divino
1167 2535 1354 2574 amore
1384 2536 1491 2574 non
1522 2531 1605 2575 est
1632 2520 1782 2574 dedi-

213 2613 536 2683 gnata,quod
558 2613 798 2667 membra
821 2612 938 2681 ejus
965 2620 1146 2666 essent
1173 2612 1413 2667 humano
1439 2611 1781 2681 postmodum

213 2706 381 2760 timore
406 2706 642 2760 dictura.
695 2702 823 2758 lude
850 2704 1093 2773 estquod
1125 2719 1246 2758 eum
1268 2702 1439 2757 Lucas
1456 2703 1778 2770 evangelista

212 2794 387 2852 dixisse
412 2803 813 2852 commemorat
846 2812 858 2848 :
896 2793 1072 2860 Pater,
1104 2795 1149 2848 si
1175 2796 1279 2859 vis,
1314 2796 1539 2865 transfer
1567 2795 1779 2847 calicem

214 2888 343 2941 istum
365 2904 395 2941 a
422 2903 511 2941 me
542 2884 690 2956 (Luc.
725 2901 855 2948 xm,
886 2884 997 2952 42).
1040 2883 1323 2938 Matthzeus
1354 2899 1570 2953 quoque
1619 2883 1778 2936 verba

214 2978 310 3046 ejus
332 2979 440 3033 hate
467 2992 596 3033 esse
634 2982 910 3031 testatur:
960 2973 1118 3027 Pater
1165 2975 1254 3039 mi,
1298 2976 1343 3027 si
1398 2972 1639 3042 possibile
1681 2980 1779 3038 est,

212 3076 414 3124 transeat
459 3086 500 3122 a
540 3085 623 3122 me
672 3068 810 3120 calix
850 3068 947 3121 iste
995 3062 1207 3137 (Matth.
1240 3081 1385 3131 xxvi,
1418 3065 1539 3134 '59).
1570 3064 1780 3120 Marcus

1889 1884 2088 1941 catum,
2121 1876 2235 1931 sine
2266 1886 2488 1946 peccato
2514 1893 2698 1932 verum
2730 1893 2836 1932 non
2868 1878 3183 1947 iniquitatis,
3205 1877 3299 1932 sed
3326 1875 3501 1931 inﬁr-'

1889 1967 2088 2021 mitatis
2113 1978 2310 2021 nostrze
2338 1969 2576 2038 suscepit
2604 1966 2872 2023 affectum.
2924 1969 3063 2023 Vere
3106 1969 3248 2023 enim
3292 1967 3357 2023 de
3382 1969 3475 2023 illo

1887 2056 2077 2112 beatus
2100 2054 2290 2112 Petrus
2317 2059 2393 2111 ait
2425 2076 2436 2109 :
2465 2056 2564 2122 Qui
2598 2067 2863 2129 peccatum
2885 2076 2989 2111 non
3013 2059 3155 2129 fecit,
3188 2074 3279 2111 nec
3298 2058 3477 2111 invene

1888 2158 1966 2201 tus
1994 2159 2068 2202 est
2100 2148 2248 2202 dolus
2269 2150 2323 2203 in
2351 2166 2438 2203 ore
2465 2150 2577 2219 ejus
2603 2150 2653 2221 (Ι
2681 2148 2824 2203 Petr.
2851 2165 2907 2213 ιι,
2930 2148 3040 2220 9.9.).
3072 2148 3325 2213 Proinde,
3348 2149 3476 2218 quia

1885 2244 2166 2306 peccatum
2196 2254 2302 2292 non
2342 2239 2484 2303 fecit,
2534 2239 2801 2293 diversam
2849 2239 3183 2293 voluntatem
3229 2254 3259 2292 a
3303 2238 3477 2294 Patris

1887 2332 2165 2387 voluntate
2188 2349 2295 2387 non
2324 2334 2540 2399 habuit;
2575 2344 2630 2389 et
2657 2336 2781 2404 quia
2812 2351 2920 2389 non
2944 2344 3025 2391 est
3050 2335 3297 2390 inventus
3319 2334 3474 2390 dolus

1885 2425 1939 2478 in
1969 2439 2063 2479 ore
2084 2424 2220 2493 ejus,
2245 2441 2312 2479 ex
2338 2424 2532 2481 affectu
2558 2442 2682 2481 vero
2705 2427 3028 2480 inlirmitatis
3051 2428 3319 2493 humanm,
3347 2443 3474 2481 vera

1884 2516 2048 2570 verba
2091 2532 2196 2570 non
2243 2517 2530 2586 ambigitur
2569 2517 2877 2587 protulisse.
2928 2516 3183 2583 Quamvis
3230 2516 3391 2585 igitur
3418 2517 3471 2569 in

1885 2607 1989 2662 illis
2014 2607 2310 2662 Salvatoris
2341 2609 2511 2663 nostri
2538 2609 2695 2663 dictis
2721 2609 2915 2677 quibus
2960 2608 3179 2663 calicem
3222 2609 3473 2663 nomina-

1883 2698 1981 2764 vit,
2005 2698 2185 2767 passio
2208 2697 2278 2751 sit
2306 2698 2673 2765 iutelligenda,
2699 2707 2808 2752 tam
2840 2697 2955 2766 ejus
2983 2713 3143 2766 quam
3165 2688 3471 2753 sanctorum

1884 2786 2001 2855 ejus
2030 2786 2157 2857 (quo
2186 2800 2345 2841 sensu
2384 2787 2545 2839 etiam
2570 2786 2759 2840 beatus
2787 2785 2955 2840 David
2984 2786 3207 2841 calicem
3260 2802 3468 2840 nuncn-

1885 2877 2050 2947 pavit,
2084 2876 2175 2932 illo
2204 2874 2464 2931 duntaxat
2492 2875 2613 2931 loco
2642 2877 2733 2932 tibi
2762 2879 2836 2931 ait
2867 2896 2879 2930 :
2908 2874 3043 2941 Quid
3065 2874 3343 2931 retribuam
3366 2876 3474 2931 Do-

1887 2971 2026 3024 mino
2056 2986 2150 3039 pro
2181 2970 2415 3023 omnibus
2454 2986 2567 3041 qua:
2614 2969 2847 3023 retribuit
2877 2970 3040 3023 milii?
3067 2967 3292 3023 Calicem
3332 2970 3474 3023 salu-

1887 3062 2017 3115 taris
2039 3062 2310 3131 (ccipiam,
2339 3072 2388 3115 et
2423 3077 2604 3115 nomen
2624 3060 2832 3115 Domini
2852 3060 3098 3115 ἔθη-θειλὺο
3138 3061 3313 3134 (Paul.
3348 3078 3470 3127 αι’,

214 3176 336 3227 vero,
359 3171 417 3217 ut
443 3164 766 3217 ostenderet
793 3160 919 3229 quid
942 3160 1008 3214 'in
1049 3159 1141 3213 illo
1172 3158 1340 3214 calice
1368 3159 1664 3227 intelligere
1690 3159 1782 3213 de-
1810 3154 1857 3215 C
1889 3148 1944 3223 ὅ]
1964 3170 1977 3206 z
1995 3152 2087 3206 ubi
2108 3151 2400 3206 ostendens
2421 3151 2641 3206 calicem
2660 3152 2825 3206 istum
2849 3168 2958 3205 non
2980 3151 3121 3204 aliud
3146 3167 3306 3220 quam
3335 3167 3475 3207 mer.

214 3254 466 3321 heremus,
521 3253 635 3306 ait:
670 3251 741 3305 Et
783 3268 898 3304 cum
938 3252 1270 3323 processisset
1303 3251 1460 3321 263
1488 3246 1779 3320 paululum,

214 3346 409 3411 procidit
436 3362 600 3415 super
620 3355 832 3406 terram,
858 3354 906 3397 et
925 3345 1108 3405 oravit,
1124 3352 1198 3407 ut,
1224 3343 1267 3395 si
1283 3341 1398 3412 ﬁeri
1410 3352 1599 3412 posset,
1618 3352 1784 3395 trans-

214 3438 295 3490 iret
322 3437 381 3490 ab
420 3454 484 3492 eo
533 3437 663 3490 liora
715 3433 907 3505 (Marc.
942 3450 1061 3497 xxv,
1092 3431 1161 3485 35
1184 3434 1223 3501 ).
1266 3432 1434 3498 Quam
1467 3431 1555 3486 hic
1592 3432 1781 3484 horam

215 3537 435 3597 putamus
457 3544 495 3582 a
524 3534 715 3583 sancto
736 3525 1061 3593 evangelista
1103 3523 1475 3591 signiﬁcatam,
1512 3524 1613 3578 nisi
1638 3523 1780 3577 illam

213 3617 270 3673 de
294 3621 670 3690 quaDominus
690 3619 766 3672 ait
796 3636 808 3670 :
838 3616 1089 3671 Nondum
1122 3619 1259 3670 venit
1292 3616 1420 3670 liora
1448 3632 1562 3669 mea
1593 3614 1779 3686 (Joan.

215 3724 262 3781 ιι,
279 3711 361 3781 4);
385 3720 442 3767 et
471 3710 545 3765 de
584 3725 690 3779 qua
711 3708 947 3764 Joannes
972 3708 1298 3775 evangelista
1326 3706 1456 3761 dicit
1488 3724 1499 3758 :
1526 3704 1597 3759 Et
1635 3721 1782 3759 nemo

215 3803 403 3857 misitin
430 3818 554 3856 eum
604 3815 809 3865 manus,
833 3800 953 3867 quia
999 3799 1213 3852 necdum
1257 3804 1466 3850 venerat
1503 3796 1633 3850 liora
1671 3796 1783 3866 ejus

215 3888 371 3961 (han.
393 3909 488 3957 vn,
514 3890 647 3961 30)?
678 3889 819 3944 Hora
840 3889 1023 3958 utique
1044 3904 1151 3942 non
1174 3886 1435 3943 coactitizn
1456 3886 1666 3953 mortis,
1689 3884 1783 3940 sed

216 3985 509 4040 voluntaria:
562 3982 861 4053 passionis;
905 3981 1038 4036 hora
1089 3979 1277 4050 procul
1321 3979 1485 4034 dubio
1538 3978 1627 4033 illa
1676 3993 1780 4048 qua

214 4073 572 4144 triumphalem
619 4079 847 4126 mortem
878 4071 1196 4139 susciperet,
1226 4079 1282 4123 et
1326 4069 1540 4123 solvens
1568 4068 1783 4123 dolores

215 4160 571 4231 Inferni,mors
593 4163 706 4232 ipse
732 4161 920 4215 mortis
945 4158 1364 4215 misericorditer
1384 4174 1447 4215 ac
1468 4159 1784 4214 mirabiliter

212 4255 525 4322 exstitisset,
568 4253 711 4308 sicut
751 4251 863 4321 jam
895 4250 1108 4305 dixerat
1143 4265 1242 4320 per
1268 4248 1593 4320 Prophetam
1626 4268 1638 4302 :
1674 4248 1783 4304 Era

215 4359 331 4398 Iners
359 4355 465 4409 tua,
492 4362 525 4398 ο
554 4359 728 4406 mors;
750 4359 836 4398 ero
864 4358 1066 4396 morsus
1094 4351 1230 4406 tuus,
1262 4342 1466 4412 inferne
1496 4341 1640 4411 (Ose.
1666 4357 1777 4407 xm,

216 4429 308 4502 ll).
335 4432 485 4491 Hane
504 4506 513 4509 _
532 4435 725 4489 horam
756 4433 806 4487 in
834 4433 1081 4487 oratione
1108 4447 1139 4485 a
1164 4431 1391 4485 Domino
1420 4431 1599 4486 calicis
1630 4430 1656 4470 ι)
1683 4447 1782 4487 no-

1886 3250 1994 3296 tem
2025 3256 2144 3296 esse
2167 3250 2494 3305 sanctorum,
2526 3242 2780 3296 continuo
2810 3241 3087 3310 subjunxit
3113 3261 3124 3294 :
3161 3240 3397 3295 Pretiosa
3414 3242 3470 3295 in

1883 3343 2155 3402 conspectu
2185 3331 2397 3389 Domini
2422 3348 2559 3387 mors
2589 3334 2905 3403 sanctorum)
2928 3373 2941 3395 ,
2995 3334 3259 3403 accipitur
3285 3335 3338 3387 in
3370 3351 3468 3386 no-

1886 3423 2030 3476 mine
2060 3423 2241 3477 calicis
2267 3423 2430 3476 etiam
2461 3421 2695 3491 perfecta
2726 3424 2893 3489 gratia
2922 3422 3181 3488 caritatis,
3231 3438 3338 3491 qua
3359 3424 3473 3476 vir-

1885 3520 1969 3567 tus
1997 3528 2096 3582 pro
2133 3512 2333 3567 Christi
2364 3515 2583 3567 nomine
2623 3513 2976 3582 suscipienda:
3023 3514 3318 3567 infunditur
3345 3529 3469 3583 pas-

1882 3604 2078 3667 sionis;
2135 3604 2207 3657 ita
2239 3613 2297 3658 ut
2340 3604 2547 3658 etiamsi
2590 3605 2966 3673 Opportunitas
2995 3604 3156 3675 265
3195 3603 3337 3659 desit
3365 3620 3471 3673 qua

1884 3695 2110 3765 quisque
2137 3711 2237 3766 pro
2267 3693 2482 3752 Christo
2508 3695 2698 3748 subeat
2735 3696 3062 3764 passionem,
3092 3696 3259 3748 virtns
3289 3702 3471 3751 tamen

1885 3793 2033 3839 tanta
2063 3784 2188 3839 insit
2208 3783 2359 3839 cordi
2388 3784 2531 3838 dono
2559 3783 2724 3837 divini
2757 3783 3014 3844 muneris,
3048 3792 3107 3837 ut
3135 3784 3265 3837 nihil
3295 3784 3344 3839 ci
3374 3784 3471 3839 de-

1885 3876 1956 3930 sit
1982 3875 2049 3930 ad
2079 3874 2413 3929 tolerandam
2443 3889 2677 3945 poenam,
2709 3873 2773 3927 ad
2805 3873 3255 3928 contemnendam
3278 3874 3468 3942 vitam,

1885 3973 1941 4033 et
1969 3963 2035 4017 ad
2064 3973 2291 4018 mortem
2335 3979 2434 4033 pro
2462 3963 2659 4018 Christi
2700 3963 2917 4018 nomine
2960 3962 3312 4017 subeundam.
3356 3963 3471 4020 lloc

1886 4054 1977 4108 illo
2000 4054 2121 4108 loco
2143 4053 2282 4107 bene
2312 4053 2624 4120 intelligitur
2663 4052 2753 4107 ubi
2799 4052 2995 4106 dicitur
3036 4053 3087 4106 in
3115 4052 3321 4122 psalmo
3354 4071 3367 4106 :
3400 4052 3473 4106 Et

1884 4143 2024 4197 calix
2066 4152 2179 4195 nats
2208 4139 2476 4196 inebrians
2501 4156 2655 4213 quam
2692 4140 2976 4211 prteclarus
3019 4151 3095 4193 est
3126 4139 3302 4210 (Psal.
3334 4157 3465 4207 xxn,

1883 4234 1973 4305 5)!
2001 4234 2258 4305 prtemisit
2280 4241 2458 4288 autem
2490 4246 2502 4284 ξ
2529 4232 2873 4304 lmpinguasti
2896 4232 2951 4285 in
2978 4236 3090 4286 oleo
3110 4239 3263 4303 caput
3280 4248 3465 4287 meum.

1884 4324 2021 4392 Quid
2042 4333 2220 4379 autem
2250 4324 2508 4378 debemus
2537 4323 2834 4389 intelligere
2856 4321 3247 4390 impinguatum
3271 4321 3322 4374 in
3346 4320 3468 4375 oleo

1883 4424 2063 4487 caput,
2090 4418 2192 4470 nisi
2222 4425 2460 4471 mentem
2481 4415 2624 4469 dono
2650 4414 2823 4469 sancti
2849 4413 3082 4482 Spiritus
3121 4410 3468 4467 roboratam?

214 4523 338 4581 mine
387 4506 753 4596 nuncupatam
791 4526 982 4580 beatus
1027 4523 1354 4592 evangelista
1393 4525 1781 4594 subsequenter

1887 4507 1998 4561 Olei
2027 4504 2167 4560 enim
2190 4505 2349 4572 hujus
2377 4503 2630 4574 pratclara
2653 4502 2941 4573 pinguedo,
2971 4498 3226 4571 spiritalis
3247 4507 3331 4555 est
3352 4516 3469 4569 ειυς

215 4615 446 4680 ostendit,
480 4614 722 4685 ejusdem
749 4614 963 4668 Domini
992 4614 1239 4669 oratione
1268 4612 1530 4682 subjecta,
1561 4629 1665 4684 qua
1695 4614 1777 4668 di-

213 4703 306 4756 cit:
336 4704 502 4771 Abba,
537 4704 714 4770 Pater,
745 4705 919 4757 omnia
952 4704 1042 4758 tibi
1068 4703 1337 4774 possibilia
1364 4712 1526 4757 sunt:
1555 4705 1781 4774 transfer

214 4795 405 4851 calicem
435 4796 573 4851 hunc
603 4813 636 4849 a
666 4812 746 4850 me
776 4793 969 4866 (Marc.
1004 4810 1112 4860 xw,
1158 4792 1274 4858 ‘56).
1314 4792 1518 4863 Nempe
1555 4792 1780 4848 manife-

212 4893 338 4941 stum
365 4898 449 4943 est
477 4888 587 4942 hoc
614 4885 780 4942 fuisse
809 4899 966 4941 orare
1016 4893 1075 4940 ut
1104 4886 1361 4940 transiret
1388 4884 1456 4939 ab
1505 4900 1571 4939 eo
1620 4882 1776 4951 hora,

213 4976 337 5043 quod
352 4985 471 5032 erat
498 4975 683 5032 dicere
712 4985 771 5031 ut
795 4975 933 5032 calix
958 4974 1337 5030 transferretur
1363 4975 1430 5030 ab
1445 4989 1532 5030 eo.
1564 4972 1687 5036 Ubi,
1720 4983 1778 5029 ut

213 5064 328 5139 dixi,
363 5078 527 5142 caput
551 5079 791 5126 nostrum
825 5070 878 5124 in
900 5085 959 5126 se
979 5069 1343 5124 membrorum
1363 5083 1580 5123 suorum
1605 5080 1781 5122 susce-

215 5165 346 5224 ptam
370 5160 765 5217 demonstravit
808 5160 1195 5227 inﬁrmitatem,
1225 5158 1417 5227 quibus
1442 5173 1502 5214 se
1530 5158 1778 5213 daturum

218 5258 425 5305 noverat
469 5250 710 5322 patiendi
749 5252 1026 5318 virtutem,
1057 5256 1119 5304 nt
1161 5248 1383 5304 doceret
1427 5264 1535 5303 non
1579 5263 1648 5303 ex
1675 5247 1780 5302 hoc

217 5343 567 5405 «acuendam
593 5343 844 5400 meritum
863 5341 1203 5413 passionis,si
1226 5338 1430 5395 homini
1458 5354 1558 5410 pro
1582 5337 1779 5393 Christi

217 5423 308 5485 Ide
332 5440 387 5486 et
411 5435 639 5489 caritate
665 5449 911 5503 passuro,
937 5440 1242 5503 promptum
1271 5430 1516 5501 spiritum
1555 5440 1793 5509 quatere

220 5518 464 5578 niteretur
485 5540 553 5580 ex
578 5524 883 5579 inlirmitate
912 5524 1091 5578 carnis
1118 5522 1342 5577 veniens
1368 5518 1656 5589 trepidatio
1684 5532 1777 5572 vo-

219 5603 453 5692 laxitatis,
479 5614 573 5670 scd
599 5616 777 5686 potius
800 5614 993 5670 divinte
1015 5613 1281 5668 voluntati
1306 5626 1365 5668 se
1395 5610 1508 5680 ipsa
1531 5609 1781 5664 voluntas

285 5776 308 5805 ι
334 5765 390 5822 ln
413 5770 550 5839 aliis,
576 5789 676 5827 non
693 5774 768 5828 ris
792 5781 847 5827 ut
868 5772 1035 5826 bibam
1061 5770 1203 5826 illum
1228 5771 1251 5823 7

1886 4605 1972 4658 tia:
1999 4601 2370 4672 inseparabilis
2397 4598 2671 4664 fortitudo,
2708 4613 2812 4669 qua
2836 4604 3021 4653 sancta
3050 4595 3283 4650 ebrietas
3301 4609 3470 4664 peno-

1885 4694 2107 4749 tralibus
2133 4692 2310 4747 cordis
2353 4690 2665 4754 infunditur,
2713 4697 2774 4743 ut
2810 4688 2987 4743 omnis
3030 4684 3244 4740 all’ectio
3287 4683 3469 4739 carnis

1884 4785 2141 4843 oblivioni
2172 4782 2361 4837 tradita
2411 4788 2716 4851 superetur.
2744 4777 2881 4833 ‘Hac
2927 4777 3190 4832 ebrietate
3226 4774 3468 4845 repletus
3523 4765 3525 4768 ﬁ

1886 4878 2095 4932 animus
2142 4874 2298 4929 discit
2341 4871 2576 4941 gaudere
2620 4883 2832 4937 semper
2862 4869 2915 4922 in
2956 4866 3202 4929 Domino,
3234 4872 3290 4920 et
3329 4858 3467 4921 con;

1885 4966 2108 5037 temptui
2129 4964 2387 5034 deputare
2408 4960 2665 5032 quidquid
2691 4958 2948 5025 diligebat
2977 4956 3028 5010 in
3052 4953 3295 5021 mundo;
3322 4954 3467 5011 hanc

1882 5058 2198 5114 ebrietatem
2228 5055 2474 5111 bibemus
2491 5051 2618 5106 dum
2642 5060 2863 5119 accepto
2889 5047 3091 5117 Spiritu
3112 5054 3324 5111 sancto,
3348 5058 3467 5116 per.

1882 5150 2034 5206 fectm
2054 5148 2295 5204 caritatis
2321 5160 2439 5216 qua:
2470 5146 2613 5199 foras
2630 5142 2796 5197 mittit
2823 5141 3070 5195 timorem
3097 5139 3324 5207 gratiam
3346 5152 3465 5207 pos~

1882 5241 2191 5297 sidebimus.
2209 5238 2345 5293 Hine
2366 5234 2610 5306 estquod
2636 5234 2827 5288 beatus
2846 5230 3159 5288 Ambrosius
3183 5230 3236 5285 in
3262 5230 3463 5299 hymno

1881 5331 2165 5392 matutino,
2198 5327 2356 5396 hujus
2375 5341 2476 5381 nos
2495 5323 2762 5394 postulare
2781 5322 3006 5390 gratiam
3030 5317 3308 5374 ebrietatis
3327 5313 3464 5370 edo—

1882 5424 2012 5491 cuit,
2041 5423 2166 5477 dum
2195 5420 2422 5475 dicimus
2454 5434 2467 5470 :
2493 5414 2624 5471 Larti
2649 5412 2880 5469 bibamus
2910 5411 3137 5468 sobriam
3161 5407 3461 5464 ebrietatem

1884 5514 2111 5585 Spiritus
2136 5504 2283 5583 (Fer.
2305 5510 2341 5562 2
2368 5510 2436 5563 ad
2463 5506 2683 5578 laudes).

1955 5603 2043 5660 43.
2076 5603 2132 5659 ln
2158 5602 2277 5658 aliis
2297 5601 2369 5655 ita
2393 5614 2481 5671 [ue
2508 5598 2641 5655 locis
2670 5606 2844 5667 potest
2873 5597 2981 5650 alio
3018 5594 3262 5663 quolibet
3299 5590 3460 5647 modo

1964 5759 1992 5800 δ
2021 5757 2332 5827 Δυιηκαιιο
2363 5760 2539 5815 lteram
2563 5776 2594 5811 a
2628 5754 2848 5813 Dbmino
2877 5757 2927 5812 in
2950 5755 3147 5811 ratione
3170 5753 3369 5808 cttliois.
