4066 6346
470 315 564 371 431

1505 311 1555 364 S.
1603 304 1958 365 FULGENTH
2000 301 2298 364 EPISCOPI
2338 304 2709 367 RUSPENSIS

3644 315 3749 376 4'52

469 430 763 488 secundum
782 446 923 485 veras
948 429 1068 485 ﬁdei
1097 428 1334 498 regulam
1358 426 1542 484 calicis
1568 443 1763 483 nomen
1789 427 2010 497 intelligi
2036 445 2050 489 ;
2087 428 2128 485 Α
2158 422 2405 482 Christus
2448 444 2704 499 passurus
2763 428 3177 500 promittebatur
3202 470 3217 496 ,
3268 428 3371 489 hoc
3420 427 3742 490 sacriﬁcium

471 525 522 578 in
554 525 660 579 hoc
690 531 869 578 tamen
901 520 1174 588 Evangelii
1224 520 1346 576 loco
1374 518 1441 574 de
1489 534 1598 589 quo
1629 536 1770 574 nunc
1816 518 2057 590 disputa—

469 631 611 681 mus,
638 629 746 670 non
776 613 917 669 aliud
948 613 1247 680 intelligere
1284 610 1511 666 sinimur
1559 610 1657 672 nisi
1704 608 1849 680 quod
1892 607 2058 679 ipsius

469 702 683 761 Domni
714 713 768 758 et
794 703 1030 771 magistri
1062 701 1229 756 nostri
1256 700 1597 756 sermonibus
1619 699 1933 766 elocemur,
1966 696 2056 768 qui

469 798 547 855 ait
566 816 578 849 :
602 795 703 850 Hic
726 796 863 849 calix
888 811 1073 849 novum
1088 793 1469 848 Testamentum
1496 802 1571 846 est
1595 792 1649 845 in
1671 792 1927 864 sanguine
1945 807 2057 845 meo

471 888 626 959 (Luc.
656 904 786 947 χιιι,
817 886 940 958 9.0);
964 894 1020 941 et
1042 901 1106 941 ex
1136 886 1237 940 hac
1263 885 1445 955 regula
1469 899 1574 953 qua
1596 885 1698 939 iste
1717 883 1856 939 calix
1870 882 2058 938 Testa-

469 988 710 1035 mentum
728 978 921 1034 dicitur
944 993 1160 1042 novum,
1184 977 1236 1032 in
1262 975 1352 1030 illo
1373 976 1541 1031 calice
1561 990 1721 1044 quem
1744 975 1893 1046 prius
1911 974 2059 1032 dedit

469 1086 577 1126 non
606 1070 807 1139 absque
834 1070 1046 1125 ratione
1086 1077 1239 1124 vetus
1284 1067 1599 1136 intelligitur
1627 1065 2050 1123 Testamentum.

470 1160 589 1231 Ipse
640 1161 804 1230 igitur
848 1160 1105 1215 Dominus
1154 1166 1443 1228 utrumque
1494 1155 1715 1213 calicem
1745 1154 1920 1221 dedit,
1962 1154 2052 1225 qui

470 1262 755 1323 utrumque
794 1250 1195 1306 Testamentum
1238 1249 1350 1304 suis
1395 1245 1642 1303 ﬁdelibus
1686 1244 1889 1301 tribuit.
1918 1241 2057 1301 Pro-

468 1353 656 1413 pterea
685 1351 739 1399 et
766 1344 818 1398 in
847 1342 1039 1400 eadem
1069 1358 1223 1399 coena
1274 1349 1328 1397 et
1356 1340 1633 1398 Iudaicum
1654 1336 1851 1411 pascha
1875 1354 2057 1395 come-

468 1436 566 1500 dit,
598 1438 745 1507 quod
777 1438 1065 1509 oportebat
1085 1435 1286 1500 offerri,
1311 1442 1365 1490 et
1393 1441 1791 1491 sacramentum
1816 1430 2058 1503 corporis

469 1534 552 1587 sui
600 1541 656 1586 et
708 1531 986 1601 sanguinis
1034 1529 1201 1594 dedit,
1258 1528 1399 1599 quod
1449 1527 1515 1583 ad
1546 1526 1774 1583 salutem
1821 1520 2056 1579 ﬁdelium

470 1622 758 1691 oportebat
803 1621 1009 1677 institui
1040 1639 1053 1673 :
1080 1619 1318 1675 comedit
1364 1617 1563 1688 pascha
1603 1615 1909 1670 Judarorum
1947 1628 2058 1683 quo

471 1712 766 1781 promissus
790 1718 872 1766 est
893 1709 1155 1773 Christus,
1188 1717 1246 1764 ut
1273 1708 1481 1763 veniret
1502 1707 1568 1761 ad
1590 1706 1787 1777 pascha
1814 1713 2055 1761 nostrum

2161 520 2320 576 offert
2360 537 2470 593 quo
2514 520 2759 578 Christus
2801 521 2912 592 jam
2958 540 3147 594 passus
3176 523 3498 581 ostenditur.
3548 522 3745 582 Dividit

2162 611 2323 667 etiam
2369 620 2582 682 tempus
2625 613 2755 669 illud
2801 613 3132 670 celebranda:
3180 610 3630 683 circumcisionis,
3678 617 3745 673 ab

2161 701 2265 758 isto
2295 712 2539 773 tempore
2580 704 2910 775 percipiendi
2938 705 3296 777 baptismatis.
3325 706 3496 775 Hujus
3522 701 3746 765 divisio-

2160 794 2243 850 nis
2270 795 2679 851 saluberrimum
2710 796 2907 851 retinet
2953 794 3169 852 modum
3199 797 3361 853 etiam
3394 797 3446 852 in
3476 801 3747 869 prmcepto

2162 887 2480 954 ncomeniae,
2504 887 2940 957 quandoquidem
2966 904 3074 943 non
3092 874 3238 943 tubis
3256 884 3492 943 Judaicis
3514 888 3749 945 inaniter

2162 985 2439 1049 personat,
2463 979 2556 1034 sed
2585 980 2833 1035 renovari
2862 989 3297 1051 unumquemque
3325 979 3517 1051 spiritu
3551 979 3746 1036 mentis

2162 1083 2291 1134 sum,
2340 1078 2393 1125 et
2435 1067 2656 1125 induere
2700 1085 2897 1125 novum
2946 1069 3221 1125 hominem
3267 1078 3454 1126 sancta
3497 1067 3742 1127 Ecclesia

2162 1158 2455 1231 praedicare
2484 1179 2593 1219 non
2622 1172 2817 1220 cessat.
2863 1162 2987 1219 "rec
3015 1163 3194 1219 omnia
3225 1157 3515 1219 salubriter
3555 1161 3748 1218 dividit

2160 1268 2281 1323 qua:
2310 1269 2452 1308 nunc
2492 1261 2814 1309 veneranter
2852 1241 3051 1325 accipit
3097 1254 3149 1309 in
3198 1254 3450 1319 lectione,
3499 1253 3595 1309 sed
3634 1251 3745 1323 jam

2164 1359 2271 1398 non
2302 1343 2541 1399 celebrat
2568 1343 2620 1399 in
2646 1359 2828 1414 opere,
2858 1360 3044 1400 aurem
3071 1343 3250 1400 cordis
3279 1343 3571 1399 admovens
3611 1359 3746 1414 apo-

2163 1432 2367 1491 stulicis
2410 1435 2584 1502 dictis,
2624 1437 2817 1505 quibus
2864 1436 3052 1491 beatus
3078 1436 3275 1491 Paulus
3320 1434 3508 1491 ﬁdeles
3557 1450 3747 1491 omnes

2160 1528 2393 1593 instruit,
2425 1528 2611 1583 dicens
2629 1546 2641 1581 :
2658 1524 2826 1584 Nemo
2848 1545 2931 1583 ros
2951 1526 3151 1599 judicet
3168 1530 3223 1582 in
3252 1526 3383 1594 cibo,
3406 1537 3496 1581 aut
3522 1526 3575 1582 in
3599 1534 3742 1597 potu,

2159 1626 2249 1671 aut
2270 1612 2323 1672 in
2351 1626 2499 1689 parte
2530 1614 2635 1673 diei
2664 1618 2801 1690 festi,
2832 1628 2922 1672 aut
2949 1620 3249 1682 neameniar,
3281 1629 3371 1672 aut
3391 1612 3745 1687 sabbatorum,

2159 1727 2273 1781 qua:
2298 1720 2417 1763 sunt
2443 1709 2626 1765 umbra
2646 1710 2954 1782 [utin-orum,
2985 1726 3171 1782 corpus
3199 1720 3369 1766 autem
3400 1710 3593 1767 Christi
3625 1706 3747 1783 (Co-

469 1818 577 1871 quo
606 1801 914 1856 immolatus
942 1809 1024 1856 est
1068 1799 1332 1855 Christus.
1377 1798 1616 1867 Denique
1665 1795 1883 1851 attende
1929 1796 2054 1866 quid
2093 1806 2133 1865 Β
2160 1802 2285 1856 loss.
2308 1817 2365 1865 ιι,
2394 1799 2499 1872 l6).
2536 1801 2667 1856 Nam
2698 1810 2753 1857 et
2781 1812 3173 1863 sacramentum
3196 1795 3621 1858 circumcisionis
3648 1818 3747 1858 ex-

469 1912 593 1952 eum
620 1895 897 1967 discipulis
928 1894 1129 1949 dixisse
1158 1893 1331 1949 Lucas
1359 1892 1685 1959 evangelista
1727 1906 2057 1946 commemo-

470 1998 573 2044 rat.
603 1987 693 2044 Sic
721 1987 863 2043 enim
893 1986 969 2041 ait
1000 2004 1012 2039 :
1044 1984 1248 2039 Etcum
1274 1986 1413 2055 facta
1439 1993 1573 2037 esset
1605 1982 1750 2044 hora,
1781 1978 2057 2044 discubuit,

469 2087 519 2132 et
541 2077 807 2133 duodecim
835 2077 1059 2147 apostoli
1105 2092 1218 2129 cum
1259 2091 1354 2138 eo;
1403 2083 1453 2128 et
1495 2074 1571 2126 ait
1616 2069 2059 2127 illis:l)esiderio

470 2168 756 2223 desideravi
785 2167 881 2221 Iioc
908 2166 1102 2236 pascha
1143 2165 1460 2219 manducare
1498 2161 1757 2218 vobiscum
1783 2171 2061 2232 antequam

468 2262 643 2330 patiar
676 2257 826 2324 (Luc.
862 2274 996 2325 χχιι,
1033 2256 1141 2324 i-l).
1187 2255 1531 2312 Manducavit
1557 2270 1685 2325 ergo
1719 2255 1920 2326 pascha
1950 2269 2060 2323 quo

469 2366 726 2423 passurus
751 2349 1170 2418 significabatur,
1201 2355 1491 2417 antequam
1536 2362 1636 2417 pro
1665 2346 1824 2402 nobis
1862 2345 2058 2400 volun-

469 2443 608 2513 tario
630 2448 926 2512 pateretur.
978 2438 1074 2494 Est
1117 2447 1296 2494 autem
1342 2438 1506 2493 etiam
1539 2438 1590 2492 in
1620 2438 1749 2508 ipsis
1777 2436 2062 2492 dominicis

468 2533 810 2589 sermonibus
856 2531 1058 2601 aliquid
1114 2529 1259 2601 quod
1307 2530 1568 2585 attentius
1617 2538 1700 2584 est
1746 2544 1775 2582 a
1818 2527 2061 2584 lidelibus

469 2623 890 2694 agnoscendum,
937 2623 991 2678 in
1040 2637 1149 2692 quo
1198 2621 1480 2692 utriusque
1510 2620 1844 2677 Testamenti
1883 2627 2062 2691 potest

469 2731 732 2789 apparere
786 2716 1067 2773 discrctTo.
1126 2715 1325 2770 Beatus
1366 2714 1511 2770 enim
1560 2714 1730 2769 Lucas
1777 2712 1846 2769 de
1891 2713 2062 2768 calice

467 2826 629 2880 quem
659 2809 911 2880 primitus
942 2808 1256 2873 nominavit,
1282 2809 1352 2862 ita
1375 2807 1506 2863 dicit
1530 2806 1631 2861 :Et
1651 2817 1859 2877 accepto
1880 2807 2058 2871 calice,

463 2904 666 2974 gratias
693 2903 798 2973 egit
824 2911 873 2954 et
915 2902 1089 2954 dixit:
1120 2902 1348 2971 Accipite
1383 2910 1432 2955 ct
1460 2900 1666 2955 dividite
1694 2901 1828 2957 inter
1852 2915 1974 2963 vos;
1995 2898 2062 2953 de

462 3008 609 3063 :pane
632 3008 762 3047 vero
809 3001 864 3046 ct
892 2992 1059 3047 calice
1091 3000 1278 3062 postea
1310 2992 1537 3061 loquens
1583 2991 1659 3046 ait
1695 3009 1707 3044 :
1735 2982 1807 3045 Et
1851 2999 2061 3059 accepto

464 3100 605 3154 pane
632 3084 830 3155 gratias
855 3083 982 3153 egit,
1012 3091 1062 3137 et
1091 3084 1265 3153 fregit,
1310 3092 1361 3137 et
1402 3083 1545 3137 dedit
1587 3083 1661 3137 eis
1690 3081 1866 3137 dicens
1902 3098 1918 3137 :
1947 3081 2062 3137 Hoc

2161 1907 2369 1962 ponens
2388 1892 2460 1947 ait
2476 1909 2492 1946 :
2517 1892 2696 1948 Videte
2711 1911 2775 1949 ne
2789 1890 2900 1965 quis
2921 1910 3007 1948 ros
3023 1893 3244 1964 decipiat
3265 1910 3355 1965 per
3370 1890 3749 1965 philosophiam

2160 1993 2209 2039 et
2233 1983 2442 2039 inanem
2473 1983 2759 2056 fallaciam,
2792 1984 3067 2039 secundum
3099 1984 3429 2039 traditionem
3456 1984 3747 2048 hominum,

2161 2074 2438 2130 secundum
2464 2075 2713 2129 elementa
2742 2073 2944 2143 mundi,
2968 2082 3139 2128 etnon
3163 2074 3439 2129 secundum
3455 2072 3751 2139 Christum;

2160 2167 2279 2237 quia
2308 2165 2360 2219 in
2392 2166 2502 2237 ipso
2531 2164 2730 2220 habitat
2758 2168 2926 2220 omnis
2954 2165 3220 2237 plenitudo
3250 2166 3535 2220 divinitatis
3563 2181 3751 2235 corpo-

2161 2257 2362 2323 raliter,
2395 2266 2445 2311 et
2464 2257 2586 2312 estis
2608 2250 2661 2311 in
2691 2257 2783 2311 illo
2812 2255 2995 2327 repleti
3017 2258 3103 2328 qui
3127 2265 3203 2310 est
3223 2265 3376 2326 caput
3404 2258 3572 2311 omnis
3600 2256 3751 2325 prin-

2161 2351 2364 2419 cipatus
2390 2357 2440 2402 et
2468 2349 2757 2418 potestatis,
2783 2348 2836 2402 in
2860 2364 2958 2419 quo
2980 2356 3029 2402 et
3067 2347 3358 2401 circumcisi
3383 2347 3506 2400 estis
3533 2346 3754 2401 circum-

2162 2440 2356 2494 cisione
2376 2455 2479 2494 non
2502 2441 2803 2510 manufacta
2831 2440 2881 2493 in
2907 2438 3284 2508 exspoliatione
3304 2439 3536 2509 corporis
3556 2438 3751 2502 carnis,

2160 2531 2254 2585 sed
2281 2532 2335 2584 iu
2358 2530 2749 2584 circumcisione
2775 2529 2985 2595 Christi,
3028 2529 3316 2599 cousepulti
3343 2530 3390 2583 ei
3420 2530 3477 2582 in
3500 2529 3756 2597 baptismo

2164 2621 2385 2689 (Coloss.
2403 2640 2460 2686 ιι,
2483 2622 2661 2692 8-l2).
2695 2622 2820 2678 “me
2850 2631 2905 2677 et
2931 2623 3014 2678 his
3037 2623 3233 2679 similia
3262 2630 3316 2677 et
3344 2623 3555 2693 accepit
3575 2620 3758 2677 Eccle-

2162 2718 2240 2775 sia
2262 2720 2556 2789 sapienter,
2585 2731 2642 2774 et
2669 2719 2857 2775 dividit
2890 2737 2902 2773 :
2933 2719 3269 2790 accipiendo,
3300 2719 3472 2776 credit
3500 2736 3530 2774 a
3564 2719 3673 2775 Deo
3700 2720 3753 2776 in

2163 2810 2392 2865 veritate
2416 2809 2713 2878 promissa;
2755 2809 3065 2875 dividendo,
3102 2809 3379 2877 cognoscit
3403 2810 3471 2865 ab
3498 2810 3614 2881 ipso
3643 2810 3755 2866 Deo

2163 2899 2217 2953 in
2246 2899 2475 2955 veritate
2492 2898 2603 2968 jam
2634 2898 2876 2965 reddita;
2909 2915 3010 2956 nec
3048 2901 3099 2955 in
3144 2898 3327 2971 ﬁguris
3349 2908 3631 2971 exspectat
3649 2900 3755 2955 im-

2162 2991 2381 3062 plenda,
2420 2991 2514 3047 sed
2544 2992 2597 3046 in
2625 2992 2855 3047 veritate
2902 2999 3139 3047 retentat
3184 2990 3427 3061 impleta.
3471 2991 3585 3046 Scit
3610 2991 3756 3046 enim

2162 3092 2351 3141 sancta
2370 3082 2611 3140 Ecclesia
2644 3082 2856 3139 ﬁdelem
2885 3084 3052 3139 Deum
3079 3083 3132 3138 in
3162 3082 3342 3139 verbis
3370 3083 3504 3149 suis,
3552 3092 3609 3138 et
3633 3098 3759 3137 san-

469 3184 544 3231 est
585 3190 769 3245 corpus
803 3190 971 3228 meum
1006 3174 1143 3246 quod
1168 3191 1261 3244 pro
1308 3173 1448 3229 vobis
1478 3172 1661 3239 datur;
1692 3172 1787 3228 Iwc
1826 3174 1982 3245 facite
2007 3173 2062 3227 in
2093 3184 2136 3246 α
2167 3184 2313 3233 ctum
2343 3175 2398 3231 in
2428 3174 2678 3231 omnibus
2707 3174 2964 3246 operibus
2987 3175 3100 3231 suis
3128 3192 3140 3228 :
3168 3174 3310 3230 unde
3331 3174 3471 3230 sicut
3498 3173 3552 3228 in
3574 3172 3761 3228 Veteri

469 3281 639 3319 meam
685 3264 1245 3319 commemorationem.
1286 3263 1545 3317 Similiter
1571 3272 1621 3317 et
1660 3263 1873 3317 calicem
1918 3273 2063 3334 post-

451 3376 623 3429 quam
652 3360 886 3424 coenavit,
915 3357 1089 3412 dicens
1112 3373 1130 3412 :
1162 3355 1266 3412 Hic
1288 3357 1434 3411 calix
1455 3354 1659 3412 Novum
1684 3356 2062 3411 Testamentum

464 3460 547 3505 est
574 3453 629 3505 in
657 3452 1045 3522 sanguinemeo
1068 3450 1156 3519 qui
1183 3466 1277 3518 pro
1308 3448 1446 3504 vobis
1475 3448 1712 3520 funditur
1741 3447 1892 3523 (Luc.
1927 3464 2058 3513 χχιι,

468 3540 681 3614 47-19).
727 3540 844 3596 Non
870 3540 1000 3597 mihi
1027 3541 1237 3597 videtur
1260 3540 1493 3597 inaniter
1518 3540 1603 3597 hic
1632 3540 1701 3596 ab
1727 3539 1842 3612 ipsa
1869 3540 1961 3596 Dei
1985 3555 2068 3595 sa~

469 3633 672 3703 pientia
702 3632 991 3688 verborum
1030 3631 1273 3700 qnmdam
1305 3631 1443 3687 facta
1485 3630 1771 3697 discretio;
1820 3630 2064 3700 quando-

469 3725 685 3797 quidem
719 3726 952 3796 primum
976 3725 1214 3780 calicem
1246 3724 1326 3779 sic
1373 3723 1744 3792 accipiendum
1791 3723 1960 3790 dedit,
2005 3731 2065 3778 ut

470 3818 789 3887 praeciperet
819 3815 1194 3880 dividendum,
1220 3814 1405 3871 dicens
1440 3834 1451 3868 :
1484 3816 1731 3883 Accipite,
1778 3825 1827 3869 et
1856 3815 2065 3871 dividite

470 3912 605 3964 inter
626 3924 743 3973 ros;
792 3907 938 3975 «quod
989 3908 1135 3961 inveo
1176 3908 1344 3962 calice
1372 3922 1533 3978 quem
1561 3923 1684 3962 cum
1723 3922 1862 3977 pane
1893 3907 2063 3971 dedit,

472 4000 695 4055 omnino
720 4013 826 4053 non
848 3997 984 4052 dixit
1002 3997 1112 4052 εεὶιή
1142 3997 1287 4052 enim
1318 4012 1514 4066 corpus
1539 4012 1695 4051 suum
1722 3996 2064 4066 sanguinem-

471 4103 577 4159 que
606 4088 1031 4153 commendat,et
1050 4085 1556 4145 eumdemcalicem
1588 4102 1785 4142 novum
1817 4088 1979 4159 265
2004 4087 2058 4141 in

472 4181 732 4249 sanguine
755 4196 854 4235 suo
883 4179 1077 4235 asserit
1105 4178 1532 4241 Testamentum,
1565 4178 1750 4234 dicens
1770 4198 1781 4232 :
1801 4178 1903 4233 llic
1925 4180 2066 4233 calix

474 4272 530 4327 Ν
534 4289 680 4328 ovum
712 4272 1091 4328 Testamentum
1119 4280 1195 4327 est
1216 4273 1275 4327 in
1290 4272 1544 4344 sanguine
1564 4289 1675 4327 meo
1699 4272 1784 4343 qui
1805 4288 1897 4342 pro
1926 4270 2066 4326 vobis

474 4364 740 4437 funditur;
765 4364 908 4419 nulla
930 4378 1059 4419 vero
1083 4362 1139 4417 ﬁt
1165 4363 1369 4419 mentio
1397 4362 1580 4419 calicis
1604 4362 1897 4429 dividendi,
1920 4362 2064 4432 quod

476 4460 527 4513 in
556 4457 919 4528 aliis‘quoque
940 4456 1151 4512 duobus
1180 4455 1546 4524 evangelistis,
1577 4454 1831 4510 Matthzco
1859 4455 2065 4511 scilicet

2168 3270 2516 3328 Testamento
2547 3268 2723 3326 ﬁdelia
2754 3270 2919 3325 verba
2950 3269 3045 3325 Dci
3093 3268 3460 3341 promittentis
3488 3263 3761 3347 intelligit.

2165 3361 2245 3417 sic
2273 3361 2326 3416 in
2359 3359 2713 3415 Testamento
2755 3358 2907 3415 Novo
2928 3367 3115 3415 sancta
3146 3375 3312 3431 opera
3336 3358 3430 3414 Dei
3458 3357 3603 3429 quod
3632 3371 3765 3429 pro-

2165 3452 2387 3509 miserat
2412 3450 2684 3506 reddentis
2704 3450 2969 3519 agnoscit.
2994 3450 3249 3518 Quaadam
3274 3450 3416 3506 enim
3439 3449 3763 3519 promitten-

2166 3544 2237 3599 tis
2258 3543 2353 3598 Dei
2378 3542 2544 3599 verba
2574 3540 2788 3598 luerunt
2810 3550 3147 3599 sacramenta
3168 3541 3380 3597 Veteris
3398 3539 3760 3604 Testamenti,

2165 3634 2362 3704 quibus
2411 3633 2568 3689 nobis
2615 3633 3034 3704 promittebatur
3082 3631 3329 3695 Christus
3374 3649 3387 3685 :
3434 3645 3556 3702 qua:
3591 3628 3761 3685 verba

2166 3728 2517 3792 transierunt,
2568 3742 2633 3782 ex
2665 3741 2774 3796 quo
2811 3726 2915 3782 illis
2942 3725 3139 3796 quibus
3167 3725 3585 3796 promittebatur
3611 3722 3763 3779 inve-

2167 3819 2313 3873 nitur
2332 3817 2621 3874 exhibitus.
2647 3816 2775 3873 ideo
2798 3817 2851 3872 in
2873 3817 2990 3888 ipso
3011 3814 3276 3872 sacriﬁcio
3296 3814 3542 3887 corporis
3561 3812 3762 3870 Christi

2168 3925 2196 3965 a
2226 3911 2518 3979 gratiarum
2548 3910 2763 3965 actione
2792 3908 3101 3980 incipimus,
3127 3917 3187 3963 ut
3206 3908 3480 3965 Christum
3506 3922 3616 3963 non
3638 3906 3768 3962 dan-

2168 3999 2317 4065 dum,
2350 3998 2446 4055 sed
2472 3998 2657 4054 datum
2686 3998 2842 4053 nobis
2867 3998 2921 4053 in
2949 3998 3181 4054 veritate
3202 4006 3598 4063 monstremus;
3628 4005 3687 4051 et
3708 3994 3764 4051 in

2168 4108 2236 4149 eo
2274 4091 2424 4162 quod
2453 4092 2654 4162 gratias
2676 4090 2885 4160 agimus
2912 4089 3025 4146 Deo
3052 4090 3106 4145 in
3137 4090 3412 4146 oblatione
3440 4087 3687 4158 corporis
3708 4094 3767 4140 et

2166 4183 2441 4251 sanguinis
2469 4182 2687 4249 Christi,
2714 4194 3105 4250 cognoscamus
3146 4196 3254 4236 non
3294 4180 3468 4237 adhuc
3507 4177 3768 4235 occiden-

2166 4274 2294 4329 dum
2339 4272 2611 4328 Christum
2661 4288 2761 4343 pro
2809 4271 3011 4328 nostris
3036 4272 3198 4343 266
3225 4270 3621 4341 iniquitatibus,
3668 4267 3771 4325 sed

2169 4364 2437 4429 occisum;
2485 4378 2584 4419 nec
2612 4362 2959 4418 redimendos
2988 4378 3088 4418 nos
3125 4360 3217 4417 illo
3247 4361 3526 4432 sanguine,
3558 4359 3655 4415 sed
3681 4373 3774 4414 re-

2168 4456 2434 4527 demptos.
2467 4456 2605 4511 Vera
2635 4466 2720 4513 est
2763 4456 2906 4513 enim
2950 4454 3094 4512 beati
3128 4454 3276 4512 Petri
3308 4454 3644 4527 praedicatio,
3685 4454 3772 4510 di-

474 4562 529 4605 et
559 4549 761 4617 Marco,
788 4548 1039 4604 similiter
1066 4547 1358 4615 invenitur,
1404 4547 1543 4603 sicut
1570 4563 1756 4602 eorum
1795 4547 1940 4603 dicta
1969 4563 2064 4603 su—
2095 4566 2144 4626 ι)
2168 4548 2341 4604 centis
2384 4563 2399 4602 :
2444 4534 2567 4601 Non
2614 4546 2752 4601 enim
2798 4545 3213 4617 corruptibilibus
3261 4553 3476 4615 argento
3515 4544 3595 4601 vel
3635 4561 3773 4599 auro

474 4642 657 4711 perius
679 4655 709 4695 a
737 4639 1092 4710 nobisposita
1133 4638 1411 4694 evidenter
1430 4637 1744 4694 ostendunt.
1780 4638 1933 4695 llunc
1958 4638 2063 4693 ita-

472 4749 580 4802 que
605 4732 849 4797 calicem,
903 4732 956 4799 in
986 4746 1095 4802 quo
1123 4740 1279 4788 vetus
1325 4731 1583 4786 insinuari
1612 4730 1846 4786 diximus
1872 4730 2063 4786 Testa-

472 4830 738 4890 mentum,
768 4820 890 4877 ideo
922 4821 1179 4877 Dominus
1215 4821 1584 4893 accipiendum
1614 4819 2067 4890 dividendumque

472 4912 770 4977 mandavit,
821 4920 881 4969 ut
928 4912 1159 4983 apostoli
1207 4912 1352 4969 dono
1377 4912 1657 4981 sapientiae
1698 4911 1935 4967 cmlestis
1983 4911 2065 4965 in—

472 5004 689 5071 structi,
710 5004 790 5060 sic
811 5005 1134 5074 scripturam
1162 5003 1377 5061 Veteris
1398 5004 1726 5060 Testamenti
1749 5011 2062 5058 reverenter

473 5095 813 5164 acciperent,
876 5102 934 5148 ut
966 5095 1036 5149 'in
1092 5096 1222 5166 ipsis
1272 5093 1557 5165 praeceptis
1608 5093 1737 5162 quid
1794 5092 2059 5161 agendum

471 5180 677 5256 quidve"
691 5186 1044 5242 omittendum
1070 5195 1233 5253 esset,
1263 5196 1488 5257 accepto
1508 5185 1849 5242 discretionis
1868 5186 2059 5257 spiritu

442 5290 445 5297 λ
469 5278 870 5346 cognovissent.
890 5277 1020 5334 ’lloc
1047 5279 1191 5335 enim
1220 5285 1305 5333 est
1332 5288 1484 5333 recte
1510 5276 1771 5343 dividere,
1803 5284 1862 5332 ut
1890 5292 2058 5332 unus-

466 5368 700 5437 quisque
725 5368 937 5424 noverit
961 5368 1442 5439 pro=congruentia
1471 5368 1731 5440 temporis
1758 5368 1886 5438 quid
1909 5369 2066 5424 omit-

466 5468 587 5516 tere
608 5460 825 5527 deheat,
856 5461 982 5532 quid
1013 5469 1220 5517 tenere.

543 5552 632 5609 44.
661 5551 797 5609 Hinc
821 5562 907 5609 est
932 5553 1075 5625 quod
1100 5554 1416 5610 cautissimo
1440 5553 1721 5610 divisionis
1747 5553 1937 5610 ordine

470 5645 637 5699 elesia
665 5643 761 5713 Dei
786 5644 910 5711 vivi,
937 5659 1057 5714 qua:
1087 5652 1170 5700 est
1197 5645 1444 5714 cglumua
1476 5653 1531 5700 et
1557 5645 1952 5700 ﬁrmamentum
1980 5658 2066 5698 ve-

472 5734 646 5788 ritatis
670 5706 722 5805 ι(ι
762 5706 1007 5798 Τὶιηίιῖι,
1043 5732 1150 5804 t5),
1205 5706 1447 5806 tdmpora
1492 5724 2061 5791 venturi‘Christie’ve-

476 5824 781 5896 nientisque
831 5824 1121 5892 discernit;
1191 5833 1245 5881 et
1287 5824 1501 5881 omissis
1550 5823 1826 5882 sacriﬁciis
1868 5823 2063 5894 quibus

1526 5930 1534 5941 ’
2055 5923 2081 5950 ν

2168 4638 2419 4708 redempti
2459 4638 2580 4692 estis
2611 4636 2674 4691 de
2716 4652 2855 4691 cana
2900 4646 3069 4692 uestra
3117 4637 3507 4691 conversatione
3532 4645 3776 4706 paterni:

2170 4730 2487 4793 traditionis,
2528 4730 2619 4784 sed
2646 4730 2871 4796 pretioso
2899 4727 3152 4800 sanguine
3185 4729 3333 4799 quasi
3360 4727 3495 4799 Agni
3525 4729 3774 4783 inconta-

2168 4822 2355 4877 minati
2375 4831 2424 4876 et
2446 4821 2765 4875 immaculati
2796 4818 2989 4875 Christi
3014 4818 3067 4890 (1
3095 4819 3236 4874 Petr.
3263 4836 3300 4882 l,
3327 4817 3438 4889 18).

2241 4910 2330 4965 43.
2360 4907 2564 4965 Dividit
2593 4923 2723 4979 ergo
2751 4917 2937 4964 sancta
2965 4907 3202 4965 Ecclesia
3235 4906 3432 4977 ﬁguras
3452 4923 3483 4963 a
3510 4907 3768 4971 veritate,

2168 5001 2386 5058 umbras
2416 5016 2447 5056 a
2472 5016 2702 5071 corpore
2732 5017 2744 5053 :
2777 4998 2924 5072 quod
2951 5016 3071 5055 eam
3101 5000 3273 5057 sancti
3302 4998 3535 5071 apostoli
3564 4997 3770 5055 docue—

2165 5101 2314 5161 runt,
2334 5092 2426 5162 qui
2447 5091 2791 5149 dividendum
2822 5094 2963 5149 inter
2986 5108 3045 5149 se
3066 5093 3214 5149 illum
3234 5093 3459 5150 calicem
3482 5107 3513 5146 a
3533 5091 3770 5146 Domino

2165 5184 2455 5241 salubriter
2482 5196 2830 5257 acceperunt.
2860 5183 3030 5256 llujus
3058 5193 3238 5242 autem
3266 5184 3450 5242 calicis
3479 5182 3605 5240 ideo
3628 5183 3770 5239 divi—

2167 5278 2374 5334 sionem
2398 5276 2656 5334 Dominus
2683 5278 2960 5349 discipulis
2987 5279 3153 5343 dedit,
3196 5279 3322 5348 quia
3353 5277 3482 5349 ipsis
3509 5274 3763 5334 docenti.

2166 5369 2268 5425 bus
2295 5377 2480 5425 sancta
2512 5368 2753 5425 Ecclesia
2790 5369 3152 5437 cognitionem
3182 5367 3341 5437 hujus
3365 5366 3647 5423 divisionis
3676 5379 3768 5421 ac-

2166 5463 2328 5532 cepit.
2362 5461 2503 5518 Dicit
2527 5468 2709 5515 autem
2746 5470 2804 5515 ut
2826 5460 2965 5515 inter
2988 5474 3048 5516 se
3075 5459 3336 5526 dividant,
3387 5457 3442 5513 id
3471 5465 3577 5525 est,
3618 5466 3679 5511 ut
3708 5455 3765 5510 in

2166 5551 2374 5607 unitate
2417 5552 2638 5624 spiritus
2666 5559 2724 5607 et
2750 5551 2963 5607 vinculo
2991 5550 3160 5622 pacis,
3204 5557 3544 5607 sacramenta
3567 5547 3767 5605 Testa-

2163 5642 2334 5699 menti
2363 5641 2499 5698 Novi
2533 5649 2993 5699 sacramentorum
3018 5650 3263 5698 veterum
3306 5640 3613 5698 cessatione
3645 5638 3764 5694 dis-

2165 5734 2414 5804 tinguant
2444 5752 2457 5787 :
2491 5733 2634 5804 quod
2666 5734 2718 5789 in
2741 5733 2913 5790 calice
2943 5732 3274 5790 Testamenti
3304 5732 3438 5788 Novi
3472 5747 3583 5789 non
3624 5743 3773 5803 prte-

2168 5823 2295 5893 cipit
2325 5824 2390 5880 ab
2410 5824 2678 5890 apostolis
2703 5824 2836 5883 lteri.
2863 5823 2919 5879 in
2942 5823 3094 5882 Novo
3116 5824 3259 5881 enim
3278 5823 3629 5881 Testamento
3646 5831 3766 5879 non
