4066 6346
298 411 399 471 ιὸὂ

1676 402 2001 464 EPISTOLA
2041 406 2171 461 XIV.

3450 405 3564 481 tat

297 542 378 587 est
399 536 857 586 sacramentorum
883 527 1095 593 divisio,
1122 525 1217 583 sed
1239 525 1524 591 donorum,
1555 542 1673 594 qua:
1695 523 1874 579 nonin
1906 525 1954 584 Α
1982 528 2037 575 et
2076 520 2199 590 quia
2243 536 2379 573 nunc
2426 519 2663 573 humiliat
2712 518 3000 588 superbum
3052 517 3312 585 iudicum,
3341 529 3390 597 et
3430 520 3565 577 hunc

300 620 574 676 hominum
615 620 889 687 facultate,
930 618 1025 673 sed
1063 619 1116 673 in
1144 617 1316 673 sancti
1342 616 1574 687 Spiritus
1612 622 1882 684 potestate

297 710 563 767 cbnsistit.
595 709 887 765 Divisiones
915 708 1051 763 enim
1076 710 1363 781 gratiarum
1392 716 1530 770 sunt,
1559 703 1695 760 idem
1716 713 1885 758 autem

296 802 567 872 Spiritus;
597 807 647 854 et
667 800 944 855 divisiones
972 799 1413 855 ministrationum
1443 804 1585 864 sunt,
1612 795 1749 850 idem
1787 810 1886 847 au-

295 902 400 947 tem
430 891 721 955 Dominus;
752 891 1030 945 divisiones
1059 890 1414 960 operatiouum
1444 896 1583 953 sunt,
1614 888 1751 942 idem
1772 903 1887 941 vero

298 982 464 1047 Deus,
494 983 581 1054 qui
607 989 853 1051 operatur
889 981 1067 1034 omnia
1089 980 1146 1034 in
1185 977 1419 1034 omnibus
1450 976 1501 1045 (Ι
1532 975 1651 1032 Cor.
1685 994 1777 1040 xu,
1809 976 1885 1047 4).

297 1074 430 1130 lude
474 1082 558 1129 est
602 1068 746 1144 qutid
775 1088 898 1128 cum
939 1072 1030 1127 alii
1073 1071 1231 1128 datur
1278 1086 1376 1142 per
1403 1070 1661 1140 Spiritum
1713 1083 1891 1124 sermo

298 1165 615 1236 sapientiae,
677 1164 769 1218 alii
832 1171 1012 1218 autem
1076 1176 1257 1218 sermo
1310 1161 1548 1217 scientiae
1600 1157 1891 1214 secundum

301 1255 555 1311 eumdem
603 1254 859 1324 Spiritum
884 1293 900 1319 ,
948 1253 1103 1308 alteri
1149 1252 1281 1308 fides
1333 1254 1388 1306 in
1433 1251 1623 1307 eodem
1666 1249 1889 1320 Spiritu,

300 1348 396 1403 alii
435 1347 606 1417 gratia
652 1345 944 1400 sanitatum
986 1345 1041 1399 in
1072 1360 1180 1400 uno
1208 1343 1429 1414 Spiritu,
1473 1352 1528 1398 et
1554 1350 1745 1398 cetera
1773 1354 1893 1410 qua:

302 1440 635 1510 apostolicus
683 1452 861 1492 sermo
896 1437 1193 1502 contexuit,
1246 1452 1354 1492 non
1404 1435 1710 1491 hominibus
1758 1432 1894 1487 divi-

305 1532 488 1587 denda
515 1532 739 1593 dantur;
787 1529 884 1586 sed
912 1530 1030 1585 haec
1055 1529 1233 1584 omnia
1265 1537 1521 1599 operatur
1549 1542 1683 1581 unus
1705 1525 1892 1590 idem-

304 1639 415 1695 que
457 1622 711 1694 Spiritus,
762 1620 1004 1678 dividens
1051 1622 1267 1692 prOpria
1308 1620 1529 1688 singulis
1564 1627 1723 1690 prout
1759 1617 1892 1673 vult.

1985 611 2185 664 exultat
2232 608 2578 664 conlltentem
2631 608 2909 687 gentilem,
2952 610 3222 666 inclinavit
3266 626 3332 669 ex
3387 612 3483 670 hoc
3511 615 3568 672 in

1988 700 2140 766 hunc,
2173 701 2223 755 id
2253 709 2335 754 est
2357 716 2385 754 a
2409 698 2634 755 Judaico
2657 701 2857 770 populo
2900 701 2951 756 in
2976 703 3249 772 gentilem-
3282 704 3567 774 p0pulum.

1989 791 2126 859 Quid
2158 792 2467 851 inclinavit?
2496 792 2693 861 Legem
2722 809 2737 857 ;
2769 801 2824 847 et
2845 792 3114 862 eliquatus
3141 804 3240 855 est.
3267 795 3391 851 inde
3414 796 3572 866 spiri-

1991 885 2113 939 talis
2134 868 2438 940 intellectus
2463 903 2475 938 :
2511 894 2857 939 verumtamen
2881 887 2988 957 {tux
3015 886 3129 957 ejus
3158 903 3264 945 non
3286 896 3364 941 est
3383 888 3571 942 exina-

1991 976 2123 1042 nita,
2149 976 2272 1045 quia
2303 976 2483 1031 omnia
2524 984 2861 1030 sacramenta
2910 976 3147 1053 carnalia
3188 976 3328 1046 apud
3358 975 3578 1035 Judzeos

1993 1071 2385 1120 remanserunt.
2409 1084 2427 1118 ›
2461 1063 2537 1119 Ex
2568 1065 2650 1120 his
2681 1065 2838 1119 dictis
2861 1066 3006 1121 beati
3032 1053 3316 1140 Augustini
3341 1065 3575 1122 arbitror

1994 1163 2181 1225 patere
2209 1163 2264 1210 et
2284 1154 2469 1211 calicis
2500 1154 2990 1226 intellectumhquo
3037 1157 3210 1225 possit
3260 1155 3313 1210 in
3342 1155 3575 1215 veritate

1995 1247 2249 1317 spiritalis
2294 1247 2538 1319 mysterii
2569 1246 2761 1302 divisio
2811 1245 2954 1307 faecis
3003 1247 3244 1317 vinique,
3274 1246 3569 1317 cognosci:

1994 1338 2072 1392 sic
2099 1344 2279 1393 tamen
2328 1344 2388 1392 ut
2432 1350 2538 1390 non
2590 1335 2711 1391 ideo
2758 1337 2886 1390 velit
2931 1336 3125 1404 aliquis
3168 1335 3575 1397 Testamentum

1971 1429 2162 1493 Vetus
2190 1428 2447 1498 abjicere,
2467 1428 2592 1498 quia
2622 1428 2768 1483 videt
2790 1428 2907 1495 ejus
2935 1437 3272 1503 sacramenta
3294 1444 3574 1488 cessasse.

1996 1518 2087 1573 Sic
2114 1519 2259 1575 enim
2285 1518 2445 1574 debet
2473 1530 2595 1573 cum
2640 1519 3007 1582 veneratione,
3038 1519 3206 1579 teneri
3252 1518 3572 1579 Testamen-

1997 1614 2109 1661 tum
2134 1606 2360 1670 Novum,
2386 1615 2447 1662 ut
2465 1624 2573 1662 non
2597 1608 2667 1663 sit
2695 1607 3098 1671 Testamentum
3125 1607 3295 1670 Vetus
3312 1608 3579 1689 aliquate-

308 1713 465 1770 uanc
507 1714 822 1771 divisionem
867 1728 1030 1782 quam
1081 1729 1186 1768 non
1230 1712 1539 1768 hominibus
1582 1710 1751 1776 dedit,
1801 1708 1897 1764 sed
1999 1714 2102 1754 nus
2132 1697 2538 1767 relinquendum
2570 1716 2584 1751 :
2614 1699 2757 1769 quod
2803 1699 2931 1753 mihi
2978 1700 3191 1754 videtur
3215 1700 3315 1755 sub
3360 1701 3579 1755 nomine

305 1809 411 1865 sibi
461 1816 670 1863 ωηιυω
713 1806 949 1862 Trinitas
1000 1806 1316 1873 reservavit,
1366 1805 1474 1859 alio
1530 1804 1649 1858 ιορο
1706 1802 1898 1857 beatus
2000 1791 2157 1845 amici
2186 1790 2391 1861 antiqui
2421 1791 2622 1845 etnovi
2644 1792 2697 1845 in
2728 1791 2865 1845 libro
2892 1790 3270 1848 Ecclesiastico
3298 1807 3580 1848 commen-

309 1903 604 1975 Apostolus
630 1900 942 1969 ostendens,
965 1899 1217 1955 admouet
1252 1915 1358 1953 non
1386 1899 1500 1968 plus
1541 1912 1720 1967 sapere
1744 1912 1896 1966 quam
1928 1903 1975 1963 Β
2000 1881 2136 1946 dari.
2168 1882 2264 1975 ubi
2286 1880 2481 1936 dicitur
2506 1899 2518 1933 :
2539 1879 2643 1975 ‘Ne
2663 1882 3006 1975 derelinquas
3010 1885 3235 1975 amicum
3275 1886 3574 1975 antiquum,

308 2002 511 2067 oportet
558 2009 757 2065 sapere,
808 1992 898 2047 sed
948 2007 1129 2060 sapere
1174 1989 1244 2042 ad
1283 1988 1641 2051 sobrietatem;
1690 1986 1894 2040 unicui-

308 2104 406 2160 que
431 2089 564 2142 sicut
589 2084 730 2140 Deus
770 2085 939 2140 divisit
979 2101 1272 2138 mensuram
1310 2083 1432 2152 ﬁdei
1462 2080 1639 2149 (Rom.
1679 2097 1778 2149 xu,
1815 2079 1893 2152 5).

310 2175 377 2230 Et
405 2176 529 2247 quia
553 2191 658 2231 una
691 2183 774 2232 est
800 2175 957 2230 divisi
980 2194 992 2226 ι
1025 2173 1198 2228 Putris
1218 2182 1274 2228 et
1296 2173 1412 2227 Filii
1443 2181 1507 2226 et
1520 2170 1752 2241 Spiritus
1776 2187 1897 2225 san-

310 2268 407 2332 cti,
438 2266 563 2322 ideo
592 2264 859 2333 Christus,
906 2266 996 2336 qui
1028 2273 1111 2321 est
1135 2264 1228 2319 Dei
1270 2264 1554 2333 sapientia,
1586 2264 1636 2317 in
1664 2260 1895 2339 Prover-

312 2358 417 2413 biis
443 2356 573 2413 dicit
599 2374 612 2409 :
639 2355 704 2411 In
733 2356 998 2411 itineribus
1019 2356 1239 2427 justitiw
1274 2355 1489 2418 incedo,
1532 2364 1582 2408 et
1616 2355 1752 2408 inter
1790 2371 1897 2413 me-

311 2447 429 2502 dias
458 2448 665 2502 semitas
691 2448 945 2516 wquitatis
982 2462 1290 2513 conversor,
1330 2453 1384 2498 ut
1413 2444 1643 2499 dividam
1680 2443 1901 2515 diligen-

313 2537 450 2592 tibus
488 2555 569 2592 me
617 2537 978 2601 substantiam,
1030 2547 1081 2593 et
1129 2537 1394 2591 thesauros
1440 2551 1616 2592 eorum
1659 2536 1901 2606 impleam

314 2630 465 2684 bonis
496 2629 677 2697 (Prov.
708 2645 823 2703 vui,
852 2628 970 2699 20).

389 2716 480 2772 46.
516 2716 749 2787 Uterque
777 2731 906 2786 ergo
933 2717 1072 2773 calix
1118 2716 1378 2787 apostolis
1405 2731 1435 2770 a
1466 2716 1693 2772 Domino
1720 2715 1898 2781 datur,

317 2827 432 2866 non
477 2819 656 2866 tamen
704 2809 1025 2865 dividendus
1082 2818 1306 2878 uterque
1353 2809 1658 2879 praccipitur
1704 2826 1716 2862 :
1764 2808 1905 2865 illius

319 2902 467 2958 enim
499 2900 801 2957 necessaria
827 2900 925 2956 fuit
952 2900 1161 2965 divisio,
1208 2900 1260 2956 in
1305 2915 1413 2972 quo
1455 2908 1571 2957 erat
1599 2906 1904 2963 temporum

318 2992 710 3049 consideranda
739 2991 1011 3047 discretio.
1042 2990 1169 3046 lude
1198 2991 1445 3060 estquod
1478 2992 1529 3045 in
1559 2990 1905 3050 Testamento

320 3087 508 3145 Veteri
535 3094 872 3144 sacramenta
920 3086 1159 3156 quaedam
1203 3085 1296 3140 illo
1336 3094 1580 3155 tempore
1620 3085 1674 3139 in
1724 3083 1907 3153 liguris

320 3181 428 3235 rite
454 3178 725 3235 celebrata
751 3174 1140 3245 cognoscimus,
1164 3182 1220 3230 et
1239 3182 1561 3233 venerantes
1583 3172 1904 3242 accipimus;

2002 1987 2160 2026 novus
2181 1970 2316 2023 enim
2346 1986 2449 2023 non
2476 1971 2573 2024 erit
2599 1970 2782 2027 similis
2832 1971 2912 2024 illi
2937 1969 3126 2042 (Eccli.
3161 1988 3236 2035 ix,
3267 1971 3377 2041 14).
3430 1970 3581 2029 lianc

1998 2060 2484 2116 dissimilitudinem
2535 2075 2655 2129 qua:
2684 2070 2766 2115 cst
2796 2061 2860 2121 in
2905 2063 3259 2124 sacramentis
3300 2062 3581 2133 utriusque

2000 2149 2350 2216 Testamenti,
2381 2165 2477 2220 per
2490 2159 2739 2213 sanctum
2770 2150 3094 2217 Hieremiam
3141 2154 3353 2212 divinus
3394 2170 3576 2211 sermo

2000 2243 2366 2312 pnnuuntians
2392 2243 2468 2298 ait
2500 2262 2513 2297 :
2539 2241 2675 2299 Ecce
2721 2244 2829 2299 dies
2850 2295 2861 2303 ,
2882 2247 3118 2313 veniunt,
3151 2248 3278 2309 dicit
3305 2246 3578 2311 Dominus,

1999 2342 2049 2387 et
2070 2333 2434 2392 consummabo
2462 2351 2619 2406 super
2658 2335 3062 2394 domuszrael
3106 2347 3156 2391 et
3179 2355 3332 2410 super
3376 2340 3580 2394 domum

1998 2420 2138 2477 Iuda
2164 2423 2545 2478 Testamentum
2576 2422 2799 2489 Novum,
2838 2442 2941 2480 non
2970 2425 3251 2485 secundum,
3282 2426 3579 2487 Testamen-

2004 2524 2123 2573 tum
2135 2516 2272 2586 quod
2290 2517 2392 2587 feci
2417 2532 2533 2571 cum
2552 2516 2786 2587 patribus
2814 2534 2992 2573 eorum
3023 2517 3181 2586 .(Jer.
3202 2534 3365 2583 xxxi,
3383 2520 3494 2589 5i).
3518 2518 3581 2580 lii

2002 2620 2070 2661 eo
2090 2614 2270 2661 autem
2324 2605 2596 2660 invenitur
2624 2605 3031 2666 Testamentum
3083 2608 3313 2678 Novum,
3349 2625 3456 2664 non
3496 2626 3582 2665 se-

2002 2700 2235 2760 cundum
2265 2701 2669 2758 Testamentum
2696 2702 2866 2759 Vetus
2909 2719 2938 2758 a
2965 2703 3196 2760 Domino
3235 2720 3581 2761 consumma-

2005 2802 2139 2862 tum,
2165 2793 2218 2847 in
2242 2807 2352 2862 quo
2377 2801 2444 2848 et.
2468 2801 2858 2863 praeceptorum
2900 2794 3290 2864 perfectionem
3318 2795 3577 2852 Dominus

2005 2883 2183 2949 dedit,
2214 2893 2271 2940 et
2315 2886 2538 2942 remotis
2583 2886 2857 2941 veteribus
2895 2888 3270 2953 sacramentis,
3304 2887 3584 2944 dissimilia

2004 2984 2342 3032 sacramenta
2374 2976 2628 3032 revelata:
2649 2958 2894 3032 veritalis
2924 2978 3154 3033 instituit
3183 2998 3195 3031 :
3226 2994 3291 3034 ac
3316 2979 3397 3035 sic
3440 2980 3586 3047 quod

2007 3068 2060 3122 in
2088 3067 2286 3123 Vetere
2309 3068 2581 3139 promisit,
2613 3068 2669 3123 in
2697 3067 2850 3124 Novo
2877 3066 3124 3138 perfecit.
3187 3069 3419 3125 Proinde
3446 3084 3586 3141 quo-

2007 3158 2149 3213 niam
2174 3166 2637 3215 sacramentorum
2657 3158 2794 3214 Novi
2821 3159 3157 3217 Testamenti
3181 3170 3307 3217 tunc
3337 3176 3465 3216 vere
3493 3174 3588 3215 sa-

321 3286 446 3340 qua:
476 3278 651 3324 tamen
683 3283 793 3323 non
820 3266 1010 3326 eodem
1021 3281 1128 3335 quo
1144 3265 1555 3324 celebrabantur
1571 3264 1905 3323 nrdinecele-

2008 3248 2172 3304 lubris
2193 3263 2258 3304 ac
2276 3250 2457 3305 suavis
2482 3257 2665 3321 potest
2691 3266 2811 3307 esse
2834 3252 3070 3320 cognitio
3092 3295 3108 3321 ,
3137 3253 3182 3308 si
3206 3254 3257 3308 in
3280 3267 3589 3309 sacramen~

322 3360 546 3413 bramus
575 3376 587 3388 -
620 3358 744 3429 quia
774 3356 1071 3412 dividentes
1094 3364 1315 3426 tempus.
1328 3356 1694 3426 promissionis
1715 3372 1745 3409 a
1766 3363 1905 3411 ten:-

322 3463 459 3519 pore
488 3448 707 3503 redditae
746 3447 1004 3511 veritatis,
1046 3461 1111 3503 ea
1158 3454 1491 3505 sacramenta
1520 3462 1663 3501 nunc
1691 3446 1846 3502 nobis
1874 3462 1904 3499 a

319 3539 536 3593 Christo
567 3537 759 3591 tradita
790 3537 1101 3601 retinemus,
1125 3535 1318 3604 quibus
1344 3533 1615 3589 Christum
1640 3549 1746 3588 non
1783 3550 1907 3604 pas—

318 3610 534 3696 surum,
551 3630 644 3686 sed
669 3643 882 3700 passum
899 3644 998 3699 pro
1023 3628 1180 3683 nobis
1207 3627 1542 3695 agnoscimus
1560 3635 1618 3682 et
1638 3633 1898 3682 tenemus.

321 3720 710 3777 Nominevero
739 3720 922 3776 calicis
962 3717 1125 3775 etiam
1158 3717 1324 3773 Vetus
1361 3716 1771 3793 debere-accipi
1800 3715 1905 3772 Te-

320 3820 690 3875 stamentum,
725 3826 831 3864 non
860 3816 1045 3864 nostra
1072 3807 1508 3878 praesumptione,
1555 3805 1655 3862 sed
1686 3815 1907 3876 paterna

321 3902 614 3959 traditione
658 3909 1037 3957 monstramus.
1068 3900 1298 3956 Sanctus
1331 3900 1533 3970 quippe
1558 3898 1906 3967 Augustinus,

325 3995 381 4049 in
410 3993 790 4065 esplanatione
819 3991 1007 4062 psalmi
1035 3989 1412 4061 septuagesimi
1458 3990 1659 4059 quarti,
1689 4007 1814 4047 cum
1841 3995 1909 4048 ad

330 4084 485 4140 illum
530 4085 710 4139 locum
756 4082 993 4137 venisset
1020 4082 1108 4136 ubi
1146 4081 1349 4136 dictum
1376 4088 1490 4137 est:
1525 4078 1661 4145 Quia
1689 4083 1829 4137 calix
1857 4085 1911 4137 in

327 4192 488 4229 manu
507 4173 716 4228 Domini
738 4175 839 4228 vini
855 4173 983 4227 meri
992 4173 1172 4239 plenus
1192 4182 1267 4226 es:
1285 4173 1448 4229 mixto
1460 4190 1479 4239 ;
1500 4182 1550 4228 et
1567 4173 1833 4229 inclinavit
1849 4191 1914 4228 es

324 4268 425 4321 hoc
436 4269 487 4321 in
499 4267 649 4331 illud;
662 4274 1006 4321 verumtamen
1019 4267 1123 4337 {rex
1134 4267 1247 4338 ejus
1260 4282 1363 4321 non
1373 4267 1724 4323 estexinauita
1734 4269 1756 4337 (
1768 4266 1912 4322 Psal.

328 4372 516 4421 unv,
546 4356 631 4428 9),
657 4357 797 4411 inter
823 4355 926 4409 alia
956 4356 1033 4410 sic
1057 4356 1169 4409 ait:
1200 4373 1219 4407 ι
1246 4353 1398 4411 Calix
1427 4356 1538 4411 vini
1566 4357 1698 4413 meri
1726 4356 1917 4428 plenus

328 4441 509 4502 mixto
536 4446 743 4502 videtur
773 4446 902 4501 mibi
924 4461 1044 4503 esse
1071 4447 1157 4503 lex
1185 4464 1305 4519 quae
1331 4448 1456 4503 data
1485 4456 1570 4505 est
1606 4446 1820 4513 iudicis,
1863 4438 1953 4503 et~

326 4537 493 4608 367
526 4536 702 4592 omnis
730 4536 819 4591 illa
848 4536 1115 4607 scriptura
1155 4537 1367 4594 Veteris
1406 4538 1550 4607 quod
1586 4537 1782 4593 dicitur
1811 4536 1917 4592 Te-

2009 3340 2078 3395 tis
2104 3339 2314 3396 Veteris
2342 3341 2673 3398 Testamenti
2703 3335 3065 3412 cognoscatur
3089 3362 3220 3401 vera
3247 3348 3590 3416 praicessisse

2006 3435 2325 3504 promissio,
2367 3442 2653 3505 propterea
2701 3451 2824 3491 cum
2878 3436 3154 3507 Scriptura
3199 3438 3467 3493 dixisset:
3503 3436 3590 3493 Ne

2006 3524 2332 3596 derelinquas
2360 3528 2583 3580 amicum
2601 3529 2889 3598 antiquum,
2914 3544 3073 3581 novus
3106 3529 3241 3582 enim
3262 3543 3367 3582 non
3390 3530 3591 3582 eritsi-

2006 3614 2145 3668 milis
2189 3615 2305 3684 illi,
2334 3616 2592 3672 continuo
2642 3616 2868 3685 subjecit
2899 3636 2913 3672 :
2945 3616 3135 3671 Vinum
3180 3634 3364 3672 novum
3391 3619 3590 3672 amicus

2009 3722 2168 3761 novus
2186 3716 2510 3774 :veterescat,
2528 3717 2711 3763 etcum
2732 3710 2982 3763 suavitate
3000 3709 3138 3764 bibes
3158 3710 3290 3764 illud
3301 3702 3489 3780 (Eccli.
3510 3726 3589 3780 rx,

2013 3793 2124 3865 l5).
2150 3795 2287 3864 Quid
2310 3806 2411 3865 est,
2434 3807 2730 3867 veterescat,
2752 3798 2854 3853 nisi
2876 3807 2935 3853 ut
2957 3799 3009 3853 in
3035 3798 3228 3855 Vetere
3246 3798 3591 3857 Testamento

2013 3885 2146 3944 Novi
2193 3887 2525 3945 Testamenti
2571 3898 2729 3961 typus
2774 3891 3066 3961 appareat?
3109 3890 3261 3947 Tunc
3298 3905 3427 3959 ergo
3467 3906 3592 3947 cum

2013 3981 2275 4036 suavitate
2290 3981 2395 4037 hoc
2411 3997 2607 4037 novum
2631 3984 2809 4036 vinum
2830 3981 3051 4045 bibitur.
3073 3983 3117 4039 si
3141 3982 3257 4052 ejus
3274 3983 3594 4052 significatio

2015 4080 2176 4142 atque
2202 4073 2490 4142 promissio
2520 4073 2573 4128 in
2603 4072 2949 4129 Testamento
2978 4074 3175 4131 Vetere
3219 4084 3593 4145 cognoscatur.

2084 4161 2178 4217 47.
2206 4162 2318 4219 Hoc
2345 4164 2525 4219 vinum
2557 4180 2757 4220 novum
2789 4166 2841 4220 in
2871 4168 3037 4222 corde
3066 4167 3456 4239 discipulorum
3499 4186 3595 4224 vc-

2017 4261 2285 4312 terescere
2341 4255 2598 4311 Dominus
2649 4257 3063 4329 fecit,‘quando
3128 4261 3233 4315 illis
3277 4261 3485 4317 duobus
3544 4264 3599 4317 in

2016 4347 2293 4402 castellum
2324 4346 2577 4403 Emmaus
2624 4351 2969 4418 pergentibus
3009 4352 3451 4421 appmpinquaus
3479 4353 3593 4407 ibat

2019 4453 2143 4495 cum
2168 4439 2302 4504 illis;
2354 4447 2411 4493 et
2437 4454 2557 4494 cum
2589 4440 2653 4493 ei
2687 4448 2941 4509 tanquam
2999 4441 3190 4509 ignaro
3238 4455 3358 4510 qua:
3388 4441 3456 4497 de
3483 4444 3600 4510 ejus

2022 4530 2184 4600 268
2206 4528 2456 4599 passione
2485 4529 2623 4585 facta
2673 4528 2884 4585 fuerant
2914 4529 3271 4596 iudicassent,
3314 4541 3441 4588 tunc
3488 4534 3600 4604 ip.e

322 4627 620 4693 stamcnti,
651 4627 740 4682 ubi
769 4636 895 4683 sunt
939 4627 1181 4697 pondera
1211 4626 1459 4684 omnium
1478 4627 1865 4683 sententiarum
1900 4643 1913 4679 :
1944 4644 1996 4703 ι)
2021 4618 2155 4675 dixit
2184 4620 2250 4675 ad
2280 4635 2375 4675 eos
2423 4638 2434 4674 :
2470 4619 2514 4673 0
2543 4622 2687 4675 stulti
2723 4623 2951 4677 et-tardi
2980 4624 3135 4678 corde
3178 4623 3249 4677 ad
3291 4626 3602 4682 credendum

328 4733 460 4773 nam
514 4716 588 4773 ibi
637 4717 845 4773 Novum
891 4716 1298 4774 Testamentum
1348 4717 1719 4775 absconditum
1761 4716 1913 4779 latet,

328 4818 591 4879 tanquam
624 4809 677 4864 in
706 4808 838 4865 faece
868 4809 1235 4880 corporalium
1265 4816 1752 4866 sacramentorum.
1782 4827 1801 4859 ι
1849 4807 1918 4862 Ει

324 4916 457 4958 eam
487 4901 629 4957 idem
656 4899 846 4958 beatus
870 4901 1199 4972 Augustinus
1217 4916 1249 4956 a
1277 4900 1559 4971 praeceptis
1608 4899 1731 4955 vita:
1756 4913 1916 4968 pera-

323 4992 525 5061 genda:
555 4991 642 5046 illa
696 4993 953 5063 praeteriti
994 4991 1255 5062 temporis
1281 4997 1619 5046 sacramenta
1646 4989 1919 5048 discerne-

329 5092 441 5144 ret,
471 5091 724 5151 tanquam
745 5082 965 5137 calicem
989 5082 1258 5149 dividens,
1274 5091 1564 5152 postquam
1587 5095 1914 5136 commemo-

332 5174 479 5228 ravit
505 5172 649 5243 quod
680 5172 881 5227 dictum
931 5181 1014 5229 est
1040 5191 1052 5226 :
1083 5170 1207 5227 Non
1235 5171 1463 5236 occides,
1482 5188 1584 5227 non
1633 5169 1921 5225 mazcltabe-

335 5264 414 5317 ris
440 5261 623 5332 (Deut.
655 5278 711 5328 v,
739 5261 826 5328 l7,
859 5261 971 5335 18),
1003 5270 1059 5318 et
1087 5263 1360 5331 aliquanta
1388 5275 1522 5329 quas.
1564 5269 1713 5316 textu
1761 5261 1923 5317 deca-

333 5352 450 5422 logi
470 5354 836 5419 continentur,
867 5354 985 5409 lucc
1018 5353 1133 5423 ipse
1161 5359 1380 5407 sanctus
1426 5350 1757 5420 Augustinus
1787 5353 1924 5408 sub-

330 5443 488 5513 iecit,
523 5442 711 5501 dicens
743 5462 756 5499 :
798 5463 817 5496 ι
848 5441 1040 5499 Omnia
1065 5444 1166 5498 ista
1193 5441 1260 5497 ad
1283 5441 1465 5497 vinum
1488 5441 1798 5511 pertinent;
1833 5443 1922 5506 illa

335 5529 474 5593 vero
501 5536 740 5592 carnalia
763 5535 916 5606 quasi
942 5534 1277 5599 resederunt,
1304 5540 1371 5587 ut
1388 5541 1731 5587 remanerent
1778 5534 1919 5605 apud

332 5630 484 5697 illos,
513 5637 572 5685 et
595 5628 959 5685 elfunderctur
980 5627 1101 5683 ideo
1121 5624 1297 5683 omnis
1317 5623 1574 5694 spiritalis
1596 5623 1919 5682 intellectus.

332 5721 495 5780 Catia;
523 5725 662 5778 enim
688 5722 745 5777 in
773 5735 934 5779 manu
962 5717 1196 5783 Domini,
1226 5715 1276 5770 id
1305 5721 1389 5769 est
1415 5714 1466 5767 in
1515 5721 1783 5781 potestate
1812 5716 1920 5770 Dn-

333 5819 505 5881 mini;
562 5818 665 5873 uini
713 5815 868 5880 meri,
927 5812 978 5867 id
1034 5817 1115 5866 est
1166 5808 1388 5864 sinccnc
1420 5804 1580 5873 legis;
1613 5804 1792 5875 plenus
1848 5818 1924 5863 est

333 5915 523 5977 narro,
546 5910 594 5967 id
625 5918 709 5966 est
736 5922 857 5967 cum
886 5904 1015 5964 iteca
1045 5900 1407 5975 corporalium
1428 5906 1920 5958 sacr.nuvntorum:

2020 4711 2075 4763 in
2102 4710 2339 4764 omnibus
2364 4727 2479 4783 quia
2501 4714 2655 4766 locuti
2672 4721 2807 4767 sunt
2825 4714 3088 4785 prophetia
3117 4714 3266 4787 (Luc.
3302 4732 3447 4785 xxtv,
3467 4716 3557 4788 25)
3585 4717 3600 4770 l

2024 4799 2179 4869 Vide,
2195 4816 2400 4870 quaeso,
2413 4803 3057 4871 quemadmodumvinum
3079 4821 3275 4861 novum
3295 4810 3601 4874 veterescit,

2025 4899 2083 4947 ut
2104 4907 2228 4947 cum
2263 4893 2533 4949 suavitate
2580 4894 2814 4951 bibatur.
2861 4895 3074 4965 Adjecit
3117 4911 3248 4966 ergo
3296 4898 3554 4955 Dominus

2026 4983 2218 5040 Nonne
2262 4984 2379 5038 hoc-
2401 4986 2626 5054 oportuit
2670 4988 2778 5056 puti
2816 4985 3095 5055 Christum,
3126 4996 3175 5042 et
3203 4991 3279 5043 ita
3305 4991 3513 5057 intrare,
3549 4994 3604 5046 in

2020 5076 2259 5147 glorians
2295 5091 2443 5129 suam
2472 5074 2670 5154 (lbid.,
2702 5076 2836 5148 26)?
2866 5075 2964 5133 Ubi
3012 5086 3230 5135 sanctus
3276 5081 3607 5150 evangelista

2022 5168 2470 5238 quemadmodum
2491 5170 2675 5224 vinum
2708 5170 2903 5225 novum
2947 5187 3070 5226 cum
3094 5175 3365 5231 suavitate
3412 5176 3605 5230 biben-

2022 5260 2148 5315 dum
2176 5260 2279 5314 illis
2330 5268 2692 5315 veteresceret
2736 5263 2846 5316 ait:
2875 5262 2944 5316 Et
2989 5266 3241 5336 incipiens
3268 5285 3301 5321 a
3328 5266 3509 5341 Moyse
3555 5275 3611 5324 et

2025 5351 2260 5406 omnibus
2308 5352 2590 5421 prop/retis,
2623 5353 3061 5423 interpretabatur
3114 5357 3219 5412 illis
3269 5360 3322 5412 in
3372 5361 3609 5418 omnibus

2024 5440 2295 5510 scripturis
2318 5456 2432 5510 qua:
2459 5440 2523 5494 de
2549 5441 2660 5510 ipso
2683 5452 2833 5496 erant
2859 5444 3048 5515 (Ibid.,
3074 5445 3187 5517 27).
3221 5446 3422 5503 Deinde
3470 5466 3605 5505 con-

2024 5539 2237 5601 ceptum
2267 5546 2335 5585 ex
2358 5531 2482 5586 vino
2507 5539 2876 5590 veteres-uento
2916 5536 3170 5591 novitatis
3217 5551 3281 5595 ac
3327 5542 3607 5598 suavitatis

2024 5625 2299 5689 ardorem,
2356 5625 2454 5696 ipsi
2493 5626 2830 5696 postmodum
2886 5630 3271 5693 ostenderunt,
3314 5632 3602 5691 dicentes;

2032 5715 2218 5773 Nonne
2246 5735 2334 5773 cor
2380 5727 2612 5773 nostrum
2656 5718 2843 5773 ardens
2869 5727 2982 5772 erat
3027 5722 3080 5773 iu
3112 5721 3259 5778 nobis
3283 5726 3405 5780 dum
3432 5728 3607 5799 loqur—

2026 5818 2167 5863 retur
2192 5809 2242 5862 in
2273 5810 2353 5865 ria
2399 5820 2447 5863 et
2491 5809 2712 5879 aperiret
2741 5808 2885 5863 nobis
2923 5809 3221 5879 Scripturas
3254 5813 3439 5884 (lbid.,
3471 5818 3605 5876 32)?

2029 5903 2140 5959 Hoc
2174 5903 2351 5959 denuo
2375 5900 2495 5959 fecit
2518 5901 2702 5958 dicens
2735 5918 2746 5953 :
2781 5899 2913 5955 "me.
2937 5912 3052 5959 sunt
3081 5905 3229 5960 verba
3259 5923 3370 5980 qua:
3405 5908 3602 5962 locutus
