4014 6340
521 449 627 504 ιδς

1527 446 1582 504 5.
1626 449 2058 508 FULGENTIUS
2095 448 2462 507 EPISCOPUS
2498 450 2881 507 RUSPENSIS.

3671 454 3785 511 £36

518 583 629 620 sum
658 566 729 618 ad
752 581 841 619 vos
868 580 981 617 cum
1009 563 1174 616 aahuc
1203 577 1364 614 essem
1410 562 1699 627 vobiscum;
1732 566 1973 635 quoniam
2002 580 2094 619 ne-
2127 569 2173 626 A
2200 566 2638 637 Quandoquidem
2667 567 2779 636 ipsa
2807 567 2976 634 gratia
3010 566 3310 622 nullatenus
3341 567 3654 635 agnoscitur
3670 571 3788 624 nisi

517 674 657 712 resse
683 666 760 710 est
783 655 984 727 impleri
1009 656 1182 709 omnia
1205 670 1319 726 qua:
1345 654 1536 725 scripta
1565 657 1748 711 suntin
1765 658 1872 729 lege
1896 656 2085 728 Moysi,

497 733 567 802 ἐι
579 750 863 819 prophetis,
881 755 928 802 et
949 746 1172 802 Psalmis
1188 746 1252 800 de
1263 762 1364 801 me.
1384 745 1525 800 Tunc
1544 750 1748 817 aperuit
1764 748 1869 803 illis
1882 765 2088 805 sensum

515 850 570 893 ut
596 840 937 909 intelligerent
974 836 1272 908 Scripturas
1307 835 1466 907 (Luc.
1498 853 1655 903 χειν,
1686 837 1809 907 44).
1849 838 1924 893 lta
1963 838 2091 894 fecit

514 932 696 985 vinum
718 945 917 984 novum
948 945 1065 984 cum
1089 929 1351 983 suavitate
1380 937 1735 995 veterescere,
1785 929 1909 984 dum
1959 947 2089 1001 pro-

516 1020 797 1074 missiones
818 1018 950 1073 No'vi
998 1019 1328 1074 Testamenti
1377 1019 1739 1074 indubitanter
1778 1019 2011 1074 ostendit
2036 1019 2090 1073 in

515 1107 746 1163 lectione
772 1107 1105 1163 Testamenti
1129 1108 1342 1163 Veteris
1368 1123 1628 1178 apparere
1653 1126 1665 1161 :
1699 1123 1766 1163 ue
1804 1108 1881 1163 sic
1908 1117 2094 1164 tenea-

516 1208 604 1253 tur
630 1200 834 1254 amicus
859 1214 1052 1263 novus,
1084 1208 1142 1251 ut
1169 1200 1418 1267 antiquus
1445 1199 1811 1267 relinquatur;
1841 1198 1967 1267 quia
1994 1214 2091 1253 no-

518 1306 615 1345 vus
640 1298 920 1360 permanet
953 1288 1054 1343 ﬁde
1106 1289 1314 1355 similis,
1341 1289 1584 1358 quamvis
1628 1289 1873 1344 videatur
1920 1303 2095 1344 sacra-

516 1391 819 1440 mentorum
843 1383 1203 1438 celebratione
1232 1381 1517 1436 dissimilis.
1548 1381 1757 1452 Quippe
1792 1397 1897 1434 una
1925 1390 2002 1435 est
2025 1382 2091 1450 ﬁ-

515 1476 606 1529 des
632 1472 771 1528 Novi
802 1481 854 1527 ct
884 1473 1097 1528 Veteris
1122 1471 1473 1526 Tcstamenti.
1502 1471 1627 1525 Hice
1652 1471 1704 1525 in
1745 1471 1977 1539 antiquis
2005 1486 2094 1542 pa-

516 1566 685 1621 tribus
706 1566 958 1621 credebat
1012 1566 1292 1634 promissa,
1332 1580 1449 1633 qua:
1481 1565 1533 1618 in
1589 1565 1745 1618 nobis
1784 1563 1893 1632 jam
1923 1564 2091 1618 credit

515 1658 754 1727 impleta.
801 1655 930 1722 Qua:
983 1663 1161 1710 autem
1192 1655 1291 1709 luit
1339 1655 1390 1709 in
1438 1656 1676 1725 patribus
1721 1654 1917 1708 nostris
1961 1651 2090 1708 ﬁdes

515 1744 794 1816 promissa,
815 1744 929 1814 ipsa
957 1742 1009 1796 in
1041 1742 1195 1798 nobis
1215 1751 1297 1797 est
1318 1740 1445 1798 ﬁdes
1464 1742 1713 1799 exhibitas
1732 1742 1975 1797 veritatis
1988 1741 2088 1795 im-

513 1837 658 1907 pleta
686 1855 701 1889 :
731 1835 874 1890 unde
922 1836 1046 1906 quia
1089 1834 1527 1889 indissolubiliter
1569 1834 1774 1888 amicus
1818 1834 1919 1888 iste
1945 1832 2087 1886 anti-

2196 657 2352 713 detur
2385 676 2397 710 :
2430 672 2550 727 qua:
2578 656 2814 727 quandiu
2843 671 2950 710 non
2981 664 3060 710 est
3091 656 3142 709 in
3191 655 3429 722 homine,
3457 658 3649 714 tandiu'
3679 675 3785 715 ne-

2195 766 2343 807 cesse
2368 757 2532 804 estut
2572 752 2621 804 ci
2675 757 2767 803 aut
2813 763 3062 803 sermone
3118 755 3414 817 repugnet,
3442 756 3534 803 aut
3585 765 3783 821 opere.

2194 839 2324 893 Nam
2355 853 2604 892 sermone
2633 845 2898 907 repugnat
2924 837 3106 905 gratia:
3129 836 3243 901 Dei,
3275 838 3367 906 qui
3392 854 3606 894 sensum
3637 841 3788 909 gerit

2197 929 2316 984 ﬁdei
2340 929 2655 984 Christianae
2684 928 3046 992 contrarium;
3078 937 3341 996 repugnat
3366 938 3545 984 autem
3582 945 3785 1000 opere.

2194 1023 2285 1092 qui
2309 1023 2360 1076 in
2391 1021 2629 1075 moribus
2654 1021 2762 1075 suis
2791 1018 3110 1074 Christiana:
3139 1021 3259 1074 vita:
3287 1036 3394 1076 non
3438 1021 3638 1076 retinet
3695 1024 3784 1075 in-

2196 1111 2460 1165 stitutum.
2492 1108 2607 1164 Hoc
2634 1102 2833 1177 quippe
2857 1107 2909 1162 in
2940 1107 3158 1162 homine
3184 1109 3292 1177 agit
3318 1109 3486 1177 gratia
3508 1109 3780 1164 divinitus

2195 1201 2342 1268 data,
2363 1207 2419 1254 ut
2439 1199 2665 1260 animus,
2704 1199 2847 1253 dono
2867 1195 2989 1254 ﬁdei
3014 1199 3360 1269 caritatisque
3382 1208 3640 1270 percepto
3674 1201 3779 1268 (al.

2196 1287 2511 1359 prmcopto),
2544 1296 2600 1342 et
2626 1302 2930 1342 sermonem
2978 1287 3179 1342 bonum
3221 1287 3477 1356 proferat,
3508 1296 3563 1342 et
3591 1288 3787 1343 studio

2195 1377 2352 1431 bona:
2381 1377 2709 1446 operationis
2739 1377 2970 1431 insistat.
3029 1376 3186 1443 Quod
3227 1375 3470 1432 ﬁdelibus
3514 1377 3790 1434 divinitus

2194 1468 2331 1533 dari,
2356 1469 2544 1522 beatus
2599 1476 2654 1520 et
2682 1468 2916 1522 ostendit
2965 1477 3020 1521 et
3076 1470 3323 1538 poposcit
3369 1468 3668 1539 Apostolus
3698 1470 3791 1526 di-

2195 1573 2360 1612 cens:
2394 1558 2516 1628 Ipse
2544 1569 2712 1612 autem
2753 1557 3007 1612 Dominus
3054 1568 3228 1613 noster
3263 1559 3415 1613 Jesus
3442 1559 3709 1627 Christus,
3736 1569 3788 1616 et

2197 1647 2335 1702 Deus
2354 1657 2403 1702 et
2425 1649 2587 1702 Pater
2614 1658 2806 1714 noster,
2838 1650 2923 1721 qui
2944 1650 3123 1704 dilexit
3154 1667 3265 1715 nos,
3296 1659 3346 1704 et
3372 1651 3511 1705 dedit
3531 1652 3787 1706 consola-

2196 1741 2384 1793 tionem
2428 1749 2701 1804 azternam,
2731 1749 2781 1791 et
2830 1756 2972 1809 spem
3016 1738 3204 1793 bonam
3244 1741 3297 1793 in
3344 1741 3548 1812 gratia.
3579 1742 3786 1798 exhor-

2194 1837 2329 1883 tetur
2357 1829 2514 1884 corda
2536 1838 2722 1895 vestra,
2753 1839 2804 1884 et
2827 1832 3096 1901 conﬁrmet
3117 1832 3171 1884 in
3201 1834 3340 1885 omni
3367 1850 3519 1903 opere
3556 1832 3700 1888 bona
3734 1844 3785 1889 et

514 1943 651 1996 quus
674 1941 948 1994 novusque
978 1925 1338 1995 conjungitur,
1369 1933 1424 1978 et
1446 1940 1581 1979 unus
1607 1925 1722 1978 sine
1742 1924 1914 1979 altero
1941 1923 2087 1978 salu-
2124 1943 2163 1999 Β
2195 1937 2431 1976 sermone
2461 1919 2549 1988 (II
2580 1921 2755 1974 Thess.
2784 1937 2840 1983 ιι,
2875 1920 2958 1985 16,
2998 1921 3101 1991 l7).

514 2018 684 2073 briter
712 2034 818 2072 non
851 2025 1064 2072 tenetur
1080 2057 1096 2083 ,
1118 2024 1456 2072 veterescere
1476 2015 1635 2070 debet
1664 2016 1845 2070 vinum
1866 2030 2085 2077 novum,

516 2118 575 2165 ut
601 2110 671 2166 sit
692 2110 933 2166 ﬁdelibus
955 2125 1076 2165 cum
1105 2110 1367 2164 suavitate
1393 2108 1701 2163 bibendum.

974 2211 1136 2283 239
1153 2208 1484 2265 EPISTOLA
1522 2208 1636 2268 xv.

518 2291 1072 2365 EpiscopiAfricaniin
1085 2290 1334 2365 Sgrdinia
1347 2290 1565 2351 exsules,
1579 2287 1772 2365 J‘o_an_ni
1788 2298 1837 2341 et
1855 2286 2092 2349 Venerio,

831 2364 894 2416 de
915 2364 1086 2433 gratia
1106 2359 1203 2413 Dei
1226 2368 1274 2412 et
1296 2360 1518 2411 humano
1539 2359 1775 2412 arbitrio.

617 2456 683 2509 tei
710 2454 879 2522 gratia
902 2452 1186 2522 plurimum
1207 2449 1594 2519 amplectendis
1617 2448 1818 2505 sanctis
1847 2447 2096 2501 fratribus

516 2543 703 2601 JOANNI
732 2544 1044 2614 presbytero
1073 2549 1129 2596 et
1155 2539 1607 2603 archimandriue,
1634 2547 1691 2594 et
1716 2538 1955 2594 Venusto
1982 2538 2096 2592 dia—

519 2652 680 2700 cono,
710 2644 764 2690 et
810 2634 1051 2689 ﬁdelibus
1078 2633 1227 2697 viris,
1270 2645 1499 2701 quorum
1544 2631 1598 2683 in
1641 2636 1822 2684 vestra
1869 2627 2094 2698 epistola

485 2758 491 2764 ~
518 2724 840 2793 subscriptio
868 2724 1192 2787 continetur,
1228 2722 1511 2786 Daunus,
1550 2720 1923 2783 Fon'rusnus,
1953 2718 2092 2775 Bos—

467 2847 471 2850 ν
522 2833 681 2883 anus,
710 2816 934 2880 Vzcron,
966 2813 1380 2877 SCIIOLASTICUS,
1411 2810 1700 2876 anzmus,
1732 2809 2093 2874 V’uvmcuxus,

522 2906 748 2971 VICTOR,
780 2905 1084 2969 JANUARIUS,
1124 2904 1502 2968 VICTORMNUS,
1549 2903 1815 2958 Pnonxns
1838 2909 1883 2966 ιι,
1915 2900 2093 2966 Quon-

522 3012 816 3061 vuuoens,
845 2995 1025 3049 famuli
1054 2994 1272 3059 Christi,
1307 2994 1360 3047 in
1390 2993 1616 3048 Domino
1644 2992 1893 3047 salutem.

595 3085 648 3138 l.
708 3084 977 3153 Quantum
1024 3083 1263 3137 membra
1317 3081 1664 3138 ecclesiastici
1709 3080 1953 3151 corporis
1999 3096 2095 3151 per

522 3177 725 3233 Christi
750 3176 976 3244 gratiam
1006 3174 1059 3229 in
1088 3174 1292 3229 unitate
1321 3172 1442 3230 lidei
1474 3186 1759 3241 compages
1786 3171 1980 3227 retinet
2006 3186 2091 3226 csa

524 3267 719 3330 ritatis,
753 3273 961 3320 tantum
1009 3279 1229 3319 necesse
1267 3271 1350 3318 est
1377 3270 1436 3316 ut
1471 3277 1571 3331 pro
1600 3261 1827 3316 invicem
1864 3259 2091 3314 sollicita

459 3415 471 3419 η
520 3359 631 3412 sint
670 3356 928 3420 membra,
962 3362 1021 3409 ut
1059 3352 1273 3423 repulso
1309 3352 1593 3421 cujuslibet
1637 3351 1788 3420 pravi
1831 3349 2094 3417 dogmatis

520 3446 711 3503 morbo
731 3446 780 3511 δ,
809 3461 919 3500 non
959 3444 1133 3500 solum
1173 3442 1469 3509 servandas,
1507 3457 1690 3496 verum
1729 3440 1891 3501 etiam
1940 3456 2096 3509 repa-

517 3537 699 3593 raudce
742 3536 979 3600 sanitati,
1004 3533 1145 3604 jugis
1172 3541 1335 3603 atque
1379 3530 1643 3587 indefessa
1688 3539 1796 3585 tam
1833 3529 2094 3585 sermonis

517 3642 682 3696 quam
710 3626 969 3683 orationis
993 3623 1329 3695 impendatur
1352 3624 1622 3677 instantia.
1650 3620 1739 3678 Sic
1765 3622 1905 3676 enim
1934 3620 1993 3673 ﬁt
2014 3629 2092 3685 ut,

518 3720 645 3776 dum
675 3718 980 3776 sollicitudo
1010 3716 1257 3772 fraterna:
1285 3716 1531 3786 puritatis
1555 3714 1811 3783 invigilat,
1836 3714 1949 3783 ipse
1970 3712 2093 3783 Spi~

518 3815 656 3870 ritus
683 3819 920 3875 sanctus,
952 3825 1050 3880 per
1092 3824 1251 3877 quem
1300 3809 1497 3863 caritas
1546 3808 1639 3862 Dei
1682 3805 1870 3863 diﬁ‘usa
1910 3814 1993 3861 est.
2038 3807 2093 3861 iu

517 3905 770 3964 cordibus
796 3903 1014 3965 nostris,
1043 3901 1386 3969 diligentibus
1410 3900 1577 3954 Deum
1626 3906 1681 3954 et
1702 3899 1756 3954 in
1778 3899 1889 3954 Deo
1912 3899 2094 3969 proxi-

519 4011 686 4063 mum,
717 3995 897 4050 omnia
927 4001 1247 4062 oooperetur
1275 3992 1327 4046 in
1355 3992 1573 4047 bonum.
1598 3990 1732 4057 Quia
1760 3993 1897 4047 sicut
1924 3992 2092 4061 ipsam

516 4086 858 4142 dilectionem
887 4084 1028 4137 dono
1055 4084 1241 4151 gratiae
1266 4081 1521 4150 Spiritalis
1541 4081 1851 4150 accipimus,
1874 4080 1947 4134 ita
1967 4080 2091 4135 dum

518 4190 618 4249 pro
668 4173 923 4230 fratribus
961 4171 1174 4226 solliciti
1223 4186 1432 4234 sumus,
1485 4185 1593 4223 non
1638 4169 1811 4224 solum
1858 4169 2091 4224 divinam

516 4268 692 4323 inesse
722 4265 876 4321 nobis
902 4264 1130 4333 gratiam
1155 4274 1176 4302 ε
1201 4262 1652 4325 demonstramus,
1682 4276 1870 4315 verum
1904 4261 2087 4330 etiam,

515 4364 718 4426 quanto
758 4354 924 4422 magis
953 4371 982 4408 a
1026 4353 1178 4408 nobis
1215 4352 1419 4424 puritas
1463 4352 1701 4407 caritatis
1746 4350 2088 4422 impenditur,

516 4455 666 4501 tanto
691 4446 858 4514 magis
877 4445 1045 4514 gratia
1070 4443 1224 4498 nobis
1247 4442 1438 4497 divinae
1460 4441 1826 4497 retributionis
1845 4450 2085 4509 augetur.

563 4538 617 4592 2.
644 4538 962 4608 Accepimus
984 4537 1167 4605 itaque
1190 4544 1376 4589 vestra:
1395 4534 1632 4589 caritatis
1652 4533 2088 4603 epistolam,qua:

514 4637 758 4689 nostrum
780 4645 845 4683 ex
872 4637 1025 4699 parte
1053 4627 1330 4691 relevavit,
1355 4640 1421 4681 ex
1446 4634 1598 4696 parte
1625 4642 1752 4681 vero
1774 4627 2085 4683 mmstiﬁca-

511 4720 588 4774 vit
616 4720 881 4775 exsilium.
910 4716 1217 4772 Gaudemus
1237 4717 1399 4781 enim,
1426 4717 1551 4786 quia
1574 4724 1775 4771 rectam
1805 4718 2001 4772 tenetis
2021 4718 2086 4773 de
2114 4699 2167 4758 D

509 4816 683 4882 gratia
728 4814 823 4871 Dei
863 4812 1207 4876 sententiam,
1256 4811 1408 4881 cujus
1452 4827 1675 4868 munere
1720 4812 1815 4885 (al.
1867 4813 2087 4883 lumine)

511 4907 858 4971 illuminatur,
882 4913 934 4961 et
951 4904 1226 4974 juvamine
1245 4903 1575 4972 gubernatur
1592 4902 1819 4958 liberum
1845 4904 2088 4958 humana:

511 4996 706 5051 mentis
734 4994 1012 5048 arbitrium
1039 5011 1052 5046 :
1080 4992 1172 5046 sed
1198 4990 1428 5060 quadam
1458 5006 1643 5045 sumus
1671 4991 1864 5046 nebula
1890 5007 2087 5048 marro-

507 5088 581 5142 ris
610 5084 808 5152 allecti,
837 5085 961 5155 quia
989 5082 1325 5152 signiﬁcastis
1360 5081 1619 5152 quosdam
1641 5081 1834 5139 fratres
1860 5083 1915 5138 in
1941 5099 2086 5153 qua:-

468 5232 475 5239 ,
506 5177 680 5233 stione
708 5175 777 5230 de
805 5176 978 5245 gratia
1009 5175 1104 5231 Dei
1147 5184 1200 5231 ct
1229 5176 1461 5234 humano
1490 5174 1713 5229 arbitrio
1740 5190 1847 5230 non
1875 5182 2080 5230 rectum

510 5277 694 5324 tenere
744 5265 868 5323 ﬁdei
908 5267 1186 5323 catholica:
1225 5267 1520 5333 tramitem,
1547 5265 1643 5321 sed
1685 5267 1942 5322 adversus
1986 5267 2082 5324 Dei

510 5361 731 5429 gratiam
762 5357 977 5413 elevare
1003 5356 1141 5412 velle
1169 5356 1390 5411 humani
1420 5356 1625 5411 arbitrii
1652 5356 1971 5413 libertatem.

573 5449 627 5504 5.
673 5447 774 5503 libi
803 5449 1058 5519 primum,
1084 5446 1420 5503 dilectissimi
1451 5446 1662 5512 fratres,
1684 5446 1892 5501 debetis
1918 5461 2082 5515 agno-

500 5556 671 5607 scere,
716 5540 826 5596 imo
867 5555 964 5596 vos
991 5540 1154 5611 27o
1181 5554 1287 5594 non
1318 5538 1634 5607 ambigimus
1671 5540 1976 5609 agnovisse,
2008 5540 2081 5594 ad-

501 5633 603 5687 hoc
632 5630 884 5686 divinitus
910 5632 1011 5687 ista
1039 5630 1294 5701 permitti,
1325 5638 1382 5685 ut
1407 5630 1530 5685 hinc
1552 5631 1743 5685 divinae
1768 5633 1952 5700 gratia:
1973 5634 2074 5687 vir-

502 5732 586 5775 tus
640 5719 961 5776 documento
1002 5722 1173 5791 possit
1193 5719 1381 5790 judicii
1411 5719 1791 5775 manifestioris
1830 5721 2068 5790 intelligi.

575 5844 598 5873 ³
630 5831 757 5887 Mss.
785 5831 841 5886 S.
872 5830 1078 5896 Crucis,
1102 5829 1339 5886 Fontius.

575 5903 601 5945 ὶν
629 5902 708 5961 loa
736 5916 893 5975 1055.;
913 5908 971 5962 at
994 5901 1142 5967 editi,
1175 5902 1315 5956 oravi
1346 5903 1596 5973 dogmatis
1628 5902 1793 5959 verba.

2270 2029 2321 2087 4.
2355 2030 2401 2084 Α
2426 2029 2536 2084 Deo
2568 2030 2746 2098 itaqne
2770 2030 2925 2084 nobis
2947 2038 3029 2084 est
3059 2032 3233 2085 omnis
3270 2032 3440 2099 gratia
3484 2032 3613 2088 boni
3654 2049 3785 2089 ser-

2197 2122 2371 2176 monis
2400 2129 2454 2176 et
2481 2121 2677 2191 operis,
2712 2136 2741 2174 a
2770 2136 2878 2190 quo
2910 2122 3064 2177 nobis
3104 2122 3264 2176 etiam
3294 2123 3459 2193 ipsius
3486 2126 3784 2194 cogitatio-

2198 2214 2280 2269 nis
2327 2213 2481 2269 bona:
2529 2211 2871 2267 manifestum
2926 2220 3009 2266 est
3055 2212 3424 2267 sufﬁcientiam
3471 2216 3684 2271 tribui:
3722 2227 3784 2273 nt

2197 2304 2368 2360 discat
2395 2305 2556 2359 homo
2582 2320 2687 2359 non
2718 2305 2770 2358 in
2802 2319 2879 2369 se,
2904 2304 3000 2359 sed
3051 2307 3102 2359 in
3135 2305 3359 2360 Domino
3405 2306 3641 2375 gloriari.
3680 2306 3781 2363 Di-

2197 2395 2333 2449 vina:
2386 2395 2585 2464 quippe
2633 2395 2819 2465 gratia:
2871 2394 3065 2448 bonam
3115 2396 3490 2463 cogitationem
3538 2396 3781 2453 hominis

2197 2488 2385 2541 beatus
2414 2487 2720 2554 assignabat
2748 2485 3038 2556 Apostolus
3059 2485 3277 2555 quando
3309 2486 3521 2543 dicebat
3549 2506 3563 2542 :
3597 2488 3779 2543 Fidu-

2195 2579 2327 2631 ciam
2349 2588 2517 2631 autem
2542 2578 2693 2631 talem
2714 2576 2954 2632 habemus
2973 2595 3063 2647 per
3083 2577 3338 2633 Christum
3360 2579 3429 2632 ad
3450 2578 3643 2646 Deum;
3668 2600 3780 2638 non

2196 2667 2332 2738 quod
2359 2670 2658 2738 su/jicientes
2686 2670 2844 2721 simus
2872 2670 3101 2740 cogitare
3144 2669 3341 2740 aliquid
3365 2688 3397 2723 a
3423 2671 3591 2736 nobis,
3623 2677 3781 2743 quasi

2196 2773 2258 2810 ea:
2288 2756 2449 2821 nobis,
2482 2758 2572 2811 sed
2597 2756 2909 2829 sufﬁcientia
2944 2768 3118 2813 nostra
3145 2776 3210 2813 ea:
3260 2759 3369 2815 Deo
3409 2772 3485 2816 est
3531 2762 3623 2828 (ΙΙ
3647 2764 3777 2822 Cor.

2197 2865 2270 2911 tu,
2303 2847 2355 2913 4,
2381 2848 2455 2917 5).
2489 2847 2748 2912 Proinde,
2779 2850 2880 2904 ctsi
2917 2849 3130 2918 quidam
3161 2851 3383 2917 gratiam
3413 2853 3639 2907 necdum
3673 2854 3781 2911 ha-

2195 2937 2403 3002 bentes,
2434 2954 2538 2993 non
2568 2955 2626 2992 se
2656 2940 2955 3010 intelligunt
2983 2956 3089 2995 non
3115 2941 3342 3009 habere,
3368 2942 3440 2996 illi
3471 2952 3653 2999 tamen
3681 2948 3780 3015 qui

2194 3028 2419 3097 gratiam
2459 3026 2709 3082 divinitus
2760 3038 3098 3099 acceperunt,
3130 3045 3195 3085 eo
3242 3031 3409 3100 magis
3462 3030 3664 3089 debent
3725 3035 3780 3094 in

2196 3116 2362 3185 ipsius
2390 3117 2573 3184 gratia:
2599 3119 2897 3173 assertione
2926 3116 3147 3185 ﬁrmari,
3170 3135 3277 3188 quo
3305 3136 3424 3175 eam
3453 3122 3637 3177 vident
3664 3141 3781 3183 non

2196 3204 2442 3259 omnibus
2470 3205 2651 3260 tribui.
2689 3204 2912 3261 Necesse
2930 3216 3011 3262 est
3030 3217 3199 3262 autem
3221 3219 3278 3264 ut
3331 3211 3397 3265 ab
3453 3212 3533 3267 eis
3579 3214 3781 3283 quibus

2120 3310 2165 3369 ρ
2196 3306 2305 3352 non
2336 3297 2582 3353 tribuitur
2619 3298 2911 3366 ignoretur,
2942 3307 2998 3355 et
3024 3301 3092 3354 ah
3121 3301 3199 3355 eis
3226 3311 3548 3370 agnoscatur
3576 3305 3779 3375 quibus

2193 3386 2370 3441 divina
2415 3387 2658 3454 largitate
2708 3388 2958 3448 donatur.
2997 3389 3249 3446 Testatur
3292 3393 3434 3447 enim
3482 3392 3778 3464 Apostolus

2193 3474 2331 3532 dona
2380 3475 2608 3545 Spiritus
2659 3478 2830 3531 sancti
2870 3478 3110 3546 ejusdem
3140 3480 3370 3551 Spiritus
3413 3485 3582 3537 sancti
3613 3499 3775 3542 acce-

2192 3563 2378 3633 ptione
2404 3566 2675 3633 cognosci.
2715 3565 2839 3621 Ideo
2877 3567 2951 3620 ait
2980 3586 2992 3620 :
3027 3566 3141 3623 Nos
3188 3581 3357 3625 autem
3396 3589 3498 3625 non
3524 3574 3774 3642 spiritum

2194 3655 2345 3724 hujus
2373 3655 2547 3709 mundi
2571 3656 2877 3725 accepimus,
2909 3657 2999 3710 sed
3027 3656 3279 3727 Spiritum
3309 3661 3395 3730 qui
3434 3676 3499 3714 ea:
3526 3660 3637 3716 Deo
3672 3673 3774 3730 est,

2192 3752 2248 3796 ut
2275 3746 2494 3798 sciamus
2516 3760 2630 3816 qua!
2660 3760 2692 3797 α
2744 3743 2853 3799 Deo
2879 3746 3074 3799 donata
3112 3757 3229 3801 sunt
3260 3747 3443 3813 nobis;
3470 3766 3586 3819 quae
3605 3760 3655 3803 et
3695 3750 3776 3807 ιο-

2193 3834 2415 3904 quimur,
2445 3850 2547 3888 non
2596 3835 2650 3887 in
2678 3832 2843 3887 doctis
2891 3834 3131 3889 humana:
3149 3837 3419 3901 sapientite
3466 3837 3650 3905 verbis,
3681 3842 3776 3894 sed

2193 3923 2247 3974 in
2269 3920 2503 3975 doctrina
2531 3921 2759 3991 Spiritus
2784 3964 2799 3988 ,
2828 3922 3143 3992 spiritalibus
3165 3926 3421 3988 spiritalia
3461 3943 3777 3995 comparan-

2194 4016 2288 4062 tes.
2317 4010 2567 4063 Animalis
2595 4018 2766 4063 autem
2794 4012 2944 4067 homo
2985 4028 3087 4066 non
3139 4015 3354 4084 percipit
3404 4034 3465 4069 ea
3502 4034 3616 4087 qua:
3654 4031 3778 4073 sunt

2196 4096 2422 4167 Spiritus
2454 4098 2547 4152 Dei
2575 4115 2592 4152 :
2622 4100 2841 4154 stultitia
2888 4112 2963 4155 est
3000 4103 3135 4157 enim
3170 4104 3281 4169 illi;
3301 4116 3349 4159 et
3372 4123 3476 4161 non
3505 4116 3674 4177 potest
3692 4109 3777 4163 itt-

2195 4184 2439 4256 telligere,
2471 4186 2591 4254 quia
2619 4187 2924 4257 spiritaliter
2951 4190 3322 4260 dijudicantur.
3381 4190 3649 4265 Spiritalis
3676 4212 3775 4251 au-

2194 4282 2291 4329 tem
2312 4277 2516 4345 judicat
2543 4278 2737 4343 omnia,
2760 4289 2809 4332 et
2834 4281 2944 4349 ipse
2973 4297 3006 4333 a
3036 4282 3238 4335 nemine
3257 4281 3528 4353 judicatur
3557 4283 3615 4354 (Ι
3646 4284 3773 4343 Car.

2190 4379 2248 4427 it,
2282 4364 2364 4429 12,
2396 4365 2482 4430 25,
2521 4365 2620 4437 14).

2261 4476 2312 4530 5.
2347 4474 2449 4530 Per
2475 4484 2715 4532 sanctum
2745 4492 2873 4547 ergo
2912 4478 3169 4548 Spiritum
3200 4480 3423 4549 gratiam
3454 4450 3775 4553 accipimus,

2189 4579 2298 4633 quo
2325 4563 2528 4635 Spiritu
2557 4573 2781 4636 accepto
2806 4567 2876 4621 sit
2898 4566 2949 4621 in
2977 4568 3151 4632 nobis,
3182 4576 3243 4623 ut
3279 4569 3422 4638 quod
3463 4573 3777 4642 accepimus

2189 4653 2515 4710 noverimus.
2537 4651 2993 4710 Proindescienda
3009 4664 3110 4721 est,
3124 4657 3454 4714 dilectissimi
3479 4658 3695 4726 fratres,
3717 4671 3776 4719 et

2192 4750 2345 4797 recto
2367 4749 2553 4797 tenore
2574 4757 2714 4798 verte
2733 4743 2852 4798 ﬁdei
2866 4742 3185 4813 proﬁtenda,
3203 4755 3308 4801 tam
3325 4748 3542 4803 humani
3560 4752 3775 4809 arbitrii

2191 4845 2357 4900 egena
2378 4842 2681 4904 paupertas,
2698 4849 2858 4904 quam
2873 4836 3066 4892 divina:
3085 4842 3270 4907 gratia:
3287 4841 3595 4900 indeﬁciens
3619 4845 3775 4917 largi-

2183 4928 2292 5004 tas.
2324 4920 2462 4984 Quid
2509 4925 2649 4979 enim
2676 4923 2859 4992 habes,
2882 4927 2957 4980 ait
3000 4927 3306 4997 Apostolus,
3335 4933 3472 5003 quod
3495 4951 3601 4989 non
3623 4953 3775 4994 acce-

2187 5013 2348 5081 pisti?
2376 5011 2437 5066 Si
2457 5023 2627 5067 autem
2647 5018 2908 5085 ttccqristi,
2932 5018 3055 5087 quid
3073 5019 3332 5089 gloriaris,
3357 5024 3504 5093 quasi
3548 5040 3655 5079 non
3683 5043 3773 5080 ac—

2188 5108 2382 5172 ceperis
2412 5103 2465 5174 (I
2505 5103 2624 5159 Cor.
2657 5122 2727 5167 iv,
2762 5108 2843 5177 7)?
2869 5109 3007 5164 Ante
3033 5109 3334 5178 largitatem
3359 5114 3557 5184 quippe
3585 5118 3773 5184 gratia:

2185 5197 2266 5244 est
2286 5189 2338 5244 in
2367 5192 2583 5249 homine
2603 5196 2818 5262 quidem
2848 5197 3071 5252 liberum
3100 5199 3507 5269 arbitrium,sed
3533 5220 3641 5258 non
3675 5206 3775 5259 bo-

2186 5295 2330 5345 num,
2361 5282 2486 5348 quia
2519 5298 2627 5339 non
2653 5285 3025 5341 illuminatnm.
3072 5286 3326 5354 Proinde,
3349 5292 3449 5347 nisi
3473 5294 3645 5360 gratia
3671 5296 3765 5349 de-

2184 5376 2289 5434 tur,
2313 5370 2510 5425 bonum
2552 5372 2723 5442 ipsum
2766 5375 3050 5430 arbitrium
3077 5393 3183 5431 non
3214 5377 3459 5434 habetur.
3492 5379 3586 5436 Sic
3616 5398 3770 5436 uani—

2183 5471 2289 5526 que
2309 5466 2391 5513 est
2412 5459 2581 5528 ipsum
2605 5461 2829 5515 liberum
2852 5463 3082 5519 hominis
3102 5464 3379 5520 arbitrium
3399 5467 3603 5538 absque
3621 5470 3767 5527 dono

2184 5546 2391 5615 gratiae,
2437 5548 2576 5604 sicut
2627 5558 2710 5604 est
2761 5550 2950 5607 oculus
2973 5554 3241 5610 sineluce
3260 5554 3310 5608 ά.
3341 5555 3472 5611 Nam
3500 5566 3557 5628 et
3576 5561 3766 5615 oculus

2182 5632 2248 5688 ad
2288 5634 2573 5690 videndum
2613 5634 2784 5693 factus
2808 5648 2933 5706 est;
2974 5640 3068 5697 sed
3118 5642 3217 5697 nisi
3245 5642 3425 5700 lumen
3471 5649 3761 5717 acceperit,

2182 5737 2289 5777 non
2309 5722 2527 5779 videbit.
2543 5722 2635 5778 Illa
2650 5733 2833 5781 autem
2853 5736 2939 5784 est
2952 5730 3043 5785 tua:
3053 5746 3171 5785 cera
3191 5732 3349 5804 27],
3368 5751 3484 5807 qua
3501 5737 3769 5793 illmiuat

2262 5849 2285 5923 ς
2315 5838 2467 5923 ἔξω..
2487 5839 2673 5923 divina:
2698 5841 2947 5923 lectionis
2963 5845 3133 5923 inesse
3159 5847 3302 5923 nolris
3321 5856 3561 5923 gratiam.

2246 5906 2273 5948 ⁸
2313 5906 2459 5973 Mss,
2488 5911 2596 5965 sine
2617 5910 2838 5976 lumine;
2866 5915 2992 5974 editi
3022 5930 3168 5981 vero,
3200 5906 3460 5979 siticines.
