4066 6346
954 377 983 389 ν

300 437 415 498 J37

1266 434 1561 493 EPISCOP.
1589 432 2079 493 AFRICANORUM
2116 434 2466 505 EPISTOLA,
2506 434 2613 496 XV.

3470 462 3574 517 458

314 564 517 606 οηιηεηι
535 547 792 604 hominem
818 548 1100 604 venientem
1146 550 1201 604 in
1239 551 1374 604 lianc
1427 546 1678 604 mundum
1714 547 1893 619 (locu.
1925 555 1973 611 Α
2002 548 2240 639 operibus
2266 549 2433 621 bonis,
2462 566 2581 621 qum
2603 569 2712 610 non
2739 567 2911 614 solum
2930 574 2959 614 a
2986 557 3097 620 Deo
3135 565 3358 639 donata,
3385 574 3477 629 sed
3505 579 3575 633 ab

315 657 352 709 ι,
380 641 460 711 9);
493 640 759 695 illuminat
796 648 978 695 autem
1013 639 1307 705 hominem,
1332 641 1562 710 seipsam
1590 639 1769 696 dando
1798 653 1895 709 per

312 730 560 799 gratiam.
585 728 734 784 Sicut
759 742 887 796 ergo
915 729 1160 799 corporis
1206 729 1394 784 oculus
1437 742 1651 798 semper
1694 726 1895 795 indiget

310 816 491 873 lumen
544 816 807 887 accipere,
842 823 902 869 ut
947 816 1123 886 ipsum
1177 815 1358 870 lumen
1397 815 1565 885 possit
1594 813 1890 884 adspicere,

311 907 393 963 sic
419 914 473 962 et
499 900 669 962 libero
692 906 915 961 arbitrio
937 906 1169 961 hominis
1198 906 1343 962 nulla
1372 914 1550 976 potest
1571 905 1759 973 gratiae
1784 901 1896 959 suf-

312 996 508 1066 fragari
553 997 810 1067 cognitio,
833 997 935 1052 nisi
983 996 1140 1052 detur
1195 996 1360 1067 ipsius
1413 996 1597 1064 gratia:
1640 995 1894 1066 spiritalis

308 1085 529 1145 infusio.

383 1177 437 1232 6.
474 1177 712 1237 Proinde
741 1190 799 1236 ut
819 1182 886 1237 de
916 1181 980 1237 iis
1006 1196 1126 1253 quae
1154 1181 1348 1238 vestris
1380 1180 1569 1236 litteris
1593 1180 1854 1237 indidistis
1874 1222 1889 1246 ,

310 1268 442 1338 quid
483 1269 680 1325 habeat
720 1271 973 1326 catholici
1021 1272 1282 1340 dogmatis
1320 1273 1522 1327 veritas
1565 1273 1888 1339 instituemus,

308 1359 520 1428 singula
547 1361 782 1417 breviter
801 1361 1023 1417 deﬁnire
1042 1364 1365 1432 curavimus,
1384 1372 1671 1433 sequentes
1691 1365 1890 1420 donum

309 1450 556 1520 ejusdem
579 1452 786 1523 gratim,
817 1452 962 1522 quod
990 1461 1296 1509 sanctorum
1325 1454 1543 1509 Patrum
1568 1455 1818 1511 cordibus
1838 1464 1892 1513 et

308 1540 507 1610 linguis
532 1543 647 1613 ipsa
677 1542 897 1612 dignata
939 1552 1023 1599 est
1051 1545 1332 1599 infundere
1361 1556 1418 1599 ο.
1440 1544 1668 1600 Dixistis
1690 1546 1886 1616 itaque,

309 1632 457 1703 quod
486 1633 638 1687 vobis
666 1633 989 1702 dicentibus,
1016 1634 1161 1702 quod
1190 1632 1330 1688 Esau
1359 1643 1415 1689 et
1462 1633 1630 1689 Jacob
1663 1634 1889 1690 necdum

309 1722 472 1788 natis,
512 1720 682 1778 Jacob
723 1739 820 1793 per
847 1723 1267 1780 misericordiam
1317 1726 1603 1791 gratuitam
1652 1727 1886 1795 eligitur,

309 1808 452 1867 Esau
497 1822 677 1868 autem
709 1814 952 1883 originali
984 1823 1210 1886 peccato
1241 1815 1491 1872 detentus
1514 1817 1662 1885 justo
1684 1816 1888 1885 judicio

1999 636 2116 732 ipso
2139 640 2300 732 etiam
2318 650 2614 732 prmparata
2643 651 2886 710 testatur,
2902 647 3112 707 dicens:
3132 672 3245 728 qua!
3258 636 3575 732 prteparaeit

1998 727 2158 824 Deus,
2172 731 2290 824 utin
2306 730 2737 824 illisambulemus
2751 735 2967 809 (Ep/res.
2984 757 3040 808 Il,
3059 744 3169 813 10).
3188 727 3572 824 Gratia'itaquo

1996 818 2163 877 Jacob
2190 823 2369 879 salvus
2398 822 2569 880 factus
2592 836 2676 882 est
2696 843 2793 898 per
2821 833 2979 905 272
3011 832 3165 891 ﬁdem
3184 879 3199 902 ,
3241 843 3413 908 gratia
3437 818 3572 903 con-

1996 922 2212 968 secutus
2238 923 2317 970 est
2348 914 2610 973 bonorum
2639 935 2861 990 operum
2891 924 3217 985 facultatem.
3504 938 3507 941 ’

2068 1002 2119 1058 9.
2153 1001 2432 1073 Quocirca,
2459 1008 2582 1077 quia
2604 1018 2810 1065 certum
2845 1022 2929 1068 est
2972 1014 3110 1073 Esau
3140 1019 3305 1078 fuisse
3335 1040 3427 1079 vas
3456 1030 3573 1095 ine;

1994 1092 2160 1152 Jacob
2187 1105 2368 1152 autem
2388 1114 2480 1155 vas
2519 1101 2916 1172 misericordisc,
2949 1123 3259 1168 cunnssms
3284 1092 3587 1177 runcantur

1997 1201 2093 1241 ssr
2121 1188 2264 1255 quod
2286 1196 2341 1244 et
2380 1190 2468 1245 ille
2509 1200 2568 1246 ut
2605 1193 2974 1263 damnaretur,
3009 1200 3142 1255 iram
3170 1203 3314 1271 juste
3333 1211 3566 1267 meruit:

1993 1290 2101 1368 non
2129 1278 2269 1331 enim
2297 1278 2526 1347 injustus
2545 1280 2705 1349 Deus,
2730 1285 3010 1353 quiinfert
3024 1290 3157 1345 iram
3187 1292 3366 1364 (Rom.
3382 1312 3458 1365 tu,
3479 1298 3566 1368 5):

1994 1374 2049 1420 et
2076 1364 2175 1423 iste
2200 1376 2259 1422 ut
2284 1370 2601 1437 salvaretur,
2621 1376 2787 1442 gratis
2807 1377 3005 1432 donum
3034 1382 3412 1442 misericordia:
3635 1430 3680 1442 ..

1994 1458 2257 1513 venientis
2287 1463 2511 1532 accepit.
2543 1461 2708 1520 Iacob
2731 1466 2912 1537 itaque
2937 1468 3259 1538 justilicatus
3287 1458 3452 1546 gratis
3471 1495 3569 1550 per

1993 1550 2217 1618 gratiam
2249 1550 2364 1617 Dei,
2394 1551 2563 1609 factus
2583 1563 2665 1609 cst
2696 1572 2787 1613 vas
2825 1559 3210 1619 misericordia:
3236 1582 3334 1634 per
3362 1568 3577 1627 indebi-

1995 1646 2101 1693 tam
2132 1642 2376 1733 gratiam,
2406 1650 2462 1697 et
2484 1659 2579 1712 per
2608 1645 2778 1715 ipsam
2817 1651 3235 1711 misericorditer
3257 1668 3340 1713 est
3364 1676 3570 1733 praepar-

1991 1742 2139 1784 ratus
2167 1731 2233 1786 ad
2261 1733 2515 1802 gloriam;
2553 1734 2695 1791 Esau
2721 1754 2851 1795 vero
2878 1757 2976 1811 per
3003 1744 3136 1800 iram
3176 1747 3375 1816 justam
3421 1731 3584 1821 justo-

1992 1827 2073 1875 est
2092 1832 2421 1914 praeparatus
2443 1824 2508 1878 ad
2530 1841 2739 1895 pwnam
2766 1848 2779 1881 :
2806 1829 3063 1907 Iniquitas
3084 1837 3224 1892 enim
3251 1840 3346 1911 (al.
3362 1847 3565 1914 autem)

310 1903 407 1960 Dei
432 1912 517 1961 est
543 1904 670 1961 odio
693 1905 903 1961 habitus
924 1949 953 2003 ,-
974 1906 1102 1961 illic
1125 1906 1397 1961 contrario
1418 1906 1634 1970 dicunt,
1668 1908 1718 1961 in
1750 1906 1890 1961 Esau
1926 1919 1966 1978 ῃ
1996 1919 2174 1964 nostra
2187 1912 2447 1982 justitiam
2476 1915 2574 1970 Dei
2601 1922 2922 1976 commendat
2952 1903 3161 1997 (Ibid.).
3191 1903 3332 1987 Deus
3356 1947 3485 2003 ergo
3513 1903 3568 1990 in

309 1998 537 2069 ﬁguram
566 2014 687 2054 esse
715 2000 896 2070 populi
925 1997 1252 2064 Judmorum,
1282 2013 1348 2053 ex
1373 1998 1563 2054 futuris
1593 1999 1746 2052 malis
1767 2014 1889 2068 ope-

1994 1999 2157 2057 Jacob
2185 2004 2604 2062 miscricordiam
2632 2012 2876 2078 gratuita:
2897 2015 3170 2084 bonitatis,
3196 2021 3249 2074 in
3268 1999 3568 2080 Esauvvero

309 2092 457 2147 ribus
485 2091 908 2155 condemnandi;
940 2090 994 2145 in
1021 2089 1188 2146 Iacob
1218 2106 1344 2146 vero
1390 2089 1613 2159 ﬁguram
1644 2106 1765 2145 esse
1788 2106 1888 2161 po-
1987 2091 2252 2162 judicium
2295 2094 2454 2164 justas
2481 2101 2783 2156 severitatis
2810 2105 3082 2174 ostendit;
3112 2111 3203 2178 qui
3233 2125 3570 2173 sacramento

310 2184 423 2253 puli
445 2183 703 2253 gentium,
733 2199 800 2237 ex
830 2182 1021 2238 futuris
1047 2182 1300 2251 operibus
1318 2181 1476 2237 bonis
1496 2182 1758 2237 salvandi.

379 2274 434 2328 7.
465 2273 592 2330 Hice
615 2273 742 2338 duo,
775 2288 893 2342 qua:
919 2272 1126 2341 singula
1159 2271 1457 2342 proponitis
1489 2270 1515 2310 δ
1536 2311 1551 2335 ,
1586 2272 1786 2327 bonum
1808 2278 1892 2325 est

309 2374 371 2420 ut
392 2365 654 2421 catholica
684 2364 1038 2421 consensione
1061 2363 1313 2432 jungatis.
1340 2362 1431 2419 Sic
1459 2363 1600 2417 enim
1623 2372 1676 2417 et
1704 2362 1892 2418 abillis

310 2454 410 2510 Dei
440 2455 611 2524 gratia
639 2462 1013 2524 competenter
1055 2453 1383 2521 agnoscitur,
1429 2462 1483 2507 et
1510 2467 1542 2506 a
1590 2453 1741 2507 vobis
1763 2468 1892 2522 pto-

311 2542 586 2615 pbeticum
615 2543 930 2615 mysterium
979 2557 1087 2596 non
1135 2551 1377 2611 negatur.
1411 2539 1468 2595 In
1526 2542 1631 2596 illis
1661 2557 1893 2612 namque

314 2635 526 2690 duobus
555 2633 809 2689 fratribus
838 2633 994 2702 digne
1023 2633 1284 2703 accipitur
1322 2633 1548 2688 duorum
1577 2631 1892 2704 signiﬁcatio

312 2726 633 2797 populorum
668 2744 680 2778 :
715 2725 1011 2794 przesertim
1036 2740 1157 2779 cum
1197 2724 1297 2795 ipsi
1328 2723 1584 2781 Rebeccae
1611 2724 1891 2778 Dominum

311 2812 641 2880 consulenti,
665 2813 771 2867 duo
803 2814 1223 2882 praeuuntientur
1254 2814 1435 2884 populi
1485 2813 1552 2869 ab
1582 2814 1699 2884 ejus
1740 2822 1891 2869 utero

313 2904 623 2975 separandi.
656 2903 1037 2959 Verumtamen
1090 2905 1423 2973 agnoscenda
1453 2915 1534 2960 est
1563 2906 1615 2960 in
1670 2907 1757 2960 illa
1787 2906 1893 2961 dis-

316 2994 562 3050 cretione
589 3000 644 3048 et
671 2995 899 3063 gratuita
939 2994 1171 3059 bonitas,
1204 3002 1257 3049 et
1280 2994 1425 3064 justa
1451 2995 1726 3051 severitas.
1759 2993 1892 3049 Nam

314 3085 436 3155 quia
462 3101 612 3139 omne
626 3084 801 3139 datum
818 3086 1086 3155 optimum,
1103 3093 1150 3140 et
1171 3102 1321 3140 omne
1342 3086 1531 3140 donum
1557 3086 1648 3156 (al.
1679 3086 1888 3157 bonum)

315 3180 600 3248 perfectum
641 3177 907 3232 desursum
934 3187 1030 3242 est,
1058 3177 1367 3233 descendens
1396 3196 1427 3232 a
1458 3178 1618 3232 Putre
1645 3179 1897 3232 luuzinunt

1990 2184 2205 2252 quidem
2236 2186 2656 2247 circumcisionis
2682 2202 2874 2250 octavo
2902 2196 2987 2252 die
3011 2202 3300 2258 secundum
3327 2214 3568 2265 tenorem

1993 2276 2187 2332 divina:
2214 2280 2617 2339 constitutionis
2646 2294 2899 2357 accepto.
2924 2299 3078 2346 reatu
3107 2297 3311 2362 peccati
3332 2298 3567 2369 origina-

1996 2369 2061 2425 lis
2089 2371 2279 2433 caruit,
2314 2372 2407 2427 sed
2428 2388 2523 2443 per
2567 2376 2860 2444 nequitiam
2903 2378 3083 2436 cordis
3115 2385 3165 2439 in
3196 2384 3429 2442 hominis
3459 2398 3570 2445 ter-

1994 2461 2111 2515 reni
2134 2470 2401 2519 vetustate
2422 2468 2740 2535 permansit;
2769 2468 2909 2537 illius
2936 2471 3009 2527 ibi
3032 2472 3235 2540 judicio
3261 2477 3569 2546 derelictus,

1993 2552 2083 2618 qui
2124 2554 2289 2620 gratis
2314 2556 2507 2622 salvat,
2545 2556 2796 2628 justeque
2824 2559 3046 2617 damnat
3077 2574 3100 2602 ⁸
3126 2605 3139 2618 .
3172 2565 3228 2620 In
3269 2568 3422 2637 cujus
3448 2585 3574 2641 per.

1995 2657 2127 2697 sona
2182 2644 2465 2713 signiﬁcati
2494 2654 2620 2703 sunt
2645 2666 2753 2706 non
2783 2652 2860 2706 illi
2891 2661 3097 2709 tantum
3126 2658 3218 2726 qui
3265 2659 3426 2715 ﬁdem
3476 2678 3571 2718 ne-

1994 2739 2144 2801 gant,
2174 2733 2267 2787 sed
2297 2742 2353 2789 et
2402 2737 2479 2790 illi
2506 2739 2597 2808 qui
2628 2755 2795 2808 usque
2824 2741 2880 2797 in
2927 2742 3087 2800 ﬁnem
3115 2746 3238 2802 vita:
3280 2765 3391 2805 sua:
3430 2753 3571 2808 intra

1994 2818 2290 2878 Ecclesium
2319 2825 2509 2894 positi,
2539 2827 2591 2881 in
2619 2829 2774 2885 malis
2799 2833 3053 2902 Operibus
3100 2851 3463 2906 perseverant.
3494 2842 3573 2899 De

1995 2912 2187 3004 quibus
2206 2914 2492 2984 Apostolus
2510 2919 2617 2973 ait:
2634 2917 2889 2983 Quoniam
2909 2925 2995 2995 qui
3018 2926 3146 2980 talia
3165 2939 3342 2998 agunt,
3365 2949 3574 3004 regnum

1996 3001 2095 3056 Dei
2125 3020 2228 3059 non
2259 3017 2631 3078 consequentur
2679 3009 2876 3080 (Colat.
2906 3030 2966 3078 ν,
3001 3013 3114 3085 2|).
3157 3016 3291 3073 Nam
3317 3001 3457 3076 sicut
3481 3024 3573 3079 ille

1997 3092 2346 3150 circumcisus
2374 3099 2554 3166 periit,
2584 3100 2708 3168 quia
2729 3100 2914 3157 dilexit
2942 3108 3190 3163 tenebras
3219 3111 3388 3179 magis
3411 3125 3573 3181 quam

1998 3183 2194 3252 lucem,
2240 3187 2319 3242 sic
2348 3189 2524 3244 omnis
2553 3191 2644 3259 qui
2668 3207 2774 3247 non
2801 3193 3114 3264 deposuerit
3144 3208 3378 3255 veterem
3408 3203 3578 3258 homi-

317 3267 462 3339 (Jac.
485 3285 521 3333 ι,
546 3269 658 3339 17),
690 3277 744 3324 et
764 3270 934 3337 gratia
962 3269 1337 3325 discernuntur
1356 3271 1663 3341 quicunque
1684 3271 1895 3325 salvan.
1924 3286 1968 3347 ρ
2000 3289 2145 3340 nem,
2176 3277 2267 3347 qui
2317 3280 2680 3349 corrumpitur
2725 3285 3019 3340 secundum
3064 3288 3325 3345 desideria
3355 3295 3574 3361 erroris,

320 3367 450 3413 tur:
479 3358 718 3429 profecto
748 3376 854 3413 non
885 3369 1009 3414 sunt
1032 3360 1200 3415 electa
1225 3376 1397 3429 neque
1426 3360 1618 3415 dilecta
1647 3362 1699 3415 in
1729 3360 1895 3416 Jacob

317 3453 553 3507 humana
582 3467 766 3523 opera,
797 3452 893 3507 sed
932 3451 1071 3507 dona
1097 3452 1293 3506 divina.
1320 3452 1523 3507 Rursus
1552 3454 1676 3522 quia
1700 3454 1894 3522 iniqui-

316 3552 403 3599 tas
424 3528 618 3601 nostra.
633 3546 897 3615 justitiam
928 3544 1020 3599 Dei
1050 3544 1408 3607 commendat,
1441 3546 1628 3614 procul
1656 3545 1818 3600 dubio
1842 3546 1895 3600 in

315 3633 461 3691 Esau
488 3636 738 3691 humana:
764 3635 1061 3705 iniquitatis
1085 3643 1167 3690 est
1188 3635 1437 3689 damnata
1466 3637 1724 3703 nequitia.
1752 3636 1808 3690 ln
1832 3652 1897 3691 eo

313 3724 518 3796 quippe
544 3726 835 3794 gratuitum
876 3726 929 3779 in
958 3722 1126 3781 Iacob
1142 3719 1286 3780 Deus
1311 3724 1549 3779 ostendit
1577 3725 1897 3781 beneﬁcium

315 3817 711 3894 misericordia:
738 3833 867 3885 sum,
901 3817 951 3871 in
983 3832 1091 3887 quo
1121 3832 1240 3871 cum
1268 3817 1436 3884 gratia
1463 3818 1627 3886 gratis
1652 3817 1897 3886 dignatus

313 3915 405 3965 est
422 3907 716 3980 adoptare;
737 3925 836 3965 nec
850 3925 971 3965 cum
993 3924 1091 3980 pro
1108 3909 1313 3963 meritis
1333 3918 1354 3947 ο
1378 3909 1566 3962 futura:
1583 3907 1896 3979 cujusquam

317 3999 481 4056 bona:
529 4001 860 4071 operationis
907 4001 1088 4069 elegit,
1118 3999 1204 4054 cui
1252 3999 1509 4069 seipsum,
1541 4007 1599 4055 et
1636 4000 1814 4065 ﬁdem,
1843 4009 1898 4056 et

315 4090 463 4148 bona
493 4107 657 4162 opera
688 4092 1010 4148 donaturum
1032 4107 1151 4146 esse
1171 4091 1458 4162 prmscivit.

385 4181 443 4239 8.
473 4183 603 4238 [nde
627 4190 710 4238 est
728 4183 869 4253 quod
898 4182 1086 4237 semini
1113 4181 1359 4247 Abrahaa,
1384 4181 1537 4251 cujus
1565 4183 1617 4236 in
1646 4180 1811 4238 Jacob
1835 4182 1897 4233 li-

311 4286 449 4344 gura
480 4273 769 4343 praecessit,
800 4272 990 4328 beatus
1018 4272 1306 4344 Apostolus
1334 4272 1501 4326 dicit:
1536 4272 1720 4326 Gratia
1768 4274 1899 4327 salvi

312 4364 447 4435 {acti
471 4364 597 4417 estis
622 4378 715 4430 per
742 4362 897 4432 ﬁdem
929 4361 1143 4432 (Epltes.
1175 4378 1245 4427 ιι,
1273 4359 1349 4430 8).
1386 4360 1457 4416 Ut
1484 4363 1793 4418 ostenderet
1835 4362 1897 4414 li-

312 4452 444 4508 dem
476 4466 584 4507 non
614 4452 880 4521 aliquibus
900 4452 1055 4508 bonis
1080 4453 1288 4507 meritis
1306 4452 1452 4517 dari,
1472 4452 1567 4507 sed
1590 4451 1755 4523 ipsius
1778 4450 1898 4506 ﬁdei

309 4543 464 4600 dono
490 4558 652 4598 omne
693 4543 891 4598 bonum
922 4542 1168 4597 meritum
1206 4544 1465 4607 inchoari,
1494 4544 1769 4612 ipsamque
1797 4543 1899 4597 do-

2000 3366 2446 3424 condemnabitur
2468 3371 2520 3426 in
2538 3372 2761 3441 judicio,
2777 3377 2901 3444 quia
2931 3395 3037 3433 non
3060 3382 3325 3451 condigne
3350 3400 3476 3440 usus
3495 3396 3577 3441 est

1998 3455 2336 3526 baptismatis
2365 3473 2725 3520 sacramento.
2751 3466 2831 3520 Ad
2848 3468 3093 3524 eumdem
3123 3473 3319 3542 quippe
3341 3483 3576 3532 veterem

2001 3546 2272 3604 hominem
2330 3552 2605 3619 pertinent,
2651 3571 2757 3610 non
2812 3558 2985 3613 solum
3042 3561 3119 3615 illi
3174 3564 3265 3633 qui
3326 3564 3577 3632 ignorant

2001 3637 2187 3706 Deum,
2230 3641 2323 3695 sed
2375 3644 2535 3698 etiam
2584 3645 2675 3699 illi.
2707 3646 2773 3701 de
2821 3648 3015 3716 quibus
3059 3651 3189 3707 dicit
3241 3654 3573 3723 Apostolus:

2000 3724 2325 3817 Conﬁtentur
2387 3748 2442 3786 se
2496 3749 2645 3787 nosse
2693 3734 2859 3789 Deum
2891 3778 2909 3804 ,
2958 3739 3109 3809 {artis
3165 3751 3334 3797 autem
3388 3756 3589 3817 negant

2002 3815 2140 3888 (Tit.
2173 3837 2225 3888 ι,
2253 3821 2373 3892 16).

2073 3919 2158 3974 l0.
2191 3919 2271 3976 De
2294 3924 2522 3993 parvulis
2555 3940 2682 3981 vero
2720 3927 3083 3985 indubitanter
3112 3934 3342 3990 tenenda
3372 3944 3456 3990 est
3481 3953 3576 3994 ca-

2003 4010 2211 4067 tholica:
2228 4013 2409 4081 regula
2430 4014 2701 4082 veritatis;
2720 4006 2842 4086 quia
2866 4021 3118 4089 parvulus
3138 4024 3229 4091 qui
3251 4024 3578 4099 baptizatur.

2001 4104 2233 4173 gratuita
2263 4104 2355 4159 Dei
2398 4104 2637 4163 bonitate
2666 4108 2903 4163 salvatur
2936 4108 2995 4179 ί,
3024 4114 3116 4181 qui
3157 4129 3288 4170 vero
3316 4117 3435 4173 sine
3478 4118 3580 4181 bas

2002 4193 2251 4263 ptismate
2271 4194 2514 4261 moritur,
2533 4205 2754 4266 propter
2782 4208 3058 4269 peccatum
3079 4203 3334 4272 originale
3360 4208 3585 4264 damna-

2004 4291 2108 4336 tur.
2140 4282 2249 4337 Nec
2276 4284 2455 4354 aliquo
2485 4285 2743 4344 dicendus
2788 4299 2872 4344 est
2927 4291 3018 4347 Dei
3068 4293 3332 4352 beneﬁcio
3387 4298 3579 4356 futurae

2003 4374 2263 4444 impietati
2287 4387 2602 4447 praereptus,
2633 4381 2725 4448 qui
2755 4383 2955 4451 absque
2981 4383 3381 4452 justiﬁeationis
3406 4393 3578 4457 gratia

2002 4473 2263 4529 mortuus,
2298 4467 2584 4537 impiorum
2615 4479 2697 4525 est
2725 4474 3000 4527 consortio
3053 4474 3338 4544 deputatus
3368 4495 3380 4529 :
3413 4494 3442 4531 a
3472 4496 3578 4550 qua

2006 4554 2279 4623 impietate
2323 4556 2436 4610 sive
2485 4559 2771 4626 parvulus,
2799 4561 2912 4616 sive
2958 4560 3177 4631 majoris
3224 4566 3429 4628 anatis.
3461 4568 3579 4623 solo

309 4650 444 4689 ιιι-η
468 4633 563 4689 Dei
595 4648 713 4703 esse
742 4630 768 4670 δ
788 4674 803 4699 ,
835 4642 1047 4688 secutus
1068 4634 1328 4702 adiunxit.
1352 4646 1402 4687 et
1422 4634 1632 4688 Ιιοεηοη
1650 4650 1715 4687 ea:
1736 4634 1892 4695 vobis.
1928 4649 1972 4708 ι)
2000 4644 2223 4713 quisque
2246 4644 2486 4700 remedio
2511 4649 2756 4717 eripitur,
2787 4652 2829 4706 si
2852 4652 3048 4707 Christi
3074 4656 3331 4722 sanguine
3356 4657 3580 4715 redima.

307 4725 406 4779 sed
448 4725 645 4778 donum
673 4723 769 4778 Dei
818 4733 894 4778 est
934 4723 1128 4793 (Ibid.,
1174 4724 1249 4792 9).
1284 4724 1361 4779 Ac
1390 4740 1456 4779 ne
1484 4726 1766 4796 quisquam
1796 4725 1897 4780 sibi

309 4816 684 4886 quorumlibet
718 4815 982 4869 bonorum
1008 4829 1229 4883 Operum
1260 4816 1456 4869 audeat
1500 4817 1751 4872 meritum
1780 4817 1899 4871 vin-

305 4905 519 4973 dicare,
547 4913 605 4960 et
632 4921 729 4976 pro
757 4905 1161 4975 quibuscunque
1190 4905 1444 4976 operibus
1466 4906 1619 4960 ﬁdem
1642 4922 1700 4962 se
1720 4908 1899 4963 existi-

305 5002 430 5050 met
482 4996 790 5065 accepisse,
819 4993 1047 5062 subjecit
1077 5012 1089 5046 :
1121 5010 1223 5049 non
1278 5012 1344 5049 ea:
1399 4998 1651 5067 operibus,
1684 5015 1749 5056 ne
1783 5002 1897 5071 quis

308 5087 588 5157 glorietur.
620 5086 688 5142 Ut
709 5095 886 5141 autem
917 5086 1225 5141 ostenderet
1251 5102 1359 5142 non
1400 5086 1572 5142 solum
1600 5088 1775 5155 tidem,
1801 5090 1892 5145 sed

304 5178 478 5232 etiam
504 5179 646 5233 bona
667 5193 832 5249 opera
854 5178 1108 5232 divinitus
1134 5178 1314 5245 tribui,
1336 5179 1594 5234 continuo
1620 5180 1853 5236 subdidit
1878 5200 1890 5236 :

308 5265 492 5337 Ipsius
518 5270 655 5324 enim
682 5265 886 5343 {actura
917 5284 1093 5324 sumus
1110 5310 1125 5334 ,
1158 5271 1317 5328 creati
1343 5271 1397 5329 in
1424 5269 1625 5329 Christo
1652 5271 1773 5326 .Iesu
1790 5314 1803 5339 ,
1840 5274 1895 5327 in

388 5470 588 5544 ξῌβε..
614 5472 730 5539 ipsa
758 5471 823 5544 de
848 5488 904 5526 se
932 5471 1207 5544 dicendum
1241 5471 1466 5544 dignata
1492 5481 1567 5526 est
1592 5472 1887 5543 infundere.

385 5539 415 5578 δ
446 5540 598 5611 Mss,
628 5556 743 5611 qua:
771 5542 960 5611 singuli
991 5539 1325 5611 proponitis:
1643 5586 1646 5590 λ

392 5609 564 5682 FMs,
593 5609 754 5682 gratis
794 5609 1037 5682 dignatus
1087 5620 1163 5662 est
1204 5610 1470 5682 adoptare,
1507 5626 1608 5682 non
1650 5628 1744 5679 pro
1789 5628 1892 5665 me-

306 5681 453 5753 ritis,
486 5669 616 5736 etc."
640 5678 767 5736 Mss.
814 5669 902 5733 alii
942 5681 1277 5753 duo,_gratia
1306 5669 1487 5753 ’ργαιᾶ
1527 5669 1771 5753 dignatus
1818 5689 1893 5734 est

306 5749 599 5818 adoptare;
630 5766 723 5805 nec
761 5765 875 5805 eum
896 5788 910 5813 ,
942 5756 1045 5803 etc.
1095 5746 1217 5818 Haec
1255 5746 1432 5807 autem
1465 5746 1625 5803 verba
1671 5750 1892 5804 aberant

307 5818 386 5902 ab
410 5817 582 5875 editis.
615 5818 721 5875 Sed
749 5821 949 5876 rectior
979 5825 1031 5871 et
1060 5817 1272 5889 plenior
1299 5817 1507 5877 videtur
1531 5818 1687 5873 lectio
1712 5831 1891 5889 poste-

306 5904 519 5946 norum
550 5904 679 5947 MSS.

2003 4739 2108 4785 tur.
2138 4733 2217 4786 De
2256 4749 2449 4790 enarra
2479 4753 2618 4791 veno
2649 4754 2747 4791 nos
2775 4756 2928 4799 DIGNE
2959 4759 3145 4797 seram
3173 4745 3414 4815 quisquis
3457 4764 3578 4804 eam

2002 4830 2155 4891 putat
2183 4825 2430 4879 omnibus
2458 4825 2762 4882 hominibus
2789 4829 2924 4894 dari,
2951 4847 3072 4887 cum
3114 4848 3224 4888 non
3262 4836 3436 4890 solum
3466 4853 3578 4893 non

2002 4915 2238 4970 omnium
2268 4916 2337 4971 sit
2366 4915 2517 4983 ﬁdes,
2548 4918 2641 4974 sed
2693 4920 2868 4978 adhuc
2910 4925 3179 4980 nonnulla:
3206 4936 3392 4994 gentes
3419 4930 3573 4987 inve—

2001 5004 2216 5060 niantur
2235 5005 2299 5061 ad
2323 5022 2457 5077 quas
2483 5005 2602 5062 ﬁdei
2624 5010 2930 5079 praedicatio
2952 5028 3057 5069 non
3087 5017 3350 5086 pervenit.
3378 5017 3579 5077 Beatus

2003 5103 2182 5150 autem
2204 5096 2493 5167 Apostolus
2516 5099 2646 5154 dicit
2673 5117 2685 5154 :
2721 5099 2987 5165 Quomodo
3016 5105 3322 5162 invocabant
3348 5110 3403 5163 in
3426 5127 3575 5183 quem

2003 5201 2106 5240 non
2154 5188 2516 5242 crediderunt?
2542 5199 2630 5243 aut
2676 5193 2930 5262 quomodo
2971 5196 3177 5249 credent
3200 5199 3248 5252 ei
3274 5216 3421 5269 quem
3469 5218 3574 5257 non

2004 5276 2592 5357 audierunl?quomodo
2641 5289 2810 5337 autem
2846 5282 3056 5337 audient
3108 5288 3218 5341 sine
3260 5290 3577 5356 prtzdicanto

2073 5473 2096 5511 ἀ
2122 5476 2261 5553 Mss;
2276 5477 2333 5553 S_.
2371 5477 2484 5541 Cr.,
2518 5478 2795 5553 Ipsumque
2822 5483 2979 5551 ﬁdem
3030 5490 3088 5536 ut
3136 5483 3427 5538 ostenderet
3479 5484 3577 5538 [me

1998 5549 2191 5601 donum
2218 5546 2316 5602 Dei
2345 5565 2482 5610 esse,
2507 5546 2614 5605 etc.

2075 5627 2098 5689 ξ
2122 5616 2249 5689 MSS.
2266 5656 2280 5680 ,
2307 5619 2546 5689 justeque
2571 5622 2901 5677 condemnat.

2077 5683 2416 5764 '_biss._duo,
2462 5683 2571 5764 qua
2622 5693 2881 5764 parvulus
2916 5693 3001 5764 qui
3030 5690 3322 5763 baptizatur
3348 5693 3579 5764 gratuita

1992 5755 2224 5878 tridi:ur
2243 5755 2340 5810 Dei
2358 5755 2813 5816 bonitatesalvari.
2834 5755 3106 5825 Mslaltcr,
3124 5780 3224 5835 qua
3238 5755 3572 5835 paruulum...

1997 5841 2056 5878 sa
2082 5841 2141 5878 ua
2166 5843 2245 5878 ur.

1997 5841 2245 5880 sumatur.
