4014 6340
457 403 561 458 ιω

1401 404 1454 460 ε.
1495 400 1924 460 FULGENTIUS
1963 395 2330 458 EllSCOPliS
2367 393 2752 455 RUSPENSIS.

3627 387 3752 450 ιω

460 517 638 587 (Rom.
675 533 728 584 ι,
760 514 881 589 id)?
931 513 1040 573 Non
1095 531 1290 580 inore
1333 533 1529 572 unum
1559 516 1808 570 omnibus
1853 515 2041 579 datur,
2076 517 2124 574 A
2151 511 2294 574 Deus
2317 511 2516 580 quippe
2544 509 2688 564 dono
2717 505 2970 561 bonitatis
2997 503 3189 571 salvat,
3220 511 3277 561 et
3294 498 3496 574 judicio
3520 504 3750 559 scveri-
3791 477 3824 528 ’δ

459 608 895 678 quandoquidem
919 609 1084 678 ipsius
1113 610 1297 678 gratia:
1317 609 1602 679 participes
1630 624 1751 664 esse
1781 623 1888 664 non
1913 623 2039 677 pos-

461 708 604 763 suut,
629 700 721 769 qui
752 698 935 753 ﬁdeles
964 715 1071 753 non
1102 707 1246 765 sunt,
1278 714 1380 754 nee
1426 696 1652 768 pessum
1701 698 1944 766 credere,
1975 698 2042 752 ad

459 806 598 862 quos
628 791 896 845 invenitur
919 790 1033 859 ipse
1070 789 1190 845 ﬁdei
1222 791 1439 846 auditus
1467 791 1684 846 minime
1712 792 2038 861 pervenisse.

462 880 578 950 Ipsa
608 895 735 934 vero
787 879 958 947 gratia
989 879 1396 949 quibuscunque
1421 879 1598 945 datur,
1631 894 1737 935 non
1766 880 2046 950 aequaliter

460 973 650 1037 datur,
676 971 768 1026 sed
819 971 1102 1025 secundum
1157 987 1454 1025 mensuram
1507 972 1806 1025 donationis
1853 970 2047 1024 Christi

459 1062 677 1141 (Ephes.
703 1077 775 1124 tv,
802 1062 880 1132 7),
905 1071 964 1117 et
993 1063 1280 1132 unicuique
1311 1062 1452 1117 sicut
1471 1061 1612 1117 Deus
1632 1061 1814 1116 divisit
1838 1075 2049 1115 mensu-

459 1169 574 1208 ram
608 1151 729 1208 ﬁdei
757 1172 770 1207 :
799 1155 891 1223 qui
937 1171 1044 1210 non
1101 1155 1376 1209 hominum
1407 1169 1668 1224 personas
1695 1153 1920 1222 accipit,
1952 1151 2049 1206 sed

461 1245 638 1299 omnia
667 1255 915 1316 operatur
934 1262 1068 1301 unus
1090 1256 1240 1316 atque
1260 1246 1396 1300 idem
1422 1246 1669 1315 Spiritus,
1688 1244 1916 1298 dividens
1937 1260 2052 1310 pro-

461 1336 577 1405 pria
606 1335 847 1407 singulis,
870 1345 1025 1407 prout
1053 1336 1156 1390 vult
1182 1335 1236 1407 (I
1267 1334 1388 1391 Cor.
1415 1351 1507 1402 xu,
1542 1334 1652 1405 11).

533 1444 730 1516 273i
746 1443 795 1498 1.
813 1442 964 1511 Quod
983 1452 1160 1499 autem
1179 1459 1275 1500 vos
1289 1443 1614 1509 dicitis,sola
1635 1442 1727 1497 Dei
1741 1442 2080 1517 misericor-_

465 1533 552 1588 dia
580 1533 775 1590 salvari
797 1535 1091 1598 hominem,
1124 1534 1199 1588 illi
1227 1542 1406 1589 autem
1431 1534 1633 1597 dicunt,
1662 1533 1760 1586 nisi
1781 1532 1902 1601 quis
1926 1547 2055 1602 pro-

465 1626 580 1695 prin
601 1625 881 1680 voluntate
902 1625 1199 1680 cucurrerit
1227 1634 1281 1679 et
1303 1625 1684 1691 elaboraverit,
1730 1624 1908 1679 salvus
1936 1637 2057 1677 esse

466 1733 573 1772 non
604 1717 840 1787 poterit,
884 1717 1037 1787 digne
1064 1726 1334 1788 utrumque
1363 1726 1588 1778 tenetur,
1630 1701 1838 1770 εἶσι-(10
1881 1724 2056 1770 rectus

465 1816 712 1863 servetur
739 1807 930 1862 divina:
959 1806 1342 1863 misericordia:
1389 1813 1444 1860 et
1472 1805 1762 1860 voluntatis
1788 1804 2052 1869 humanae,

2147 599 2272 655 tatis
2299 600 2546 655 obdurat.

2219 711 2304 766 15.
2337 711 2469 765 illud
2499 712 2661 765 etiam
2691 709 2834 779 quod
2857 724 2955 764 vos
2981 709 3178 775 dicitis,
3208 709 3352 763 Deus
3382 719 3458 764 est
3478 711 3617 764 enim
3656 711 3752 780 qui

2145 811 2389 874 operatur
2427 804 2480 857 in
2509 800 2648 857 vobis
2675 811 2725 858 et
2763 803 2889 856 velle
2925 810 2974 861 et
3010 803 3242 874 operari,
3272 820 3366 873 pro
3387 803 3522 856 bona
3550 803 3736 858 volun-

2149 903 2254 948 tate
2283 893 2502 965 (Philip.
2536 906 2601 959 ιι,
2633 893 2754 964 15);
2787 893 2862 947 illi
2892 902 3067 948 autem
3089 894 3306 949 dicunt:
3333 893 3393 949 Si
3408 895 3685 948 volueritis
3700 913 3747 949 ei

2149 984 2414 1038 audieritis
2448 1000 2544 1049 me,
2597 984 2730 1038 bona
2771 993 2924 1039 terra:
2945 985 3218 1039 comedetis
3268 984 3405 1054 (Isa.
3452 1002 3491 1053 ι,
3525 985 3616 1055 19)
3659 1004 3672 1038 :
3707 987 3754 1041 si

2149 1080 2436 1144 utrumque
2475 1073 2612 1126 sicut
2643 1081 2855 1143 oportet
2905 1075 3114 1128 animus
3164 1077 3215 1129 in
3269 1073 3372 1129 ﬁde
3415 1078 3758 1146 tranquillus

2153 1163 2442 1232 acceperit,
2476 1163 2619 1216 nulla
2641 1162 2710 1216 de
2735 1163 2905 1232 gratia
2937 1173 2992 1218 et
3014 1164 3182 1219 libero
3205 1165 3426 1220 arbitrio
3460 1177 3482 1204 ε
3511 1169 3758 1236 ῳιωδιίο

2152 1251 2473 1307 remanebit.
2525 1251 2686 1307 Jubet
2731 1253 2872 1307 enim
2917 1253 3058 1309 Deus
3103 1255 3306 1310 homini
3352 1267 3411 1310 ut
3451 1257 3602 1323 velit,
3653 1260 3758 1312 sed

2153 1341 2296 1396 Deus
2326 1341 2380 1394 in
2427 1341 2645 1396 homine
2673 1351 2932 1411 operatur
2968 1352 3024 1398 et
3055 1344 3225 1411 velle;
3268 1345 3422 1414 jubet
3451 1355 3509 1400 ut
3554 1347 3753 1410 faciat,

2155 1433 2252 1487 sed
2285 1432 2426 1519 Deus
2456 1433 2508 1487 in
2537 1447 2604 1488 eo
2633 1430 2658 1470 δ
2692 1443 2948 1504 operatur
2981 1444 3038 1492 et
3067 1437 3263 1492 facere.
3305 1439 3428 1494 ldco
3450 1450 3759 1512 utrumque

2154 1521 2348 1579 beatus
2385 1522 2565 1594 jungit
2595 1533 2620 1561 ο
2667 1524 2955 1595 Apostolus
2993 1526 3175 1583 dicens
3219 1545 3232 1581 :
3283 1527 3411 1582 Cum
3456 1532 3647 1585 timore
3703 1542 3757 1586 et

2159 1621 2380 1670 tremore
2414 1617 2632 1682 salutem
2679 1624 2898 1670 restram
2942 1620 3228 1688 operamini
3256 1637 3275 1674 :
3313 1619 3450 1676 Deus
3487 1631 3566 1677 est
3606 1624 3755 1678 enim

2157 1707 2242 1782 qui
2271 1716 2515 1782 operatur
2551 1708 2604 1760 in
2635 1708 2773 1761 vobis
2805 1717 2854 1761 et
2895 1709 3022 1763 velle
3061 1721 3109 1764 et
3156 1713 3434 1782 perﬁcere,
3463 1732 3560 1786 pro
3611 1715 3752 1770 bona

2158 1795 2436 1851 voluntate.
2467 1794 2534 1850 Ut
2560 1813 2688 1867 ergo
2714 1814 2836 1854 cum
2861 1800 3053 1856 timore
3080 1810 3134 1856 et
3165 1811 3399 1860 tremore
3422 1822 3574 1860 suam
3598 1809 3755 1887 quis:

469 1910 529 1955 ut
559 1901 646 1956 illa
675 1899 990 1970 pmveniat,
1021 1899 1136 1953 htcc
1157 1906 1412 1967 sequatur
1442 1916 1454 1949 :
1486 1898 1600 1952 sola
1632 1897 1725 1950 Dei
1751 1896 2056 1950 misericor—
2088 1903 2134 1962 Β
2162 1903 2268 1957 que
2291 1899 2545 1958 operetur
2569 1891 2816 1956 salutem,
2850 1907 2985 1966 opus
3006 1901 3088 1950 est
3111 1894 3337 1950 volentis
3364 1895 3620 1962 hominis,
3655 1902 3753 1956 sed

467 1995 556 2048 dia
588 1993 797 2047 initium
827 1991 1014 2046 salutis
1051 1989 1327 2056 conferat;
1352 1989 1438 2045 cui
1467 1988 1661 2044 deinde
1689 1988 1936 2043 voluntas
1958 1987 2058 2041 ho-

467 2083 629 2138 minis
649 2081 990 2152 cooperatrix
1017 2096 1126 2135 sua:
1150 2080 1340 2135 salutis
1360 2079 1578 2142 existat,
1605 2087 1663 2132 ut
1690 2078 2054 2133 misericordia

440 2175 563 2230 'Dei
594 2174 928 2244 praeveniens
965 2173 1259 2226 voluntatis
1296 2172 1545 2226 humanae
1573 2171 1768 2241 dirigat
1813 2186 2052 2234 cursum,

467 2272 524 2318 et
566 2264 800 2318 humana
843 2262 1098 2316 voluntas
1125 2260 1381 2315 obediens
1406 2302 1422 2326 ,
1472 2259 1658 2315 eadem
1687 2259 2056 2314 misericordia

469 2356 850 2424 subsequente,
900 2352 1192 2407 secundum
1225 2351 1577 2406 intentionem
1627 2357 1810 2422 currat
1836 2350 1902 2404 ad
1930 2351 2056 2405 bra-

468 2445 642 2510 vium;
671 2460 734 2500 ac
763 2460 859 2514 per
885 2444 988 2498 hoc
1015 2442 1248 2496 humana
1272 2442 1522 2496 voluntas
1548 2443 1600 2496 in
1625 2457 1692 2496 eo
1721 2441 1863 2511 quod
1890 2442 2058 2496 currit

469 2537 676 2590 utiliter
704 2543 758 2590 et
787 2534 1018 2596 laborat,
1050 2548 1118 2587 ex
1147 2532 1241 2586 Dei
1272 2532 1640 2587 misericordia
1679 2532 1780 2586 sibi
1811 2546 1929 2587 esse
1954 2532 2054 2586 do-

470 2644 598 2682 num
627 2642 816 2682 cursus
845 2643 909 2680 ac
935 2624 1135 2680 laboris
1168 2631 1454 2690 agnoscat;
1486 2639 1586 2678 nec
1612 2623 1682 2678 sit
1713 2624 1919 2691 ingrata
1950 2623 2056 2675 mi-

469 2719 776 2782 sericordiae
803 2732 898 2787 per
942 2732 1102 2785 quam
1130 2715 1320 2770 salutis
1347 2716 1543 2786 accipit
1570 2715 1814 2781 initium,
1863 2723 1920 2768 ut
1960 2729 2058 2783 per

470 2797 643 2880 ipsam
672 2808 950 2880 perveniat
975 2807 1042 2862 ad
1077 2807 1294 2877 plenum
1331 2805 1671 2875 sempiternae
1697 2805 1885 2862 salutis
1923 2805 2056 2859 ell'e-

473 2910 620 2958 ctum
648 2918 663 2955 :
693 2901 816 2969 quia
848 2907 975 2954 tunc
997 2898 1100 2952 erit
1121 2887 1285 2959 bona,
1316 2898 1360 2952 si
1382 2896 1477 2951 Dei
1507 2897 1864 2966 przeveniatur
1892 2896 2057 2962 dono,

473 3003 532 3047 et
561 3002 687 3045 tunc
739 2988 1078 3060 permanebit
1121 2988 1262 3042 bona
1287 3027 1302 3051 ,
1347 2986 1391 3040 si
1439 2985 1555 3054 ejus
1595 3002 1700 3040 non
1739 2985 2060 3041 destituatur

473 3081 695 3136 auxilio.

546 3192 632 3245 1'2.
667 3191 823 3246 Errat
853 3197 1033 3244 autem
1063 3186 1303 3258 quisquis
1345 3195 1499 3259 putat
1538 3187 1616 3242 sic
1660 3201 1690 3240 a
1715 3185 1848 3244 .Deo
1898 3184 2057 3240 tribui

473 3285 720 3356 gratiam,
752 3284 901 3338 velut
946 3284 991 3338 si
1023 3283 1145 3354 quis
1193 3287 1416 3351 accepto
1463 3280 1658 3334 idoneo
1703 3279 1928 3349 pignore
1967 3278 2058 3332 det

473 3376 789 3446 pecuniam,
841 3389 962 3430 cum
994 3372 1250 3426 Dominus
1293 3371 1478 3439 utique
1517 3378 1572 3424 et
1601 3369 1793 3440 pignus
1828 3368 2058 3438 Spiritus

473 3468 648 3524 sancti
677 3467 791 3538 ipse
832 3466 1027 3536 quibus
1055 3463 1166 3519 vnlt
1195 3463 1470 3528 conferat,
1513 3471 1567 3516 et
1595 3461 1878 3532 pecuniam
1907 3476 2057 3515 suam

474 3559 851 3614 nummulariis
901 3557 1298 3627 expetendam,
1352 3555 1492 3610 sicut
1550 3555 1662 3624 ipse
1717 3553 1953 3624 loquitur
2007 3552 2059 3606 in

471 3650 764 3720 Evangelio
796 3649 1010 3721 (Matth.
1044 3666 1165 3713 xxv,
1201 3649 1316 3718 27),
1341 3663 1619 3703 servorum
1650 3663 1866 3702 suorum
1920 3663 2062 3702 cura:

475 3743 765 3811 ofﬁcioque
792 3741 1094 3796 distribuat.
1118 3741 1211 3795 Illa
1231 3756 1362 3796 vero
1391 3737 1639 3809 Apostoli
1667 3738 1932 3793 sententia
1956 3753 2061 3807 qua

477 3836 675 3890 dicitur
705 3851 720 3890 :
747 3834 889 3906 Ergo
927 3837 1073 3905 cujus
1107 3833 1210 3888 vult
1238 3835 1528 3900 miseretur,
1574 3841 1623 3885 et
1650 3846 1800 3902 quem
1827 3830 1932 3884 vult
1970 3829 2063 3884 ob-

477 3928 634 3980 durat
663 3924 838 3992 (Rom.
871 3941 943 3986 ix,
973 3924 1084 3992 l8),
1115 3924 1305 3979 melius
1333 3924 1548 3993 quidem
1577 3938 1643 3978 ex
1675 3937 1904 3993 persona
1933 3937 2064 3977 con-

478 4015 740 4069 ﬁrmantis
760 4015 1037 4083 accipitur.
1063 4014 1232 4080 Quam
1261 4014 1305 4068 si
1331 4015 1452 4083 quis
1475 4030 1582 4071 non
1607 4013 1718 4068 vult
1743 4027 1808 4066 ex
1837 4025 2065 4082 persona

479 4104 848 4160 conﬁrmantis
877 4106 1122 4174 accipere
1146 4147 1159 4170 ,
1203 4105 1330 4160 illud
1359 4107 1474 4161 sine
1515 4107 1862 4161 contentione
1892 4111 2069 4160 atten-

479 4193 578 4249 dat
602 4194 745 4265 quod
775 4195 1168 4265 subsequenter
1196 4195 1394 4250 dicitur
1423 4207 1448 4232 ι
1485 4214 1496 4248 :
1533 4197 1612 4249 An
1643 4213 1745 4251 non
1783 4197 1935 4251 habet
1968 4213 2064 4266 ρον

481 4293 715 4339 testatem
756 4286 946 4358 ﬁgulus
993 4285 1126 4350 luti,
1168 4303 1233 4340 ea:
1271 4286 1451 4340 eadem
1499 4303 1672 4340 massa
1713 4289 1884 4358 facere
1925 4285 2070 4341 aliud

481 4376 687 4450 quidem
727 4395 816 4431 vas
845 4379 899 4431 in
939 4377 1216 4443 honorem,
1267 4378 1413 4432 aliud
1454 4395 1570 4433 vero
1609 4379 1662 4432 in
1705 4381 2067 4434 contumeliam

481 4467 678 4540 (Ibid.,'
702 4467 831 4530 2h?
867 4467 934 4521 Et
974 4483 1094 4523 cum
1127 4469 1179 4522 in
1209 4477 1439 4538 utroque
1476 4484 1605 4523 vase
1652 4469 1895 4525 faciendo
1925 4470 2066 4538 ﬁguli

481 4559 798 4627 cognoverit
845 4565 1197 4628 potestatem,
1246 4559 1298 4613 in
1341 4575 1468 4615 vase
1515 4561 1738 4616 honoris
1778 4560 2064 4616 indebilam

482 4649 710 4716 gratiam
739 4647 834 4702 Dei
875 4648 1179 4703 miserantis
1208 4648 1499 4718 intelligat,
1544 4661 1598 4706 et
1626 4651 1678 4706 in
1722 4667 1848 4705 vase
1877 4661 2067 4707 contu-

483 4739 659 4793 melia:
687 4738 924 4793 debitum
944 4739 1204 4807 judicium
1230 4740 1326 4794 Dei
1354 4741 1684 4808 obdurantis,
1718 4743 1769 4796 id
1798 4751 1880 4797 est
1907 4743 2064 4798 dese-

482 4831 673 4894 rentis,
699 4839 972 4899 agnoscat.
1014 4816 1156 4886 Deus
1192 4841 1370 4888 autem
1410 4833 1677 4888 obdurare
1705 4832 1918 4898 dicitur,
1958 4850 2064 4888 non

481 4922 609 4992 quia
641 4920 706 4974 ad
737 4921 1071 4991 iniquitatem
1102 4921 1394 4990 compellit,
1421 4921 1514 4976 sed
1539 4938 1659 4976 cum
1690 4923 1756 4977 ab
1787 4923 2067 4991 iniquitate

485 5028 593 5067 non
624 5013 784 5080 eripit
827 5029 840 5065 :
879 5011 1021 5081 quod
1066 5012 1189 5082 quia
1212 5011 1390 5080 justus
1419 5020 1500 5066 est
1524 5052 1538 5076 ,
1583 5012 1729 5081 juste
1778 5011 1921 5066 facit.
1953 5010 2065 5068 Deo

485 5116 615 5172 ergo
647 5104 953 5166 miserante,
985 5104 1100 5158 sine
1128 5103 1238 5157 suis
1266 5103 1472 5158 meritis
1501 5104 1662 5157 homo
1685 5103 1941 5165 salvatur,
1966 5104 2066 5158 ob-

484 5195 712 5251 durantc
757 5203 936 5249 autem
978 5194 1111 5259 Dco,
1159 5194 1303 5266 justc
1349 5195 1539 5265 recipit
1579 5193 1724 5265 quod
1752 5204 1991 5250 meretur
2017 5194 2064 5248 ι’.

559 5453 583 5514 ξ
610 5443 709 5500 Ms.
740 5460 894 5507 unus.
923 5448 1060 5514 quod
1088 5441 1285 5514 Paulus
1314 5442 1576 5514 apostolus
1598 5442 1742 5514 dicit.

557 5513 585 5552 δ
614 5514 741 5568 Mss.
771 5514 828 5570 S.
859 5512 972 5579 Cr.,
996 5515 1138 5584 juste
1172 5512 1357 5584 recipit
1373 5514 1558 5582 impius
1587 5513 1723 5584 quod
1750 5520 1988 5566 meretur.

564 5595 585 5656 τ
619 5584 744 5656 Mss.
774 5585 852 5656 De
879 5583 1051 5656 gratia
1088 5583 1182 5656 Dei
1209 5591 1260 5637 et
1289 5583 1512 5656 humano
1539 5583 1780 5656 arbitrio.

557 5653 584 5692 ἀ
619 5653 758 5715 Haec,
793 5651 932 5709 Dens
971 5656 1027 5708 in
1056 5670 1134 5720 eo,
1169 5653 1419 5721 leguntur
1445 5653 1498 5705 in
1539 5669 1664 5706 mss.
1709 5651 1768 5706 S.
1803 5651 1925 5716 Cr.;
1957 5667 2065 5706 non

557 5733 738 5775 runtur
769 5725 819 5775 in
852 5725 973 5775 edd.

488 5724 738 5794 leguntur
769 5725 819 5779 in
852 5725 973 5780 edd.

566 5807 588 5833 ο
639 5792 760 5849 Mss.
812 5794 870 5850 S.
918 5795 1044 5861 Cr.,
1097 5804 1362 5864 utrumque
1419 5793 1679 5857 ostendit;
1733 5793 1821 5847 alii
1867 5792 2062 5857 codd.,

487 5866 676 5936 yungit.

2161 1980 2266 2034 hoc
2297 1980 2470 2050 ipsum
2515 1981 2654 2036 velle
2703 1981 2722 2019 ί
2754 1981 2894 2036 Deus
2923 1993 3178 2052 operatur
3218 1985 3270 2039 in
3296 1986 3436 2053 suis,
3479 1989 3649 2060 275
3691 2006 3755 2045 ae

2159 2085 2257 2139 per
2283 2070 2387 2126 hoc
2412 2072 2666 2146 quoniam
2697 2072 2857 2128 habet
2885 2074 3048 2129 homo
3071 2075 3297 2130 liberum
3324 2078 3630 2146 arbitrium,
3658 2097 3756 2136 au-

2159 2161 2237 2216 dit
2266 2171 2533 2232 praacepta
2574 2178 2693 2234 qua:
2740 2165 2926 2231 faciat;
2970 2165 3063 2222 sed
3092 2166 3159 2222 ad
3187 2168 3454 2237 implenda
3476 2182 3754 2241 praecepta

2159 2249 2386 2306 liberum
2433 2252 2712 2308 arbitrium
2763 2254 3017 2310 idoneum
3061 2257 3367 2314 nullatenus
3412 2261 3652 2318 eﬂicitur
3685 2275 3750 2327 It,

2160 2343 2264 2398 nisi
2291 2343 2548 2399 divinitus
2576 2343 2880 2413 adjuvetur.
2909 2346 2986 2401 ita
3017 2348 3103 2412 ﬁt,
3139 2358 3197 2403 ut
3224 2365 3283 2405 se
3303 2353 3516 2422 operari
3544 2353 3752 2410 debere

2161 2435 2328 2492 homo
2354 2446 2666 2509 cognoscat,
2705 2438 2831 2493 dum
2863 2449 3186 2511 praeceptum
3216 2445 3432 2512 accipit,
3461 2453 3515 2500 et
3544 2446 3663 2502 Deo
3692 2464 3752 2503 se

2161 2527 2295 2583 sciat
2323 2543 2538 2602 semper
2567 2544 2726 2585 omne
2753 2531 2952 2591 bonum
2980 2532 3205 2600 debere,
3248 2535 3392 2607 quod
3417 2537 3529 2591 vult
3557 2553 3627 2593 ac
3668 2541 3748 2593 fa-

2161 2618 2236 2674 cit
2266 2637 2278 2672 :
2311 2635 2469 2689 quem
2501 2628 2636 2675 teste
2678 2619 2938 2691 Apostolo
2983 2625 3260 2693 cognoscit
3299 2628 3511 2696 operari
3542 2629 3599 2682 in
3647 2630 3746 2684 ho-

2161 2713 2323 2776 mine,
2354 2723 2405 2768 et
2446 2714 2602 2779 velle,
2645 2724 2694 2768 et
2732 2717 2976 2791 perﬁcere
3015 2735 3109 2788 pro
3142 2718 3274 2772 bona
3319 2721 3599 2774 voluntate.
3648 2721 3749 2788 Qui

2161 2806 2272 2859 suis
2311 2806 2553 2863 ﬁdelibus
2597 2808 2738 2864 hanc
2766 2809 3016 2878 dignatus
3046 2821 3128 2866 est
3169 2812 3396 2880 gratiam
3424 2815 3748 2882 promittere

2160 2909 2258 2964 per
2290 2894 2610 2966 Prophetam
2647 2899 2834 2955 dicens
2867 2918 2878 2953 :
2914 2899 3170 2971 Spiritum
3198 2919 3363 2956 meum
3393 2904 3525 2957 dabo
3565 2907 3626 2958 in
3656 2923 3745 2959 vo-

2161 2985 2260 3052 bis,
2288 2995 2338 3039 et
2366 2988 2558 3058 faciam
2585 2999 2640 3043 ut
2658 2991 2710 3043 in
2729 2989 3190 3060 jnsti/icationibns
3226 2993 3350 3046 meis
3375 2993 3674 3060 ambuletis,
3701 3005 3750 3051 st

2154 3075 2358 3145 judicia
2386 3079 2500 3132 mea
2529 3080 2803 3135 observetis
2831 3091 2882 3136 et
2910 3084 3119 3153 faciatis
3151 3083 3363 3154 (Ezech.
3402 3101 3594 3151 xxxvi,
3632 3088 3743 3159 '27).

2237 3188 2329 3250 14.
2372 3189 2506 3245 Cum
2537 3207 2667 3261 ergo
2713 3193 2858 3250 Deus
2901 3195 2951 3248 in
2998 3195 3218 3254 homine
3261 3199 3475 3267 operari
3518 3201 3748 3271 cmperit

2165 3277 2322 3344 velle,
2355 3287 2483 3334 tunc
2509 3281 2670 3336 homo
2697 3283 2763 3335 ad
2803 3283 2970 3337 Deum
3002 3286 3353 3354 convertitur,
3386 3297 3440 3343 et
3462 3288 3661 3344 eodem
3691 3292 3743 3345 in

2163 3385 2221 3425 se
2251 3380 2529 3447 operante,
2561 3374 2700 3428 unde
2728 3373 2826 3444 ipsi
2859 3374 2969 3430 Deo
2998 3377 3210 3446 placeat
3229 3388 3497 3448 operatur.
3530 3380 3611 3436 De
3636 3382 3745 3437 Deo

2165 3461 2308 3519 enim
2335 3461 2464 3518 dicit
2484 3463 2772 3532 Apostolus
2796 3482 2808 3517 :
2834 3466 2984 3534 Aptet
3006 3484 3090 3520 vos
3118 3469 3172 3520 in
3193 3471 3332 3523 omni
3359 3487 3508 3540 opere
3537 3470 3676 3526 bono
3697 3471 3748 3539 ιι,

2165 3561 2220 3604 ut
2251 3553 2457 3622 faciatis
2485 3555 2794 3612 voluntatem
2821 3557 2952 3627 ejus,
2982 3559 3178 3629 faciens
3214 3560 3266 3618 in
3293 3560 3434 3615 vobis
3461 3561 3602 3632 quod
3631 3561 3748 3634 pla-

2167 3654 2281 3698 ceat
2307 3662 2481 3704 coram
2508 3663 2563 3700 se
2595 3646 2780 3718 (llebr.
2811 3664 2923 3713 xm,
2955 3647 3068 3720 21).
3115 3649 3196 3703 Ad
3240 3651 3402 3706 vitam
3432 3667 3654 3722 quoque
3695 3653 3747 3708 in

2171 3746 2374 3792 tantum
2405 3746 2586 3808 potest
2614 3740 2776 3794 homo
2817 3756 3032 3795 manum
3064 3743 3354 3812 porrigere,
3400 3745 3452 3798 in
3483 3755 3744 3815 quantum

2168 3827 2414 3883 habuerit
2438 3828 2721 3888 Dominum
2752 3832 3140 3900 protectionem
3168 3850 3319 3888 suam
3340 3850 3501 3904 super
3529 3851 3746 3891 manutn

2169 3917 2446 3972 dexteram
2475 3934 2625 3974 suam
2658 3917 2828 3988 (Psal.
2879 3935 3003 3983 cxx,
3044 3919 3123 3990 5).
3155 3922 3322 3977 Nimis
3350 3931 3529 3978 autem
3559 3925 3744 3980 absur-

2169 4005 2298 4060 dum
2323 4014 2406 4061 est
2436 4006 2556 4062 illos
2581 4016 2772 4078 putare
2800 4024 2929 4065 vasa
2962 4010 3340 4066 misericordia:
3359 4013 3450 4082 qui
3476 4015 3560 4068 vel
3587 4030 3752 4071 saecuo

2171 4097 2338 4152 larem
2383 4097 2582 4152 habent
2626 4098 2711 4153 vel
2763 4099 3180 4156 ecclesiasticam
3225 4102 3574 4175 dignitatem;
3632 4120 3749 4159 vasa

2173 4203 2303 4242 vero
2324 4188 2678 4252 contumeliae,
2705 4189 2947 4254 clericos,
2979 4199 3034 4245 et
3065 4192 3357 4247 monachos
3378 4207 3441 4247 ac
3461 4193 3630 4248 laicos
3657 4209 3752 4247 :es-

2172 4279 2395 4346 timare;
2424 4296 2545 4336 cum
2576 4281 2760 4351 utique
2789 4281 3081 4352 Apostolus
3103 4297 3230 4336 vasa
3255 4283 3640 4339 misericordia:
3667 4284 3750 4338 illa

2170 4374 2312 4432 dicat
2341 4389 2460 4444 qua:
2491 4374 2632 4430 Deus
2661 4375 2979 4444 praeparavit
3009 4375 3061 4429 in
3091 4374 3336 4444 gloriam,
3369 4392 3475 4430 non
3516 4392 3752 4446 praesen-

2175 4472 2280 4520 lem
2313 4465 2518 4537 utique,
2544 4465 2640 4520 sed
2664 4463 2922 4531 futuram,
2950 4465 3145 4533 quibus
3172 4466 3339 4521 dicit:
3375 4465 3500 4520 Cum
3521 4465 3752 4524 Christus

2175 4558 2501 4626 apparuerit,
2541 4557 2644 4611 vita
2689 4565 2884 4620 vestra,
2928 4562 3049 4606 tunc
3087 4563 3136 4607 et
3165 4571 3250 4608 vos
3291 4553 3608 4626 apparebitis
3649 4573 3753 4610 cum

2173 4649 2285 4716 ipso
2317 4649 2370 4702 in
2400 4649 2567 4720 gloria
2598 4647 2821 4720 (Coloss.
2845 4663 2924 4712 ιιι,
2955 4644 3031 4718 4).
3059 4645 3185 4702 Ideo
3216 4647 3378 4716 paulo
3405 4649 3656 4717 superius
3683 4648 3755 4701 eis

2177 4739 2272 4801 ait,
2321 4737 2450 4802 Qua:
2477 4755 2680 4794 sursum
2706 4749 2825 4794 sunt
2852 4741 3019 4810 sapite
3040 4780 3055 4804 ,
3105 4755 3207 4792 non
3239 4753 3351 4808 qua:
3389 4755 3541 4808 super
3569 4747 3754 4793 terram

2178 4830 2338 4900 (Ibid.
2362 4871 2377 4895 ,
2420 4831 2496 4900 1).
2529 4831 2668 4887 Vasa
2693 4833 2894 4902 quippe
2932 4832 2945 4870 ί
2981 4831 3370 4888 misericordia:
3399 4839 3523 4886 sunt
3568 4833 3754 4902 quibus

2176 4921 2412 4976 dicitur:
2456 4922 2635 4978 Venite
2659 4966 2674 4990 ,
2723 4922 2974 4978 benedicti
3007 4923 3182 4979 Patris
3227 4925 3354 4989 mei,
3398 4925 3651 4994 percipite
3677 4939 3753 4976 re-

2172 5028 2360 5082 gnum;
2403 5029 2528 5068 vasa
2578 5030 2705 5069 vero
2745 5015 3084 5070 contumelia:
3111 5023 3235 5071 sunt
3281 5015 3476 5086 quibus
3512 5015 3710 5072 dicitur
3735 5029 3754 5068 :

2178 5100 2277 5165 Ite,
2307 5102 2590 5170 maledicti,
2623 5104 2676 5158 in
2706 5106 2874 5176 ignem
2906 5113 3172 5169 wternum,
3205 5105 3292 5174 qui
3331 5115 3656 5176 πίεραι-αμα
3681 5112 3755 5160 est

2177 5195 2384 5250 diabolo
2411 5205 2458 5251 et
2485 5198 2686 5269 angelis
2710 5199 2846 5268 ejus.
2869 5197 3008 5253 Vasa
3037 5197 3218 5266 itaque
3247 5197 3626 5256 misericordia:
3651 5213 3754 5256 non

2253 5443 2273 5483 ί
2305 5445 2427 5519 Mss.
2453 5444 2520 5519 β.
2549 5445 2660 5519 Qu,
2692 5447 2787 5519 hoc
2807 5449 2973 5519 ipsum
3001 5449 3128 5519 velle
3151 5456 3202 5502 et
3222 5449 3450 5519 operari.

2250 5514 2504 5592 8_hls._S.
2535 5517 2649 5580 Cr.,
2681 5514 2892 5592 liberum
2925 5518 3199 5592 arbitrium
3233 5514 3443 5590 operari
3474 5519 3631 5592 (alter
3660 5519 3732 5574 las

2173 5585 2349 5658 minis)
2378 5587 2618 5658 idoneum
2647 5587 2938 5658 nullatenus
2960 5589 3208 5658 ef/icitur.

2250 5654 2272 5725 ιξ
2319 5651 2393 5710 Ita
2423 5672 2551 5710 mss.
2583 5657 2640 5708 S.
2673 5656 2786 5716 Cr.,
2825 5651 3256 5725 juxta'Cratcum
3302 5667 3538 5724 textum;
3582 5651 3745 5714 ueteri

2175 5724 2362 5787 codd,
2384 5727 2439 5779 in
2462 5727 2602 5780 omni
2625 5728 2776 5781 bono.
2831 5724 2838 5725 ί
3494 5728 3501 5742 “

2255 5806 2268 5833 ⁸
2301 5796 2422 5852 Mss.
2455 5797 2512 5852 S.
2544 5797 2656 5854 Cr.,
2704 5797 2839 5852 Vasa
2865 5815 3001 5870 ergo.
