4066 6346
249 441 351 502 Ml

1251 445 1455 507 PETRI
1494 448 1782 511 DI'ACOM‘.
1810 456 1937 516 SEU
1972 458 2320 529 EPISTOLA,
2363 460 2495 522 XVI.

3418 472 3526 530 us

248 547 618 650 ecclesiastica
651 549 735 650 vel
769 555 1045 650 saecularis
1069 559 1320 628 dignitas,
1354 563 1448 617 sed
1495 563 1546 617 in
1595 563 1834 622 Ecclesia
1867 583 1905 632 Α
1940 581 2104 627 tatem
2134 576 2186 628 in
2211 576 2391 648 aliquo
2422 595 2529 632 non
2560 580 2823 646 agnoscit,
2857 589 3038 650 potest
3065 595 3183 639 cras
3211 580 3323 641 Deo
3364 600 3521 643 reve-

248 646 508 718 spiritalis
563 647 761 704 caritas
812 647 961 705 facit.
1016 648 1360 721 Quapnopter
1410 653 1463 707 in
1523 669 1843 726 quacunque
1872 702 1891 719 ,

249 736 587 811 professione
613 740 851 795 tenuerit
879 740 1060 796 homo.
1085 741 1244 798 tidem
1274 757 1395 812 qua:
1423 759 1525 813 per.
1557 746 1840 803 caritatem

246 838 530 901 operatur,
559 829 664 886 erit
691 845 788 885 vas
814 830 869 884 in
894 831 1156 891 honorem
1185 832 1581 903 sanctificatum
1619 843 1676 890 et
1709 836 1841 892 utile

249 918 505 983 Domino,
535 917 603 974 ad
628 933 792 973 omne
821 934 971 989 opus
984 920 1186 975 bonum
1216 930 1482 991 paratum.

322 1007 413 1065 15.
443 1008 646 1065 Contra
673 1009 1200 1079 praedestinationem
1228 1028 1357 1068 vero
1383 1023 1695 1071 sanctorum
1725 1032 1841 1072 ma-

244 1116 368 1172 gnae
396 1100 718 1173 pervicacia:
756 1110 852 1157 est.
868 1102 1104 1171 aliquem
1132 1104 1219 1158 vel
1256 1120 1470 1174 parare,
1510 1107 1599 1161 vel
1640 1108 1840 1163 habere

242 1191 581 1259 conflictum,
622 1207 745 1248 cum
773 1193 1089 1263 apostolica:
1130 1196 1498 1266 prmdicatioui
1525 1199 1701 1254 nullus
1742 1215 1836 1254 au-

243 1285 375 1341 deat
401 1283 818 1354 refragari,qua
847 1301 955 1340 non
982 1287 1157 1343 solum
1187 1287 1385 1343 dicitur
1402 1289 1471 1346 de
1510 1291 1624 1347 Deo
1656 1309 1672 1345 :
1698 1289 1838 1357 Quos

242 1380 425 1426 autem
449 1373 707 1443 praesciuit
735 1383 786 1427 et
817 1375 1206 1443 praedestinavit
1233 1379 1529 1449 conformes
1562 1380 1684 1449 ﬁeri
1714 1382 1841 1434 ima-

244 1464 385 1536 ginis
412 1462 544 1518 Filii
570 1464 893 1535 ejus.(Rout.
933 1482 1047 1531 vui,
1077 1466 1209 1536 29);
1239 1477 1296 1524 et
1322 1469 1429 1525 alio
1481 1471 1604 1527 loco
1636 1491 1649 1525 :
1685 1472 1838 1528 Prm-

243 1558 528 1615 destinaoit
580 1569 686 1614 nos
728 1559 785 1613 in
832 1559 1177 1631 adoptionem.
1205 1561 1435 1632 filiarum
1458 1603 1475 1628 ,
1514 1581 1608 1635 per
1660 1564 1839 1621 Iesum

245 1650 514 1706 Christum
539 1652 597 1706 in
621 1652 795 1721 ipsum
817 1649 1037 1723 (Ephes.
1068 1669 1105 1719 ι,
1135 1652 1189 1725 5)
1226 1672 1238 1707 :
1265 1670 1449 1710 verum
1470 1657 1633 1711 etiam
1664 1658 1838 1728 ipsum

245 1750 415 1813 caput
456 1750 720 1807 nostrum,
753 1742 927 1812 ipsum
971 1744 1388 1823 primogenitum
1420 1747 1474 1801 in
1503 1749 1686 1805 multis
1725 1751 1837 1806 fm-

243 1835 425 1890 tribus
440 1834 634 1889 beatus
656 1831 854 1889 Paulus
882 1833 1317 1905 przedestinatum
1342 1837 1678 1895 conﬁdenter
1697 1857 1835 1911 pra:-

1944 662 2089 720 lante
2116 681 2466 735 cognoscere.
2498 668 2610 726 Deo
2638 672 2779 726 enim
2806 674 3010 738 subest,
3043 691 3163 731 cum
3183 676 3523 749 volet,posse

1946 754 2100 825 (Sap.
2136 773 2228 821 xu,
2261 757 2372 827 18).
2397 757 2624 817 Oremus
2652 776 2781 832 ergo
2811 779 2910 834 pro
2938 765 3038 833 eis,
3070 775 3127 821 ut
3154 768 3296 824 Deus
3331 785 3525 840 opere-

1944 854 2030 899 tur
2057 846 2111 899 in
2149 848 2246 902 eis.
2298 847 2661 908 Exhibeamus
2706 853 2784 908 eis
2828 855 3028 909 bonam
3054 856 3408 924 voluntatem,
3453 859 3523 914 de

1941 951 2047 1004 qua
2094 954 2191 994 nos
2216 954 2502 1008 possumus
2528 944 2731 999 habere
2772 947 3096 1015 mercedem,
3127 950 3358 1005 scientes
3383 967 3525 1023 qun-

1943 1026 2085 1080 niam
2118 1029 2169 1083 in
2200 1037 2497 1100 conspectu
2541 1032 2635 1087 Dei
2665 1034 2908 1104 quisquis
2936 1036 3003 1092 de
3044 1054 3275 1094 numero
3313 1041 3522 1110 praede-

1942 1118 2262 1174 stinatorum
2292 1120 2470 1188 fuerit,
2503 1139 2610 1178 non
2641 1126 2855 1195 peribit,
2883 1137 2939 1183 et
2968 1129 3020 1183 in
3062 1130 3307 1185 omnibus
3331 1133 3522 1187 volun-

1942 1217 2025 1263 tas
2067 1209 2459 1281 Omnipotentis
2505 1216 2833 1286 implebitur,
2880 1227 2939 1273 ut
2980 1236 3078 1291 per
3109 1223 3334 1289 gratiam
3385 1225 3521 1280 salvi

1942 1303 2091 1370 itaut,
2147 1314 2203 1360 et
2245 1308 2573 1375 agnitionem
2601 1310 2859 1377 veritatis,
2912 1313 3139 1369 Domino
3162 1315 3517 1385 illuminante,

1941 1396 2256 1466 percipiant.

2012 1482 2115 1541 18.,
2142 1484 2260 1539 Ριω
2310 1491 2561 1543 omnibus
2614 1491 2848 1547 studium
2899 1494 3071 1562 gerite
3125 1496 3292 1554 libros
3343 1502 3515 1556 sancti

1940 1575 2217 1644 Augustini
2244 1592 2381 1646 quos
2410 1579 2477 1634 ad
2519 1580 2842 1652 Prosperum
2891 1594 2946 1640 et
2990 1586 3250 1644 Hilarium
3282 1592 3517 1662 scripsit,

1940 1664 2253 1720 memoratis
2270 1666 2523 1724 fratribus
2543 1670 2795 1738 legendos
2826 1675 3087 1742 ingerere.
3112 1676 3348 1744 Quorum
3368 1697 3521 1737 metr-

1942 1753 2142 1807 tionem
2174 1755 2343 1810 beata:
2371 1760 2645 1815 memoriae
2690 1761 2997 1829 Hormisda,
3022 1766 3166 1821 sedis
3208 1770 3519 1838 apostolica:

1939 1845 2203 1912 gloriosus
2250 1848 2493 1917 antistes,
2529 1851 2581 1906 in
2638 1854 2864 1922 epistola
2911 1871 3072 1925 quam
3120 1861 3421 1916 consulenti
3459 1878 3521 1918 se

245 1927 397 1985 dicat
420 1925 607 1983 dicens
649 1944 663 1981 :
695 1924 797 1991 Qui
824 1928 995 1998 factus
1022 1937 1101 1981 est
1137 1929 1184 1982 ei
1214 1946 1281 1983 ea:
1320 1932 1516 1985 semine
1554 1931 1724 1987 David
1749 1951 1835 1988 se-
1868 1947 1913 2007 Β
1938 1942 2126 1991 sancto
2168 1935 2316 1992 fratri
2345 1942 2825 2013 consacerdotique
2866 1924 3053 2003 nostro
3100 1948 3404 2007 Possessori
3432 1968 3523 2008 re-

246 2020 474 2074 cundum
501 2035 711 2072 carnem
735 2057 755 2082 ,
801 2019 887 2088 qui
914 2018 1317 2089 prwdcstinatus
1347 2030 1424 2074 est
1455 2020 1627 2077 Filius
1652 2022 1753 2078 Dei
1781 2026 1835 2078 in

248 2113 454 2177 virtute,
484 2110 766 2165 secundant
805 2109 1061 2181 Spiritum
1105 2113 1541 2183 sanctiﬁcationis
1583 2114 1760 2188 (Rom.
1794 2131 1830 2180 ι,

248 2201 325 2267 3,
370 2199 450 2271 4).
500 2199 753 2270 Quisquis
798 2213 930 2269 ergo
979 2200 1420 2271 praedestinatum
1463 2201 1734 2260 Christum
1781 2214 1837 2261 et

246 2299 470 2347 sanctos
491 2290 610 2359 ejus
635 2296 825 2358 negat,
850 2289 1205 2359 apostolicam
1231 2288 1389 2346 fidem
1413 2307 1702 2362 perversos
1732 2309 1834 2365 op-

246 2391 475 2455 pugnat.
503 2380 703 2437 Omnes
739 2389 923 2437 autem
964 2382 1327 2452 pmdostinati
1358 2384 1459 2454 ipsi
1498 2395 1626 2441 sunt
1647 2426 1663 2451 ,
1697 2401 1835 2456 quos

245 2474 365 2529 vult
394 2473 538 2529 Deus
563 2472 743 2529 salvos
772 2472 909 2541 fieri,
939 2473 1083 2528 etad
1114 2474 1444 2543 agnitionem
1472 2476 1717 2531 veritatis
1738 2493 1831 2531 ve-

246 2567 389 2623 nire.
417 2565 522 2634 Qui
549 2573 849 2638 propterea.
864 2580 1054 2622 omnes
1075 2564 1344 2627 dicuntur.
1373 2568 1503 2637 quia’
1528 2566 1583 2621 in
1605 2576 1834 2636 utroque

244 2677 404 2727 sexu,
447 2675 514 2717 ex
543 2660 708 2716 omni
731 2659 1008 2715 hominum
1055 2674 1291 2729 genere,
1341 2658 1531 2728 gradu,
1571 2667 1732 2715 aetate
1780 2668 1833 2715 et

245 2751 563 2808 conditione
589 2750 882 2805 salvantur.
916 2750 1143 2820 Semper
1168 2750 1367 2821 quippe
1397 2751 1557 2824 275
1584 2749 1836 2807 voluntas

246 2843 348 2898 Dei
373 2841 760 2913 omnipotentis
792 2839 1064 2911 impletur,
1095 2840 1220 2910 quia
1247 2848 1488 2910 potestas
1512 2840 1629 2911 ejus
1655 2842 1832 2897 nulla-

242 2944 409 2989 tenus
433 2933 668 2988 vincitur
697 2948 713 2986 :
746 2931 863 3001 ipse
909 2938 991 2985 est
1014 2931 1158 2986 enim
1187 2931 1278 3000 qui
1299 2932 1492 3000 omnia
1520 2936 1834 3005 quacunque

240 3024 401 3079 noluit
425 3025 546 3096 fecit
568 3024 625 3077 in
653 3023 777 3077 caelo
805 3031 856 3076 et
877 3024 1122 3088 interra,
1153 3023 1207 3077 in
1236 3024 1383 3103 usuri.
1409 3032 1458 3077 et
1495 3025 1565 3078 ins
1597 3027 1833 3080 omibus

240 3114 450 3186 abyssis
502 3112 677 3187 (Psal.
708 3128 925 3182 “xxxv,
963 3113 1041 3183 6),
1085 3122 1140 3167 et
1166 3113 1320 3183 cujus
1360 3116 1627 3170 voluntati
1669 3132 1832 3172 nemo

237 3204 468 3259 resistit.
498 3202 700 3259 Verum
745 3217 977 3272 namque
1008 3211 1093 3258 est
1118 3203 1266 3274 quod
1295 3204 1362 3260 de
1401 3221 1461 3261 se
1491 3213 1719 3262 testatus
1750 3216 1834 3262 est

1938 2027 2169 2096 scripsit,
2202 2044 2325 2083 cum
2350 2044 2544 2099 magno
2565 2035 2834 2102 praeconio
2861 2039 3138 2094 catholico
3180 2041 3354 2098 laudis
3377 2043 3522 2099 inse-

1938 2118 2063 2172 ruit.
2094 2119 2259 2189 Cujus
2285 2122 2401 2178 haee
2428 2125 2592 2179 verba
2613 2134 2739 2179 sunt
2769 2126 2892 2182 :-De
2911 2127 3127 2185 arbitrio
3159 2141 3329 2186 tamen
3359 2132 3519 2189 libero

1936 2219 1987 2260 et
2010 2211 2182 2279 gratia
2205 2209 2325 2278 Dei,
2342 2213 2464 2283 quid
2495 2213 2754 2281 Romana,
2780 2218 2875 2272 hoc
2894 2228 2988 2273 estL
2998 2221 3254 2277 catholica
3278 2237 3521 2295 sequatur

1936 2309 1984 2353 et
2006 2310 2167 2356 servet
2196 2302 2455 2368 Ecclesia,
2487 2307 2603 2361 licet
2629 2309 2682 2362 in
2705 2312 2864 2365 variis
2884 2311 3027 2367 libris
3058 2314 3192 2369 beati
3218 2318 3516 2388 Augustini,

1936 2403 1985 2447 et
2013 2396 2237 2450 maxime
2275 2397 2691 2468 ad'Prosperum
2728 2412 2778 2455 et
2810 2401 3074 2459 Hilarium
3126 2386 3332 2463 abunde
3356 2414 3519 2478 possit

1937 2486 2177 2555 agnosci,
2229 2494 2402 2541 tamen
2449 2498 2496 2544 et
2531 2492 2587 2544 in
2624 2493 2832 2561 scriniis
2864 2496 3224 2552 ecclesiasticis
3270 2516 3531 2571 expressa

1935 2576 2163 2643 capitula
2183 2581 2528 2635 continentur.

2009 2666 2095 2720 19.
2136 2666 2262 2724 Haec
2298 2670 2500 2738 itaque,
2550 2672 2881 2730 dilectissimi
2909 2675 3122 2744 fratres,
3175 2679 3515 2750 interrogau-

1938 2757 2076 2813 tibus
2104 2759 2258 2814 vobis
2297 2760 2534 2817 breviter
2578 2766 2847 2820 communi
2879 2767 3144 2825 voluimus
3184 2772 3515 2840 respondere

1936 2851 2217 2921 rescripto.
2244 2850 2508 2909 Caeterum
2551 2871 2689 2911 unus
2714 2871 2782 2912 ex
2811 2858 2985 2924 nobis,
3030 2859 3083 2913 in
3113 2868 3376 2930 quantum
3405 2861 3515 2920 Do-

1937 2943 2111 2997 minus
2137 2944 2306 2999 servis
2333 2946 2444 3000 suis
2473 2947 2607 3002 recti
2634 2949 2860 3017 gratiam
2889 2949 3138 3019 dignatur
3165 2951 3369 3008 donare
3398 2969 3522 3008 scre

1937 3035 2129 3101 monis,
2159 3034 2265 3090 illis
2293 3036 2561 3103 omnibus,
2585 3052 2707 3107 quae
2744 3049 3075 3095 memoratos
3104 3040 3296 3098 fratres
3325 3043 3533 3098 δάνει’--

1934 3142 2026 3180 sus
2071 3127 2297 3194 gratiam
2338 3136 2394 3182 et
2440 3128 2965 3201 prtedestinationem
3021 3132 3182 3202 276
3229 3133 3518 3188 intimastis

1935 3218 2020 3271 vel
2056 3218 2277 3283 sentire,
2308 3218 2393 3272 vel
2431 3218 2630 3283 dicere,
2681 3219 2852 3274 tribus
2898 3220 3046 3276 libris
3069 3232 3251 3277 vestro
3296 3224 3522 3282 nomine.

233 3293 433 3360 Filius,
464 3293 589 3363 quia
615 3307 753 3363 quos
776 3293 892 3348 vult
911 3293 1145 3350 viviticat
1174 3303 1234 3362 lt;
1264 3296 1389 3365 quia
1419 3297 1472 3351 in
1497 3296 1829 3355 viviﬁcandis

1936 3309 2196 3368 dedicatis
2222 3307 2250 3348 ιι
2272 3308 2556 3365 sufficienti
2587 3302 2950 3381 disputatione
2978 3313 3282 3383 respondit;
3318 3316 3520 3385 quiqu.)

235 3383 452 3440 nullum
480 3383 703 3439 initium:
736 3384 984 3439 humana:
1030 3384 1325 3440 voluntatis
1371 3395 1684 3458 exspectat,
1734 3388 1829 3444 sed

234 3477 415 3547 ipsam
444 3475 775 3530 voluntatem
802 3474 1000 3529 bonam
1026 3474 1274 3530 faciendo
1301 3476 1556 3532 vivittcatt

314 3563 406 3621 16.
445 3563 564 3621 Hoc
592 3565 646 3619 in
674 3564 995 3634 majoribus.
1018 3563 1276 3620 Parvulos
1316 3574 1516 3632 autem,
1552 3567 1606 3622 in
1636 3568 1831 3637 quibus

234 3659 475 3717 necdum
498 3665 681 3730 potest
703 3658 844 3713 bona
868 3657 1118 3712 voluntas
1146 3656 1282 3724 tieri,
1307 3659 1476 3713 solius
1498 3659 1682 3728 gratim
1704 3658 1830 3715 facit

233 3750 565 3823 operatione
600 3747 820 3804 salvari.
871 3747 1120 3802 Liberum
1162 3763 1292 3803 vero
1338 3748 1639 3813 arbitrium,
1685 3750 1829 3819 quod

232 3841 341 3898 fuit
366 3841 424 3896 in
452 3841 629 3912 primo
656 3839 876 3895 homine
901 3852 1092 3894 sanum
1118 3849 1244 3894 ante
1272 3847 1573 3910 peccatum,
1607 3856 1749 3895 nunc
1776 3840 1830 3895 in

231 3933 366 3990 ﬁliis
394 3931 489 3990 Dei
517 3933 737 4004 propria
765 3931 981 4002 quidem
1009 3931 1323 3987 inﬁrmitate
1366 3932 1692 3999 concutitur,
1734 3934 1829 3988 sed

229 4023 450 4094 majore
474 4023 642 4080 divini
662 4022 902 4079 muneris
925 4023 1096 4091 gratia
1110 4023 1441 4078 sublevatur.
1466 4022 1828 4090 Quzestionem

229 4128 371 4174 vero
400 4116 828 4181 animarum,aut
856 4115 1074 4171 tacitam
1096 4114 1354 4171 debemus
1382 4114 1710 4185 relinquere,
1736 4124 1830 4170 aut

228 4209 355 4267 sine
382 4208 751 4264 contentione
781 4214 1017 4262 tractare
1055 4206 1221 4277 :quia
1266 4206 1381 4262 sive
1425 4221 1495 4261 ex
1535 4206 1830 4276 propagine

227 4299 482 4365 veniant,
522 4298 636 4354 sive
681 4282 852 4353 nova-
878 4280 1103 4366 singulls
1139 4298 1465 4369 corporibus.
1503 4297 1652 4364 ﬁant,
1682 4297 1829 4368 quod

225 4398 550 4448 sanctarum
596 4388 995 4459 Scripturarum
1044 4391 1339 4446 auctoritas
1389 4404 1497 4444 non
1547 4389 1830 4444 manifeste

225 4479 595 4553 pronuntiat,
643 4494 768 4535 cum
815 4479 1029 4535 cautela
1086 4478 1252 4535 debet
1301 4480 1543 4550 inquiri,
1594 4480 1830 4535 maxime

224 4571 384 4642 quod
412 4571 531 4626 sine
556 4569 681 4626 ﬁdei
725 4561 1054 4628 detrimento
1094 4579 1277 4644 potest
1323 4587 1354 4627 a
1401 4573 1648 4628 tidelibus
1675 4574 1828 4642 igso—

1934 3401 2191 3456 adversus
2234 3400 2369 3456 duos
2416 3401 2582 3458 libros
2620 3403 2803 3459 F'austi
2849 3404 2988 3459 Galli
3022 3416 3045 3444 ο
3093 3413 3301 3475 septem
3353 3406 3520 3461 libros

1934 3492 2098 3546 edidit
2132 3507 2307 3561 :quos
2347 3508 2470 3548 cum
2500 3495 2897 3559 recensueritis,
2942 3497 3244 3563 agnoscetis
3272 3497 3519 3565 protinus

1933 3585 2382 3653 quemadmodum
2434 3587 2716 3640 memorati
2761 3585 2941 3641 Fausti
2970 3595 3273 3642 commenta
3302 3588 3517 3644 veritati
3558 3605 3571 3619 '

1934 3674 2225 3738 contraria,
2251 3675 2529 3730 catholicae
2574 3674 2697 3730 lidei
2727 3677 2942 3745 penitus
2984 3676 3220 3742 inimica,
3255 3675 3517 3749 discussio

1935 3766 2187 3837 prodidit,
2229 3768 2369 3821 ratio
2418 3766 2699 3827 manifesta
2728 3767 2981 3832 convicit,
3014 3767 3309 3824 auctoritas
3336 3768 3528 3823 divina.

1933 3860 2269 3931 compressit,
2298 3868 2354 3914 et
2383 3858 2799 3929 prmcedentium
2846 3857 3063 3914 Patrum
3087 3875 3326 3917 consona
3354 3877 3516 3933 pror-—

1934 3969 2026 4008 sus
2052 3951 2329 4010 attestatio
2356 3948 2690 4008 eonfutavit..
3283 4019 3295 4028 ~

2001 4043 2088 4097 20.
2131 4042 2422 4113 Speramus
2450 4050 2629 4096 autem
2661 4042 2714 4097 in
2760 4042 3008 4107 Domino,
3048 4042 3302 4111 quoniam
3329 4042 3527 4110 gratiae

1910 4106 2040 4193 ‘sute
2063 4134 2136 4189 ita
2165 4106 2459 4189 subsidium
2503 4133 2778 4201 largietur,
2823 4141 2880 4187 ut
2916 4140 2973 4188 et
2998 4106 3134 4187 bene
3162 4106 3514 4188 sentientibus

1890 4272 1893 4273 ν
1931 4234 2131 4283 sancta:
2150 4225 2387 4281 scientia:
2415 4222 2440 4261 ⁴
2465 4224 2665 4281 tribuat
2692 4232 3056 4294 augmentum,
3089 4231 3155 4281 et.
3172 4225 3328 4281 aliter
3351 4238 3517 4299 quam

1932 4328 2147 4393 oportet
2166 4318 2509 4376 credentibus
2533 4319 2699 4374 donet
2730 4317 2971 4374 veritatis
3010 4316 3364 4386 agnoscenda:
3384 4316 3517 4371 sub-

1931 4410 2142 4467 sidium.
2173 4410 2293 4480 lpse
2320 4409 2463 4464 enim
2504 4407 2629 4462 facit
2672 4409 2855 4475 gratim
2901 4408 3338 4481 suac-participes
3375 4423 3521 4476 quos

1931 4500 2331 4575 praedestinavit
2376 4499 2443 4555 ad
2469 4499 2673 4562 vitam,
2714 4506 2774 4553 ut
2820 4499 2873 4552 in
2910 4498 3158 4551 omnibus
3204 4498 3359 4553 bonis
3402 4498 3515 4551 suis

1931 4595 2177 4648 humanm
2205 4590 2801 4647 arbitriumvoluntatis
2827 4590 3009 4659 gratia:
3049 4590 3154 4644 Dei‘
3184 4587 3469 4658 subjiciam
3493 4605 3512 4653 ;

224 4661 367 4717 rari.
394 4658 535 4715 lllud
562 4661 829 4731 praecipue
853 4661 1247 4718 observandum
1282 4669 1364 4718 est
1407 4671 1463 4718 et
1504 4664 1833 4731 tenentium,

1936 4692 1987 4739 et
2015 4683 2084 4738 ab
2113 4682 2231 4752 ipso
2258 4680 2363 4737 sibi
2405 4689 2731 4749 cognoscant
2767 4679 3095 4737 descendere
3123 4694 3284 4736 omne
3329 4679 3513 4735 datum

223 4755 578 4811 nascentium
618 4754 982 4825 parvulorum
1009 4756 1218 4814 animas
1246 4772 1387 4811 nexu
1417 4757 1629 4826 peccati
1661 4756 1827 4827 origi-

223 4845 377 4902 nalis
400 4844 708 4916 obstrictas,
738 4847 1095 4917 omnibusque
1116 4849 1478 4904 necessarium
1510 4863 1630 4904 esse
1655 4849 1828 4904 sancti

220 4936 585 5010 baptismatis
620 4945 1052 5005 sacramentum,
1082 4953 1191 5008 quo
1231 4938 1555 5008 dirumpitur
1584 4940 1695 5010 (al.
1742 4940 1828 4994 di-

219 5029 512 5101 mittitur)
540 5029 750 5098 peccati
777 5028 1051 5098 originalis
1076 5028 1375 5092 vinculum,
1427 5038 1484 5085 et
1526 5032 1722 5086 amissa
1771 5032 1841 5087 in

217 5124 418 5197 primo
468 5123 689 5179 homine
748 5137 847 5195 per
898 5122 1207 5179 secundum
1247 5123 1520 5180 hominem
1568 5126 1827 5197 recipitur

220 5215 464 5287 adoptio
491 5213 741 5270 ﬁliorum.

309 5305 401 5359 17.
442 5303 554 5361 Vos
579 5304 783 5375 itaque,
828 5303 1160 5361 dilectissimi
1206 5304 1422 5371 fratres,
1472 5320 1569 5376 per
1595 5306 1825 5376 gratiam

215 5396 340 5456 Dei
362 5404 540 5453 estote
565 5396 786 5452 stabiles
815 5403 874 5451 et
914 5396 1245 5463 immobiles;
1273 5411 1336 5451 ac
1364 5403 1615 5453 tenentes
1641 5412 1823 5453 veram

217 5483 427 5554 ﬁdem,
472 5485 727 5540 exhibete
768 5483 1023 5540 fratribus
1048 5484 1205 5541 aliter
1240 5484 1597 5541 sentientibus
1624 5486 1825 5542 carita-

214 5585 382 5642 tem;
414 5592 519 5633 nec
544 5577 615 5632 de
642 5576 823 5647 aliquo
851 5576 1153 5647 desperetis
1173 5616 1189 5640 ,
1217 5576 1343 5647 quia
1369 5576 1460 5646 qui
1490 5576 1651 5633 hodie
1680 5578 1825 5633 veri-

305 5739 335 5770 ⁸
367 5731 579 5804 Absunt
603 5686 720 5787 haec
744 5730 1016 5804 abjcditis,
1047 5731 1167 5804 quia
1186 5746 1312 5802 quos
1325 5729 1429 5785 vult
1455 5730 1695 5804 ttirfﬁcut.
1719 5728 1824 5804 [.e-

212 5812 439 5886 gnntur
464 5802 517 5858 in
559 5817 689 5857 mss.
743 5802 932 5868 tritus,
962 5802 1015 5857 in
1061 5800 1287 5873 quorum
1330 5816 1436 5856 uno
1465 5800 1690 5856 habetur
1728 5800 1822 5877 ju-

210 5873 455 5943 stiﬂcat.
1772 5873 1777 5877 ⁷

308 5945 342 5984 ⁵
371 5943 685 6015 Fulgentius
730 5943 881 6000 libris
929 5943 997 6000 de
1023 5941 1267 5999 \‘eritate
1304 5942 1467 6008 ιιι-τεά.
1523 5949 1576 5997 et
1609 5941 1818 6007 gratiae,~

1933 4778 2219 4847 optimum,
2243 4783 2300 4829 et
2341 4787 2501 4828 omne
2545 4772 2742 4827 donum
2791 4771 3119 4843 perfectum;
3151 4773 3322 4828 sciant
3350 4771 3516 4827 etiam

1931 4871 1998 4925 ab
2026 4869 2142 4939 ipso
2169 4866 2590 4935 exspectandum
2628 4882 2843 4936 semper
2870 4866 3157 4931 auxilium,
3189 4865 3280 4936 qui
3309 4863 3516 4934 prinde-

1930 4960 2143 5019 stinatis
2171 4958 2282 5015 suis
2310 4965 2365 5013 et
2391 4957 2616 5026 gratiam
2659 4966 2715 5013 et
2754 4956 3206 5029 perseverantiam
3235 4954 3419 5020 donat,
3454 4962 3529 5039 ut.

1936 5054 2160 5123 gratiam
2190 5068 2289 5124 pro
2315 5053 2513 5121 gratia,
2545 5052 2744 5108 donum
2775 5051 2899 5107 vita:
2944 5049 3196 5122 perennis
3225 5048 3525 5120 accipianta

2373 5168 2528 5238 277
2559 5164 2888 5221 EPISTOLA
2924 5164 3067 5231 xvr,

1928 5276 2025 5315 SEU
2051 5276 2204 5316 ιικειι
2229 5275 2388 5315 PETRI
2417 5275 2623 5315 DIACONI
2646 5275 2713 5312 ΕΤ
2737 5273 2966 5314 Λιιοιιωι
2980 5273 3067 5321 QUI
3096 5273 3148 5311 IN
3169 5273 3333 5312 CAUSA
3372 5270 3514 5314 ι’ωει

2071 5347 2104 5386 Α
2132 5346 2333 5386 ῦιυεαε
2360 5346 2429 5384 Εἰ
2456 5345 2686 5385 οιιιεκτε
2717 5343 2894 5383 κοιίλη
2925 5344 3055 5383 311881
3084 5342 3349 5383 ευειιυκτ.

1931 5420 2009 5475 De
2040 5419 2410 5476 Incarnatione
2431 5428 2481 5474 et
2510 5416 2692 5473 Gratia
2728 5417 2939 5473 Domini
2972 5420 3136 5475 nostri
3160 5416 3288 5472 Iesu
3317 5416 3525 5474 Christi

2121 5491 2190 5544 ad
2215 5489 2546 5562 Fulgentium
2583 5499 2633 5544 et
2659 5490 2793 5545 alios
2819 5490 3087 5560 episcopos
3109 5488 3325 5560 Africus.

2005 5581 2241 5637 Dominis
2270 5580 2620 5636 sanctissimis
2640 5588 2839 5636 etcum
2858 5580 3005 5635 omni
3036 5578 3389 5635 veneratione
3407 5595 3513 5635 uo-

2008 5743 2030 5772 ε
2061 5731 2202 5788 Ιιιθηι
2232 5732 2381 5790 libris
2408 5739 2594 5789 contra
2625 5730 2901 5785 Faustum.

2002 5801 2027 5838 ἀ
2058 5803 2232 5860 Verba
2278 5805 2408 5872 lucc,
2459 5812 2653 5859 sancite
2691 5800 2946 5869 scientia;
2973 5796 3238 5856 adduntur
3276 5800 3328 5856 in
3379 5815 3507 5858 mss.

1932 5873 1988 5929 S.
2019 5872 2108 5929 Cr.
