4066 6346
501 445 656 524 ’με

1510 463 1564 520 S.
1608 457 2038 517 FULGENTIUS
2075 453 2441 513 EPlSCOPUS
2471 453 2858 512 RUSPENSIS.

3710 459 3820 510 614

553 575 840 640 minandis,
865 577 1101 633 Dnuuo
1137 588 1175 640 ε,
1211 576 1564 636 Fonruuno,
1598 574 1844 636 ALBANO,
1873 571 2134 634 ORONTIO,
2169 575 2217 634 Α
2245 583 2396 633 nem,
2442 578 2559 623 erat
2586 567 2689 622 illis
2727 567 2947 623 forsitan
2976 582 3084 622 non
3115 567 3482 636 improbabilis
3509 583 3706 634 sermo,
3741 585 3816 624 st-

555 649 756 718 Bosro,
774 645 1095 718 Fuuceario,
1131 644 1390 718 immuto
1416 653 1470 698 et
1495 645 1702 718 caneris
1723 644 1989 718 episcopis
2009 641 2131 694 etin

554 716 1099 772 Christiconfcssione
1121 714 1600 780 decoratis,exigui
1626 711 1838 768 Penios
1853 711 2135 776 diaconus,

555 783 806 848 Joannes,
832 784 1114 845 LEONTIUS,
1139 786 1274 838 alius
1299 783 1545 847 Josxxes,
1575 792 1630 837 et
1657 784 1838 836 caateri
1869 781 2061 834 fratres
2087 780 2135 832 in

555 871 719 911 causa
748 854 866 908 fidei
898 854 1122 906 Romam
1147 855 1356 908 directi.

626 943 806 998 Carm
841 959 877 996 ι.
922 942 1209 997 Consensus
1240 942 1590 997 Erclesinrmn
1618 944 1673 995 in
1702 942 1823 1010 ﬁde,
1855 941 2138 1009 conﬁrmo-

557 1033 630 1088 tio
649 1031 902 1103 ﬁdelium.
925 1032 1060 1084 -l.
1088 1031 1231 1088 Utile
1255 1042 1310 1088 et
1331 1034 1810 1103 pernecessarium,
1833 1031 2140 1098 sanctisque

547 1123 656 1179 Dei
703 1120 960 1177 Eeclesiis
1009 1123 1315 1192 specialiter
1360 1123 1627 1177 credimus
1672 1119 2027 1190 profuturum,
2077 1136 2139 1173 ea

558 1229 679 1284 qua:
705 1213 774 1268 de
793 1213 1167 1268 lncarnatioue
1181 1223 1234 1267 et
1257 1215 1654 1282 dispensatione
1674 1213 1851 1268 divina
1864 1211 2139 1264 nobiscum

559 1305 821 1360 universa:
849 1311 1046 1356 sanctas
1083 1302 1430 1357 Orientalium
1463 1303 1718 1359 Ecclesiae
1753 1311 1937 1356 contra
1968 1302 2139 1354 luere-

560 1399 699 1453 ticos
727 1395 1018 1452 defendunt
1047 1397 1158 1465 (qui
1190 1398 1366 1465 pravis
1395 1405 1449 1450 et
1477 1397 1672 1465 iniquis
1694 1395 2022 1463 argumentis
2043 1409 2141 1447 an-

563 1487 763 1555 tiquam
795 1485 1046 1540 Ecclesia:
1085 1484 1240 1539 fidem
1266 1487 1562 1555 inquietare
1594 1502 1699 1539 non
1721 1486 1996 1552 cessant),
2027 1499 2144 1537 san-

563 1577 733 1632 ctitati
777 1585 968 1630 vestr.e
996 1589 1284 1642 suggerere
1310 1585 1470 1643 atque
1495 1575 1562 1630 de
1594 1575 1676 1628 his
1701 1589 2020 1629 consensum
2050 1587 2144 1627 ve-

564 1671 688 1718 stra:
716 1664 1060 1718 beatitudinis
1085 1664 1397 1731 suppliciter
1418 1664 1734 1731 promereri.
1757 1663 1890 1728 Quia
1917 1663 1966 1714 in
1999 1662 2144 1716 nullo

564 1763 805 1810 sanctam
846 1753 1242 1820 gloriosamque
1284 1751 1677 1807 confessionem
1711 1762 1942 1807 vestram
1971 1751 2143 1807 credi-

566 1859 687 1898 mus
715 1843 999 1896 dissentire
1040 1850 1097 1906 ιι,
1128 1843 1422 1910 pnesertim
1455 1859 1574 1897 cum
1605 1859 1712 1897 uno
1737 1844 1930 1912 ubique
1955 1843 2143 1912 spiritu

2244 659 2571 712 mulantibus
2601 659 2954 726 interrogare,
2980 658 3068 712 ubi
3108 667 3190 714 est
3219 658 3272 712 in
3309 657 3642 712 humanitate
3692 673 3818 729 per-

2243 745 2436 800 fectio?
2487 755 2580 800 aut
2631 745 2904 815 quomodo
2957 747 3253 801 substantia
3307 755 3490 802 nostra
3541 747 3819 804 subsistit?

2243 835 2507 901 Quoniam
2529 851 2660 891 vero
2687 845 2744 891 et
2764 834 3022 906 perfectio
3050 851 3169 904 qua:
3197 836 3250 889 in
3280 835 3609 892 humanitate
3632 847 3735 906 est,
3758 847 3820 893 et

2242 927 2489 980 essentia:
2519 935 2718 981 nostra:
2748 925 3107 980 manifestatio
3138 926 3284 979 illata
3319 933 3403 980 est
3425 964 3439 988 ,
3471 941 3567 996 per
3594 927 3646 981 id
3670 929 3816 997 quod

2243 1013 2442 1069 dictum
2490 1025 2573 1071 est
2627 1017 2901 1070 incarnata
2924 1055 2940 1080 ,
2971 1015 3084 1084 jam
3131 1015 3378 1070 desinant
3408 1015 3503 1086 (al.
3542 1017 3821 1086 deserant)

2243 1110 2596 1166 arundineam
2624 1113 2826 1178 virgam
2849 1111 3060 1165 sibimet
3087 1117 3470 1178 supponentes.
3507 1129 3525 1160 ι

2311 1202 2442 1256 Car.
2467 1219 2539 1256 tu.
2575 1203 2734 1256 Beata
2770 1202 2929 1272 Virgo
2956 1201 3162 1272 proprie
3192 1198 3286 1254 Dei
3311 1199 3586 1255 Mater.--
3608 1200 3660 1254 4.
3680 1201 3824 1256 Bea-

2245 1301 2352 1344 tam
2382 1307 2512 1345 vero
2542 1291 2814 1358 Virginem
2843 1290 3066 1344 Mariam
3101 1304 3210 1343 non
3253 1298 3475 1358 propter
3509 1289 3825 1356 dignitath

2243 1381 2476 1435 hominis
2527 1381 2666 1435 illius
2695 1381 2784 1450 qui
2813 1396 2878 1435 ex
2910 1381 3022 1449 ipsa
3053 1387 3210 1432 natus
3251 1387 3332 1433 est
3367 1380 3546 1448 (quem
3574 1381 3745 1448 gratia
3765 1387 3826 1434 et

2244 1485 2352 1523 non
2383 1480 2572 1524 natura
2615 1471 2781 1524 Deum
2808 1471 3024 1540 quidam
3065 1470 3224 1538 impie
3269 1469 3686 1538 prmdiearenon
3715 1485 3824 1526 meh

2247 1561 2421 1631 tuunt)
2443 1602 2458 1626 ,
2481 1561 2573 1616 sed
2604 1561 2822 1630 proprie
2844 1570 2898 1615 ct
2926 1559 3220 1616 secundum
3244 1561 3524 1616 veritatem
3551 1561 3823 1616 credimus

2244 1655 2480 1708 Θεοτόκον
2507 1693 2520 1718 ,
2555 1652 2606 1706 id
2637 1661 2720 1705 est
2762 1651 2854 1704 Dei
2883 1651 3206 1706 Genitricem
3233 1691 3248 1716 ,
3277 1665 3345 1704 eo
3368 1649 3514 1718 quod
3549 1651 3823 1720 pepererit

2243 1758 2370 1798 vere
2399 1751 2454 1797 et
2500 1742 2716 1811 proprie
2746 1741 2911 1794 Deum
2943 1740 3176 1794 Verbum
3208 1740 3540 1795 incarnatam
3579 1748 3634 1794 et
3655 1740 3823 1795 homi-

2245 1851 2365 1890 nem
2397 1833 2790 1902 factum,atque
2811 1833 3169 1888 essentialiter
3195 1832 3308 1887 sive
3338 1832 3656 1888 naturaliter
3673 1835 3820 1889 carni

565 1940 812 1989 sanctam
848 1930 943 1984 Dei
973 1929 1265 1985 Eeclesiam
1297 1933 1532 1999 vegetari
1565 1933 1784 1986 minime
1818 1932 2140 1986 dubitemus.
2180 1952 2221 2009 Β
2249 1927 2474 1980 unitum.

568 2021 683 2078 Non
713 2022 853 2076 enim
885 2035 1048 2090 parva
1073 2059 1088 2081 ,
1122 2022 1228 2074 imo
1269 2022 1447 2089 potius
1486 2037 1676 2091 magna
1704 2022 1886 2076 lzetitia
1915 2023 2147 2076 universi

569 2112 920 2183 replcbuntur
947 2111 1276 2176 Orientales,
1307 2112 1352 2166 si
1379 2114 1718 2166 sanctitatem
1743 2121 1973 2167 vestram
2003 2113 2145 2178 suis,

571 2205 678 2258 imo
706 2202 875 2270 magis
897 2201 1176 2256 catholicis
1205 2203 1456 2256 noverint
1485 2203 1538 2256 in
1572 2202 1818 2256 omnibus
1846 2204 2150 2258 consentite

571 2293 933 2364 dogmatibus.

639 2381 696 2436 ‘2.
726 2378 876 2436 Unde
914 2380 1228 2449 suppliciter
1257 2382 1488 2450 petimus
1526 2390 1580 2436 et
1609 2382 1950 2437 obsecramus
1977 2383 2150 2437 beati-

573 2472 817 2527 tudinem
839 2478 1094 2536 vestram,
1125 2479 1390 2538 quatenus
1411 2471 1648 2539 diligenti
1672 2471 2067 2525 examinatione
2089 2487 2151 2524 ca

575 2576 692 2632 qua:
717 2558 936 2614 inferius
961 2561 1306 2614 continentur
1326 2560 1670 2615 discutientes
1701 2563 1781 2630 (ut
1808 2561 1963 2615 decet
1982 2562 2150 2616 veris-

576 2653 738 2707 simos
791 2658 845 2704 et
895 2651 1190 2719 intrepidos
1218 2649 1418 2704 Christi
1466 2650 1908 2720 prmdicatores),
1944 2652 2154 2721 scriptis

578 2741 897 2799 sententiam
939 2751 1176 2794 vestram
1205 2739 1359 2795 uehis
1400 2740 1703 2810 patefacere
1728 2742 1960 2811 jubeatis
2002 2754 2022 2781 ε
2054 2761 2066 2794 :
2099 2751 2156 2796 ut

580 2836 648 2903 si,
702 2834 812 2888 Deo
853 2841 1162 2902 pnestante,
1211 2833 1492 2887 catholica:
1545 2833 1668 2888 fidei
1710 2833 2058 2896 conveniens,
2103 2841 2158 2887 et

581 2923 890 2994 apostolicis
936 2922 1311 2976 traditionibus
1348 2931 1532 2975 nostra
1572 2922 1714 2990 apud
1739 2939 1835 2976 vos
1861 2924 2021 2991 (sicut
2053 2938 2156 2976 non

583 3013 888 3082 diffidimus)
936 3013 1094 3067 fuerit
1135 3013 1400 3082 expositio
1443 3014 1825 3082 comprobata,
1851 3013 2102 3082 perfacile
2132 3014 2156 3050 J

585 3115 855 3161 tantorum
882 3107 1045 3176 278
1073 3105 1328 3168 virorum,
1362 3104 1963 3172 probatissimornmque
1992 3120 2161 3159 sacer-

585 3196 769 3252 dotum
816 3197 1139 3251 auctoritate
1187 3197 1418 3264 muniti,
1470 3195 1649 3266 iniqua
1689 3196 2021 3265 loquentium
2064 3213 2158 3250 ora

2321 2018 2372 2072 5.
2431 2017 2721 2088 Propterea
2769 2019 2928 2074 etiam
2979 2017 3318 2088 essentialem
3363 2019 3477 2074 sive
3523 2019 3822 2075 naturalem

2249 2109 2440 2164 factam
2465 2117 2771 2163 naturarum
2793 2109 3086 2163 unitionem
3115 2109 3438 2164 omnimodis
3465 2109 3784 2166 confitemur
3801 2153 3820 2178 ,

2251 2215 2357 2254 non
2389 2200 2528 2253 sicut
2550 2199 2623 2252 illi
2650 2200 2740 2267 qui
2763 2206 3012 2266 tanquam
3035 2199 3086 2252 in
3114 2201 3394 2269 propheta,
3426 2201 3499 2254 ita
3529 2201 3581 2254 in
3610 2201 3825 2256 Christo

2253 2287 2421 2343 Deum
2453 2287 2683 2342 Verbum
2713 2286 2740 2323 ιι
2771 2289 3077 2356 inoperasse
3096 2288 3446 2343 contendunt.
3477 2287 3623 2356 Quos
3648 2289 3827 2344 redar-

2251 2382 2363 2449 guit
2389 2381 2576 2435 beatus
2604 2379 2894 2450 Gregorius
2921 2380 3283 2437 Nazianzenus
3302 2382 3369 2436 ad
3395 2379 3716 2450 Clidonium,
3746 2384 3827 2438 di-

2253 2486 2380 2526 cens
2417 2489 2428 2522 ε
2460 2491 2477 2520 ι
2514 2470 2570 2525 Si
2599 2471 2718 2538 quis
2745 2472 2882 2524 sicut
2911 2471 2964 2524 in
2996 2472 3255 2541 propheta
3283 2473 3574 2528 secundum
3599 2473 3829 2540 gratiam

2254 2561 2384 2616 dicit
2416 2561 2727 2630 inoperasse
2772 2561 2938 2615 Deum
2969 2561 3226 2628 Verbum,
3258 2570 3312 2616 et
3342 2577 3448 2617 non
3473 2563 3829 2618 essentialiter

2255 2647 2448 2702 factam
2471 2647 2759 2704 confitetur
2786 2651 3100 2713 unitionem,
3133 2651 3202 2704 sit
3228 2666 3423 2706 vacuus
3451 2652 3688 2706 melioris
3712 2653 3830 2707 ino-

2258 2742 2554 2810 perationis
2573 2779 2587 2803 ,
2621 2741 2788 2807 magis
2816 2750 2992 2794 autem
3023 2741 3212 2810 plenus
3238 2743 3308 2796 sit
3336 2743 3636 2798 deterioris.
3675 2762 3694 2794 ι
3721 2743 3836 2800 Nec

2259 2832 2399 2884 sicut
2426 2831 2500 2884 illi
2551 2832 2642 2900 qui
2673 2831 2963 2885 secundum
3013 2831 3450 2898 illustrationem,
3479 2844 3569 2888 aut
3595 2833 3836 2890 dilectio-

2260 2937 2400 2985 nem,
2443 2931 2534 2975 aut
2563 2920 2922 2989 affectionem,
2952 2923 3286 2990 personalem
3305 2965 3320 2990 ,
3346 2924 3427 2978 vel
3455 2924 3834 2979 subsistentia-

2260 3015 2387 3081 lem,
2410 3015 2521 3068 sive
2550 3015 2839 3069 secundum
2865 3015 3262 3080 auctoritatem,
3281 3024 3372 3070 aut
3401 3018 3713 3085 potentiam,
3737 3028 3836 3075 aut

2259 3104 2613 3171 aequalitatem
2639 3104 2882 3168 honoris,
2911 3105 3202 3160 unitionem
3240 3115 3447 3160 tentant
3468 3116 3706 3163 astruere
3735 3124 3836 3163 na-

2263 3203 2522 3250 turarum.
2549 3195 2694 3261 Quos
2722 3196 2880 3265 paulo
2911 3198 3151 3265 superius
3171 3207 3498 3252 memoratus
3524 3199 3715 3256 beatus
3740 3201 3834 3271 Cy-

587 3287 869 3345 obstruere
911 3288 1200 3353 valeamus,
1248 3295 1304 3342 et
1351 3288 1404 3340 in
1447 3287 1547 3342 fide
1589 3297 1894 3342 sanctorum
1943 3286 2158 3341 Patrum
2189 3316 2232 3375 Ε
2263 3285 2412 3340 rillus
2458 3287 2875 3340 anatlieinatizat
2912 3287 3096 3342 dicens
3131 3287 3526 3359 (Attat/aemulis.
3559 3289 3616 3356 5)
3644 3299 3840 3348 contra

588 3391 1013 3452 perseverantes,
1040 3379 1167 3442 Deo,
1199 3379 1290 3447 qui
1318 3393 1414 3433 vos
1441 3377 1814 3432 °sanctimonii
1838 3377 1917 3431 sui
1948 3375 2161 3430 confes-

589 3469 741 3525 sione
771 3467 1105 3536 glnrilicavit,
1150 3468 1348 3535 gratias
1373 3466 1688 3533 referamus,
1717 3466 1916 3521 domini
1946 3466 2165 3520 sanctis-

589 3559 711 3615 simi
739 3567 793 3614 ct
822 3558 930 3613 Deo
959 3557 1268 3626 dignissimi.
1305 3557 1455 3611 Nunc
1483 3571 1544 3610 ea
1573 3571 1690 3624 qua:
1719 3565 2013 3624 sequuntur
2040 3555 2153 3608 dili-

588 3650 799 3718 gentius
828 3649 1058 3718 petimus
1079 3647 1394 3718 exploretis.

659 3741 787 3798 Car.
815 3757 870 3795 ll.
914 3739 977 3793 In
1009 3738 1213 3793 Christo
1238 3739 1354 3793 dum
1376 3747 1594 3801 naturas,
1627 3741 1739 3792 sine
1765 3739 2082 3809 confusione,
2109 3739 2162 3790 in

589 3847 742 3885 unam
771 3845 1040 3898 personam
1070 3830 1246 3882 imitw.
1278 3854 1346 3865 -—
1389 3827 1442 3880 5.
1475 3826 1640 3894 Igitur
1669 3827 1818 3895 juxta
1850 3836 2156 3880 sanctorozn

590 3920 808 3978 Patrum
883 3918 1266 3981 traditionem,
1340 3917 1621 3970 Dominum
1685 3925 1926 3969 nostrum
1983 3915 2162 3969 Jesum

590 4012 857 4068 Christum
885 4011 934 4063 in
983 4010 1188 4063 duabus
1219 4009 1423 4062 naturis
1472 4008 1631 4061 unitis
1667 4016 1720 4062 ct
1768 4007 2075 4071 inconfusis,
2110 4006 2162 4060 id

591 4109 677 4160 est
725 4099 1018 4155 divinitatis
1065 4109 1118 4153 et
1157 4099 1499 4152 humanitatis
1523 4137 1536 4160 ,
1583 4099 1635 4151 in
1663 4114 1766 4152 una
1797 4114 2023 4168 persona
2054 4101 2164 4152 sive

590 4191 932 4247 subsistentia
995 4189 1012 4228 ί
1067 4188 1404 4244 confitemur.
1458 4187 1567 4242 Nec
1617 4187 1720 4242 illis
1767 4189 2164 4257 aequiescentes

591 4280 680 4348 qui
721 4293 879 4331 unam
909 4277 1000 4331 Dei
1030 4277 1188 4331 Verbi
1220 4285 1466 4330 naturam
1504 4277 1832 4330 incarnatam
1873 4277 2165 4345 praedican-

593 4381 690 4438 tes,
727 4370 1050 4425 venerabilis
1086 4369 1540 4424 Chalcedonensis
1579 4368 1788 4423 concilii
1835 4367 1990 4422 fidem
2021 4366 2164 4422 refu-

590 4466 740 4534 giunt
761 4505 776 4528 ,
811 4479 909 4519 nec
937 4464 1058 4518 illos
1085 4463 1428 4517 admittentes
1454 4464 1540 4530 qui
1569 4461 1702 4515 duas
1731 4470 1947 4514 naturas
1977 4459 2164 4514 dolose

591 4555 1032 4626 pronuntiantes,
1063 4569 1220 4607 unam
1246 4553 1338 4606 Dei
1367 4553 1528 4606 Verbi
1560 4562 1800 4606 naturam
1832 4553 2162 4606 incarnatam

590 4647 807 4703 minimc
829 4645 1184 4711 confitentur,
1211 4644 1534 4697 :rstimantes
1561 4645 1663 4698 hoc
1688 4643 1909 4698 duarum
1942 4653 2162 4698 natura-

590 4750 706 4790 rum
727 4735 1044 4805 professioni
1068 4736 1423 4790 contrarium:
1454 4735 1602 4802 quasi
1628 4735 1824 4804 aliquid
1841 4736 1981 4790 aliud
2005 4751 2165 4803 (piam

591 4825 723 4882 duas
766 4836 981 4881 naturas
1028 4825 1366 4881 ineffabiliter
1395 4827 1598 4889 unitas,
1631 4843 1733 4880 una
1760 4827 1851 4881 Dei
1887 4827 2033 4882 verbi
2066 4843 2160 4880 na-

592 4927 710 4974 tura
741 4917 1014 4972 incarnata
1041 4914 1300 4984 signiﬁcet
1326 4958 1340 4982 ,
1373 4916 1530 4970 beato
1567 4915 1762 4985 Cyrillo
1792 4915 2162 4972 Alexandrina:

593 5007 822 5062 civitatis
850 5005 1087 5060 antistite
1115 5006 1166 5058 in
1197 5005 1425 5060 secunda
1443 5006 1666 5074 epistola
1696 5015 1718 5052 ε
1751 5006 1816 5058 ad
1848 5006 2162 5060 Successum

595 5095 904 5165 episcopdm
930 5095 1246 5150 Diocesarim
1274 5095 1344 5148 ita
1367 5096 1637 5149 scribente
1669 5113 1722 5146 τε
1756 5093 1810 5148 Si
1841 5096 1980 5148 enim
2005 5113 2163 5150 unam

595 5191 839 5240 naturam
868 5184 1108 5239 dicentes
1146 5183 1241 5239 Dei
1268 5184 1427 5239 Verbi
1454 5223 1468 5246 ,
1500 5184 1849 5239 tacuissemus
1897 5201 2002 5238 non
2035 5185 2164 5241 infe-

594 5285 778 5332 rentes
802 5275 1153 5342 incarnatam,
1186 5277 1277 5331 sed
1307 5276 1443 5328 velut
1470 5275 1778 5343 abjicientes
1806 5275 2164 5344 dispensatio-

667 5433 689 5459 “
723 5435 870 5500 Ant.,
900 5437 1151 5491 Diacono.

672 5515 698 5542 ⁸
726 5504 846 5568 Ms,
880 5505 1252 5577 gloriosamque
1282 5507 1652 5576 confessionem
1691 5505 1942 5557 credimus
1974 5507 2170 5556 dissen-

599 5577 713 5630 fire.

727 5644 845 5725 ἕρ..
879 5645 1109 5725 pateﬁeri
1123 5644 1368 5725 jubeatis.

677 5711 700 5749 ⁸
731 5711 821 5769 Sic
841 5711 964 5776 ms,
996 5711 1136 5768 editi
1170 5731 1299 5770 vero
1319 5754 1333 5776 ,
1356 5726 1404 5770 el
1431 5715 1606 5840 facile.

677 5791 698 5818 ο
723 5781 882 5840 Editi.
932 5784 1017 5840 aui
1056 5801 1168 5838 nos.
1213 5785 1316 5840 Sed
1344 5801 1428 5840 me
1452 5787 1533 5839 ius
1561 5784 1606 5838 vi

675 5791 698 5818 ⁸
723 5781 882 5845 Editi,
932 5784 1017 5853 qui
1056 5801 1168 5838 nos.
1213 5785 1316 5840 Sed
1344 5781 1533 5840 melius
1561 5783 1772 5853 videtur
1819 5782 1983 5853 quod
2013 5783 2174 5837 habet

605 5868 703 5905 ms.
725 5891 738 5913 ,
769 5851 1003 5916 quo's;
1035 5856 1158 5922 quia
1187 5856 1466 5924 episcopos
1495 5852 1816 5923 compellant
1840 5851 2044 5907 exsilio
2073 5869 2172 5923 pro

2193 4686 2248 4745 D

2264 3376 2566 3431 Nestorium
2603 3395 2616 3428 :
2653 3396 2670 3427 ι
2694 3377 2748 3431 Si
2775 3378 2895 3445 quis
2921 3379 2973 3432 in
3004 3394 3110 3433 uno
3137 3379 3353 3434 Christo
3373 3379 3560 3433 dividit
3585 3381 3842 3462 subsunt

2267 3469 2367 3522 tias
2409 3478 2529 3538 post
2561 3469 2854 3524 unitionem
2889 3469 2934 3536 ί,
2963 3469 3075 3524 sola
3102 3486 3196 3525 eas
3223 3472 3482 3526 societate
3510 3482 3848 3530 connectens

2265 3558 2553 3613 secundum
2585 3559 2924 3626 dignitatem,
2953 3562 3114 3631 279
3149 3561 3552 3626 auctoritatem,
3604 3570 3699 3616 aut
3751 3578 3834 3632 po

2267 3648 2508 3710 tentiam,
2530 3657 2585 3702 et
2608 3664 2712 3704 non
2743 3651 2914 3717 magis
2941 3651 3372 3718 conjunctionem
3401 3666 3518 3719 qua:
3546 3659 3631 3706 est
3648 3666 3845 3706 secun-

2265 3739 2390 3794 dum
2422 3740 2677 3795 unitatem
2698 3742 3017 3805 naturalem,
3040 3742 3322 3795 anathema
3352 3742 3439 3795 sit.
3479 3761 3496 3792 ι
3524 3741 3666 3797 Deus
3693 3745 3843 3799 enim

2269 3827 2500 3882 Verbum
2529 3869 2543 3893 ,
2576 3844 2681 3882 non
2713 3828 2928 3882 nomine
2956 3843 3158 3892 vacuo,
3193 3843 3296 3882 non
3328 3829 3589 3897 particula
3612 3830 3717 3892 sui,
3748 3832 3847 3886 sed

2266 3925 2458 3970 natura
2485 3915 2624 3971 Deus
2645 3924 2822 3970 tantus
2842 3925 3072 3984 quantus
3101 3923 3156 3969 et
3185 3913 3342 3969 Pater
3363 3924 3465 3980 est,
3495 3919 3718 3986 :equalis
3745 3934 3846 3988 per

2265 4009 2444 4062 omnia
2474 4007 2635 4070 Patri,
2660 4015 2856 4077 prmter
2883 4007 2984 4062 hoc
3013 4008 3378 4061 tantummodo
3403 4009 3545 4077 quod
3567 4009 3658 4063 ille
3680 4007 3849 4065 Pater

2267 4106 2366 4162 ost,
2394 4099 2493 4152 iste
2515 4098 2706 4163 Filius,
2740 4106 2943 4152 natura:
2971 4112 3029 4152 se
3058 4098 3302 4152 humana:
3325 4099 3531 4164 uniens,
3565 4099 3740 4154 factus
3758 4109 3850 4155 est

2265 4191 2448 4246 homo.

2337 4281 2388 4338 ϐ.
2423 4281 2554 4336 [line
2580 4281 2742 4335 ctiam
2770 4296 2799 4334 a
2823 4281 3019 4334 sanctis
3048 4281 3292 4334 Patribus
3315 4280 3640 4335 adunatioue
3662 4295 3733 4334 ex
3761 4280 3848 4334 di-

2267 4374 2489 4428 vinitate
2517 4383 2571 4427 ct
2600 4372 3184 4427 humanitateChristus
3211 4372 3466 4425 Dominus
3494 4379 3680 4425 noster
3700 4386 3854 4425 com-

2266 4465 2470 4534 positus
2491 4465 2829 4534 prmdicatur.
2861 4463 3010 4530 Quod
3040 4463 3228 4517 nolens
3251 4463 3442 4516 Paulus
3457 4448 3855 4516 Samosatenus

2266 4552 2556 4620 confiteri,
2609 4555 2892 4609 damnatus
2944 4561 3026 4607 cst
3079 4553 3147 4607 ab
3196 4553 3532 4606 Antioelieno
3583 4552 3852 4616 concilio.

2269 4644 2566 4699 Malchione
2589 4643 2898 4714 presbytero
2922 4643 3160 4711 ejusdem
3190 4642 3534 4696 Antiocheam
3564 4639 3852 4703 Ecclesizr.

2270 4735 2385 4790 viro
2416 4749 2511 4802 per
2534 4734 2712 4787 omnia
2763 4732 3151 4796 eruditissimo,
3184 4741 3238 4786 et
3265 4733 3332 4786 ab
3361 4730 3626 4784 universis
3655 4746 3847 4785 sacer-

2269 4823 2482 4878 dotibus
2529 4823 2619 4892 qui
2669 4830 2860 4876 contra
2908 4821 3152 4876 eumdem
3211 4819 3432 4874 Paulum
3477 4829 3861 4876 convenerant

2269 4922 2394 4968 tunc
2421 4913 2626 4977 electo;
2652 4912 2742 4982 qui
2781 4927 3044 4965 summum
3092 4910 3466 4981 disputationis
3493 4917 3778 4964 certamen
3825 4926 3862 4964 a

2268 5004 2495 5058 concilio
2525 5013 2821 5057 memorato
2867 5002 3191 5072 suscipiens,
3246 5004 3318 5056 ita
3355 5001 3601 5056 eumdem
3632 5001 3866 5056 haereti-

2269 5109 2386 5148 cum
2411 5094 2549 5148 inter
2577 5103 2767 5148 caetera
2800 5093 3088 5160 redarguit,
3111 5093 3294 5148 dicens
3321 5111 3334 5146 :
3368 5113 3384 5144 ι
3414 5093 3493 5146 Ex
3515 5093 3870 5162 simplicibus

2271 5185 2327 5239 fit
2355 5195 2498 5240 certe
2529 5187 2881 5256 compositum
2910 5225 2923 5250 ,
2955 5185 3093 5239 sicut
3122 5185 3173 5239 in
3223 5184 3432 5238 Christo
3453 5182 3584 5238 Jcsu
3609 5224 3624 5248 ,
3655 5184 3758 5253 qui
3793 5199 3870 5238 ex

2273 5281 2381 5334 Deo
2427 5278 2601 5333 Verbo
2631 5287 2684 5332 et
2725 5279 2960 5334 humano
2989 5291 3237 5346 corpore,
3263 5275 3405 5345 quod
3435 5283 3517 5331 est
3542 5289 3609 5329 ex
3637 5276 3871 5330 semine

2276 5433 2468 5506 Christi
2493 5436 2767 5506 divinitate
2796 5435 3074 5506 gloriosos.

2353 5503 2370 5540 ί
2402 5505 2559 5588 ῌᾱὶῑὶ,
2579 5505 2778 5560 Lovan.
2801 5502 2888 5558 an.
2923 5502 3339 5566 1556,‘etBasil.
3371 5503 3566 5557 habent
3592 5504 3696 5555 sire
3729 5505 3878 5557 sub-

2276 5583 2530 5699 δωέιῗὲὖο
2553 5645 2713 5700 verba
2734 5647 2788 5698 in
2809 5644 3034 5699 secunda
3068 5643 3284 5711 epistola
3300 5683 3314 5708 ,
3345 5642 3535 5696 absunt
3559 5641 3624 5695 ab
3654 5641 3844 5700 editis
3864 5688 3879 5711 ,

2277 5714 2524 5767 leguntur
2545 5715 2597 5767 in
2627 5730 2726 5767 ms.
3793 5752 3799 5756 .

2297 5724 2524 5782 eguutur
2545 5724 2597 5768 in
2627 5730 2726 5768 ms.

2347 5785 2373 5820 ll
2403 5783 2479 5837 Ita
2508 5799 2640 5848 ms.;
2664 5783 2885 5848 atedd.,
2915 5781 3122 5838 Domini
3159 5781 3398 5836 Verbum.

2359 5853 2372 5891 ί
2407 5853 2571 5920 Editi,
2590 5864 2707 5921 post
2735 5856 3014 5919 unitatem;
3040 5869 3163 5917 ms.,
3185 5861 3299 5919 post
3329 5855 3625 5906 unitionem.
