4014 6340
190 420 280 476 ιιδ

1088 419 1292 476 manu
1327 414 1595 475 nucem
1641 381 1838 474 Lmen
1879 419 2008 474 seu
2050 381 2402 490 erlsrom,
2443 421 2576 478 xw.

3329 427 3433 481 4ίὺ

191 539 362 604 David,
395 554 530 592 tinus
557 538 726 592 factus
748 545 849 603 est,
883 553 1220 607 nequaquam
1249 537 1471 592 ulterius
1492 537 1753 592 divisione
1781 542 1831 602 Α
1856 535 2023 591 Deum
2049 536 2283 592 Verbum
2326 554 2539 608 passum
2588 555 2751 596 carne
2774 581 2787 606 ,
2830 543 3144 597 cruciﬁxum
3171 560 3352 607 carne,
3380 556 3432 597 et

192 635 348 704 aliqua
374 673 388 696 ,
419 630 516 686 sed
549 631 756 684 unitate
785 629 1103 683 subsistens.
1136 626 1214 682 Tu
1243 644 1374 683 vero
1399 628 1597 682 videris
1621 628 1750 682 mihi

190 721 461 780 secundum
507 721 614 776 hoc
659 719 802 774 nolle
852 719 1296 788 compositionem
1350 718 1525 782 fateri,
1558 725 1616 772 ut
1644 731 1752 775 non

189 814 466 870 substantia
492 812 562 866 sit
591 811 644 864 in
675 826 742 865 eo
773 809 941 864 Filius
971 809 1095 874 Dei,
1138 809 1234 863 sed
1262 809 1523 877 sapientia
1563 823 1753 862 secun-

191 906 302 960 dum
330 903 820 972 participationem.
853 899 968 954 Hoc
995 901 1136 954 enim
1165 899 1367 966 dixisti,
1389 899 1511 968 quia
1540 899 1753 968 sapien-

189 994 601 1064 tiadispeudium
629 994 890 1062 patiatur,
924 1000 979 1046 et
1007 991 1126 1044 ideo
1156 991 1454 1060 composita
1492 1005 1614 1045 esse
1643 1005 1749 1044 non

190 1087 359 1157 possit,
388 1100 491 1139 nec
513 1085 723 1151 cogitas
749 1083 900 1152 quod
925 1083 1105 1138 divina
1135 1082 1398 1152 sapientia
1428 1083 1568 1137 sicut
1596 1091 1751 1136 antc-

189 1193 330 1247 quam
367 1191 425 1230 se
463 1176 836 1237 exinanisset,
878 1175 1191 1228 indiniinuta
1224 1175 1544 1243 permansit;
1598 1175 1668 1227 ita
1699 1180 1755 1226 et

193 1269 237 1321 in
273 1268 369 1320 hac
396 1265 770 1318 exinanitione
796 1279 956 1332 quam
991 1264 1155 1332 gessit
1184 1264 1598 1317 misericorditer
1620 1303 1633 1326 ,
1668 1263 1749 1316 in-

189 1357 426 1411 dimiuuta
456 1366 621 1422 atque
652 1354 1047 1408 indemulabilis
1091 1353 1316 1407 exstitit.
1367 1352 1430 1405 Et
1460 1353 1563 1407 hoc
1592 1353 1752 1406 ctiam

190 1448 322 1507 dicis.
347 1446 490 1515 quod
515 1447 778 1514 sapientia
817 1446 1082 1499 habitaret
1111 1445 1163 1498 in
1193 1459 1260 1498 eo
1287 1445 1425 1498 sicut
1447 1445 1752 1499 habitamus

193 1551 238 1594 et
278 1554 370 1593 nos
397 1539 449 1592 in
495 1537 744 1592 domibus
767 1579 782 1604 ,
810 1545 869 1590 ut
897 1538 1035 1590 alter
1088 1537 1141 1590 in
1181 1537 1353 1592 altero
1377 1547 1422 1602 α,
1455 1538 1548 1592 sed
1579 1553 1754 1608 neque

198 1645 302 1700 pars
327 1629 518 1682 domus
539 1643 638 1684 nos
663 1618 872 1691 sumus,
907 1643 1005 1681 nec
1034 1629 1199 1682 nostri
1224 1641 1349 1697 pars
1377 1628 1570 1682 domus
1597 1639 1699 1684 est.
1729 1648 1746 1680 ι

199 1722 425 1779 Similiter
453 1719 617 1775 etiam
647 1719 836 1774 beatus
867 1719 1190 1773 Athanasius
1221 1719 1274 1772 in
1299 1719 1477 1773 libello
1502 1719 1654 1787 cujus
1674 1728 1756 1774 est

206 1813 384 1874 titulus,
406 1809 559 1874 Quod
603 1827 736 1864 unus
763 1811 830 1864 sit
859 1809 1116 1876 Christus,
1145 1810 1518 1864 hrereticorum
1547 1811 1755 1865 vanita-

1856 637 2085 682 mortem
2111 640 2272 683 came
2301 638 2570 696 gustasse,
2604 627 2908 700 factumque
2935 633 3346 702 primogenitum
3369 652 3433 689 ex

1855 721 2111 785 mortuis,
2153 721 2443 776 secundum
2474 722 2618 790 quod
2654 731 2744 778 est
2772 724 2879 778 vita
2908 732 2962 779 et
2990 725 3284 781 vivilicator
3315 734 3435 779 tan-

1855 829 2014 882 quam
2042 813 2203 881 Deus,
2235 814 2520 868 anathema
2559 815 2651 870 sit.

1925 906 1976 960 9.
2006 905 2267 961 Similiter
2293 908 2454 962 etiam
2482 909 2750 963 hominem
2783 909 3052 964 Christum
3075 909 3300 967 dicimus
3313 912 3438 966 Ver-

1855 1002 2006 1064 bum,
2035 998 2328 1053 secundum
2379 999 2508 1053 illud
2552 997 2694 1053 beati
2741 997 2962 1054 Joannis
2995 1019 3006 1052 :
3043 999 3191 1066 Quod
3239 1001 3338 1071 fuit
3371 1001 3436 1055 ab

1852 1091 2017 1154 initio,
2068 1090 2203 1160 quod
2231 1089 2520 1143 audivimus
2544 1131 2557 1153 ,
2589 1089 2724 1160 quod
2765 1090 2982 1144 ridimus
3021 1091 3182 1145 oculis
3211 1092 3433 1154 nostris,

1852 1176 1987 1252 quod
2017 1182 2383 1251 perspeximus,
2415 1189 2465 1233 et
2511 1197 2696 1234 manus
2743 1191 2936 1235 nostra:
2977 1189 3327 1235 tractaverunt
3364 1182 3429 1237 do

1864 1270 2028 1326 Verbo
2061 1273 2175 1325 rita:
2205 1270 2258 1337 (Ι
2280 1271 2434 1324 Joan.
2468 1288 2502 1334 ι,
2541 1270 2610 1338 l).
2630 1271 2813 1340 Neque
2835 1274 2977 1326 enim
3003 1272 3448 1329 Verhnmseeuth

1855 1360 1983 1415 dum
2031 1361 2244 1415 deitatis
2268 1377 2377 1414 sua:
2417 1368 2660 1414 naturam
2711 1363 2928 1416 tractari
2968 1364 3142 1430 potuit
3191 1365 3438 1418 manibus

1855 1451 2132 1516 humanis,
2165 1449 2267 1502 nisi
2311 1448 2463 1502 ﬁeret
2490 1448 2672 1502 homo.
2715 1446 2809 1503 Est
2863 1450 3020 1503 etiam
3052 1451 3236 1519 procul
3271 1451 3436 1508 dubio

1856 1559 1992 1612 puer
2021 1543 2110 1596 ille
2133 1556 2294 1610 quem
2323 1541 2482 1595 beata
2505 1540 2667 1608 Virgo
2696 1541 2900 1607 genuit,
2941 1556 3101 1609 quem
3127 1543 3318 1612 pannis
3350 1544 3436 1597 in~

1855 1631 2043 1697 volvit,
2071 1645 2229 1700 quem
2253 1630 2305 1684 in
2329 1630 2593 1699 praesepio
2622 1621 2930 1697 collocarit,
2955 1645 3113 1698 quem
3134 1640 3325 1686 octavo
3350 1631 3437 1688 die

1855 1721 2209 1784 circumcidit,
2252 1735 2412 1790 quem
2457 1719 2679 1775 Simcon
2708 1721 2790 1774 vir
2831 1720 3008 1789 justus
3048 1723 3279 1792 propriis
3325 1737 3438 1778 amo

1857 1813 2104 1882 plexatus
2159 1820 2244 1867 est
2282 1811 2520 1879 gremiis,
2572 1825 2732 1879 quem
2781 1811 3080 1878 subjectum
3132 1815 3439 1882 parentibus

201 1915 288 1958 tem
312 1903 565 1968 refutans,
593 1911 874 1973 postquam
905 1903 972 1956 de
1001 1903 1118 1956 Filii
1146 1903 1241 1957 Dei
1270 1903 1550 1958 divinitate
1580 1903 1754 1971 inqui-
1785 1907 1830 1966 B
1859 1902 2201 1970 evangelista:
2247 1900 2506 1964 referunt,
2540 1916 2701 1970 quem
2742 1901 3038 1970 profecisse
3064 1911 3224 1958 :etate
3253 1912 3307 1958 et
3347 1919 3438 1959 sa-

199 1996 394 2050 sitioues
417 2011 608 2049 eorum
651 1993 952 2064 superﬂuas
973 1995 1344 2063 approbasset,
1377 1995 1446 2047 ita
1471 1995 1752 2063 prosequi-

201 2092 301 2138 tur:
335 2104 351 2135 ι
374 2084 494 2152 Sic,
526 2085 716 2154 inquit,
751 2084 912 2138 etiam
936 2083 1002 2137 tle
1029 2083 1404 2138 lncarnatione
1433 2085 1705 2152 inquirunt
1737 2101 1752 2140 :

202 2172 485 2240 Quomodo,
533 2174 809 2243 inquiunt,
842 2174 1149 2228 incarnatur
1170 2173 1344 2227 Deus?
1373 2175 1643 2243 quomodo
1670 2176 1754 2229 in-

199 2269 520 2336 corporatur?
538 2267 811 2336 quomodo
841 2267 1179 2334 componitur
1209 2266 1276 2319 ad
1294 2281 1513 2334 parvum
1541 2282 1757 2338 corpus-

198 2355 348 2409 culum
378 2355 730 2424 incapabilis?
752 2353 1024 2423 quomodo
1056 2354 1518 2409 uuiturincreatus
1546 2364 1753 2422 creato,

199 2445 665 2514 incircumscriptus
731 2443 1170 2512 circumseripto?
1225 2453 1318 2498 aut
1380 2446 1651 2512 quomodo
1699 2446 1753 2499 in

199 2545 351 2602 partes
388 2548 617 2602 magnus
646 2534 736 2588 ille
761 2575 774 2596 ,
821 2542 877 2587 et
903 2534 1222 2598 itrunensus,
1253 2543 1307 2590 ct
1341 2536 1674 2590 individuus?
1696 2535 1752 2590 Si

198 2631 348 2676 autem
369 2623 679 2691 magnitudo
709 2624 797 2676 illa
820 2626 872 2677 in
897 2639 1058 2693 parvo
1083 2626 1201 2679 loco
1229 2634 1503 2680 contracta
1535 2637 1633 2689 est,
1662 2636 1754 2680 aut

198 2726 390 2781 parvum
429 2711 561 2766 illud
597 2713 794 2767 factum
825 2722 908 2767 est
937 2728 1184 2781 maguum
1207 2755 1220 2778 ,
1257 2724 1349 2768 aut
1371 2730 1492 2784 pars
1515 2756 1528 2782 ,
1561 2727 1615 2770 et
1645 2732 1752 2769 non

197 2805 345 2857 omnis
363 2803 613 2858 divinitas
633 2804 780 2858 carni
812 2804 958 2858 unita
986 2813 1087 2868 est,
1118 2804 1262 2874 quod
1285 2814 1371 2858 est
1399 2805 1623 2873 impium
1644 2821 1757 2859 cre-

197 2894 319 2949 dere.
350 2895 414 2948 Et
443 2896 678 2965 prolapsi
727 2905 854 2950 sunt
885 2912 950 2951 ex
999 2898 1102 2951 hoc
1149 2897 1292 2965 qqu
1340 2897 1527 2952 dicunt
1559 2917 1570 2950 :
1605 2899 1751 2964 Quo-

198 2987 353 3050 modo,
383 2995 438 3042 et
463 2988 611 3057 quali
659 2988 931 3042 modo?“
971 3004 1077 3057 qua
1127 2989 1394 3042 sententia
1436 2997 1491 3042 et
1533 2990 1752 3057 perﬁdia

195 3081 334 3135 ttiam
361 3082 446 3136 isti
475 3090 531 3136 et
561 3081 1004 3135 inhabitationem
1033 3096 1132 3150 pro
1153 3081 1523 3135 incarnatione
1550 3082 1754 3150 opinati

195 3173 422 3244 (operati)
444 3183 591 3238 sunt,
613 3183 668 3228 et
690 3189 787 3242 pro
820 3174 1046 3238 unitate,
1075 3180 1129 3226 ct
1157 3174 1546 3242 compositione
1576 3173 1756 3242 inope-

1855 1993 2053 2063 pientia
2089 1992 2237 2063 (Luc.
2272 2007 2344 2058 ιι,
2375 1989 2464 2060 52)
2497 1999 2868 2060 protestantur
2892 2033 2908 2059 ,
2937 2001 3127 2046 natura
3159 1993 3318 2056 Deus,
3345 2008 3442 2064 per

1855 2067 2014 2152 quem
2045 2082 2184 2136 facta
2212 2090 2337 2137 sunt
2365 2082 2544 2136 omnia
2577 2082 2801 2135 visibilia
2831 2090 2886 2136 et
2911 2083 3223 2147 invisibilia,
3249 2084 3439 2154 unige-

1856 2175 2000 2229 nitus
2026 2181 2081 2227 et
2109 2172 2514 2242 primogenitus,
2537 2173 2715 2240 inquo
2740 2174 2920 2227 omnia
2941 2182 3188 2230 constant
3215 2173 3436 2240 (Coloss.

1856 2283 1894 2330 ι,
1925 2265 2012 2333 16,
2046 2266 2160 2335 Π),
2190 2263 2484 2320 secundum
2524 2265 2827 2335 apostolum
2867 2264 3107 2320 Paulum.
3141 2266 3208 2321 Et
3228 2267 3331 2324 hoc
3358 2268 3442 2339 ip-

1854 2372 1972 2410 sum
2002 2357 2162 2410 claris
2197 2356 2422 2411 vocibus
2451 2356 2613 2410 etiam
2655 2355 2818 2411 lsaias
2867 2358 3131 2426 propheta
3169 2367 3453 2428 protestac.

1857 2456 1942 2501 tur
1969 2447 2148 2502 dicens
2178 2464 2191 2499 :
2229 2445 2362 2499 Puer
2391 2455 2542 2499 natus
2585 2456 2660 2500 est
2703 2447 2879 2512 nobis,
2935 2458 2984 2501 et
3010 2449 3151 2518 ﬁlius
3181 2449 3332 2504 datus
3358 2459 3440 2505 est

1854 2537 2033 2603 nobis,
2079 2537 2226 2606 cujus
2272 2546 2499 2606 potestas
2531 2539 2587 2590 in
2641 2537 2850 2590 humero
2893 2537 3038 2607 ejus,
3088 2547 3138 2590 et
3177 2539 3438 2594 vocabitur

1855 2633 2029 2702 magni
2074 2631 2277 2683 consilii
2330 2630 2578 2700 Angelus,
2630 2629 3006 2693 Admirabilis,
3062 2631 3436 2698 Consiliarius,

1856 2721 1993 2776 Deus
2023 2723 2192 2793 fortis,
2227 2721 2553 2786 Dominator,
2587 2722 2746 2776 Pater
2769 2723 2931 2793 futuri
2954 2723 3152 2788 standi,
3187 2723 3434 2795 Princeps

1855 2815 1996 2884 pacis
2024 2813 2161 2883 (Isa.
2190 2830 2262 2877 Ix,
2295 2813 2370 2881 (i).

1928 2903 2013 2957 10.
2045 2903 2112 2956 Et
2140 2903 2338 2958 idcirco
2368 2903 2819 2971 acquiescendum
2849 2905 2952 2959 illis
2982 2905 3284 2960 nullatenus
3313 2921 3434 2961 cre-

1854 2993 2047 3058 dimus,
2089 2995 2180 3062 qui
2211 3009 2380 3063 puero
2402 2994 2476 3047 illi
2506 2993 2673 3048 Deum
2707 2993 2895 3049 fortem
2919 2996 3122 3050 unitum
3154 3006 3429 3059 asserunt.

1856 3101 1953 3140 nec
1980 3083 2147 3139 Deum
2176 3083 2368 3140 fortem
2400 3085 2573 3154 ipsum
2605 3100 2722 3140 esse
2752 3101 2973 3154 puerum
3002 3087 3260 3151 credunt,
3297 3102 3434 3156 pra:-

1854 3181 2037 3235 sertim
2067 3193 2189 3234 cum
2217 3194 2323 3232 non
2355 3178 2574 3234 alterius
2596 3178 2913 3246 cujuslibet,
2948 3178 3043 3233 sed
3071 3179 3187 3247 ejus
3215 3179 3451 3235 omnino.

195 3268 439 3320 rationem
486 3266 802 3330 humanam,
849 3271 905 3318 et
947 3279 1046 3332 pro
1075 3279 1181 3317 una
1223 3265 1516 3316 substantia
1543 3263 1751 3318 Domini
1781 3273 1823 3332 ρ
1861 3272 2139 3335 thronum,
2169 3270 2261 3337 qui
2290 3269 2355 3322 de
2385 3268 2586 3338 Spiritu
2611 3278 2798 3322 sancto
2827 3277 2882 3323 οι
2904 3269 3066 3323 Maria
3098 3269 3315 3338 Virgine
3341 3285 3435 3324 na-

193 3357 337 3412 nostri
357 3354 484 3410 Jesu
517 3354 715 3410 Christi
741 3395 754 3416 ,
786 3354 918 3408 duas
946 3354 1316 3408 subsistentias
1360 3364 1414 3408 et
1466 3354 1600 3408 duas
1626 3370 1748 3425 per-

191 3462 352 3514 sonas,
383 3456 437 3502 et
465 3462 564 3516 pro
605 3454 790 3500 sancta
831 3455 890 3500 et
938 3444 1190 3500 ineffabili
1220 3444 1502 3510 Trinitate,
1535 3456 1752 3515 quater-

194 3539 391 3593 ui-tat'em
418 3539 733 3596 indecenter
761 3537 1216 3605 dogmatizantes,
1246 3546 1301 3591 et
1330 3538 1511 3606 impie.
1552 3557 1570 3589 ι

255 3631 303 3686 7.
334 3632 538 3686 Rursus
582 3631 768 3684 beatus
796 3628 1088 3697 Gregorius
1109 3629 1160 3681 in
1187 3643 1438 3682 sermone
1476 3628 1542 3682 de
1571 3628 1706 3683 Filio
1735 3647 1748 3682 :

199 3741 214 3771 ι
238 3721 345 3778 Uno
373 3731 574 3785 autem,
599 3720 1037 3791 iuquit,capitulo
1069 3735 1212 3783 meo,
1241 3729 1302 3773 ut
1329 3719 1517 3775 altiora
1538 3719 1753 3788 quidem

194 3814 408 3868 ascribas
432 3813 697 3867 divinitati
724 3851 737 3875 ,
771 3820 825 3865 et
868 3812 940 3865 illi
969 3819 1173 3865 natura:
1199 3825 1318 3878 qua:
1343 3811 1680 3878 passionibus
1700 3817 1755 3864 et

193 3918 398 3972 corpore
450 3903 714 3974 prohatur
765 3917 884 3956 esse
931 3902 1180 3970 superior
1230 3918 1243 3953 :
1293 3901 1579 3954 humiliora
1626 3916 1752 3956 vero

195 3998 468 4066 composito
498 3995 722 4056 tribuas,
750 3995 840 4062 qui
862 4003 1083 4062 propter
1113 4002 1164 4046 te
1192 3994 1538 4061 semetipsum
1569 3993 1756 4046 exina-

197 4087 310 4139 nivit
331 4127 344 4150 ,
372 4096 426 4140 et
454 4087 763 4141 incarnatus
793 4094 892 4138 est.
933 4104 950 4134 ι
999 4081 1132 4137 Hinc
1162 4097 1290 4151 ergo
1321 4083 1616 4137 rectissime
1645 4097 1759 4137 cre-

197 4177 364 4240 dimus,
396 4177 540 4247 quod
571 4177 760 4246 plenus
779 4185 834 4230 ct
867 4175 1133 4245 perfectus
1163 4175 1303 4229 Deus
1317 4173 1571 4242 Verbum,
1593 4176 1753 4228 etiam

199 4276 302 4334 post
326 4275 648 4339 assumptam
690 4281 906 4322 carnem
957 4267 1162 4321 nullum
1192 4276 1539 4334 augmentum
1591 4267 1752 4321 detri-

200 4368 522 4429 mentumque
540 4361 700 4432 280
723 4359 1018 4427 pertulerit,
1051 4358 1160 4412 imo
1185 4359 1425 4412 unitioue
1449 4373 1544 4412 sua
1569 4357 1758 4413 ineﬁ‘ao

201 4448 338 4502 bilem
363 4450 588 4518 gloriam
619 4449 908 4504 contulerit
934 4458 1219 4518 assumpta:
1245 4455 1470 4502 naturre.

258 4538 372 4594 Car.
404 4557 474 4594 Iv.
501 4539 624 4593 Non
645 4549 718 4593 est
748 4541 886 4610 facta
909 4541 1227 4610 quaternitas
1255 4540 1310 4592 in
1337 4538 1528 4592 deitate
1552 4546 1642 4606 per
1664 4537 1757 4591 In-

1855 3371 1939 3417 tus
1960 3371 2061 3427 est,
2092 3373 2254 3430 atque
2285 3361 2336 3414 in
2365 3359 2599 3414 Jordane
2621 3375 2648 3412 a
2672 3359 2899 3424 Joanne,
2932 3370 2989 3414 ut
3019 3377 3187 3429 aquas
3207 3362 3436 3416 sanctiﬁ.

1853 3461 2042 3520 caret,
2071 3452 2374 3522 baptizatus
2403 3459 2484 3506 est
2525 3452 2577 3504 in
2608 3452 2859 3504 smculum
2888 3452 3066 3505 saeculi
3099 3451 3124 3490 ι’
3157 3449 3444 3506 Psalmista

1854 3551 2100 3606 testetur,
2150 3542 2372 3596 dicens:
2428 3541 2661 3593 Titi-onus
2717 3550 2849 3603 tuus,
2896 3540 3054 3603 Deus,
3107 3542 3161 3593 in
3193 3539 3435 3596 swculum

1853 3633 2027 3687 saculi
2043 3673 2059 3698 ,
2084 3632 2227 3702 virga
2257 3632 2534 3702 arquitatis,
2567 3633 2711 3702 virga
2731 3632 2875 3701 regni
2901 3633 3006 3694 tui;
3036 3631 3264 3684 dilexisti
3273 3632 3432 3702 justi-

1856 3725 1999 3788 tiam,
2049 3733 2098 3777 et
2127 3723 2282 3777 odisti
2310 3724 2672 3793 iniquitatem;
2722 3731 2994 3792 prOpterea
3037 3724 3188 3776 unxit
3221 3733 3266 3776 te
3295 3721 3436 3777 Deus

1857 3823 1971 3868 tuus
2015 3815 2126 3868 oleo
2174 3814 2538 3868 exsultationis
2584 3831 2695 3886 pm:
2737 3813 3075 3885 participibus
3125 3816 3223 3868 tuis
3255 3813 3428 3888 (Psal.

1854 3921 2000 3972 xuv,
2034 3905 2083 3968 7,
2113 3905 2190 3974 8).
2239 3903 2522 3970 Quomodo
2549 3915 2729 3959 autem
2757 3906 2882 3973 ungi
2909 3913 3122 3975 poterat
3151 3906 3308 3966 Deus,
3341 3922 3437 3961 cu-

1850 3995 1940 4064 jus
1969 3996 2191 4050 thronus
2219 4004 2300 4049 est
2325 3996 2376 4048 in
2399 3995 2649 4050 steculum
2679 3995 2889 4058 steculi,
2932 3995 3031 4048 nisi
3067 3996 3219 4049 ﬁeret
3238 3996 3454 4051 homo?‘

1927 4087 2056 4140 CAP.
2082 4103 2133 4138 ν.
2185 4085 2325 4139 Deus
2352 4087 2525 4156 {actus
2547 4095 2624 4138 est
2653 4086 2803 4139 homo
2827 4125 2841 4149 ,
2866 4101 2968 4140 non
2991 4085 3140 4139 homo
3169 4086 3337 4156 factus
3363 4093 3461 4139 est.

1857 4177 2018 4232 Deus.
2040 4209 2110 4220 --
2143 4177 2226 4231 il.
2261 4176 2567 4231 Secundum
2597 4177 2732 4232 hanc
2760 4190 2889 4245 ergo
2929 4177 3204 4246 prepheta:
3225 4184 3437 4230 senten-

1861 4271 1988 4323 tiam
2013 4310 2027 4333 ,
2063 4269 2204 4323 Deus
2227 4267 2398 4322 factus
2424 4275 2504 4322 est
2535 4268 2780 4322 Christus
2805 4305 2819 4330 ,
2853 4283 2959 4320 non
2992 4276 3167 4320 autem
3197 4265 3441 4320 Christus

1861 4359 2032 4412 factus
2061 4367 2143 4412 est
2175 4358 2335 4424 Deus,
2365 4359 2504 4411 sicut
2548 4357 2731 4411 dicunt
2761 4357 2997 4410 han-elici
3019 4395 3033 4419 ,
3080 4355 3168 4424 qui
3199 4371 3295 4423 per
3314 4371 3458 4424 pro-.

1859 4459 2094 4512 vectum,
2128 4466 2234 4503 non
2263 4466 2357 4519 per
2379 4459 2621 4503 naturam
2641 4447 2911 4502 Christum
2943 4448 3108 4500 Deum
3135 4447 3333 4499 audent
3354 4461 3448 4502 as-

1861 4556 2042 4597 serere
2075 4560 2086 4593 :
2117 4541 2258 4594 Deus
2287 4542 2428 4594 enim
2459 4549 2650 4594 unctus
2691 4549 2774 4594 est
2796 4581 2809 4604 ,
2841 4540 2964 4609 quia
2997 4539 3109 4607 ipse
3139 4536 3311 4592 factus
3357 4547 3449 4594 est.

200 4633 496 4686 carnalionis
543 4633 857 4701 mysterium.
895 4661 963 4672 --
988 4629 1041 4684 8.
1075 4630 1186 4685 llac
1221 4629 1288 4684 de
1326 4645 1488 4685 causa
1528 4628 1760 4684 Trinitas
1788 4635 1838 4695 ι)
1861 4634 2053 4698 homo;
2079 4647 2190 4687 non
2232 4633 2375 4686 enim
2414 4633 2551 4686 alter
2577 4634 2731 4702 281
2773 4639 2856 4685 est
2887 4631 3057 4693 Deus,
3088 4630 3226 4683 alter
3252 4630 3449 4693 homo“

202 4720 342 4774 etiam
369 4729 488 4790 post
517 4721 907 4775 lncarnationis
933 4721 1246 4792 mysterium
1277 4719 1513 4775 Trinitas
1541 4721 1756 4784 mansit,

201 4812 307 4878 quia
330 4812 465 4866 idem
506 4811 648 4866 Deus
676 4811 910 4867 Verbum
935 4853 949 4877 ,
985 4814 1145 4866 etiam
1187 4828 1310 4868 cum
1342 4813 1558 4882 propria
1598 4827 1759 4867 carne

204 4919 322 4958 unus
345 4912 426 4959 est
451 4918 519 4958 ex
544 4903 806 4959 Trinitate
831 4920 972 4958 :non
1001 4903 1146 4974 quod
1175 4919 1304 4959 caro
1326 4904 1441 4972 ejus
1460 4904 1528 4958 sit
1556 4903 1623 4958 de
1645 4903 1762 4958 sub-

201 5000 377 5052 :tantia
407 4998 717 5061 Trinitatis,
749 4999 842 5054 sed
869 5001 996 5068 quia
1046 5015 1174 5054 caro
1205 4999 1300 5053 Dei
1332 4999 1491 5054 Verbi
1530 4995 1641 5062 est,
1667 5001 1757 5069 qui

202 5098 270 5142 est
297 5106 426 5144 unus
449 5105 514 5144 ex
541 5089 823 5145 Trinitate.
849 5089 970 5160 Ipse
983 5091 1124 5144 enim
1139 5091 1380 5156 omnino,
1409 5099 1464 5145 et
1492 5106 1600 5145 non
1623 5090 1758 5146 alius

202 5182 411 5234 ascendit
432 5183 487 5235 in
515 5181 714 5247 coelum,
737 5183 822 5254 qui
839 5181 1099 5236 descendit
1129 5188 1192 5235 de
1216 5182 1361 5247 emta,
1392 5181 1439 5235 F
1441 5183 1562 5238 ilius
1591 5183 1757 5236 homi-

203 5276 275 5324 nis
294 5275 370 5343 qui
399 5283 474 5328 est
499 5277 554 5327 in
571 5275 694 5329 curto
718 5274 896 5346 (Joan.
922 5291 995 5338 ιιι,
1023 5274 1134 5344 15).
1160 5273 1500 5344 Quapropter
1519 5282 1573 5328 et
1593 5275 1759 5329 Deum

206 5363 415 5421 Verbum
443 5382 655 5437 passum
684 5382 865 5427 carne.
891 5377 945 5420 et
973 5367 1284 5421 cruciﬁxum
1311 5381 1491 5429 carne,
1517 5373 1573 5418 et
1591 5365 1763 5434 sepul-

208 5465 304 5510 tum
351 5474 509 5513 carne
559 5457 852 5514 secundum
902 5458 1116 5511 beatum
1156 5455 1412 5527 Cyrillum
1443 5454 1760 5524 proﬁtemur

206 5545 447 5602 dicentem
500 5548 713 5619 (Amuli.
766 5547 882 5617 xm)
917 5564 928 5598 :
969 5565 986 5596 ι
1049 5545 1106 5599 Si
1161 5547 1280 5613 quis
1329 5561 1434 5600 non
1480 5543 1763 5599 conﬁtetur

268 5756 288 5781 ¹¹
318 5746 452 5802 ΕιΙὶιί
480 5746 611 5801 Lov.
640 5755 695 5801 et
715 5745 899 5812 Basil.,
928 5754 985 5797 ut
1007 5744 1139 5797 alter
1177 5745 1229 5797 in
1261 5742 1444 5795 altera.

269 5816 291 5852 ι’
321 5816 517 5872 Locum
547 5817 687 5871 hunc
715 5819 765 5870 in
798 5814 1006 5869 excusis
1035 5813 1276 5866 mutilum
1306 5811 1633 5866 restituimus
1661 5821 1762 5875 ope

209 5901 294 5939 ms.
328 5889 600 5943 Portarum
629 5886 694 5941 ab
715 5885 796 5939 his
820 5885 1012 5947 verbis,
1045 5883 1098 5935 in
1117 5882 1353 5937 steculum
1377 5879 1569 5946 surculi,
1593 5891 1761 5946 usque

1862 4724 1955 4778 sed
1985 4723 2125 4777 idem
2156 4722 2296 4776 Deus
2321 4762 2335 4786 ,
2367 4721 2504 4775 idem
2533 4722 2715 4774 homo.
2749 4719 2848 4786 Qui
2877 4721 3020 4775 enim
3061 4719 3320 4773 naturalis
3358 4727 3442 4776 cst

1861 4815 1999 4870 ﬁlius
2037 4815 2298 4883 Virginis,
2345 4814 2482 4868 idem
2530 4813 2786 4867 naturalis
2832 4821 2916 4866 est
2954 4812 3119 4866 Filius
3157 4811 3270 4866 Dei.
3313 4809 3458 4868 Pro--

1860 4918 2045 4978 pterea
2075 4915 2129 4962 et
2149 4907 2281 4961 duas
2303 4907 2609 4961 nativitates
2638 4906 2730 4959 Dei
2760 4905 2915 4959 Verbi
2943 4904 3212 4960 credimus
3231 4912 3286 4960 et
3305 4919 3439 4960 con-

1864 5000 2095 5067 ﬁtemur,
2128 4998 2181 5054 id
2228 5007 2332 5063 est,
2384 5013 2545 5051 unam
2588 5006 2710 5050 ante
2739 4995 2932 5051 saecula
2964 5011 2994 5049 a
3044 4995 3204 5050 Patre
3253 4995 3348 5067 (al.
3387 4997 3461 5053 in.

1867 5087 2068 5159 Patre),
2092 5088 2379 5143 secundum
2410 5087 2774 5149 divinitatem;
2807 5085 3028 5140 alteram
3060 5085 3113 5138 in
3140 5085 3440 5142 novissimis

1863 5178 2072 5244 diebus,
2100 5194 2129 5233 a
2160 5179 2380 5246 Virgine
2417 5186 2632 5240 sancta,
2663 5175 2956 5231 secundum
2987 5191 3202 5231 carnem
3237 5194 3249 5230 :
3283 5190 3458 5230 εῖδει

1864 5282 2078 5326 crantes
2105 5285 2200 5324 eos
2231 5271 2321 5338 qui
2352 5276 2549 5336 negant
2576 5267 2868 5323 secundum
2899 5282 3114 5322 carnem
3151 5265 3310 5320 Verbi
3345 5264 3446 5318 ιιτι

1865 5361 2196 5415 nativitatem
2223 5401 2238 5424 ,
2271 5360 2361 5429 qni
2412 5360 2573 5413 etiam
2604 5357 2872 5427 refugiunt
2901 5359 3056 5412 unius
3094 5355 3439 5425 ejusdemque

1865 5455 1982 5508 Filii
2020 5453 2115 5506 Dei
2159 5451 2316 5505 fateri
2362 5451 2624 5504 mirabilia
2655 5462 2708 5504 et
2739 5452 3017 5520 passiones
3049 5491 3062 5513 ,
3094 5446 3235 5517 quod
3267 5446 3454 5504 omnis.

1866 5543 1960 5597 Dei
1993 5542 2228 5597 Ecclesia
2257 5540 2580 5602 conﬁtetur.

1870 5737 1934 5790 ad
1964 5738 2103 5798 lucc,
2134 5735 2272 5789 Deus
2299 5736 2353 5788 in
2379 5737 2639 5790 saxulum.
2670 5717 2727 5788 In
2754 5733 2914 5788 Basil.
2949 5747 3076 5788 vero
3101 5734 3316 5800 legitur,
3352 5733 3450 5786 sed

1868 5808 1979 5876 ejus
2023 5805 2228 5860 omnino
2267 5805 2540 5860 thronus...
2593 5807 2656 5860 sit
2685 5804 2736 5861 in
2781 5807 3019 5860 saeculum
3064 5803 3266 5874 swculi,
3297 5803 3439 5875 virga

1869 5876 2139 5942 a'quitatis,
2164 5883 2270 5930 etc.
