4014 6340
551 441 655 500 ιη

1575 433 1632 488 S.
1672 428 2030 488 FCLGENTII
2068 423 2366 482 EPlSCOI‘l
2409 418 2780 480 RUSPENSIS

3723 410 3824 466 ιιι

629 555 709 612 t2.
733 553 1036 624 Accipimus
1055 559 1239 606 autem
1256 557 1312 604 et
1334 557 1565 618 quatuor
1589 549 1815 604 concilia
1838 542 2135 602 secundum
2164 545 2210 602 Α
2241 539 2411 609 (Ibid.
2429 582 2444 607 ,
2491 539 2612 610 ιε).
2663 539 2941 593 Falluntur
2985 549 3112 605 ergo
3160 529 3472 589 omnimodo
3497 528 3601 624 Aqui
3638 528 3825 624 dicunt

553 649 696 703 hunc
723 643 1076 716 expositionis
1103 650 1300 697 nostra:
1328 633 1580 696 sensumi
1614 639 1896 704 Nicenum,
1927 646 2139 690 trecen-

554 749 734 795 torum
754 737 942 791 decem
972 743 1027 788 et
1048 742 1174 788 octo
1203 732 1614 802 episcoporum;
1637 726 2137 797 Constantinopoli-

556 839 773 890 tanum,
830 834 1043 880 centum
1073 832 1130 878 et
1171 822 1553 892 quinquaginta
1575 863 1591 888 ,
1631 820 1721 888 qui
1751 819 2140 874 damnaverunt

556 917 749 988 impios
787 913 1329 977 Pneumatomachos,
1357 927 1459 966 nec
1487 928 1593 965 non
1623 911 1785 964 etiam
1814 908 2137 978 Ephesiorum

555 1009 784 1079 primum
806 1046 825 1070 ,
868 1006 952 1060 cui
1011 1004 1337 1074 prmfuerunt
1363 1002 1653 1057 beatissimi
1683 1000 2003 1056 leestinus
2031 998 2141 1051 Ro-

556 1113 774 1162 manus,
806 1105 862 1150 et
892 1095 1122 1168 Cyrillus
1155 1093 1553 1148 Alexandrinus
1585 1087 1882 1154 antistites;
1915 1097 1971 1143 et
2015 1104 2142 1141 san-

556 1199 703 1244 ctum
757 1203 821 1244 ac
861 1186 1166 1242 venerabile
1206 1185 1352 1255 quod
1393 1184 1533 1254 apud
1573 1182 1970 1238 Chalcedonem
1999 1181 2142 1236 cole-

557 1283 773 1335 brutum
803 1287 905 1332 est.

632 1369 726 1426 15.
757 1365 1025 1437 Epistolas
1065 1379 1280 1434 quoque
1319 1363 1462 1418 beati
1510 1361 1707 1417 Leonis
1747 1360 2140 1438 amplectimur,

560 1460 1079 1516 anathematizantes
1147 1457 1427 1510 universos
1481 1453 1754 1508 contraria
1807 1451 2146 1518 dogmatibus

561 1551 810 1607 Ecclesiae
838 1550 1152 1609 sentientes,
1175 1545 1334 1602 simul
1361 1552 1417 1599 et
1445 1543 1626 1598 omnia
1648 1542 1851 1612 scripta
1874 1541 2144 1595 Theodori

562 1643 932 1714 Mopsuestini,
955 1649 1008 1696 et
1040 1640 1268 1696 Nestorii
1296 1638 1542 1708 discipuli
1573 1637 1712 1705 ejus,
1737 1650 2032 1702 omnesque
2053 1634 2143 1702 qui

563 1735 668 1789 illis
697 1734 890 1789 similia
939 1732 1156 1802 sapiunt
1183 1746 1304 1786 cum
1354 1728 1544 1783 eodem
1577 1726 1842 1790 Nestorio,
1880 1741 1994 1780 uec
2039 1739 2144 1778 non

564 1829 727 1882 etiam
757 1833 949 1881 cuncta
979 1824 1177 1894 scripta
1209 1820 1494 1875 duodecim
1522 1817 1862 1872 adversantia
1902 1815 2147 1886 capitulis

2241 640 2469 686 mortem
2497 631 2691 698 solam,
2715 645 2821 683 non
2851 627 3011 683 etiam
3035 634 3313 696 peccatum
3345 621 3621 678 transiisse
3649 622 3703 676 in
3729 635 3822 689 ge-

2242 739 2340 778 nus
2367 722 2678 786 humanum,
2709 735 2831 775 cum
2855 717 3164 788 Apostolus,
3188 723 3243 772 et
3263 722 3565 786 peccatum,
3593 722 3652 768 et
3677 728 3822 768 mor-

2241 822 2348 868 tem
2374 813 2574 867 mundo
2600 827 2696 882 per
2726 826 2848 866 eum
2880 817 3108 864 testatur
3136 807 3360 862 illatam.

2312 903 2399 957 l7.
2424 902 2505 956 Ab
2533 903 2635 957 hac
2665 903 2823 970 igitur
2849 899 3193 955 damnatione
3216 905 3273 952 et
3299 904 3474 952 morte
3501 896 3684 951 nullus
3709 910 3822 951 om-

2241 995 2368 1048 nino
2409 994 2687 1056 liberatur,
2727 993 2828 1048 nisi
2875 993 3045 1062 gratia
3100 989 3520 1060 Redemptoris:
3569 989 3665 1058 qui
3701 1005 3819 1045 cum

2241 1093 2383 1142 esset
2411 1085 2688 1148 Dominus,
2725 1093 2912 1155 utpote
2938 1085 3112 1148 Deus,
3145 1093 3204 1138 ut
3230 1099 3329 1138 nos
3354 1099 3384 1138 a
3413 1083 3677 1138 servitute
3701 1097 3822 1152 per.

2243 1186 2402 1246 petua
2431 1186 2488 1232 et
2514 1186 2783 1248 potestate
2810 1178 3008 1232 diaboli
3039 1177 3322 1242 liberaret,
3341 1185 3505 1245 atque
3545 1176 3613 1231 ad
3644 1190 3822 1231 veram

2245 1269 2545 1323 libertatem
2597 1269 2916 1333 reduceret,
2965 1269 3134 1324 factus
3164 1277 3247 1322 est
3292 1283 3512 1335 servus,
3559 1267 3823 1338 accipiens

2245 1360 2472 1415 formam
2519 1362 2660 1416 servi
2693 1361 2916 1431 (Philip.
2951 1377 3006 1424 ιι,
3041 1361 3115 1427 7).
3151 1357 3287 1414 Hinc
3313 1368 3397 1414 est
3430 1359 3578 1428 quod
3604 1359 3741 1414 dicit
3766 1360 3824 1413 ad

2245 1452 2490 1507 ludteos:
2521 1452 2662 1506 Tunc
2697 1470 2809 1506 rere
2847 1453 2992 1506 liberi
3015 1453 3180 1515 eritis,
3201 1453 3245 1505 si
3272 1468 3360 1505 vos
3382 1449 3552 1504 Filius
3579 1449 3826 1504 liberare-

2249 1545 2316 1596 rit
2332 1541 2513 1613 (Joan.
2538 1559 2649 1602 vm,
2675 1542 2784 1610 56).
2808 1541 3072 1596 Putabant
3091 1541 3234 1596 enim
3263 1557 3322 1596 se
3347 1557 3478 1596 vere
3505 1541 3730 1604 liberos,
3745 1542 3826 1609 qui

2249 1635 2498 1688 humanis
2526 1633 2965 1702 occupationibus
2993 1632 3290 1686 intentione
3318 1631 3605 1686 vanissima
3635 1633 3826 1686 servie-

2251 1726 2399 1779 bant.
2434 1723 2503 1780 Ut
2541 1739 2670 1792 ergo
2701 1724 2831 1778 falsa
2862 1724 3080 1778 libertas
3106 1721 3258 1777 ﬁeret
3290 1738 3415 1776 vera
3447 1722 3674 1777 libertas
3705 1735 3744 1785 ”,
3785 1721 3828 1775 id

2251 1825 2353 1882 est,
2395 1824 2454 1870 ut
2499 1816 2740 1870 humana
2782 1814 2999 1870 libertas
3044 1811 3194 1868 fieret
3237 1813 3542 1867 Christiana
3595 1813 3829 1875 libertas,

565 1919 718 1974 beati
739 1916 944 1988 Cyrilli,
975 1931 1094 1984 quae
1123 1921 1311 1969 contra
1339 1911 1586 1966 eumdem
1617 1908 1920 1963 Nestorium
1949 1906 2143 1969 edidit;
2179 1908 2226 1966 Β
2253 1906 2438 1961 eadem
2493 1907 2714 1961 libertas
2753 1905 3043 1960 liberatore
3085 1903 3345 1974 indiguit,
3375 1920 3483 1974 quo
3510 1913 3719 1974 posset,
3748 1919 3830 1973 per

567 2010 648 2063 bis
683 2007 998 2076 adjicientes
1042 2003 1318 2074 Eutychen
1352 2011 1408 2057 et
1453 2001 1764 2054 Dioscorum
1817 2015 1938 2053 cum
1993 1997 2152 2053 sociis

567 2112 774 2160 eorum,
800 2108 1095 2162 omnesque
1109 2107 1246 2160 quos
1261 2090 1405 2160 juste
1427 2105 1489 2144 ac
1510 2089 1829 2157 regulariter
1855 2087 2011 2141 sedes
2033 2101 2156 2155 apo-

568 2185 759 2240 stolica
785 2182 1185 2239 condemnavit.

638 2276 766 2331 Car.
797 2290 868 2328 vi.
905 2273 1088 2338 Qualis
1111 2274 1260 2328 homo
1289 2282 1520 2336 creatus;
1547 2279 1594 2325 et
1623 2273 1790 2340 qualis
1815 2287 1926 2324 cum
1956 2287 2050 2323 sua
2072 2287 2158 2340 po-

571 2369 810 2421 steritate
847 2383 939 2437 per
984 2376 1248 2437 peccatum
1289 2365 1521 2434 effectus.
1570 2363 1671 2418 Per
1717 2373 1979 2434 peccatum
2023 2372 2158 2418 totus

573 2459 723 2512 homo
748 2460 918 2528 factus
945 2465 1020 2510 est
1050 2457 1292 2512 deterior.
1328 2455 1456 2510 Sine
1485 2456 1655 2526 gratia
1679 2471 1782 2508 non
1813 2455 1910 2508 nisi
1933 2455 2158 2507 humana

571 2549 889 2620 cogitantur.
924 2545 1063 2610 Quid
1105 2549 1173 2600 sit
1202 2545 1425 2600 credere.
1450 2575 1520 2585 -—
1545 2542 1634 2598 M.
1663 2542 1792 2599 Post
1826 2544 1938 2597 bare
1964 2558 2158 2597 consc-

573 2652 744 2705 quens
764 2645 849 2690 est
877 2636 1038 2690 etiam
1079 2635 1309 2705 qualiter
1336 2634 1403 2688 de
1429 2633 1626 2688 Christi
1647 2632 1817 2701 gratia
1844 2633 2156 2694 sentiamus,

575 2743 681 2796 qua
729 2741 829 2780 nos
857 2727 997 2781 eruit
1024 2727 1091 2780 de
1120 2733 1390 2794 potestate
1419 2724 1653 2788 Satanan,
1700 2723 1988 2778 secundum
2018 2723 2162 2793 quod

577 2817 736 2872 nobis
776 2825 859 2873 est
906 2817 1187 2882 traditum,
1236 2824 1428 2872 vestra:
1475 2814 1793 2870 beatitudini
1837 2813 2156 2868 declarare:

581 2909 710 2978 quia
737 2909 976 2964 etiamin
1004 2909 1104 2963 hac
1125 2916 1280 2978 parte
1301 2907 1593 2962 auctoritas
1623 2914 1796 2960 vestra
1828 2905 1982 2959 nobis
2008 2905 2164 2960 valde

580 3010 666 3057 est
691 3000 1010 3056 necessaria.

652 3092 737 3148 lii.
761 3093 1041 3149 Credimus
1070 3092 1250 3161 itaque
1279 3091 1478 3147 bonum
1501 3099 1557 3144 et
1583 3090 1699 3145 sine
1729 3090 1834 3144 ulla
1864 3090 2040 3145 carnis
2063 3090 2163 3144 im-

583 3185 930 3256 pugnatione,
960 3199 992 3238 a
1022 3183 1134 3238 Deo
1157 3190 1403 3238 creatore
1431 3182 1704 3247 omnium,
1743 3180 1943 3236 factum
1969 3181 2162 3248 Adam,

2255 1999 2372 2065 ejus
2409 1997 2634 2065 gratiam
2683 1997 2750 2050 ab
2789 1996 3231 2066 occupationibus
3259 1996 3506 2050 humanis
3534 2012 3749 2060 aversa,
3777 2011 3832 2049 ea

2256 2091 2495 2156 cogitare
2549 2097 2604 2144 et
2665 2087 2972 2143 desiderare
3032 2102 3151 2157 quae
3205 2088 3478 2158 pertinent
3537 2085 3605 2140 ad
3679 2086 3832 2141 vitam

2256 2188 2532 2234 aeternam.

2331 2267 2418 2323 18.
2450 2270 2579 2324 Sine
2608 2269 2710 2324 hac
2757 2270 2916 2338 igitur
2942 2267 3111 2338 gratia
3138 2277 3315 2339 potest
3357 2267 3570 2337 quidem
3602 2270 3834 2340 cogitare

2259 2367 2316 2414 ει
2343 2359 2650 2414 desiderare
2698 2360 2928 2414 humana
2952 2399 2968 2425 ,
3019 2375 3126 2414 non
3157 2368 3336 2414 autem
3375 2367 3554 2428 potest
3581 2361 3835 2428 cogitare,

2263 2459 2357 2504 aut
2387 2451 2541 2511 velle,
2568 2465 2662 2505 seu
2692 2450 2996 2505 desiderare
3023 2449 3224 2514 divina,
3255 2465 3481 2520 quorum
3503 2452 3741 2520 primum
3767 2459 3836 2506 est

2261 2554 2319 2598 et
2371 2544 2696 2612 prmcipuum
2746 2542 3184 2610 fundamentum,
3216 2551 3272 2598 et
3317 2542 3533 2612 crepido
3579 2542 3838 2613 quodam-

2260 2633 2448 2700 modo,
2492 2634 2605 2688 sive
2650 2633 2890 2688 omnium
2918 2634 3183 2688 bonorum
3213 2636 3385 2704 origo,
3415 2635 3639 2690 credere
3673 2636 3726 2689 in
3747 2635 3842 2690 Do.

2266 2729 2464 2781 minum
2494 2728 2675 2794 gloria:
2704 2727 3014 2782 crucilixum
3045 2725 3100 2794 (ι
3130 2725 3249 2781 Cor.
3283 2744 3337 2790 ιι,
3370 2726 3447 2797 8),
3489 2727 3636 2796 quod
3671 2729 3844 2796 utique

2266 2835 2372 2871 non
2399 2825 2571 2872 estex
2613 2817 2867 2870 naturalis
2906 2817 3112 2872 arbitrii
3145 2817 3408 2882 libertate,
3450 2819 3573 2886 quia
3609 2834 3720 2872 non
3752 2820 3843 2873 hoc

2265 2925 2392 2963 caro
2422 2917 2475 2962 et
2504 2909 2740 2976 sanguis,
2772 2909 2866 2963 sed
2898 2907 3058 2963 Pater
3105 2909 3340 2965 cmlestis
3380 2909 3584 2964 revelat
3637 2911 3728 2965 cui
3759 2928 3844 2964 vu-

2269 3003 2425 3056 luerit
2467 3001 2682 3072 (Matth.
2717 3018 2824 3065 xvi,
2861 3002 2974 3073 l7),
3003 3001 3071 3056 ad
3099 3017 3279 3056 veram
3319 3017 3439 3057 eum
3470 3003 3758 3058 attrahens
3784 3005 3843 3056 li-

2266 3092 2550 3157 bertatem,
2581 3109 2680 3146 nos
2705 3108 2964 3146 VIOLENTA
2997 3107 3375 3158 accessurus,
3401 3092 3494 3146 sed
3521 3091 3846 3147 infundendo

2267 3183 2584 3237 suavitatem
2615 3198 2711 3253 per
2735 3183 2990 3252 Spiritum
3019 3192 3284 3249 sanctum,
3313 3191 3371 3237 ut
3398 3199 3522 3237 mox
3565 3183 3848 3238 credentes

584 3292 884 3346 magnaque
905 3275 1186 3346 prieditum
1207 3274 1476 3340 libertate,
1502 3274 1572 3326 ita
1601 3280 1734 3328 utet
1763 3273 1962 3327 bonum
1989 3270 2164 3327 facere
2195 3276 2242 3340 C
2271 3272 2511 3328 dicamus
2543 3291 2555 3326 :
2585 3273 2707 3341 quia
2740 3273 2996 3327 Dominus
3043 3281 3126 3328 est
3171 3272 3346 3338 Jesus,
3373 3272 3516 3342 quod
3563 3289 3734 3330 nemo
3763 3290 3847 3344 per

588 3369 639 3423 in
684 3367 900 3437 propria
947 3366 1199 3421 facultate
1246 3365 1489 3429 haberet,
1527 3375 1581 3419 et
1620 3365 1840 3427 malum,
1889 3365 1934 3418 si
1981 3364 2163 3431 vellet,

586 3469 764 3530 posset
813 3459 1116 3514 admittere.
1160 3457 1394 3526 Eratque
1439 3472 1583 3512 mors
1612 3465 1668 3511 et
1708 3455 2083 3511 immortalitas
2113 3455 2164 3508 in

585 3553 700 3621 cjus
749 3551 921 3622 posita
968 3547 1361 3620 quodammodo
1409 3547 1612 3601 arbitrii
1670 3547 1935 3602 libertate.
1983 3544 2164 3616 Capax

587 3644 732 3698 enim
761 3650 880 3697 erat
925 3641 1200 3709 utriusque
1242 3639 1340 3702 rei,
1372 3647 1430 3692 ut
1469 3639 1512 3694 si
1553 3647 1792 3693 servaret
1819 3647 2164 3709 princeptnm,

585 3735 703 3791 sine
724 3733 1054 3803 experientia
1079 3733 1266 3786 mortis
1288 3731 1440 3785 tieret
1463 3731 1806 3795 immortalis;
1830 3731 1872 3784 si
1896 3745 2024 3784 vero
2047 3746 2172 3784 con-

589 3832 875 3888 temneret,
916 3839 1061 3877 mors
1087 3823 1345 3876 continuo
1373 3821 1810 3889 subsequeretur.
1842 3821 2025 3888 Itaque
2052 3837 2165 3874 scr-

590 3914 764 3984 pentis
810 3915 1005 3967 astutia
1056 3913 1399 3982 depravatus,
1430 3921 1624 3982 sponte
1651 3912 1843 3971 divina:
1873 3912 2003 3980 legis
2031 3927 2170 3982 pm:-

592 4006 860 4059 varicator
914 4003 1138 4060 effectus
1166 4012 1281 4067 cst,
1321 4016 1375 4058 et
1423 4003 1544 4058 ideo
1592 4005 1887 4060 secundum
1939 4005 2081 4073 quod
2121 4006 2170 4060 ci

593 4093 902 4165 pmdictum
932 4093 1124 4156 fuerat,
1139 4094 1286 4162 justo
1302 4094 1394 4148 Dei
1413 4093 1615 4162 judicio
1638 4095 1826 4149 mortis
1846 4111 2002 4164 pwna
2025 4096 2174 4150 dam-

593 4191 768 4249 natur,
791 4191 1062 4252 totusque,
1083 4184 1135 4238 id
1160 4191 1243 4238 est
1269 4183 1561 4238 secundum
1584 4201 1780 4255 corpus
1800 4194 1854 4238 et
1882 4186 2170 4240 St‘Clllldum

593 4273 845 4336 animam,
860 4270 1162 4328 indeterius
1176 4279 1557 4337 commutatus,
1572 4273 1763 4328 amissa
1785 4273 2034 4328 libertate
2057 4292 2176 4345 pro-

593 4363 728 4436 pria,
755 4363 854 4418 sub
883 4363 1087 4433 peccati
1113 4362 1334 4418 servitio
1363 4364 1718 4433 mancipatur.

662 4456 750 4512 46.
803 4456 883 4512 Ex
918 4457 1024 4512 hoc
1058 4472 1262 4513 NULLIIS
1304 4473 1400 4512 ssr
1448 4473 1682 4512 nonnon
1731 4460 1820 4528 qui
1872 4477 1976 4514 non
2018 4461 2174 4531 hujus

591 4547 800 4618 peccati
839 4546 1053 4602 vinculo
1100 4555 1352 4602 nascatur
1379 4549 1651 4615 astrictus,
1704 4558 1898 4620 prmter
1927 4567 2049 4606 cum
2079 4556 2170 4622 qui

2269 3365 2564 3419 naturalem
2603 3364 2809 3418 arbitrii
2856 3365 3155 3420 libertatem
3195 3372 3374 3436 potest
3423 3365 3623 3429 dicere,
3672 3367 3774 3421 nisi
3803 3369 3848 3420 io

2270 3455 2470 3524 Spiritu
2499 3463 2685 3509 sancto
2715 3453 2770 3524 (ι
2798 3454 2916 3510 Cor.
2952 3471 3046 3519 xu,
3070 3450 3146 3523 3).

2342 3545 2428 3599 l9.
2477 3544 2696 3599 Frustra
2726 3557 2856 3611 ergo
2897 3544 3140 3612 garriunt
3183 3545 3274 3614 qui
3301 3544 3520 3600 dicunt:
3564 3545 3748 3600 Meum
3777 3556 3851 3601 est

2272 3638 2410 3694 velle
2451 3637 2702 3700 credere,
2734 3635 2828 3690 Dei
2858 3645 3038 3690 autem
3067 3637 3254 3704 gratia:
3297 3645 3379 3690 est
3418 3637 3709 3706 adjuvare;
3737 3654 3850 3694 cum

2272 3732 2434 3786 etiam
2465 3731 2636 3800 ipsum
2667 3744 2933 3794 casusne,
2967 3726 3110 3797 quod
3153 3736 3234 3782 est
3254 3743 3572 3782 consensum
3615 3729 3851 3798 praebere

2275 3824 2504 3888 veritati,
2537 3823 2693 3878 nobis
2718 3837 2746 3875 a
2778 3821 2887 3875 Deo
2917 3821 3028 3875 dari
3071 3828 3296 3874 testetur
3318 3821 3608 3889 Apostolus
3635 3821 3849 3875 dicens:

2288 3916 2437 3970 Vobis
2463 3915 2598 3970 enim
2623 3913 2800 3966 datum
2820 3921 2894 3966 est
2931 3929 2963 3964 a
2989 3910 3210 3974 Christo,
3235 3928 3338 3965 non
3366 3912 3535 3967 solum:
3558 3921 3616 3964 ut
3655 3915 3720 3966 in
3744 3930 3853 3967 eum

2274 4008 2523 4069 credatis,
2563 4020 2731 4059 verum
2764 4004 2920 4056 etiam
2958 4012 3014 4055 ut
3051 4018 3143 4072 pro
3189 4001 3277 4057 illo
3322 4003 3595 4073 patiamini
3629 4002 3851 4074 (Philip.

2277 4115 2313 4163 l,
2339 4099 2451 4169 εει).
3111 4103 3119 4112 ’

2346 4188 2474 4244 CAP.
2505 4205 2594 4244 vn.
2628 4188 2768 4243 Deus
2797 4189 2929 4243 alios
2959 4188 3083 4258 facit
3111 4189 3316 4241 credere
3335 4203 3429 4241 sua
3452 4187 3704 4249 bonitate,
3729 4189 3857 4241 alios

2275 4283 2462 4336 deserit
2493 4283 2634 4353 justo
2655 4282 2875 4352 judicio,
2899 4280 2990 4335 sed
3017 4279 3419 4334 occulto..——20.
3441 4277 3546 4334 Sed
3573 4278 3786 4344 dicunt,
3813 4278 3858 4334 si

2277 4375 2518 4429 nolentes
2550 4373 2690 4428 Deus
2720 4371 2844 4428 facit
2874 4381 2933 4426 ut
2977 4371 3140 4426 velint
3167 4370 3421 4434 credere,
3466 4371 3642 4425 nullus
3669 4379 3857 4426 autem

2275 4465 2467 4534 estqui
2491 4464 2805 4518 naturaliter
2839 4466 2854 4530 (
2863 4471 2918 4518 ut
2937 4463 3133 4532 dicitis)
3156 4461 3323 4533 possit
3343 4461 3565 4516 credere
3588 4460 3615 4500 δ
3638 4472 3741 4516 aut
3761 4460 3861 4516 alio

2275 4555 2401 4624 quid
2429 4555 2554 4610 boni
2578 4555 2713 4609 velle
2741 4553 3140 4623 quod-pertinet
3165 4551 3232 4607 ad
3260 4552 3426 4606 vitam
3454 4560 3739 4615 aeternam,
3767 4568 3860 4607 cur

593 4636 659 4692 ad
696 4637 802 4692 hoc
840 4637 1111 4692 vinculum
1153 4638 1356 4706 peccati
1387 4638 1721 4704 solvendum,
1756 4657 1915 4696 novo.
1940 4657 2170 4710 genera-
2203 4652 2250 4710 ι)
2275 4662 2403 4716 ergo
2432 4663 2536 4701 non
2570 4646 2695 4701 facit
2722 4661 2912 4701 omnes
2941 4645 3106 4710 velle,
3135 4660 3256 4699 cum
3287 4660 3394 4698 non
3416 4643 3859 4713 sitpersonarum

593 4727 754 4783 tionis
793 4727 954 4782 modo
999 4735 1158 4782 natus
1209 4737 1318 4791 est,
1371 4728 1636 4786 mediator
1665 4731 1756 4786 Dei
1792 4740 1847 4785 et
1889 4731 2170 4787 hominum

591 4820 755 4876 homo
793 4819 1039 4875 Christus
1092 4818 1266 4874 Jcsus.
1299 4819 1436 4886 Quid
1484 4821 1628 4875 enim
1667 4821 1811 4876 aliud
1859 4824 2036 4892 potuit
2081 4834 2176 4878 aut

590 4917 771 4978 potest
797 4909 942 4965 nasci
971 4925 1037 4964 ex
1069 4925 1242 4975 servo,
1276 4910 1376 4965 nisi
1403 4914 1634 4966 servus?
1665 4911 1848 4980 Neque
1879 4914 2020 4967 enim
2050 4929 2172 4969 cum

593 5006 737 5054 esset
776 4999 912 5055 liber
956 4999 1155 5067 Adam,
1200 4999 1338 5056 lilios
1377 5004 1710 5070 procreavit,
1755 5002 1848 5058 sed
1891 5013 2171 5074 postquam

592 5106 783 5146 servus
810 5093 1015 5161 peccati
1053 5092 1223 5148 factus
1249 5100 1350 5147 est.
1389 5092 1513 5148 Ideo
1541 5095 1681 5148 sicut
1711 5095 1886 5149 omnis
1911 5095 2076 5151 homo
2105 5098 2174 5152 ab

593 5180 689 5236 illo
715 5189 816 5243 est,
849 5182 920 5236 ita
947 5190 1003 5237 et
1030 5183 1205 5237 omnis
1232 5183 1392 5238 homo
1423 5199 1611 5240 servus
1640 5185 1848 5253 peccati
1873 5201 1970 5255 per
1999 5187 2172 5257 ipsum

592 5279 694 5330 est.
745 5269 884 5326 Hinc
927 5279 980 5326 et
1023 5272 1312 5342 Apostolus
1345 5291 1358 5327 :
1391 5273 1476 5328 Ex
1504 5291 1627 5338 uno,
1661 5273 1851 5344 inquit,
1899 5276 1954 5328 in
1996 5293 2170 5332 omnes

593 5363 826 5419 homines
851 5364 905 5419 in
933 5363 1409 5420 condemnationem
1443 5365 1618 5435 (Rom.
1648 5381 1700 5430 v,
1733 5365 1842 5436 l8).
1870 5366 1934 5420 Et
1963 5384 2171 5432 rursus,

595 5455 758 5524 282
791 5454 892 5508 Per
917 5471 1074 5509 unum
1115 5454 1366 5510 hominem
1405 5464 1663 5526 peccaturo
1703 5457 1911 5510 intravit
1941 5459 1992 5510 in
2039 5459 2174 5512 hunc

593 5544 859 5609 mundum,
884 5555 932 5598 et
962 5564 1052 5616 per
1095 5555 1358 5618 peccatum
1401 5564 1560 5614 mars,
1587 5558 1638 5601 et
1676 5549 1748 5601 ita
1779 5549 1829 5603 in
1860 5567 2038 5605 omnes
2076 5554 2174 5608 ho-

595 5638 757 5708 mines
798 5653 936 5690 mors
987 5638 1321 5707 pertransiit,
1369 5638 1422 5691 in
1469 5656 1566 5709 quo
1618 5655 1792 5693 onmes
1840 5653 2175 5710 peccaverunt

669 5799 692 5825 ⁸
726 5787 956 5862 Aberant
986 5790 1052 5846 ab
1081 5793 1237 5849 editis
1263 5811 1378 5848 vera
1409 5796 1647 5862 libertas;
1679 5799 1732 5852 id
1755 5808 1849 5855 est.
1870 5809 1923 5851 ut
1954 5800 2179 5854 [mmmam

595 5862 803 5917 .‘ibcrlar
841 5859 1018 5931 ﬁeret,-
1061 5872 1112 5916 at
1141 5863 1424 5920 substituta
1453 5878 1574 5922 sunt
1605 5859 1714 5923 hmc
1745 5884 1810 5922 ex
1841 5885 1945 5923 ms.

2277 4735 2680 4806 acceptio-apud
2707 4735 2894 4798 Deum,
2910 4735 3201 4806 praesertim
3216 4749 3336 4788 cum
3360 4733 3428 4787 dc
3458 4734 3574 4803 ipso
3598 4734 3862 4804 scriptum

2275 4827 2346 4880 sit
2370 4845 2393 4879 :-
2411 4825 2510 4890 Qui
2536 4828 2640 4880 vult
2661 4842 2838 4880 omnes
2861 4825 3091 4878 homines
3128 4823 3297 4877 salvos
3327 4824 3440 4894 ﬁeri
3475 4833 3527 4877 et
3545 4824 3615 4878 ad
3633 4826 3867 4894 agnitio-

2275 4933 2389 4970 nem
2415 4918 2642 4972 veritatis
2671 4917 2842 4971 venire
2863 4913 2919 4986 (1
2943 4914 3076 4969 Tim.
3110 4930 3166 4976 ιι,
3197 4911 3283 4982 4)?
3311 4912 3416 4967 Aut
3455 4913 3598 4968 enim
3629 4915 3769 4981 vult,
3815 4922 3869 4967 et

2277 5021 2385 5061 non
2413 5013 2631 5076 potest;
2671 5014 2764 5060 aut
2793 5005 3050 5060 mentitur
3070 5003 3348 5073 Scriptura
3394 5001 3595 5056 divina.
3631 5001 3796 5068 Quod
3823 5002 3866 5055 si

2281 5095 2472 5150 horum
2515 5095 2793 5163 quodlibet
2833 5095 3034 5150 sentire
3061 5102 3146 5149 est
3182 5093 3425 5162 impium,
3455 5103 3635 5148 restat
3666 5102 3730 5147 ut
3759 5109 3867 5149 non

2285 5190 2374 5244 ille
2399 5190 2596 5244 excitet
2625 5190 2955 5244 voluntatem
2993 5187 3410 5252 humanam,sed
3439 5204 3558 5242 eam
3584 5195 3868 5258 exspectet

2276 5282 2344 5335 ab
2373 5281 2608 5343 homine,
2640 5289 2698 5334 ut
2717 5295 2928 5349 mquum
2959 5279 3028 5333 sit
3067 5278 3120 5332 in
3149 5277 3452 5333 volentibus
3478 5278 3781 5347 prmmium,
3814 5274 3872 5331 in

2280 5371 2583 5426 nolentibus
2611 5378 2791 5425 autem
2810 5369 2952 5438 justa
2979 5369 3272 5423 damnatio.

2351 5462 2438 5517 2|.
2470 5462 2594 5518 Hmc
2621 5463 2664 5516 si
2696 5463 2767 5515 ita
2795 5469 2944 5526 sunt,
2977 5469 3035 5514 ut
3064 5460 3300 5515 hmretici
3325 5460 3597 5528 jactitant,
3621 5475 3837 5515 COKPIIS
3857 5489 3870 5500 -

2283 5569 2450 5608 nassa
2479 5570 2609 5608 scsr
2652 5553 2718 5605 ab
2747 5553 2874 5620 ipsis
2911 5552 3272 5607 inscrutabilia
3321 5561 3375 5607 et
3404 5553 3873 5622 incomprehensi—

2277 5646 2402 5700 bilia
2433 5646 2522 5699 Dei
2549 5644 2768 5713 judicia.
2804 5643 2858 5698 Si
2908 5643 3073 5708 enim,
3115 5653 3174 5699 ut
3221 5645 3317 5714 ipsi
3365 5645 3573 5707 volunt,
3613 5645 3878 5700 nolentes

2357 5800 2570 5877 5_Editi.
2599 5810 2764 5877 potest
2803 5802 3007 5877 credere
3048 5800 3397 5877 nihili-anei
3421 5822 3448 5877 ,j
3470 5815 3524 5860 at
3554 5825 3674 5868 ms.,
3707 5810 3877 5877 possit

2285 5871 2507 5936 credere,
2531 5880 2615 5924 aut
2646 5871 2788 5938 rcllc,
2815 5871 3068 5941 abeatque
3099 5873 3150 5930 in
3186 5871 3321 5926 Filio
3357 5874 3467 5929 Dei.
