4014 6340
175 352 261 410 ὂίο
1078 344 1273 402 PETR‘I
1317 345 1584 404 DMCONI
1619 343 1821 401 LIBER
1860 341 1985 402 SEU
2029 338 2384 413 EPISTULA,
2429 345 2562 404 XVI.

3322 350 3431 405 450

172 469 379 524 damnat,
402 458 576 515 salvat
601 467 778 513 autem
802 458 1060 526 volentes,
1081 461 1210 514 nihil
1233 471 1316 516 est
1343 461 1562 515 omnino
1583 458 1726 528 quod
1763 463 1804 520 Α
1832 462 2077 524 antistes,
2110 461 2160 514 in
2185 461 2412 530 epistola
2437 460 2532 530 (γ.
2559 461 2610 514 in
2634 460 2790 529 capit.
2815 456 3097 526 Cwlestini,
3128 477 3238 532 cap.
3268 460 3323 531 8)
3356 463 3424 517 ad

174 555 312 629 283
335 560 608 622 qnmratur
632 550 872 604 ulterius.
901 548 984 616 Et,
1014 561 1272 620 quantum
1295 551 1360 606 ad
1406 552 1569 620 ipsos,
1601 550 1737 604 fallit

173 645 416 714 Scriptura
441 639 644 706 divina,
675 653 793 707 qua:
820 639 1356 711 incomprehensibilia
1382 639 1476 695 Dei
1507 648 1738 695 testatur

172 735 336 810 judicia
367 730 548 802 (Rom.
583 746 658 797 xl,
691 727 803 801 55).
838 729 946 785 Nos
968 740 1150 786 autem
1173 730 1735 800 incomprehensibilia

173 825 426 883 credentes
455 831 510 876 et
533 821 964 876 demonstrantes
981 818 1177 887 judicia
1199 819 1314 884 Dei,
1335 835 1402 873 ex
1433 834 1536 872 una
1559 833 1734 872 massa

173 908 460 989 perditionis
503 910 636 965 alios
682 909 877 964 salvari
919 909 1144 964 dicimus
1183 909 1425 963 bonitate
1460 917 1515 962 et
1563 906 1736 976 gratia

173 1007 264 1072 Dei,
287 1005 417 1060 alios
441 1004 590 1074 justo
615 1011 670 1058 et
693 999 1136 1070 occulto-judicio
1161 999 1481 1069 derelinqui.

222 1097 300 1155 ιθ.
342 1097 595 1168 Alioquin
623 1093 820 1159 dicant,
853 1094 897 1148 si
927 1099 1160 1164 possunt‘
1189 1093 1244 1146 hi
1270 1094 1360 1164 qui
1391 1093 1494 1148 hoc
1543 1091 1736 1147 divina:

171 1190 355 1262 justitia:
383 1193 441 1243 et
482 1185 711 1241 bonitati
753 1183 1081 1239 contrarium
1129 1183 1417 1247 :estimant,
1450 1199 1546 1237 cur
1576 1183 1619 1238 is
1645 1183 1737 1252 qui

173 1297 328 1339 ournes
364 1278 618 1334 homines
656 1275 770 1330 vult
809 1270 990 1329 salvos
1033 1273 1144 1328 ficri
1192 1282 1244 1328 et
1293 1273 1358 1327 ad
1408 1274 1735 1342 agnitionem

172 1373 385 1430 veritatis
415 1370 621 1432 venire,
656 1378 763 1421 tam
806 1366 1006 1421 multas
1029 1367 1262 1419 Virtutes
1313 1365 1435 1418 fecit
1483 1366 1534 1418 in
1567 1363 1736 1418 Coro-

174 1465 279 1520 zaim
303 1471 357 1518 et
389 1459 677 1515 Bethsaida
708 1466 761 1512 et
782 1456 980 1510 nullam
999 1456 1190 1510 harum
1217 1455 1268 1509 in
1297 1450 1441 1527 Tyro
1459 1461 1514 1509 et
1537 1453 1737 1509 Sidone

174 1555 320 1611 facere
346 1552 539 1616 voluit,
571 1545 662 1604 ubi
687 1549 732 1604 si
763 1547 915 1602 facta:
948 1547 1169 1601 fuissent
1203 1547 1366 1618 (sicut
1414 1545 1527 1616 ipse
1573 1554 1736 1599 testa-

173 1649 255 1715 tur)
289 1645 506 1718 forsitau
539 1643 594 1694 in
623 1641 793 1694 cinere
827 1647 876 1693 et
917 1637 1086 1692 cilicio
1115 1638 1469 1708 paenitentiam
1511 1637 1734 1708 egissent

173 1733 359 1808 ()lattli.
392 1752 468 1802 xi,
499 1731 617 1802 2|)?
647 1731 752 1784 Aut
779 1740 874 1784 car
895 1730 947 1783 in
979 1728 1103 1782 Asia
1135 1736 1188 1782 ct
1227 1727 1473 1800 Bithynia
1504 1725 1736 1796 Aposto-

175 1834 256 1884 tum
290 1826 454 1882 vetuit
473 1824 694 1880 verbum
719 1821 905 1876 salutis
927 1820 1244 1873 annuntiare
1267 1819 1401 1889 (Act.
1437 1834 1540 1883 xvi,
1565 1819 1620 1885 ti,
1652 1818 1734 1885 7)?

226 1920 311 1978 ‘23.
341 1921 493 1988 Quod
522 1918 569 1973 si
608 1918 710 1972 ista
740 1922 1013 1983 nequeunt
1057 1911 1464 1981 comprehendi,
1517 1911 1738 1966 redeant

176 2018 223 2072 ad
245 2031 325 2079 se,
351 2023 406 2068 et
431 2010 769 2067 invenientes
795 2021 852 2062 se
883 2004 1150 2067 homines,
1202 2002 1455 2058 desinant
1497 2016 1739 2071 qurercre

174 2124 246 2164 cur
275 2107 400 2161 alios
426 2103 599 2158 salvct
623 2099 857 2168 gratuito
883 2096 1048 2161 dono,
1080 2095 1215 2150 alios
1234 2093 1572 2163 derelinquat
1591 2092 1738 2162 justo

174 2209 214 2255 ct
233 2197 436 2255 occulto
461 2191 686 2263 judicio,
732 2191 822 2260 qui
871 2195 1193 2258 potestatem
1224 2185 1386 2240 habet
1432 2201 1498 2240 ex
1548 2183 1736 2239 eadem

174 2305 320 2346 massa
347 2285 489 2341 aliud
519 2300 613 2338 vas
640 2281 816 2336 facere
869 2279 918 2334 in
951 2280 1236 2345 honorem,
1272 2275 1416 2331 aliud
1447 2275 1499 2330 in
1541 2285 1732 2331 contu-

173 2381 390 2443 meliam;
415 2384 470 2430 et
497 2375 733 2430 clament
774 2385 876 2425 una
907 2369 1206 2430 nobiscum,
1254 2368 1362 2421 imo
1394 2368 1546 2437 juxta
1590 2367 1728 2436 Apo-

174 2473 381 2529 stolum:
434 2467 480 2520 υ
511 2465 732 2519 altitudo
775 2462 1070 2517 divitiarum
1109 2460 1380 2531 sapientia:
1421 2468 1470 2512 ct
1511 2458 1740 2511 scientia:

175 2563 286 2618 Dei!
305 2559 469 2626 Quam
498 2552 859 2612 inscrutabilia
884 2561 1003 2606 sunt
1017 2550 1221 2622 judicia
1243 2549 1374 2618 ejus,
1392 2557 1439 2600 et
1464 2547 1740 2616 investiga-

175 2655 277 2708 biles
303 2653 393 2706 via:
420 2649 568 2720 ejus!
592 2645 720 2710 Quis
741 2645 874 2699 enim
897 2642 1131 2713 cognorit
1152 2655 1356 2694 sensum
1386 2637 1631 2691 Domini?
1651 2646 1740 2689 unt

175 2748 268 2816 quis
293 2741 617 2798 consiliarius
663 2738 771 2806 ejus
805 2735 942 2806 fuit?
970 2744 1057 2786 ant
1083 2734 1195 2804 quis
1223 2731 1366 2800 prior
1395 2729 1533 2783 dedit
1563 2728 1661 2791 illi,
1691 2737 1740 2780 et

175 2839 449 2892 retribuetur
475 2833 560 2888 ei?
586 2831 832 2904 quoniam
862 2843 926 2882 ea:
967 2827 1100 2896 ipso,
1146 2834 1194 2879 et
1232 2841 1324 2894 per
1359 2821 1546 2892 ipsum,
1595 2831 1643 2873 et
1687 2821 1740 2872 in

175 2931 265 2999 ipso
299 2936 411 2982 sunt
465 2925 661 2979 omnia.
707 2918 817 2990 Ipsi
861 2918 1029 2990 glcria
1072 2918 1124 2970 in
1172 2915 1363 2970 sa'cula
1410 2913 1736 2967 sa'rulorum.

176 3027 311 3073 Amen
335 3017 510 3087 (liam.
546 3030 583 3078 ι,
624 3009 807 3075 53,5i
836 3019 885 3064 et
923 3007 1076 3080 seq.).
1125 3007 1408 3061 Manifesta
1453 3017 1580 3071 ergo
1633 3017 1732 3056 son

176 3126 316 3173 sonis,
359 3124 452 3162 suo
492 3106 776 3161 Arosrow
803 3102 1028 3158 omnino
1057 3100 1256 3155 resistit
1284 3098 1374 3168 qui
1411 3096 1540 3152 dicit
1574 3113 1586 3148 :
1631 3093 1741 3148 Nisi

1841 550 2141 605 Concilium
2173 551 2578 606 Milevitanum:
2619 571 2636 604 ι
2665 549 2876 618 Omnia,
2917 552 3111 621 inquit,
3143 553 3318 608 studia
3374 567 3430 609 et

1839 643 2018 696 omnia
2066 659 2228 712 opera
2273 659 2336 698 ac
2380 643 2573 697 merita
2626 652 2936 698 sanctorum
2978 644 3045 697 ad
3075 643 3172 699 Dei
3202 644 3429 713 gloriam

1838 732 2159 802 laudemque
2183 734 2464 789 referenda
2494 742 2617 788 sunt
2643 752 2655 786 :
2681 734 2806 803 quia
2829 750 2970 789 anno
2992 735 3042 788 ei
3065 733 3282 790 aliunde
3309 735 3428 806 pla-

1838 833 1943 888 cet,
1979 825 2078 878 nisi
2101 840 2164 878 cx
2195 840 2262 882 eo
2291 825 2435 894 quod
2465 825 2580 894 ipse
2601 825 2905 878 donaverit.
2930 844 2947 876 ι
2974 824 3128 890 Quod
3158 824 3323 896 284
3341 825 3429 880 di-

1839 912 2089 982 ligentius
2125 916 2570 984 manifestiusque
2617 915 2668 968 in
2708 915 2938 984 epistola
2983 931 3079 970 sua
3126 918 3194 970 ad
3233 933 3428 988 papam

1841 1006 2116 1060 Zozimum
2148 1016 2195 1073 ο,
2228 1005 2560 1077 replicando,
2606 1005 2772 1074 ipsius
2801 1021 2950 1076 papa:
2993 1007 3314 1062 sententiam
3342 1023 3432 1062 ex-

1839 1096 2042 1166 plicant
2085 1097 2331 1151 Atricana
2381 1096 2608 1151 concilia
2668 1089 2937 1151 dicendo:
2995 1115 3013 1148 ι
3058 1095 3191 1151 Illud
3247 1105 3428 1153 autem

1839 1188 1985 1257 quod
2016 1189 2068 1242 in
2094 1188 2286 1243 litteris
2309 1203 2444 1257 quas
2470 1187 2538 1241 ad
2569 1187 2846 1243 universas
2884 1187 3189 1258 provincias
3229 1189 3431 1244 curasti

1839 1295 1960 1336 esse
1983 1280 2292 1345 mittendas,
2323 1279 2570 1349 posuisti,
2613 1279 2837 1334 dicens:
2874 1277 2988 1334 Nos
3027 1290 3197 1334 tamen
3240 1281 3432 1335 instin-

1838 1382 1920 1424 ctu
1945 1371 2041 1425 Dei
2075 1372 2270 1441 (omnia
2294 1372 2428 1426 enim
2455 1370 2588 1425 bona
2613 1371 2683 1424 ad
2701 1380 2960 1426 auctorem
2987 1388 3133 1424 suum
3157 1372 3430 1443 referenda

1839 1471 1978 1528 sunt,
2019 1463 2154 1515 unde
2205 1464 2508 1530 nascuntur)
2556 1462 2626 1514 ad
2657 1463 2876 1532 fratrum
2918 1472 2968 1514 et
3011 1463 3428 1532 coepiscoporum

1840 1563 2130 1606 nostrorum
2161 1553 2526 1606 conscientiam
2557 1553 2793 1605 universa
2844 1551 3151 1605 retulimus:
3185 1553 3256 1604 sic
3285 1551 3395 1603 acri
3406 1581 3426 1590 -

1837 1645 2006 1712 pimus
2034 1643 2242 1705 dictum,
2268 1653 2322 1695 ut
2344 1643 2460 1696 illos
2480 1643 2566 1714 qui
2590 1651 2770 1696 contra
2799 1639 2894 1694 Dei
2918 1640 3232 1710 adjutorium
3263 1640 3429 1694 extol-

1838 1735 1949 1788 lunt
1979 1728 2180 1788 arbitrii
2221 1734 2525 1796 libertatem,
2564 1735 2798 1787 districto
2830 1734 3004 1804 gladio
3035 1733 3264 1787 veritatis
3293 1733 3427 1786 velut

1772 1845 1814 1903 Β
1839 1825 2030 1877 cursim
2051 1825 2308 1877 transiens
2339 1832 2658 1892 amputares.
2690 1820 2827 1885 Quid
2867 1823 3004 1875 enim
3039 1833 3142 1874 tam
3172 1822 3328 1875 libero
3359 1825 3430 1891 fe-

1838 1916 1954 1968 cisti
1984 1914 2221 1978 arbitrio,
2245 1931 2396 1984 quam
2415 1914 2552 1985 quod
2574 1914 2810 1966 universa
2839 1914 2890 1965 in
2913 1913 3216 1966 humilitatis
3238 1921 3430 1966 nostra:

1839 2007 2209 2060 conscientiam
2238 2006 2492 2059 retulisti?
2521 2015 2569 2057 et
2597 2015 2766 2057 tamen
2811 2004 3057 2056 instinctu
3098 2002 3195 2056 Dei
3236 2005 3429 2074 factum

1838 2098 2063 2168 ﬁdeliter
2111 2099 2465 2168 sapienterque
2543 2096 2748 2162 vidisti,
2806 2095 3054 2148 veraciter
3113 2092 3430 2164 fidenterque

1839 2191 2042 2258 dixisti,
2073 2192 2186 2245 ideo
2226 2191 2397 2260 utique
2425 2190 2544 2260 quia
2596 2195 2929 2259 praeparatur
2955 2185 3202 2239 voluntas
3253 2201 3280 2237 a
3324 2185 3431 2238 Do-

1841 2283 1987 2338 mino
2017 2284 2198 2354 (l’ror.
2242 2298 2354 2344 \‘III,
2398 2278 2490 2347 55,
2530 2295 2632 2332 sec.
2673 2276 2868 2346 LXX),
2893 2285 2942 2330 et
2980 2287 3034 2329 ut
3074 2276 3192 2329 boni
3235 2274 3432 2346 aliquid

1839 2383 2001 2444 agant
2029 2373 2260 2442 paternis
2283 2365 2704 2440 inspirationibus
2726 2383 2934 2420 suorum
2961 2367 3068 2436 ipse
3089 2366 3252 2436 tangit
3273 2367 3430 2419 corda

1839 2463 2066 2530 filiorum
2092 2476 2108 2513 :
2135 2459 2410 2529 Quotquot
2436 2458 2577 2510 enim
2606 2455 2808 2527 Spiritu
2839 2455 2934 2508 Dei
2965 2462 3212 2522 aguntur,
3245 2455 3298 2507 hi
3338 2452 3430 2508 lilii

1840 2564 1966 2609 sunt
1997 2553 2089 2606 Dei
2115 2551 2291 2621 (Rom.
2327 2565 2435 2612 vtu,
2465 2546 2576 2616 5-1),
2607 2555 2662 2600 ut
2701 2563 2792 2600 nec
2829 2555 3059 2600 nostrum
3108 2545 3282 2599 deesse
3310 2562 3429 2598 sen-

1842 2646 2030 2697 tiamus
2059 2640 2350 2706 arbitrium,
2379 2650 2428 2691 ct
2454 2639 2503 2691 in
2533 2637 2678 2692 bonis
2708 2635 2988 2706 quibusque
3029 2634 3304 2688 voluntatis
3333 2635 3430 2686 Iru~

1842 2752 2014 2790 inanti:
2062 2733 2279 2803 singulis
2327 2730 2544 2785 motibus
2610 2731 2776 2801 magis
2818 2729 2958 2782 illius
3003 2729 3282 2798 praveuire
3327 2746 3430 2782 uou

1842 2827 2128 2881 dubitemus
2156 2825 2413 2896 gratiam;
2444 2823 2580 2893 quod
2614 2824 2687 2875 ita
2731 2821 2867 2874 Deus
2891 2823 2943 2874 in
2995 2819 3230 2874 cordibus
3275 2820 3432 2874 horni-

1843 2936 1963 2974 num
1996 2929 2146 2983 atque
2194 2919 2246 2971 in
2276 2919 2387 2988 ipso
2417 2917 2578 2970 libero
2604 2924 2843 2984 Operetur
2881 2913 3120 2979 arbitrio,
3159 2922 3214 2966 ut
3250 2921 3432 2966 saneta

1843 3014 2110 3084 cogitatio,
2153 3013 2296 3082 pium
2343 3010 2634 3072 consilium,
2669 3008 2934 3078 omnisque
2964 3014 3130 3059 motus
3161 3005 3307 3058 bona:
3347 3020 3433 3057 ro-

1843 3104 2058 3158 tuutatis
2085 3118 2150 3156 ex
2178 3101 2291 3155 Deo
2317 3100 2404 3164 sit,
2435 3101 2555 3172 quia
2578 3117 2670 3169 per
2697 3099 2844 3152 illuni
2873 3096 3068 3169 aliquid
3103 3097 3222 3150 boni
3252 3111 3434 3165 possu-

177 3215 258 3268 τεο
282 3200 424 3271 prius
443 3196 693 3261 VOIIICI‘O,
725 3193 894 3262 gratia
919 3191 984 3246 illi
1008 3206 1093 3246 1110
1123 3206 1227 3244 11011
1254 3188 1418 3243 venit.
1446 3185 1599 3254 ριιοι]
1625 3201 1742 3240 0111·
1768 3209 1812 3270 C
1846 3213 1979 3260 mus,
2008 3196 2121 3247 sine
2149 3210 2246 3263 quo
2276 3193 2406 3246 nihil
2434 3207 2728 3262 μοδειιῃιιιδ,
2767 3208 2786 3241 ι

177 3295 283 3348 uino
311 3291 434 3346 nihil
465 3287 610 3343 aliud
645 3293 728 3341 cst
773 3283 977 3350 dicere,
1023 3282 1123 3337 nisi
1155 3280 1301 3351 prius
1330 3278 1459 3334 dare
1505 3277 1632 3343 Deo,
1682 3284 1741 3330 ut

179 3385 476 3438 retribuatur
503 3380 600 3434 illi.

249 3478 362 3532 Car.
394 3489 503 3529 vm.
539 3469 723 3525 Omnis
752 3478 919 3523 motus
949 3468 1096 3521 bona:
1125 3463 1398 3519 voluntatis
1427 3478 1492 3515 ex
1519 3459 1646 3515 Deo.
1671 3493 1742 3503 —-

179 3569 250 3623 2i.
292 3567 393 3622 Sed
434 3582 536 3622 nos
577 3569 864 3634 sequentes
904 3558 1149 3614 eumdem
1189 3556 1494 3627 apostolum
1525 3569 1739 3608 onmem

182 3662 409 3714 bonarmn
456 3654 843 3725 cogitationum
883 3649 1166 3719 originem,
1215 3645 1741 3712 conscnsioncmquc

182 3767 337 3806 earmn
366 3760 422 3815 λ,
453 3757 510 3805 et
557 3746 890 3802 voluntatem
921 3758 986 3798 ex
1027 3742 1138 3796 Deo
1167 3751 1221 3795 et
1250 3755 1348 3810 per
1387 3737 1575 3801 Dcmn,
1605 3746 1660 3792 ct
1688 3737 1740 3792 in

184 3842 273 3897 Deo
294 3841 536 3905 dicimus,
557 3837 649 3908 qui
680 3850 873 3906 pravas
895 3833 1172 3888 hominum
1199 3831 1524 3894 voluntates,
1550 3837 1605 3882 ct
1631 3837 1740 3882 ter-

183 3933 302 3987 renis
326 3931 529 3987 actibus
560 3927 879 3998 implicatas,
915 3939 1010 3993 per
1036 3921 1356 3976 inlusionem
1397 3928 1452 3973 ct
1494 3918 1744 3988 inopcra-

185 4023 354 4078 tionem
382 4021 409 4061 δ
441 4021 765 4075 intrinsecus
793 4015 962 4070 sancti
989 4013 1221 4085 Spiritus
1247 4010 1478 4066 absolvit
1527 4018 1583 4064 et
1622 4025 1743 4064 cor-

186 4117 301 4183 rigit,
346 4115 482 4169 sicut
531 4111 788 4180 scriptum
846 4117 976 4162 est:
1036 4104 1372 4173 l’ra'paratur
1426 4103 1662 4156 voluntas
1711 4116 1743 4152 a

189 4206 401 4262 Domino.

239 4298 319 4353 25.
349 4296 483 4352 llinc
505 4294 669 4350 etiam
698 4293 889 4346 beatus
910 4287 1136 4343 Basilius
1157 4285 1502 4341 Caesariensis
1529 4284 1743 4354 cpisco-

185 4406 280 4458 pus,
308 4391 358 4444 in
387 4388 633 4443 oratione
661 4383 800 4438 sacri
849 4381 1054 4446 altaris,
1086 4395 1246 4448 quam
1277 4393 1416 4448 pene
1460 4377 1745 4432 universus

186 4485 463 4552 frequentat
517 4479 727 4541 Oriens,
779 4475 917 4530 inter
943 4482 1185 4530 czetera:
1238 4489 1256 4522 ι
1311 4470 1459 4524 Dona
1503 4469 1737 4540 (inquit),

1909 3285 1996 3338 27.
2031 3283 2124 3338 llis
2153 3296 2391 3352 congrue
2420 3280 2760 3336 beatissimus
2781 3277 3102 3334 leestinus
3128 3277 3181 3332 in
3208 3277 3434 3348 epistola

1844 3381 1983 3450 (cap.
2013 3377 2098 3445 ll)
2131 3377 2196 3430 ad
2227 3376 2410 3431 Gallos
2442 3375 2604 3428 data:
2647 3392 2663 3424 ι
2699 3370 2834 3426 Cum
2863 3371 3026 3434 enim,
3070 3370 3260 3439 inquit,
3305 3385 3433 3424 san-

1841 3483 2047 3526 ctarum
2073 3469 2307 3540 plebium
2335 3467 2594 3539 pmsulcs
2621 3465 2873 3519 mandata
2895 3464 2996 3518 sibi
3025 3463 3292 3532 legatione
3314 3463 3436 3516 fun-

1842 3570 2042 3630 gnntur
2071 3557 2096 3596 «³
2129 3559 2272 3629 apud
2300 3557 2536 3612 divinam
2565 3554 2928 3618 clementiam,
2970 3552 3188 3606 humani
3222 3552 3436 3621 generis

1843 3661 2010 3721 agunt
2035 3665 2274 3714 causam,
2307 3658 2363 3703 ct
2391 3656 2502 3702 tota
2524 3659 2706 3700 secum
2740 3641 2978 3698 Ecclesia
3006 3643 3435 3709 congemisceute

1845 3745 2120 3816 postulant
2149 3751 2202 3797 et
2224 3747 2511 3812 precantur
2533 3746 2594 3792 nt
2614 3733 2918 3791 infidelibus
2949 3733 3178 3788 donetur
3208 3731 3355 3798 Iides,
3377 3741 3436 3786 ut

1846 3836 2145 3893 idololatrm
2174 3835 2242 3890 ab
2271 3832 2596 3889 infidelitatis
2608 3843 2718 3884 sua:
2738 3827 3034 3883 liberentur
3057 3826 3347 3890 erroribus,
3377 3835 3435 3879 ut

1845 3927 2058 3989 1ιιι1ιυίδ.
2093 3926 2273 3981 ablato
2312 3922 2492 3979 cordis
2522 3921 2808 3988 velamine,
2852 3920 2942 3974 lux
2982 3919 3222 3976 veritatis
3269 3934 3435 3988 appa-

1845 4029 1983 4087 reat,
2029 4027 2088 4073 ut
2133 4017 2366 4072 luerctici
2403 4013 2683 4069 catholica:
2723 4009 2847 4067 ﬁdei
2901 4012 3248 4082 perceptione
3295 4011 3432 4065 resi-

1845 4114 2074 4184 piscant,
2099 4117 2158 4165 ut
2179 4105 2504 4165 schismatici
2528 4105 2776 4175 spiritum
2806 4103 3054 4158 rediviva:
3079 4102 3318 4158 caritatis
3341 4117 3434 4156 ac-

1847 4204 2068 4274 cipiant,
2113 4211 2172 4256 ut
2219 4200 2382 4270 lapsis
2419 4197 2750 4268 poenitentia:
2777 4194 3015 4250 remedia
3063 4192 3431 4256 conferantur,

1850 4305 1908 4350 ut
1946 4295 2178 4364 denique
2218 4288 2620 4347 catcchumenis
2668 4285 2735 4341 ad
2783 4284 3207 4353 regenerationis
3251 4298 3436 4338 sacra-

1848 4393 2028 4440 menta
2055 4381 2342 4453 perductis,
2392 4378 2624 4434 cmlestis
2661 4375 3039 4431 misericordim
3077 4375 3195 4427 aula
3229 4389 3436 4429 resere-

1850 4486 1953 4531 tur.
1986 4475 2111 4529 llaec
2149 4481 2327 4527 autem
2360 4486 2467 4526 non
2509 4467 2874 4540 perlunctorie
2921 4480 3094 4533 neque
3136 4465 3362 4518 inaniter
3403 4479 3433 4517 a

187 4572 403 4641 Domine,
432 4572 682 4626 virtutem
708 4581 771 4621 ac
806 4573 1162 4620 tutamentum
1195 4581 1207 4614 :
1244 4562 1413 4615 malos
1437 4575 1746 4630 quaesumus
1775 4579 1822 4639 ι)
1851 4566 2078 4621 Domino
2133 4563 2242 4632 peti
2287 4571 2310 4599 ο
2360 4575 2538 4615 rerum
2587 4557 2821 4628 ipsarum
2873 4563 3134 4610 monstrat
3188 4552 3431 4618 eﬂcctus,

185 4662 331 4718 bonos
383 4661 567 4722 facito,
617 4660 787 4714 bonos
840 4657 892 4711 in
940 4653 1182 4709 bonitate
1225 4668 1508 4715 conserva,
1565 4649 1745 4703 omnia

185 4755 302 4808 enim
332 4763 509 4825 potes,
560 4760 614 4805 ct
663 4767 771 4805 non
819 4758 902 4803 cst
949 4747 1038 4818 qui
1081 4741 1418 4801 contradicat
1470 4743 1593 4804 tibi;
1626 4757 1746 4796 cum

185 4846 304 4900 enim
347 4845 586 4900 volucris
633 4843 831 4907 salvas,
883 4850 938 4896 ct
1006 4837 1180 4893 nullus
1227 4835 1431 4890 resistit
1483 4831 1748 4889 voluntati

187 4944 286 4991 tum.
312 4957 329 4989 ι
359 4936 497 4991 Ecce
519 4949 680 5005 quam
704 4933 958 4995 breviter,
980 4943 1251 4999 quamque
1288 4924 1528 4980 districtc
1559 4921 1750 4978 doctor

185 5028 404 5096 egregius
431 5026 562 5081 olim
593 5024 714 5078 hnic
744 5021 1123 5078 eontrover.~i;e
1147 5019 1303 5071 tinem
1325 5014 1521 5086 posuit,
1547 5015 1750 5069 docens

185 5132 266 5186 per
286 5119 418 5174 hanc
459 5130 705 5188 precem,
755 5128 862 5166 non
904 5126 934 5166 a
989 5109 1202 5180 seipsis,
1235 5106 1329 5162 scd
1374 5126 1402 5160 ιι
1436 5106 1546 5161 Deo
1578 5103 1752 5161 malos

183 5207 404 5265 homines
426 5209 606 5264 bonos
625 5205 738 5260 licri
761 5222 774 5268 ;
807 5219 904 5258 nec
931 5217 1027 5258 sua
1049 5209 1268 5264 vn-tutc,
1293 5197 1386 5254 sed
1413 5197 1605 5253 divinze
1627 5211 1750 5265 gra-

185 5301 259 5354 tim
285 5298 551 5371 adjutorio
581 5297 632 5351 in
668 5295 781 5366 ipsa
803 5293 1049 5348 bonitate
1081 5303 1451 5363 perseverare.

239 5389 319 5443 ‘26.
351 5388 612 5444 Similiter
648 5385 836 5438 beatus
868 5381 1215 5437 Innocentius
1253 5376 1561 5433 apostolicae
1610 5373 1754 5430 sedis

246 5594 267 5621 ³
293 5583 450 5645 Editi,
473 5597 650 5636 earum
674 5577 1082 5650 confessionem;
1114 5573 1212 5629 sed
1241 5572 1442 5628 rectius
1472 5585 1596 5633 nis.,
1631 5585 1752 5622 ron-

183 5657 552 5724 sensionemque
579 5666 776 5724 earttm.

246 5725 386 5780 δ-ὃὶε
409 5715 535 5786 ius;
572 5732 627 5776 at
657 5721 708 5776 in
739 5718 971 5783 excusis,
1001 5727 1051 5769 et
1067 5715 1444 5786 operationem.

248 5794 433 5865 cEditi,
444 5794 514 5847 ad
524 5782 711 5864 papam
735 5782 1040 5856 lioruamtm‘;
1054 5782 1153 5841 ms.
1163 5785 1253 5852 ,ad
1261 5799 1450 5853 papam
1465 5782 1538 5838 lo
1548 5783 1730 5836 simum

1851 4652 2282 4728 quandoquidem
2322 4665 2389 4704 es
2436 4648 2582 4702 omni
2635 4661 2880 4702 errorum
2926 4657 3123 4713 genere
3178 4643 3436 4712 plurimos

1851 4747 2102 4814 dignatur
2127 4741 2420 4802 attrahere,
2459 4753 2596 4807 quos
2636 4750 2832 4790 erucas
2873 4734 2942 4789 de
2975 4740 3244 4803 potestate
3284 4739 3436 4785 tene-

1853 4841 2096 4905 brarum,
2128 4831 2382 4890 transfert
2409 4832 2463 4886 in
2487 4842 2707 4897 regnum
2731 4827 2823 4881 lilii
2851 4826 3090 4881 caritatis
3127 4839 3257 4890 stuc,
3285 4830 3340 4878 et
3367 4837 3434 4877 ex

1856 4931 1996 4986 vasis
2023 4930 2114 4983 ira!
2142 4925 2268 4981 facit
2294 4940 2422 4979 vasa
2456 4918 2858 4976 misericordia).
2893 4916 3046 4983 Quod
3089 4914 3228 4968 adeo
3263 4922 3436 4969 totum

1854 5021 2020 5078 divini
2046 5019 2227 5091 operis
2255 5032 2372 5073 esse
2401 5014 2648 5079 sentitur,
2680 5019 2738 5066 ut
2755 5011 2870 5065 haec
2897 5007 3148 5064 eflieienti
3177 5008 3285 5063 Deo
3315 5020 3439 5078 gra-

1855 5116 2047 5168 tiarum
2077 5125 2290 5180 semper
2313 5107 2453 5163 actio
2488 5103 2766 5173 laudisque
2803 5099 3071 5156 confessio
3104 5114 3201 5168 pro
3244 5097 3442 5152 illumi-

1858 5207 2077 5262 natione
2129 5203 2316 5258 talium
2358 5199 2444 5255 vel
2473 5195 2811 5253 correctione
2845 5190 3130 5247 referatur.
3168 5210 3186 5242 ι
3236 5189 3442 5244 Rursus

1855 5308 1978 5373 post
2004 5312 2205 5370 pauca:
2244 5314 2261 5348 ι
2300 5294 2394 5348 liis
2421 5305 2551 5360 ergo
2583 5288 2779 5358 (inquit
2801 5285 3026 5361 (Calen,
3050 5302 3168 5354 cap.
3193 5281 3321 5353 12])
3352 5297 3442 5338 ec-

1856 5389 2168 5448 clesiasticis
2190 5387 2385 5457 regulis
2421 5394 2474 5440 et
2527 5399 2591 5438 ex
2635 5381 2816 5436 divina
2857 5379 3083 5450 sumptis
3121 5376 3444 5432 auctoritate

1936 5565 1962 5604 ά
1986 5561 2144 5625 Editi,
2174 5561 2477 5632 fungantur.

1935 5646 1958 5673 ε
1983 5632 2071 5708 δὶα
2097 5621 2194 5686 ιιιέ.
2213 5621 2434 5708 et'editi,
2458 5622 2863 5708 pnetchasil...
2967 5635 3075 5708 quo
3101 5621 3315 5702 legitur,
3343 5632 3443 5672 ne.

1859 5723 1954 5778 que
1981 5705 2206 5760 inaniter
2245 5717 2274 5753 a
2314 5691 2538 5778 Domino
2579 5695 2698 5765 peti,
2732 5693 2822 5747 sed
2858 5691 3152 5762 efﬁcaciter,
3203 5691 3438 5760 ipsarum

1859 5766 2066 5841 precum
2085 5779 2338 5828 monstrat
2360 5766 2588 5834 eiectus.
