4066 6346
534 346 628 417 ιδ]
1572 346 1627 400 s.
1667 340 2026 417 succuum
2065 339 2366 417 ειιιεεοιδι
2404 343 2783 417 nusreasts
2820 415 2826 417 Α
2998 416 3005 417 ί
3688 339 3802 410 25s

470 466 478 477 .
534 410 888 485 documentis,
920 420 994 476 ita
1024 418 1310 489 adiuvante
1335 417 1560 472 Domino
1581 412 1881 469 conﬁrmati
1907 426 2110 474 sumus,
2146 418 2195 475 Α
2293 410 2475 470 ΟΑΡυτ
2496 431 2532 470 ι.
2567 413 2730 470 Recta
2750 415 2880 489 ﬁdes
2910 418 2963 469 in
2985 416 3082 470 hac
3111 418 3213 471 vita
3239 419 3381 473 salus
3407 426 3483 474 est
3514 420 3797 479 hominum.

478 499 482 511 ³
534 519 591 570 ιιι
628 508 869 566 omnium
923 515 1187 565 bonorum
1236 506 1519 562 affectuum
1563 512 1725 572 alque
1762 516 2010 574 operum,
2061 509 2116 557 et

533 603 772 657 omnium
799 599 1097 656 studiorum
1127 597 1471 665 omniumque
1508 594 1784 656 virtutum,
1815 592 2011 662 quibus
2050 591 2117 647 ab

533 691 688 747 initio
714 691 835 747 ﬁdei
861 691 927 745 ad
956 690 1121 745 Deum
1151 686 1410 752 tenditur,
1436 685 1604 741 Deum
1633 680 1985 756 proﬁteamur
2023 696 2117 736 au-

533 792 769 850 ctorem;
799 791 855 838 et
881 796 981 837 non
1010 792 1304 836 nuntrsuus
1329 780 1396 835 ab
1426 779 1593 850 ipsius
1615 777 1784 846 gratia
1815 775 1991 830 omnis
2014 775 2117 828 ho-

534 875 693 931 minis
720 873 912 928 merita
941 871 1242 942 praeveniri,
1274 886 1373 942 per
1394 885 1552 940 quem
1578 870 1633 922 ﬁt
1652 879 1709 922 ut
1737 867 1935 936 aliquid
1969 865 2118 933 boni,

533 976 590 1024 et
620 964 754 1020 velle
782 963 1098 1033 incipiamus
1121 971 1175 1017 et
1212 960 1411 1018 facere.
1446 960 1565 1028 Quo
1604 961 1788 1030 utique
1831 958 2032 1013 auxilio
2066 965 2123 1012 et

532 1070 756 1111 munere
791 1053 886 1110 Dei
920 1070 1024 1109 non
1061 1064 1345 1108 aurunr‘un
1387 1067 1617 1107 Ltnsnun
1660 1066 1981 1113 Αιιιιιτιιιυιι,
2021 1064 2120 1104 seu

532 1163 854 1213 LIBERATUB,
886 1155 944 1201 ut
962 1145 1029 1201 de
1059 1145 1347 1200 tenebroso
1367 1144 1632 1208 lucidum,
1663 1143 1822 1214 283
1856 1141 1922 1196 de
1954 1155 2121 1210 pravo

531 1247 759 1304 rectum,
782 1238 850 1293 de
875 1237 1126 1306 languido
1155 1250 1366 1303 sanum,
1395 1235 1462 1290 de
1496 1233 1818 1303 imprudenti
1840 1232 1908 1287 sit
1943 1231 2123 1302 provi-

532 1328 676 1383 dum.
719 1347 738 1380 ι
772 1325 1049 1381 Terminat
1071 1333 1251 1380 autem
1272 1324 1410 1380 idem
1438 1324 1690 1392 magister
1710 1321 1915 1393 (Idem,
1942 1337 1996 1374 νε.
2031 1315 2120 1391 15)

533 1416 672 1476 hanc
714 1420 884 1490 ipsam
925 1418 1228 1488 epistolam,
1278 1424 1440 1487 atque
1474 1415 1744 1471 concludit
1780 1415 1873 1478 ita,
1902 1412 2118 1469 dicens:

538 1525 558 1559 ι
594 1507 728 1575 Quia
762 1508 831 1563 ad
867 1506 1226 1563 conﬁtendam
1256 1507 1480 1577 gratiam
1520 1506 1637 1574 Dei,
1675 1505 1828 1575 cujus
1855 1505 2007 1575 operi
2058 1519 2123 1560 ac

532 1599 829 1669 dignationi
853 1600 985 1654 nihil
1010 1600 1225 1669 penitus
1252 1598 1674 1654 subtrahendum
1708 1606 1810 1662 est,
1851 1598 1981 1652 satis
2013 1595 2124 1651 suf-

533 1687 696 1746 ﬁcere
721 1689 1009 1755 credimus,
1037 1688 1294 1758 quidquid
1321 1688 1615 1743 secundum
1648 1687 1932 1758 praedictas
1963 1702 2125 1757 regu-

2218 536 2288 547 —
2310 505 2577 563 LBeatus
2599 506 2765 563 frater
2792 506 3242 577 nosterJoannes,
3276 510 3532 589 diaconus
3560 530 3591 570 a
3623 526 3800 575 vestra

2217 607 2478 655 societate
2512 600 2767 667 directus,
2799 601 3009 659 litteras
3035 602 3190 658 nobis
3226 619 3359 673 quas
3396 606 3618 664 misistis
3652 611 3803 667 exhi-

2220 684 2354 756 buit,
2405 692 2599 762 quibus
2632 694 2933 760 recensitis,
2983 707 3218 751 vestram
3270 698 3428 753 simul
3465 700 3701 764 alacres.
3747 716 3806 762 et

2222 781 2379 838 ﬁdem
2403 784 2774 853 cognovimus,
2802 793 2856 839 ct
2884 784 3144 840 salutem:
3176 786 3284 842 imo
3314 787 3366 843 in
3391 791 3662 858 agnitione
3682 793 3803 851 ﬁdei

2219 884 2398 929 vestra
2437 875 2592 930 nobis
2621 875 2765 930 salus
2807 876 3057 935 innotuit.
3091 876 3219 944 Qua:
3261 879 3403 934 enim
3431 896 3558 935 vera
3604 883 3659 940 in
3706 885 3807 941 hac

2223 968 2329 1023 vita
2358 969 2503 1025 salus
2525 977 2607 1024 est
2629 969 2926 1036 hominum,
2950 970 3052 1025 nisi
3072 979 3220 1026 recta
3241 972 3294 1026 in
3319 971 3486 1029 Deum
3515 972 3665 1043 ﬁdes,
3689 992 3809 1046 qutt-

2216 1077 2319 1132 per
2344 1062 2623 1116 caritatem
2649 1071 2925 1133 Ope-ratur,
2953 1077 3052 1132 per
3096 1079 3256 1137 quam
3292 1081 3392 1122 nos
3427 1067 3597 1135 gratia
3631 1068 3808 1126 divina

2220 1153 2458 1207 salvatos
2485 1152 2795 1221 Apostoliea
2824 1161 3052 1209 testatur
3082 1155 3395 1219 auctoritas,
3432 1156 3651 1213 dicens:
3676 1158 3812 1214 Gra-

2223 1244 2295 1297 tia
2351 1243 2482 1298 saivi
2512 1246 2637 1315 facti
2671 1246 2793 1298 estis
2822 1262 2914 1315 per
2945 1245 3122 1316 ﬁdem,
3163 1257 3213 1302 et
3253 1248 3350 1302 hoc
3380 1266 3483 1305 non
3524 1268 3589 1306 ea:
3627 1252 3767 1309 robis
3791 1274 3809 1308 .-

2224 1333 2322 1390 Dei
2344 1337 2481 1389 enim
2508 1334 2701 1391 donum
2728 1345 2823 1401 est,
2855 1354 2957 1392 non
2987 1354 3053 1392 ea:
3087 1340 3346 1409 aperibus,
3387 1352 3441 1396 ut
3479 1361 3544 1398 ne
3569 1346 3683 1416 quis
3720 1364 3814 1403 ex-

2223 1425 2436 1480 tollatur
2467 1425 2683 1498 (Ephes.
2710 1443 2765 1492 ιι,
2796 1425 2871 1498 8).
2905 1426 2974 1482 Ει
3001 1430 3120 1498 quia
3152 1432 3348 1491 caritas
3380 1441 3543 1505 recte
3570 1435 3691 1491 ﬁdei
3718 1434 3814 1493 dc-

2223 1514 2317 1570 bct
2340 1515 2541 1585 iugiter
2566 1516 2864 1585 adltrcrcre,
2892 1533 3011 1587 qua:
3035 1520 3213 1575 studio
3243 1531 3405 1592 atque
3441 1523 3683 1582 efﬁcacia
3712 1528 3814 1583 bo.

2216 1622 2414 1662 norum
2448 1623 2672 1680 operum
2726 1611 2969 1681 cooperit
3004 1611 3397 1668 multitudinem
3446 1626 3812 1691 peccatorum,

2227 1697 2348 1754 ideo
2379 1698 2579 1755 Doctor
2606 1702 2843 1769 gentium
2871 1702 2924 1756 in
2954 1702 3057 1758 ﬁde
3080 1712 3135 1758 et
3160 1706 3504 1770 veritate,.ne
3545 1710 3671 1780 quid
3712 1711 3815 1768 sibi

532 1777 610 1833 las
638 1779 948 1851 apostolicae
972 1776 1112 1875 sedis
1136 1793 1236 1875 nos
1261 1778 1461 1848 scripta
1481 1776 1800 1875 docuerunt.
1826 1785 1880 1832 ul
1897 1791 2120 1847 prorsus
2151 1783 2195 1841 Β
2222 1788 2442 1845 humani
2471 1792 2697 1846 tumoris
2731 1791 2955 1847 auderet
2999 1795 3306 1869 arrogantia
3358 1776 3650 1868 vindicare,
3690 1811 3817 1875 post

532 1885 643 1925 non
672 1870 957 1939 opinemur
983 1868 1335 1929 catholicum.
1367 1867 1511 1937 quod
1551 1871 1860 1940 apparuerit
1892 1868 2124 1939 prceﬁxis

531 1962 815 2017 sententiis
858 1975 980 2015 esse
1025 1961 1378 2016 contrarium.
1414 1979 1432 2012 ι
1466 1959 1613 2029 limo,
1647 1960 1990 2027 sanctissimi,
2015 1975 2121 2014 non

533 2052 685 2123 quasi
716 2051 1085 2122 ignorantibus
1114 2064 1402 2120 suggerere
1435 2052 1794 2108 necessarium
1832 2051 2124 2106 :cstimavi-

535 2159 675 2210 mus,
708 2142 801 2199 sed
828 2143 893 2198 ad
918 2141 1302 2199 confutandam
1336 2157 1523 2197 eorum
1550 2142 1841 2197 amentiam
1862 2143 1954 2211 qui
1979 2156 2043 2195 ea
2068 2148 2126 2195 ut

532 2250 672 2290 nova
729 2234 979 2302 dogmata
1019 2239 1072 2288 et
1101 2233 1317 2303 penitus
1358 2232 1454 2298 (al.
1487 2232 1643 2303 pene)
1684 2230 1939 2287 Ecclesiis
1980 2231 2127 2286 inau-

531 2327 642 2381 dita
664 2324 949 2393 rclugiunt,
981 2325 1107 2383 huic
1129 2324 1407 2396 parvitatis
1435 2332 1634 2378 nostra:
1664 2322 1844 2378 libello
1886 2323 2126 2378 inserere

534 2415 665 2471 utile
680 2414 1054 2485 indicavimus.

602 2505 692 2561 28.
732 2506 973 2573 Quorum
1019 2507 1258 2561 omnium
1299 2514 1608 2561 sanctorum
1658 2504 1879 2562 Patrum
1936 2506 2125 2562 imbuti

531 2599 814 2666 doctrinis,
845 2599 1359 2653 anathematizamus
1388 2597 1663 2667 Pelagium
1703 2607 1754 2655 et
1789 2597 2124 2666 leestium,

533 2692 692 2750 simul
722 2692 883 2747 etiam
904 2691 1171 2748 Julianum
1193 2691 1557 2756 Edancnsem,
1589 2702 1645 2747 et
1673 2693 1761 2762 qui
1797 2693 1901 2747 illis
1932 2692 2125 2746 similia

532 2786 774 2858 sapiunt;
804 2785 1071 2856 pra-cipue
1104 2785 1270 2843 libros
1289 2784 1471 2840 Fausti
1497 2783 1789 2839 Galliarum
1820 2782 2057 2856 episcopi
2078 2793 2124 2848 ι’,

531 2877 625 2948 qui
653 2877 721 2932 de
742 2877 1072 2932 monasterio
1104 2875 1364 2931 Lirinensi
1389 2884 1677 2945 provectus
1706 2882 1809 2941 est,
1840 2890 1977 2945 quos
1999 2889 2127 2928 con-

535 2977 616 3022 tra
670 2966 1159 3040 prmdestinationis
1208 2967 1531 3021 sententiam
1574 2966 1806 3037 scriptos
1859 2979 1979 3019 esse
2019 2978 2125 3018 non

534 3060 753 3115 dubium
770 3066 869 3114 est.
885 3058 942 3114 in
958 3057 1148 3127 quibus
1163 3073 1270 3112 non
1290 3057 1462 3112 solum
1475 3064 1662 3110 contra
1677 3053 1868 3110 horum
1886 3053 2124 3108 omnium

2226 1881 2753 1938 commendationem
2793 1883 2936 1952 ﬁdei,
2967 1901 3066 1957 per
3102 1901 3262 1956 quam
3303 1889 3471 1958 gratis
3511 1892 3644 1947 salvi
3688 1891 3814 1953 facti

2226 1986 2430 2035 sumus,
2490 1987 2715 2045 operum
2754 1985 2972 2045 quoque
3010 1974 3274 2031 bonorum
3314 1979 3540 2047 gratiam
3588 1983 3818 2045 muneri-

2227 2063 2329 2119 bus
2359 2064 2556 2119 divina:
2584 2065 2929 2134 benignitatis
2958 2069 3258 2137 assignans,
3287 2070 3678 2142 subscqucnter
3722 2077 3817 2135 ad-

2220 2144 2437 2223 iunxit:
2477 2152 2649 2221 Ipsius
2675 2157 2811 2209 enim
2840 2174 3014 2211 sumus
3062 2160 3284 2231 factum,
3334 2173 3495 2216 creati
3530 2164 3583 2217 in
3613 2161 3819 2223 Christo
3854 2154 3857 2155 ν

2225 2244 2347 2300 Jesrt
2377 2252 2429 2301 in
2452 2247 2693 2317 aperibus
2722 2246 2892 2317 bonis,
2923 2267 3037 2319 qua:
3065 2255 3376 2323 prtrpnrarit
3403 2257 3560 2328 237
3582 2254 3821 2327 Deus,ut

2228 2339 2278 2391 in
2305 2338 2413 2393 illis
2435 2337 2753 2391 ambulemus
2778 2338 2964 2410 (Ibid.,
2992 2340 3101 2411 10).
3133 2341 3190 2397 lu
3213 2343 3292 2397 eis
3310 2360 3405 2398 vos
3424 2344 3536 2399 Deo
3557 2345 3822 2415 dirigenlc

2227 2428 2526 2494 ambulare,
2554 2427 2669 2498 ipso
2703 2444 2883 2484 rerum
2908 2429 3205 2497 gaudenms
3219 2430 3432 2487 effectu.
3459 2433 3825 2491 Sollicitudine

2227 2520 2426 2593 quippe
2452 2537 2553 2575 non
2575 2523 2731 2593 pigri,
2772 2531 2826 2576 et
2856 2522 3057 2594 Spiritu
3090 2526 3340 2587 [eruentes
3375 2527 3549 2597 (Rom.
3574 2546 3667 2595 xu,
3710 2531 3816 2596 lii,

2226 2627 2335 2682 quo
2361 2612 2649 2667 devotione
2676 2612 3029 2668 laudabiliore
3056 2600 3285 2672 Domino
3303 2620 3517 2675 servitis
3534 2661 3550 2686 ,
3587 2637 3656 2677 eo
3677 2623 3821 2679 cari-

2229 2709 2313 2756 tas
2342 2701 2408 2757 de
2438 2701 2602 2756 corde
2632 2718 2788 2775 puro,
2830 2714 2886 2757 et
2934 2707 3267 2762 conscientia
3296 2708 3460 2778 bona,
3490 2720 3545 2765 et
3582 2712 3686 2768 ﬁdc
3711 2730 3821 2775 non

2230 2791 2376 2860 ﬁcta,
2429 2809 2529 2847 nis
2577 2793 2793 2862 instigat
2848 2810 2946 2865 pro
3004 2794 3125 2849 ﬁdei
3175 2800 3552 2856 communione
3615 2803 3824 2873 plenius

2229 2881 2565 2953 agnoscenda
2597 2884 2761 2938 vestri
2807 2886 3016 2940 consilii
3044 2897 3251 2944 secreta
3285 2901 3308 2927 ε
3334 2894 3662 2963 perquirere.
3685 2896 3826 2964 Quia

2230 2976 2393 3043 igitur
2422 2991 2602 3032 sermo
2640 2976 2736 3032 Dei
2785 2988 3004 3035 nonest
3043 2980 3288 3048 alligatus
3322 2983 3411 3054 (II
3457 2985 3588 3041 Tim.
3618 3006 3697 3054 λιι,
3745 2990 3822 3056 9},

2227 3067 2320 3136 qui
2351 3066 2505 3121 vivus
2546 3079 2630 3122 est
2674 3076 2727 3122 et
2773 3070 2963 3125 efﬁcax
2994 3070 3157 3141 (Πρὸ.
3198 3090 3268 3140 tv,
3316 3075 3424 3147 12),
3470 3079 3677 3136 idcirco
3725 3070 3826 3139 nos

536 3160 842 3208 sanctorum
859 3147 1098 3211 Patrum,
1121 3147 1865 3218 verumetiamcontraipsins
1887 3144 2129 3215 Apostoli
2157 3144 2204 3205 C
2234 3172 2450 3228 quoque
2505 3174 2567 3214 ea
2605 3174 2723 3229 qua:
2769 3161 2836 3215 de
2892 3162 3261 3220 incarnatione
3313 3144 3392 3223 ac?
3422 3169 3827 3240 dispensatione

536 3241 880 3298 traditionem
911 3238 937 3277 δ
968 3239 1209 3304 veniens,
1239 3238 1475 3292 humano
1505 3236 1673 3292 labori
1704 3236 1974 3305 subiungit
1999 3250 2121 3305 gra-

539 3331 625 3388 tia:
647 3330 994 3400 adiutorium,
1022 3337 1183 3399 atque
1204 3337 1371 3383 totam
1394 3328 1612 3383 omnino
1639 3326 1837 3383 Christi
1858 3342 2123 3382 evacuans

537 3422 785 3494 gratiam,
808 3422 1059 3493 antiquos
1084 3428 1299 3475 sanctos
1334 3435 1444 3475 non
1473 3433 1535 3474 ea
1563 3418 1733 3488 gratia
1774 3433 1878 3489 qua
1909 3425 1965 3472 et
1998 3432 2119 3479 nos,

538 3514 831 3573 secundum
868 3514 1011 3584 quod
1044 3512 1204 3569 docet
1235 3511 1577 3566 beatissimus
1614 3509 1807 3566 Petrus
1847 3509 2124 3581 apostolus

539 3607 677 3676 (Act.
712 3625 801 3672 xv,
836 3605 946 3678 ll),
970 3605 1065 3661 sed
1090 3614 1298 3661 naturte
1326 3604 1941 3676 possibilitatesalvatos
1964 3602 2124 3672 impie

539 3695 837 3771 proﬁtetur.

609 3810 803 3866 Petrus
829 3807 1196 3864 misericordia
1225 3808 1317 3861 Dei
1350 3806 1612 3862 diaconus
1650 3806 1985 3878 subscripsit,

609 3902 844 3959 Joannes
865 3900 1231 3956 misericordia
1252 3899 1347 3953 Dei
1378 3900 1675 3955 monachus
1696 3898 2028 3970 subscripsit,

613 3991 868 4047 Leontius
905 3990 1276 4046 misericordia
1312 3991 1408 4044 Dei
1456 3991 1753 4046 monachus
1789 3990 2124 4062 subscripsit,

607 4081 842 4138 Joannes
862 4082 1035 4138 lector
1061 4081 1429 4137 misericordia
1459 4081 1554 4136 Dei
1578 4083 1910 4155 subscripsit.

1020 4215 1183 4288 233
1219 4214 1548 4271 EPISTOLA
1588 4216 1757 4281 xvn,

541 4343 637 4381 SEU
667 4344 695 4383 ι.
721 4343 819 4380 ιιειι
844 4341 891 4381 8.
925 4341 1207 4382 ευιςεκτιι
1234 4343 1303 4382 ΕΤ
1329 4341 1560 4382 Αιιῡῐιυιι
1600 4344 1884 4391 ριῖικυεςιιι
1918 4344 2129 4385 EPISCO-

1064 4434 1237 4474 POBUM
1259 4435 1651 4485 AFRICANORUH,
1690 4472 1703 4487 χ

2226 3245 2438 3302 Domini
2480 3249 2651 3303 nostri
2677 3247 2801 3304 Jesu
2830 3248 3049 3319 Christi,
3083 3263 3136 3309 et
3165 3255 3234 3310 de
3270 3258 3440 3324 gratia
3482 3262 3627 3331 (quin
3659 3245 3827 3330 gratis

2225 3337 2457 3409 indignis
2487 3341 2559 3395 ita
2592 3342 2866 3408 tribuitur,
2900 3352 2958 3398 ut
2985 3344 3101 3414 ipsa
3129 3344 3181 3401 in
3212 3348 3388 3416 nobis,
3418 3358 3473 3407 ct
3512 3354 3823 3423 exordium,

2224 3440 2280 3487 et
2300 3431 2598 3504 profectum
2625 3433 2778 3489 boum
2801 3435 3091 3491 voluntatis
3111 3439 3410 3511 operetur),
3434 3445 3823 3503 canonicorutu

2226 3529 2409 3577 sancta
2456 3523 2778 3579 auctoritate
2813 3524 3174 3591 voluminum,
3209 3537 3557 3598 paternorum
3604 3549 3828 3606 quoque

2229 3611 2495 3669 dictorum
2545 3613 2787 3668 doctrina
2832 3626 2995 3686 atque
3024 3616 3362 3674 institutione
3408 3622 3734 3695 percipimus
3770 3636 3828 3683 et

2233 3710 2498 3768 tenemus,
2531 3712 2725 3759 vestra:
2752 3705 2961 3759 caritati
2985 3707 3247 3779 rescripto
3276 3709 3450 3766 indice
3483 3711 3829 3770 demonstra-

2230 3790 2427 3853 bimus,
2459 3789 2794 3847 conﬁdentes
2820 3793 2872 3847 in
2903 3792 3151 3859 Domino,
3181 3811 3210 3849 a
3233 3811 3342 3865 quo
3363 3807 3418 3854 et
3440 3798 3569 3855 ﬁdes
3593 3801 3828 3859 infundi.

2233 3887 2336 3945 tur,
2371 3889 2429 3934 ut
2457 3881 2619 3937 corde
2649 3882 2928 3939 credamus
2958 3884 3327 3955 adiustitiam,
3356 3897 3413 3944 et
3452 3905 3632 3946 sermo
3664 3893 3831 3952 datur

2234 3979 2293 4026 ut
2314 3987 2409 4026 ore
2455 3971 2809 4029 conﬁteamur
2843 3975 2910 4029 ad
2954 3976 3178 4031 salutem
3210 3977 3388 4049 (Rom.
3431 3998 3485 4047 x,
3534 3982 3648 4054 10),
3678 3985 3828 4057 quod

2229 4071 2472 4118 nostrum
2502 4064 2706 4135 pariter
2734 4074 2788 4120 et
2826 4082 3042 4122 sensum
3066 4070 3383 4138 gubernabit
3408 4083 3463 4129 et
3513 4077 3737 4150 stylnm,
3767 4089 3832 4136 ut

2230 4162 2423 4207 vestrm
2445 4153 2849 4228 interrogationi
2876 4158 2995 4213 taiis
3024 4159 3283 4216 reddatur
3303 4173 3485 4219 nostra
3514 4170 3827 4241 responsio,

2232 4243 2286 4298 in
2308 4259 2412 4314 qua
2442 4252 2497 4299 et
2534 4244 2603 4300 dc
2640 4246 3010 4306 incarnatione
3056 4250 3268 4307 Domini
3316 4270 3379 4308 ea
3421 4257 3664 4315 dicamus
3698 4276 3825 4333 qua)

2232 4345 2429 4391 nostra:
2457 4336 2842 4410 redemptionis
2889 4343 3130 4398 continet
3160 4346 3390 4414 veritas;
3428 4359 3483 4404 et
3532 4353 3601 4407 de
3648 4356 3825 4422 gratia

2231 4422 2328 4479 Dei
2357 4440 2419 4479 ea
2446 4426 2730 4495 loquamur
2758 4446 2875 4500 qua:
2900 4432 3056 4487 nobis
3090 4434 3202 4504 ipsa
3232 4438 3397 4506 gratis
3423 4439 3677 4497 infuderit
3725 4443 3819 4514 (al.

539 4535 619 4588 Ad
649 4531 863 4605 Petrum
883 4532 1155 4587 diaconum
1183 4541 1231 4586 et
1260 4534 1499 4605 aliosgqui
1526 4551 1587 4588 ει
1621 4533 1830 4588 Oriente
1864 4536 1916 4588 in
1958 4551 2121 4605 causa
2156 4522 2200 4581 D
2226 4515 2453 4571 infundit
2481 4518 2555 4571 υεί
2581 4516 2791 4590 infudit)
2823 4538 3054 4595 superna
3095 4525 3366 4595 ηιθῙθδῑίιε-

607 4604 733 4675 ﬁdei
756 4601 983 4675 Romam
1009 4605 1151 4675 missi
1182 4611 1321 4675 sunt,
1369 4601 1435 4675 de
1464 4602 1837 4658 IncarnationtI
1862 4612 1911 4658 et
1942 4603 2125 4658 Gratia

608 4672 821 4729 Domini
848 4674 1010 4728 nostri
1032 4672 1157 4728 Jesu
1188 4672 1397 4727 Christi.

606 4782 973 4840 Dilectissimis
1013 4783 1152 4838 etin
1194 4780 1390 4837 Christi
1432 4780 1534 4837 ﬁde
1559 4789 1721 4852 atque
1740 4783 1911 4852 gratia
1952 4782 2122 4855 pluri-

535 4890 683 4932 mum
706 4873 1093 4947 ample'ctendis
1129 4874 1328 4929 sanctis
1358 4872 1632 4937 fratribus,
1658 4871 1842 4929 Ριετιιο
1870 4873 2121 4938 diacono,

531 4965 1024 5033 Imnm,'Lzomo,
1064 4975 1122 5022 et
1146 4965 1235 5021 alii
1276 4964 1485 5028 1mm,
1526 4965 1840 5034 ueterisque
1870 4963 2123 5021 fratribus

532 5073 671 5128 quos
700 5074 805 5114 una
845 5059 1121 5114 vobiscum
1157 5058 1213 5115 in
1233 5073 1396 5114 causa
1435 5057 1559 5113 ﬁdei
1607 5056 1835 5112 Romam
1882 5057 2118 5112 directos

535 5149 728 5205 litteris
756 5149 1059 5217 intimastis,
1096 5149 1388 5213 Daunus,
1433 5149 1811 5216 FORTUNATUS,
1846 5149 2115 5218 Bosruus,

530 5236 755 5306 Vtcroa,
775 5236 1187 5307 Sancus-ncne,
1201 5239 1490 5305 Οιιοιςτιυε,
1512 5237 1871 5305 Vtxntcuuus,
1889 5238 2116 5306 Vtcron,

528 5324 836 5398 hausurus,
890 5329 1281 5396 Vtcronunus,
1329 5329 1624 5399 Puortaus,
1668 5331 2117 5401 Quonvus'rneus,

533 5417 886 5489 Fotasurtus,
913 5421 1079 5480 Fsux
1121 5431 1177 5478 et
1200 5421 1489 5478 hausurus
1524 5422 1579 5479 in
1604 5422 1836 5480 Domino
1864 5425 2112 5479 salutem.

597 5623 623 5693 τι
656 5616 800 5693 [ﬁbri
829 5596 1010 5693 Fausti
1037 5630 1227 5693 contra
1250 5622 1795 5693 pnetlestinationem.

597 5689 624 5726 δ
653 5685 745 5758 Sic
766 5704 893 5755 ms.,
923 5689 1051 5745 editi
1080 5685 1282 5758 autem,
1310 5692 1791 5748 contradictionem.

601 5768 625 5797 ⁸
657 5756 747 5814 Sic
791 5758 960 5822 Basil;
989 5759 1042 5815 in
1087 5776 1187 5816 ms.
1248 5756 1425 5829 autem
1476 5763 1703 5820 habetur
1746 5765 1908 5819 nostri
1949 5767 2119 5822 exsilii

2299 4607 2428 4664 Car.
2469 4625 2526 4665 ιι.
2567 4608 2700 4665 Duae
2727 4624 2928 4669 natura:
2975 4617 3029 4670 in
3079 4616 3303 4687 Christo,
3335 4632 3385 4676 et
3431 4640 3536 4678 una
3565 4641 3824 4691 persona.

2237 4697 2458 4753 Verbum
2514 4718 2719 4757 carnem
2747 4715 3046 4778 conceptam
3074 4726 3177 4764 non
3207 4715 3422 4784 accepit.
3455 4743 3527 4753 —
3552 4715 3607 4771 ἓ.
3634 4718 3824 4775 Dicitis

2227 4791 2409 4863 itaque
2430 4810 2546 4859 vos,
2569 4795 2720 4866 iuxta
2738 4811 3046 4857 sanctorum
3074 4801 3292 4862 Patrum
3322 4809 3689 4879 traditionem,
3720 4814 3824 4871 Do-

2226 4884 2429 4940 minum
2487 4895 2730 4942 nostrum
2780 4889 2961 4947 Jesnm
2991 4894 3261 4951 Christum
3290 4898 3342 4953 in
3371 4898 3581 4957 duabus
3610 4905 3818 4962 naturis

2227 4974 2393 5030 unitis
2417 4984 2475 5030 et
2502 4977 2819 5051 inmotusis,
2846 4983 2899 5038 id
2926 4995 3013 5040 est
3038 4986 3331 5046 divinitatis
3355 5000 3410 5047 et
3448 4993 3818 5062 humanitatis.

2225 5064 2280 5120 in
2312 5082 2413 5120 una
2445 5082 2676 5138 persona
2702 5072 2816 5128 sive
2843 5074 3189 5133 subsistentia
3217 5079 3482 5139 conﬁteri.
3512 5082 3663 5143 Unde
3687 5103 3829 5146 coa-

2226 5164 2519 5225 sequeuter
2541 5159 2758 5216 beatam
2787 5177 3003 5235 quoque
3046 5165 3268 5225 Mariam
3295 5174 3513 5244 proprie
3541 5182 3596 5231 et
3625 5193 3827 5234 secun-

2224 5246 2352 5303 dum
2377 5250 2660 5307 veritatem
2693 5270 2788 5312 vos
2822 5256 3044 5314 credere
3068 5262 3307 5317 asseritis
3328 5265 3642 5332 genitricem
3670 5268 3765 5327 Dei
3795 5287 3811 5323 :

2226 5353 2295 5395 eo
2332 5341 2479 5411 quod
2529 5344 2740 5401 scilicet
2760 5348 2967 5418 peperit
2995 5365 3121 5406 vere
3151 5360 3205 5407 et
3232 5357 3452 5425 pmpric
3480 5355 3650 5413 Deum
3679 5357 3818 5415 Ver—

2226 5427 2355 5485 bum
2383 5432 2716 5492 incarnatum
2738 5448 2792 5493 et
2820 5439 3093 5497 hominem
3114 5442 3339 5511 laetum,
3368 5457 3532 5517 atque
3558 5453 3813 5507 essentia~

2217 5642 2437 5711 secreta;
2467 5633 2542 5711 in_
2572 5636 2795 5711 reiiquis
2848 5642 3059 5697 excusis
3083 5684 3097 5705 ,
3128 5647 3282 5700 uestri
3344 5648 3517 5702 exsilii
3591 5661 3812 5708 secreta.

2225 5699 2386 5759 Forte
2414 5721 2503 5761 vos
2523 5699 2738 5778 instigat
2762 5713 2927 5767 nostri
2955 5699 3126 5769 exsilii
3158 5716 3242 5773 vel
3262 5699 3708 5777 laudauit};
