4014 6340
191 321 288 380 ‘53

1552 315 1881 376 EPISTOLA
1921 319 2072 376 XVll.

3367 323 3472 383 13b

189 439 299 493 liter
325 435 440 489 sive
468 431 780 487 naturaliter
805 430 956 487 carni
986 429 1210 486 unitum.
1247 429 1367 485 Haec
1397 446 1463 486 es
1519 429 1763 500 epistolae
1791 434 1838 492 Α
1870 432 1960 500 qui
1987 434 2238 502 Qpropter
2266 450 2367 489 nos
2395 450 2597 502 egenus
2624 436 2794 492 factus
2822 445 2927 505 est,
2953 454 3078 494 cum
3105 446 3253 496 esset
3286 440 3456 508 dives,

188 537 364 583 vestrae
417 533 606 579 tenore
652 523 894 592 posuisse
944 519 1213 576 sufﬁciat:
1246 536 1314 576 ex
1341 520 1426 574 bis
1451 521 1596 575 enim
1625 535 1758 590 pen-

186 619 302 672 dent
331 623 519 671 caetera
547 628 669 684 qua:
707 611 774 667 de
820 611 1190 666 incarnatione
1239 609 1450 666 Domini
1494 611 1758 666 sermonis

187 707 331 764 vestri
362 703 624 775 professio
651 701 1084 771 comprehendit.

242 799 291 853 5.
330 797 387 852 Si
414 796 534 864 quis
564 795 723 864 igitur
769 793 822 847 in
870 792 1100 847 Domino
1131 801 1316 847 nostro
1357 791 1483 847 Jesu
1512 791 1756 858 Christo,

185 896 264 943 aut
288 887 420 941 duas
456 894 672 940 naturas
699 892 790 938 aut
843 898 1002 937 unam
1053 883 1301 947 noluerit,
1334 883 1446 937 sive
1473 881 1754 935 dubitave-

185 982 242 1034 rit
262 978 477 1034 credere
505 991 569 1031 ac
599 975 886 1046 praedicare
908 989 1216 1044 personam,
1238 974 1322 1027 vel
1351 974 1394 1028 si
1423 973 1542 1042 quis
1569 972 1757 1026 nolue-

183 1073 242 1126 rit
281 1068 522 1125 conﬁteri
571 1066 818 1121 eumdem
865 1066 1034 1120 Deum
1088 1073 1248 1134 atque
1279 1064 1567 1126 hominem,
1594 1062 1645 1116 id
1674 1069 1758 1117 est

180 1158 396 1217 Verbum
451 1158 811 1218 incarnatum,
841 1155 909 1210 de
957 1153 1123 1208 Maria
1177 1153 1397 1222 Virgine
1430 1169 1527 1222 pro
1571 1160 1754 1206 nostra

182 1253 332 1309 salute
384 1250 653 1305 veraciter
701 1255 905 1312 natum,
942 1253 1147 1300 tantum
1181 1260 1211 1299 a
1245 1244 1510 1299 catholica
1536 1243 1638 1298 ﬁde
1667 1244 1754 1297 dc-

183 1342 507 1416 prehenditur
552 1356 617 1396 ac
667 1341 1067 1394 demonstratur
1117 1348 1435 1402 extraneas,
1491 1346 1750 1406 quantum

182 1440 497 1491 sacramento
554 1429 942 1499 redemptionis
987 1429 1233 1482 humanae
1258 1428 1457 1482 resistit
1487 1427 1745 1494 ingratus.

183 1524 277 1580 [loc
302 1523 444 1578 enim
497 1530 582 1576 est
636 1520 766 1574 illud
814 1535 1056 1590 magnunt
1085 1519 1290 1588 pietatis
1315 1517 1748 1571 commendatum

182 1617 401 1672 ﬁdelibus
431 1613 642 1670 cunctis
682 1626 778 1666 ore
823 1609 1121 1680 apostolico
1166 1616 1579 1672 sacramentum,
1615 1607 1750 1678 quod

183 1711 544 1780 manifestatum
588 1714 663 1760 est
678 1705 745 1758 "in
776 1718 950 1768 carne,
971 1702 1319 1772 justi/icatum
1343 1708 1418 1753 est
1443 1700 1498 1753 iu
1538 1700 1745 1769 spiritu,

1865 527 1921 575 ut
1975 523 2117 577 illius
2160 533 2476 593 paupertate
2521 541 2621 581 nos
2660 526 2854 584 divites
2904 543 3148 585 essemus
3199 527 3289 601 (II
3335 528 3457 588 Cor.

1861 627 1972 676 vtu,
2003 611 2080 682 9),
2114 613 2499 682 plenitudinem
2527 631 2701 681 suam,
2733 617 2879 686 quod
2920 618 3064 674 dictu
3106 618 3257 674 nefas
3283 629 3366 676 est
3393 623 3450 688 ι’,

1860 702 2166 758 exinanitus
2187 705 2477 770 amitteret,
2511 715 2603 761 aut
2628 707 2833 778 aliquid
2861 709 3238 765 mutabilitatis
3268 711 3322 765 in
3354 711 3446 766 illa

1861 796 2044 850 l'ornue
2070 798 2278 852 servilis
2306 801 2623 868 acceptione
2649 803 2903 867 sentiret,
2934 820 3038 858 non
3065 805 3289 860 dixisset
3316 806 3444 860 bea-

1859 891 1944 938 tus
1974 882 2208 939 Joannes
2237 889 2564 955 evangelista
2596 889 2662 944 de
2694 890 2869 946 Verbo
2910 892 3190 947 incarnato
3233 912 3246 946 :
3282 892 3348 946 Et
3371 894 3448 949 vi-

1858 977 2026 1031 dimus
2081 978 2301 1049 gloriam
2349 981 2481 1049 ejus,
2511 982 2733 1052 gloriam
2760 987 2905 1052 quasi
2931 984 3182 1053 unigeniti
3206 1003 3238 1036 α
3259 984 3458 1052 Patre,

1855 1067 2064 1136 plenum
2092 1071 2277 1138 gratia:
2319 1078 2368 1122 et
2397 1072 2624 1124 veritatis
2675 1070 2852 1140 (Joan.
2875 1087 2911 1137 ι,
2942 1072 3053 1142 ii).
3087 1073 3321 1128 Verbum
3350 1074 3447 1127 ita-

1857 1173 1960 1224 que
1986 1174 2112 1212 caro
2144 1158 2338 1213 factum
2379 1161 2430 1214 in
2458 1162 2687 1216 veritate
2709 1163 2939 1217 humana
2963 1180 3092 1218 caro
3111 1179 3231 1220 esse
3256 1166 3440 1236 coepit,

1857 1249 1948 1302 sed
1979 1250 2032 1302 in
2062 1250 2290 1304 veritate
2319 1250 2499 1305 divina
2532 1251 2764 1306 Verbum
2815 1267 2934 1308 esse
2979 1269 3085 1308 non
3131 1255 3356 1318 destitit,
3387 1263 3442 1310 et

1854 1341 2212 1410 susceptionis
2271 1358 2336 1396 ac
2393 1342 2778 1410 redemptionis
2827 1344 3073 1399 humanae
3127 1347 3443 1412 mysterium

1855 1431 1978 1485 ideo
2006 1429 2300 1487 efﬁcaciter
2328 1434 2536 1502 peregit
2564 1433 2940 1504 Redemptoris
2996 1435 3090 1490 Dei
3128 1435 3441 1493 admiranda

1854 1526 2177 1593 benignitas,
2211 1527 2336 1594 quia
2385 1542 2489 1581 nec
2536 1528 2913 1582 mutabilitatis
2942 1524 3044 1583 nec
3071 1529 3445 1587 diminutionis

1851 1631 2085 1684 unquam
2107 1618 2376 1686 receptrix
2404 1633 2522 1673 esse
2553 1619 2728 1688 potuit
2756 1618 2935 1674 divina
2965 1621 3237 1688 majestas.

1923 1707 1974 1762 4.
2025 1709 2259 1764 Verbum
2281 1710 2445 1777 igitur
2468 1710 2584 1778 Dei,
2611 1711 2861 1781 idemque
2882 1712 3116 1766 Verbum
3147 1711 3308 1774 Deus,
3334 1712 3437 1768 bu-

183 1804 398 1874 apparuit
441 1799 665 1871 angelis,
696 1796 1034 1867 pra'dicatum
1087 1803 1162 1848 σει
1209 1792 1461 1865 gentibus,
1501 1792 1749 1846 ενείίὶιιληι
1786 1804 1824 1860 Β
1851 1815 2064 1855 manam
2095 1816 2311 1856 carnem
2334 1801 2398 1855 de
2421 1817 2584 1857 carne
2625 1803 2817 1856 matris
2845 1803 3134 1871 accipiens,
3158 1803 3235 1858 sic
3258 1803 3442 1873 utique

186 1895 309 1949 estin
330 1893 427 1946 hoc
446 1888 663 1955 mundo,
695 1893 1014 1956 assumptum
1035 1895 1112 1938 est
1145 1886 1201 1938 in
1229 1883 1398 1955 gloria
1427 1881 1482 1954 (I
1514 1881 1646 1936 Tim.
1672 1898 1747 1946 ιιι,

185 1983 257 2052 l6)
285 2002 296 2036 :
324 1983 451 2054 quia
497 1981 704 2036 scilicet
737 1977 988 2042 Verbum,
1022 1975 1165 2047 thod
1197 1975 1250 2030 in
1311 1973 1574 2045 principio
1607 1982 1746 2041 erat,

181 2083 226 2130 ct
245 2073 375 2145 apud
404 2072 576 2126 Deum
604 2077 739 2133 erat,
770 2076 824 2123 et
861 2068 1004 2123 Deus
1041 2077 1160 2123 erat
1191 2078 1236 2133 ην,
1262 2067 1314 2121 id
1343 2074 1425 2122 est
1454 2067 1549 2139 (al.
1582 2063 1747 2133 idem)

182 2166 257 2222 Dei
275 2163 586 2233 Unigenitus
610 2161 791 2226 Filius,
815 2159 1022 2229 Deique
1045 2160 1232 2226 virtus,
1256 2166 1313 2214 et
1336 2157 1621 2228 sapientia,
1655 2173 1751 2227 per

181 2271 331 2326 quem,
362 2262 420 2310 et
463 2254 519 2308 in
564 2267 674 2321 quo
712 2249 850 2306 facta
879 2258 1004 2304 sunt
1028 2250 1232 2312 omnia,
1257 2260 1314 2304 et
1354 2250 1470 2303 sine
1496 2263 1604 2317 quo
1634 2249 1749 2303 fac-

182 2359 269 2402 tum
312 2352 398 2403 est
451 2345 606 2408 nihil,
655 2342 796 2398 idem
850 2342 943 2411 (al.
977 2341 1031 2396 id
1075 2340 1370 2409 est),Deus
1416 2340 1743 2409 unigenitus,

181 2453 276 2492 cum
300 2439 351 2492 in
380 2436 551 2492 forma
583 2434 675 2489 Dei
697 2441 858 2496 esset,
893 2432 944 2486 id
969 2441 1070 2496 est,
1105 2447 1226 2486 cum
1255 2432 1478 2500 aequalis
1501 2446 1597 2500 per
1625 2447 1744 2484 om-

181 2531 248 2586 nia
272 2529 499 2600 genitori
522 2527 783 2582 unitatem
818 2541 939 2580 cum
967 2541 1032 2581 eo
1062 2526 1323 2580 naturalis
1351 2525 1598 2580 essentiae
1623 2540 1746 2594 pos-

179 2622 375 2691 sideret,
401 2629 457 2676 et
486 2621 541 2675 in
565 2635 629 2675 ea
670 2627 862 2674 natura
894 2633 1055 2686 quam
1097 2619 1458 2688 sempiternus
1486 2618 1651 2672 habet
1678 2632 1746 2670 ex

180 2716 334 2785 Patre,
355 2715 463 2770 hoc
509 2711 653 2783 quod
708 2710 1028 2765 naturaliter
1073 2709 1234 2763 Pater
1287 2719 1388 2773 est,
1419 2708 1474 2763 id
1521 2717 1605 2764 est
1645 2707 1739 2778 (al.

179 2811 319 2882 idem)
342 2811 480 2866 Deus
500 2821 681 2873 verus,
703 2820 964 2868 summus,
997 2803 1551 2871 ineommutabilisque
1579 2807 1742 2866 esset,

178 2919 329 2974 neque
357 2904 519 2973 288
539 2899 678 2954 alter
705 2913 734 2951 a
767 2897 927 2952 Patre
958 2897 1116 2961 Deus,
1143 2895 1236 2951 sed
1267 2904 1518 2950 manente
1553 2909 1742 2963 perso-

178 2994 261 3049 nali
276 2991 618 3055 discretione,
633 2997 770 3042 unus
784 2987 1099 3041 naturaliter
1111 3002 1231 3041 cum
1249 2984 1408 3040 Patre
1422 2985 1561 3039 Deus
1576 2993 1740 3047 esset,

178 3098 256 3140 nec
266 3083 436 3137 minor
454 3080 681 3145 scilicet,
704 3093 805 3132 nec
821 3077 1089 3148 posterior
1104 3076 1281 3138 Patre,
1303 3091 1401 3130 nec
1415 3075 1638 3130 diversa:
1657 3089 1744 3142 po-

1853 1890 2079 1945 formam
2128 1891 2269 1946 servi
2323 1891 2551 1959 accepit.
2579 1900 2637 1945 ut
2680 1907 3003 1960 permanens
3023 1892 3077 1946 in
3108 1890 3278 1947 forma
3322 1891 3438 1955 Dei,

1850 1989 2085 2035 aeternus
2129 1989 2291 2049 atque
2333 1981 2784 2036 incommutabilis
2836 1981 2980 2036 Deus
3025 1998 3122 2052 per
3174 1983 3439 2036 unitatem

1853 2087 2116 2142 personae,
2148 2071 2201 2124 in
2227 2087 2332 2141 qua
2362 2072 2504 2126 servi
2530 2070 2757 2126 formam
2787 2072 3021 2141 accepit,
3053 2071 3168 2126 ﬁeri
3191 2070 3440 2139 dignare-

1852 2176 1942 2219 tur
1965 2165 2079 2234 ipse
2107 2164 2250 2232 quod
2281 2163 2430 2220 fecit.
2462 2163 2521 2218 In
2551 2163 2959 2220 similitudinem
3007 2165 3206 2234 quippe
3258 2163 3438 2218 homi-

1854 2273 1980 2310 num
2011 2255 2200 2319 factus,
2236 2255 2422 2309 habitu
2451 2263 2536 2310 est
2565 2255 2816 2311 inventus
2843 2263 2901 2308 ut
2930 2255 3121 2322 homo,
3149 2263 3206 2310 et
3231 2255 3438 2310 incom-

1851 2348 2164 2402 mutabilem
2196 2347 2400 2401 habens
2428 2346 2495 2400 de
2525 2355 2717 2400 natura
2748 2346 2926 2399 Patris
2974 2361 3071 2415 per
3116 2346 3295 2400 omnia
3325 2345 3440 2400 dei-

1851 2445 2039 2499 tatem,
2065 2437 2238 2491 creari
2266 2437 2515 2504 dignatus
2544 2445 2627 2491 est
2651 2452 2755 2490 non
2784 2445 3018 2499 creatus,
3051 2443 3107 2490 et
3127 2434 3242 2490 ﬁeri
3274 2434 3441 2490 voluit

1849 2541 1917 2582 ex
1944 2527 2192 2590 muliere,
2228 2542 2336 2581 non
2365 2525 2538 2580 factus
2591 2542 2621 2578 a
2665 2524 2847 2592 Patre,
2886 2525 2980 2579 sed
3011 2525 3252 2594 genitus;
3276 2533 3440 2594 atque

1850 2619 1944 2685 ita,
1984 2617 2201 2672 Verbum
2230 2634 2351 2671 caro
2381 2620 2575 2688 factum
2599 2625 2695 2679 est,
2723 2623 2781 2671 ut
2817 2625 2963 2670 esset
3012 2632 3143 2669 unus
3183 2616 3439 2670 mediator

1853 2710 1948 2764 Dei
1986 2720 2036 2763 et
2077 2710 2342 2763 hominum
2391 2709 2541 2762 homo
2584 2707 2817 2763 Christus
2845 2706 3018 2772 Jesus,
3050 2708 3136 2778 qui
3171 2716 3248 2762 est
3285 2722 3438 2777 super

1848 2803 2023 2858 omnia
2053 2801 2192 2856 Deus
2231 2801 2528 2855 benedictus
2564 2801 2618 2854 in
2649 2801 2858 2863 swcula,
2888 2815 3026 2855 unus
3072 2809 3127 2854 et
3147 2813 3308 2854 verus
3343 2798 3438 2853 Dei

1847 2901 2009 2963 atque
2037 2891 2271 2947 hominis
2300 2890 2483 2952 Filius,
2512 2906 2650 2944 unus
2706 2890 2952 2958 idemque
2997 2890 3064 2944 de
3109 2888 3270 2944 Patre
3320 2889 3438 2945 sine

1847 2983 1999 3038 initio
2026 2982 2167 3037 Deus
2189 2996 2404 3049 seraper
2432 2981 2666 3050 genitus,
2698 2981 2764 3034 de
2812 2989 2985 3035 matre
3020 2981 3184 3036 homo
3219 2995 3380 3036 verus
3410 2989 3433 3019 °

1846 3072 2142 3129 secundum
2172 3084 2390 3126 carnem
2442 3070 2815 3138 temporaliter
2843 3079 3136 3138 conceptus
3176 3078 3231 3123 et
3260 3077 3436 3125 natus.

178 3175 379 3237 testatis,
401 3187 500 3226 nec
514 3171 736 3224 alterius
755 3169 1000 3223 essentia:
1028 3169 1154 3237 (non
1176 3166 1318 3221 enim
1333 3167 1575 3236 rapinam
1592 3163 1732 3218 arbi-
1761 3173 1804 3235 (ς
1837 3168 2001 3240 289
2019 3165 2189 3230 Quam
2217 3179 2434 3218 carnem
2463 3179 2570 3218 non
2602 3171 2920 3232 conceptam
2948 3162 3157 3231 accepit
3181 3160 3438 3229 Unigeni-

178 3273 320 3318 tratus
337 3271 538 3316 estesse
565 3274 620 3312 se
641 3259 886 3329 wqualent
908 3256 1015 3310 Deo
1033 3255 1248 3328 [Philip.
1275 3272 1330 3319 ιι,
1352 3256 1404 3320 6,
1427 3253 1537 3326 7]);
1563 3263 1741 3310 tamen

181 3354 482 3422 semetipsum
537 3349 822 3403 exinanivit
859 3351 1080 3417 formam
1107 3347 1238 3400 servi
1265 3347 1547 3416 accipiens,
1576 3343 1625 3397 id
1656 3352 1742 3398 est

178 3444 258 3512 (al.
289 3439 470 3512 idem),
492 3442 546 3494 in
581 3437 918 3493 similitudine
948 3437 1213 3490 hominum
1239 3437 1426 3505 factus,
1461 3434 1602 3488 idem
1634 3432 1734 3486 Ita-

177 3535 510 3588 bituinoentus
531 3539 590 3584 ut
617 3531 767 3584 homo
799 3526 1014 3598 (Ibid.).
1041 3527 1092 3580 in
1116 3541 1224 3594 quo
1248 3525 1392 3579 nulla
1415 3524 1592 3593 potuit
1615 3537 1736 3577 esse

177 3624 353 3694 rapina:
377 3621 680 3682 arbitratio,
711 3619 834 3688 quia
873 3618 940 3672 de
978 3616 1275 3672 substantia
1317 3613 1512 3679 Patris,
1545 3611 1736 3668 incﬁ‘a-

176 3711 252 3767 bili
277 3728 338 3767 ac
355 3710 683 3780 sempiterna
713 3706 994 3761 nativitate
1016 3746 1031 3766 .
1062 3705 1244 3772 genita
1273 3703 1530 3757 naturalis
1551 3717 1732 3769 requa-

177 3804 320 3858 litatis
344 3805 395 3857 in
423 3817 491 3856 eo
534 3806 815 3870 permanet
859 3797 1157 3866 plenitudo.
1183 3794 1526 3863 Semetipsum
1574 3793 1736 3860 igitur

175 3897 432 3950 exinanivit
488 3895 712 3965 formam
769 3890 899 3943 servi
971 3887 1247 3957 accipiens.
1306 3884 1362 3938 In
1419 3900 1485 3939 eo
1533 3883 1734 3953 quippe

178 3985 299 4040 Deus
324 3987 483 4040 homo
521 3996 642 4037 esse
686 3978 1000 4034 naturaliter
1022 3977 1214 4041 voluit,
1237 3984 1295 4030 et
1324 3975 1582 4030 Dominus
1611 3989 1730 4028 om-

175 4076 299 4128 nium
335 4089 511 4129 rerum
555 4070 804 4125 servilem
850 4075 1094 4122 naturam
1124 4067 1240 4120 sine
1269 4064 1561 4120 amissione
1602 4079 1729 4133 pro-
1761 4126 1767 4133 I

174 4166 285 4233 price
311 4161 688 4219 dominationis
729 4158 1034 4226 assumpsit,
1060 4158 1112 4212 in
1159 4171 1268 4225 quo
1316 4155 1459 4209 servi
1504 4153 1731 4208 formam

175 4255 566 4310 misericorditer
592 4251 898 4306 exinanitus
923 4249 1150 4317 accepit.
1183 4246 1357 4312 Quam
1380 4245 1519 4300 bene
1548 4254 1727 4299 autem

173 4353 361 4399 sanctus
379 4340 671 4412 Apostolus
693 4338 826 4393 Novi
850 4336 1201 4398 Testamenti,
1226 4336 1362 4390 sicut
1403 4337 1517 4404 ipse
1560 4343 1728 4388 testo-

174 4432 340 4505 tur(II
363 4434 482 4487 Cor.
507 4447 584 4491 tu.
620 4429 700 4500 6),
723 4427 894 4482 factus
925 4443 953 4480 a
978 4427 1088 4482 Deo
1110 4426 1352 4480 mini-ter
1383 4425 1628 4488 idoneus,
1663 4441 1732 4479 ne

1852 3267 1938 3312 tus
1968 3257 2128 3320 Deus,
2153 3254 2247 3308 sed
2278 3255 2331 3308 in
2356 3269 2418 3308 ea
2447 3261 2531 3309 est
2552 3254 2693 3309 Deus
2723 3254 2836 3324 ipse
2857 3253 3112 3308 altissima
3137 3253 3437 3310 humilitate

1843 3356 2156 3416 conceptus.
2179 3345 2324 3399 Idem
2352 3345 2553 3413 quippe
2581 3345 2722 3399 Deus
2751 3353 2966 3399 creatus
3003 3353 3093 3399 est
3147 3344 3203 3398 in
3233 3344 3438 3412 virgine

1842 3450 1898 3496 et
1949 3441 2016 3495 de
2065 3438 2271 3506 virgine
2299 3437 2594 3492 secundum
2639 3453 2880 3502 carnem,
2904 3438 2994 3507 qui
3024 3437 3126 3492 sibi
3152 3438 3220 3492 de
3245 3452 3353 3507 qua
3380 3445 3437 3493 et

1841 3531 1897 3584 in
1917 3544 2020 3599 qua
2042 3534 2324 3582 crearetur
2343 3533 2627 3580 creaverat
2655 3526 2988 3592 genitricem.

1909 3619 2039 3674 Car.
2071 3635 2145 3672 Ill.
2185 3617 2409 3670 Verbum
2439 3633 2542 3671 non
2574 3616 2740 3670 solum
2774 3617 2828 3668 in
2857 3617 3054 3686 virgine
3080 3633 3204 3670 caro
3234 3621 3434 3690 factum

1839 3722 1935 3778 est,
1981 3712 2072 3764 sed
2099 3712 2257 3764 etiam
2283 3727 2348 3763 ex
2376 3709 2590 3779 virgine.
2630 3739 2704 3751 ——
2729 3705 2779 3760 5.
2813 3707 2868 3762 Si
2913 3715 3092 3762 autem
3123 3706 3264 3765 Deus
3292 3710 3430 3767 Ver-

1838 3804 1964 3858 bum
1993 3801 2147 3857 sicin
2177 3800 2384 3868 virgine
2411 3815 2539 3854 caro
2571 3797 2741 3862 ﬁeret,
2789 3806 2848 3851 ut
2876 3812 2940 3852 ex
2990 3813 3052 3852 ea
3097 3813 3206 3854 non
3256 3798 3432 3866 ﬁeret,

1839 3895 2025 3966 procul
2067 3893 2232 3948 dubio
2260 3908 2369 3948 non
2400 3892 2468 3947 de
2499 3906 2662 3947 carne
2691 3891 2880 3946 matris
2908 3890 3048 3946 idem
3078 3891 3220 3946 Deus
3259 3892 3429 3949 habea

1837 3997 1922 4043 ret
1946 3986 2300 4042 substantiam
2330 3985 2526 4047 carnis,
2578 3995 2828 4052 essetque
2857 3983 2973 4052 ejus
3024 3998 3125 4053 per
3166 3983 3430 4054 virginem

1839 4079 2132 4141 transitus,
2187 4085 2348 4146 atque
2393 4076 2466 4130 ita
2524 4089 2625 4130 nec
2671 4074 2985 4128 mediatoris
3032 4083 3430 4130 sacramentum

1842 4169 1996 4224 nobis
2026 4167 2314 4237 proﬁceret
2342 4165 2411 4220 ad
2441 4164 2693 4231 salutem,
2724 4179 2825 4219 nec
2855 4164 3100 4218 humanm
3127 4163 3432 4234 divinaeque

1837 4263 2049 4330 plenam
2081 4261 2132 4314 in
2163 4275 2222 4315 se
2252 4257 2495 4312 Christus
2520 4257 2612 4311 Dei
2644 4257 2810 4311 Filius
2837 4256 3284 4312 inconfusibiliter
3310 4257 3427 4314 uni-

1835 4361 1917 4406 ret
1947 4351 2257 4406 substantia:
2285 4350 2588 4403 veritatem.
2614 4346 2730 4402 Hoc
2758 4361 2889 4415 ergo
2919 4348 3311 4402 medieinaliter
3333 4363 3427 4404 usa

1837 4450 1919 4494 est
1948 4441 2162 4494 bonitas
2190 4438 2369 4492 divina
2401 4435 2662 4497 remedio,
2708 4443 2768 4488 ut
2797 4436 2886 4488 ille
2916 4433 3233 4502 Unigenitus
3261 4435 3425 4504 Deus,

172 4522 426 4593 quisquam
453 4529 695 4575 nostrum
725 4517 1055 4572 exinanitum
1251 4515 1443 4570 Filium
1485 4517 1725 4582 audiens,
1761 4538 1814 4599 ι)
1839 4530 1928 4598 qui
1959 4541 2042 4584 est,
2087 4529 2140 4582 in
2189 4529 2308 4581 sinu
2341 4526 2536 4592 Patris,
2592 4541 2697 4579 non
2737 4525 2910 4579 solum
2956 4525 3007 4578 in
3038 4525 3283 4590 muliere,
3328 4523 3422 4580 sed

173 4615 396 4670 amissam
423 4615 508 4668 vel
539 4611 855 4665 diminutam
884 4609 1248 4679 aequalitatem
1277 4617 1514 4678 paterna:
1543 4609 1728 4663 forma:

172 4707 213 4760 in
254 4707 359 4762 Deo
389 4704 681 4772 llnigenito
729 4703 887 4757 noxia
927 4702 1257 4769 cogitatione
1298 4703 1631 4770 conciperet,
1677 4709 1734 4755 et

171 4795 390 4865 obliquos
417 4807 653 4864 sequens
679 4791 1004 4860 serpentinm
1056 4791 1393 4860 deceptionis
1438 4789 1730 4854 anfractus,

168 4896 302 4942 recte
318 4887 435 4942 ﬁdei
460 4885 729 4940 tramitem
748 4899 852 4938 non
877 4892 1102 4949 teneret,
1128 4883 1545 4938 exinanitionem
1565 4884 1729 4949 illam,

167 4979 404 5034 submotis
477 4976 778 5033 reservavit
848 4977 1008 5046 (forte
1057 4975 1340 5046 reseravit)
1398 4976 1728 5044 ambagibus,

164 5056 351 5141 quando
373 5074 767 5142 subsequenter
793 5069 1011 5138 adjecit,
1038 5072 1256 5141 formam
1296 5073 1425 5124 servi
1452 5074 1731 5142 accipiens.

165 5162 242 5218 Illa
268 5166 424 5235 igitur
452 5163 749 5220 exinanitio
779 5160 1050 5230 Unigeniti
1087 5160 1181 5216 Dei
1215 5162 1460 5229 acceptio
1489 5161 1587 5216 fuit
1617 5162 1726 5217 fur-

172 5271 260 5312 τηε
283 5258 510 5320 servilis,
545 5272 651 5311 non
699 5255 915 5309 amissio
943 5254 1029 5308 vel
1058 5253 1342 5307 diminutio
1367 5254 1615 5309 deitatis:
1647 5257 1728 5309 di-

169 5349 267 5402 rina
293 5350 490 5419 quippe
515 5356 704 5402 natura
731 5360 831 5400 nec
858 5344 1021 5398 minui
1054 5350 1237 5412 potest
1258 5344 1596 5414 aliquatenus
1627 5361 1728 5401 nec

164 5439 341 5506 augeri,
371 5439 500 5508 quia
527 5434 986 5492 incommutabilis
1005 5448 1230 5488 manens
1267 5433 1371 5489 hoc
1393 5433 1559 5490 habet
1577 5450 1723 5490 scm-

163 5538 242 5592 per
259 5543 371 5583 esse
399 5525 545 5598 quod
575 5533 676 5580 est.
702 5524 834 5578 Nam
857 5524 903 5578 si
925 5523 1066 5578 Deus
1089 5523 1178 5578 ille
1201 5539 1360 5580 verus
1380 5533 1434 5580 et
1460 5541 1722 5592 summus,

221 5712 240 5737 ⁸
268 5703 387 5769 Με.,
411 5713 460 5758 et
492 5702 627 5756 Deus
656 5710 769 5755 erat
788 5739 802 5764 ,
829 5698 975 5762 editi,
1005 5707 1053 5752 et
1083 5697 1222 5752 Deus
1254 5698 1476 5753 Verbum
1500 5708 1630 5754 erat.

217 5770 241 5809 δ
269 5771 420 5846 Editi,
446 5773 582 5848 quod
602 5773 750 5828 nefas
787 5778 882 5837 est,
919 5785 1018 5825 ms.
1053 5785 1202 5854 vero,
1225 5769 1361 5842 quod
1390 5771 1526 5826 dictu
1571 5771 1716 5842 nefas

1834 4620 1998 4673 etiam
2027 4633 2093 4672 ex
2125 4617 2350 4671 muliere
2381 4615 2534 4670 ﬁeret
2564 4615 2746 4669 homo.
2772 4614 2924 4682 Quod
2953 4615 3318 4669 indubitanter
3344 4615 3421 4670 di-

1834 4710 1974 4764 vinis
1999 4708 2222 4764 credere
2248 4716 2410 4775 atque
2451 4705 2695 4760 conﬁteri
2739 4706 2833 4774 (al.
2868 4703 3128 4772 proﬁteri)
3171 4704 3426 4771 jubemur

1837 4799 2089 4856 oraculis.
2132 4797 2188 4850 in
2225 4811 2286 4851 ea
2317 4795 2515 4864 quippe
2544 4793 2713 4847 Deum
2743 4792 3017 4847 hominem
3068 4793 3264 4848 factum
3292 4809 3422 4863 pro-

1836 4889 1999 4959 pheta
2030 4901 2134 4942 non
2167 4884 2354 4950 tacuit,
2373 4883 2557 4938 dicens
2591 4899 2602 4934 :
2631 4880 2804 4935 Mater
2824 4879 2954 4934 Sion
2977 4881 3108 4933 dicet
3133 4897 3151 4934 ε
3177 4879 3348 4934 llomo
3373 4889 3425 4937 et.

1840 4980 1988 5033 homo
2017 4981 2182 5048 factus
2213 4987 2290 5031 est
2317 4979 2370 5030 in
2399 4991 2479 5041 ea,
2512 4985 2561 5028 et
2587 4975 2696 5042 ipse
2724 4973 2956 5044 fundarit
2985 4989 3099 5026 eam
3127 4972 3422 5026 Altissimus

1843 5069 2013 5141 (Psal.
2043 5085 2261 5136 Lxxxvt,
2295 5066 2368 5135 5).
2402 5065 2587 5120 Esaias
2615 5079 2830 5135 quoque
2859 5063 3059 5133 Spiritu
3087 5072 3274 5118 sancto
3303 5063 3422 5134 ple-

1835 5178 1955 5229 nus,
1985 5163 2176 5216 futurte.
2205 5158 2590 5216 incarnationis
2617 5156 2736 5224 Filii
2764 5157 2860 5212 Dei
2887 5158 2966 5213 sic
2994 5158 3318 5227 przenuntiat
3334 5172 3424 5212 sa-

1832 5261 2164 5308 cramentum
2208 5251 2384 5306 :Ecce
2409 5252 2551 5320 virgo
2575 5250 2628 5302 in
2671 5257 2816 5302 utero
2845 5250 3121 5318 concipiet,
3169 5257 3218 5302 et
3256 5247 3422 5318 pariet

1829 5344 2018 5413 ﬁlium,
2040 5353 2090 5396 et
2112 5342 2372 5396 vocabitur
2392 5355 2578 5396 nomen
2602 5339 2713 5409 ejus
2734 5338 3063 5402 Emmanuel,
3088 5338 3232 5408 quod
3254 5339 3422 5393 inter-

1831 5445 2073 5505 pretatur
2100 5433 2385 5490 Nobiscum
2418 5432 2555 5487 Deus
2579 5430 2712 5502 (Isa.
2747 5449 2842 5497 vn,
2879 5432 2974 5497 14;
3007 5431 3201 5486 Matth.
3235 5447 3272 5497 ι,
3303 5429 3415 5500 23).

1831 5527 1966 5594 Quia
1994 5541 2123 5596 ergo
2150 5527 2240 5582 ille
2268 5540 2428 5594 quem
2460 5525 2512 5580 in
2544 5533 2696 5581 utero
2727 5527 2881 5594 virgo
2907 5525 3161 5595 concepit
3179 5534 3233 5582 et
3263 5538 3423 5595 pepe-

1837 5711 1927 5810 mt.
1958 5769 2045 5827 Sic
2070 5783 2195 5836 ms.;
2224 5777 2278 5824 at
2301 5764 2446 5824 editi.
2472 5769 2535 5824 de
2563 5777 2726 5822 matre
2753 5783 2867 5822 vero
2898 5764 3056 5821 Deus.
