4014 6340
543 332 650 387 “1‘5

1569 329 1624 382 S.
1667 325 2029 383 FL-‘LGENTH
2069 327 2367 384 EPISCUPI
2411 328 2774 384 RUSI’ENSIS

3708 328 3815 384 ιω

541 449 631 514 rit,
664 446 950 504 Nobiscum
975 445 1113 502 Deus
1139 453 1380 510 vocatur,
1409 444 1548 498 Deus
1575 445 1760 514 utique
1775 445 1828 498 in
1843 451 2005 498 utero
2025 444 2132 498 vir—
2161 452 2202 507 Λ
2224 448 2358 516 .gi’ne
2387 448 2631 502 humana:
2659 447 2835 501 carnis
2861 453 3127 510 naturam,
3146 443 3455 500 ‘secundum
3480 450 3642 514 quam
3670 453 3815 500 tein-

539 540 679 609 ginis
707 549 1020 610 conceptus,
1053 545 1319 605 natusque
1349 535 1713 603 cognoscitur.
1753 533 1810 587 In
1833 532 2126 602 Evangelia

539 643 755 701 quoque
784 629 978 686 dicitur
1012 627 1080 681 de
1109 624 1274 678 Maria
1301 642 1318 676 -:
1353 623 1569 678 Inventa
1589 632 1666 677 est
1690 624 1744 676 in
1765 631 1909 676 utero
1932 623 2127 677 habens

539 723 604 774 de
625 720 825 790 Spiritu
855 724 1057 772 sancto.
1103 713 1294 785 (-‘Ibid.,
1327 713 1437 786 l8).
1479 712 1686 783 'Joseph
1734 713 1920 777 etiam,
1965 727 2127 781 quem

541 813 711 865 virum
734 809 901 862 Maria
928 821 1036 860 non
1057 804 1126 858 ad
1146 805 1492 859 concubitum
1521 803 1990 873 corruptelamque
2009 816 2129 856 car-

541 902 643 967 nis,
673 898 766 954 sed.
797 898 862 952 ad
892 896 1258 951 testimonium
1285 893 1692 962 custodiamque
1721 907 1888 948 sacrm
1917 891 2132 959 virgini-

541 992 666 1045 tatis
711 999 766 1044 et
784 988 1105 1043 castissima:
1133 985 1474 1040 fecunditatis
1521 984 1728 1049 habuit,
1779 983 2024 1052 angelico
2051 982 2130 1038 sic

540 1080 860 1134 admouetur
879 1077 1105 1132 oraculo
1132 1095 1144 1128 :
1169 1075 1363 1146 Joseph
1382 1076 1465 1145 ﬁli
1489 1073 1680 1140 David,
1702 1091 1767 1128 ne
1790 1075 1970 1150 timeas
1992 1075 2131 1127 acci-

541 1185 660 1242 pere
692 1168 922 1222 Mariam
950 1167 1218 1237 conjugem
1249 1175 1410 1219 tuam.
1455 1165 1613 1230 'Quod
1640 1167 1776 1219 enim
1816 1167 1879 1218 in
1925 1174 1986 1218 ea
2029 1181 2128 1217 na-

542 1272 648 1314 tum
678 1267 774 1324 est,
817 1257 882 1310 de
911 1257 1113 1326 Spiritu
1155 1265 1337 1309 sancto
1386 1263 1462 1308 est
1509 1252 1695 1326 (lbid-.,
1725 1253 1840 1322 ΞΘ).
1889 1251 1968 1306 Ex
2007 1252 2129 1321 ipsa

541 1360 762 1419 quoque
818 1347 993 1402 factus
1050 1345 1365 1401 coelestibus
1413 1345 1816 1399 demonstratur
1863 1343 2129 1412 eloquiis;

545 1438 676 1492 dicit
708 1437 858 1491 enim
901 1433 1192 1505 Apostolus
1236 1434 1567 1504 :Postquam
1619 1441 1791 1486 autem
1842 1434 1976 1486 venit
2021 1432 2130 1502 ple-

544 1530 726 1584 nitudo
766 1529 1018 1598 ‘temporis
1043 1566 1058 1592 ,
1115 1527 1254 1580 misit
1297 1525 1437 1580 Deus
1481 1525 1676 1579 Filium
1717 1541 1888 1592 suum,
1939 1527 2134 1596 factum

544 1639 609 1677 ex
649 1624 879 1687 muliere,
933 1623 1128 1692 factum
1169 1620 1268 1672 sub
1315 1621 1425 1692 lege
1474 1619 1618 1690 (Gal.
1650 1636 1720 1684 tv,
1752 1618 1830 1690 4).
1876 1619 2135 1675 Romanis

544 1717 710 1771 etiam
740 1715 1000 1780 scribens,
1042 1724 1101 1768 ut
1129 1729 1316 1768 verum
1348 1710 1668 1782 ﬁrmumque
1708 1727 1910 1781 ponere
1950 1727 2009 1766 se
2037 1711 2134 1766 de-

2230 539 2486 608 poraliter
2519 538 2661 592 Deus
2686 538 3047 606 sempiternus
3074 536 3450 606 conciperetur
3479 543 3536 590 et
3553 550 3819 592 nascere-

2230 639 2336 694 tur,
2353 630 2582 698 accepit.
2605 629 2730 699 ipsa
2744 629 2946 698 quippe
2960 627 3203 696 acceptio
3218 628 3396 682 carnis
3419 627 3518 681 fuit
3532 627 3820 698 conceptio

2230 721 2530 789 virginalis:
2549 735 2722 790 neque
2743 721 2886 776 enim
2913 720 2965 774 in
2993 729 3148 774 utero
3167 728 3369 774 sancta:
3394 718 3535 773 illius
3555 726 3610 772 et
3629 719 3821 774 matris

2229 819 2284 866 et
2312 811 2530 880 virginis
2587 811 2672 866 illa
2704 811 2957 881 spiritalis
2995 819 3050 865 et
3081 825 3148 865 ex
3181 811 3300 866 Deo
3329 809 3490 865 Patre
3515 811 3632 866 sine
3663 812 3824 867 initio

2231 903 2407 970 genita
2431 901 2592 956 Verbi
2620 901 2712 956 Dei
2739 911 2927 956 natura
2961 910 3173 971 poterat
3194 902 3395 971 absque
3419 916 3580 956 carne
3604 909 3822 972 tempo-

2232 992 2420 1047 raliter
2447 991 2677 1062 concipi,
2703 993 2838 1047 sicut
2862 998 2961 1045 nec
2991 1006 3118 1045 caro
3139 991 3256 1045 sine
3275 989 3437 1045 Verbi
3457 989 3557 1046 Dei
3579 990 3825 1045 unitione

2234 1083 2409 1153 potuit
2431 1083 2787 1151 aliquatenus,
2802 1082 2999 1137 nullius
3020 1082 3118 1136 viri
3141 1082 3287 1137 coitu
3308 1073 3598 1149 seminata:
3617 1083 3669 1135 in
3693 1082 3824 1136 inti-

2233 1187 2324 1228 mo
2343 1171 2798 1243 vulvmvirginalis
2819 1172 3040 1228 innasci.
3063 1171 3210 1227 llanc
3226 1187 3354 1242 ergo
3370 1180 3588 1228 carnem
3609 1181 3738 1227 tunc
3754 1187 3824 1227 ex

2233 1277 2293 1318 se
2323 1272 2509 1318 natura
2539 1263 2758 1332 virginis
2785 1263 3141 1332 concipientis
3169 1263 3433 1326 exhibuit,
3459 1278 3584 1316 cum
3614 1261 3667 1316 in
3696 1277 3821 1316 eam

2235 1354 2378 1408 Deus
2425 1354 2807 1424 concipiendus
2828 1354 3075 1412 advenit.
3122 1353 3237 1408 Non
3279 1362 3370 1408 est
3411 1353 3579 1422 igitur
3605 1351 3827 1422 aliquod

2235 1445 2576 1500 intervallum
2627 1444 2887 1514 temporis
2932 1443 3304 1499 aestimandum
3351 1442 3495 1498 inter
3541 1450 3826 1511 concepta:

2235 1536 2414 1590 carnis
2441 1536 2651 1590 initium
2707 1543 2762 1590 et
2790 1535 3155 1606 concipiendas
3185 1533 3483 1602 majestatis
3512 1532 3822 1587 adVentum.

2240 1622 2355 1678 Una
2378 1625 2579 1694 quippe
2602 1621 2702 1678 fuit
2725 1624 2779 1678 in
2802 1633 2956 1680 utero
2985 1623 3165 1679 Maria:
3189 1624 3421 1692 Virginis
3446 1622 3735 1692 conceptio
3756 1622 3826 1676 di-

2237 1717 2476 1772 vinitatis
2499 1723 2555 1771 et
2583 1716 2781 1781 carnis,
2821 1725 2875 1771 et
2905 1732 3044 1771 unus
3075 1725 3164 1771 'est
3189 1715 3436 1771 Christus
3459 1714 3554 1769 Dei
3581 1713 3749 1768 Filius
3777 1714 3827 1769 in

545 1816 875 1865 monstraret
916 1805 1327 1862 fundamentum
1377 1803 1520 1870 ﬁdei,
1572 1803 1814 1874 epistolze
1864 1817 1973 1858 suae
2027 1802 2134 1857 tale
2169 1823 2210 1883 Β
2240 1817 2464 1876 utraque
2497 1814 2686 1861 natura
2731 1817 3044 1878 conceptus,
3088 1815 3147 1861 ut
3173 1805 3438 1861 maculam
3468 1805 3673 1860 vitiata
3701 1820 3826 1874 pro-

545 1901 832 1956 collocavit
857 1897 1139 1954 exordium
1170 1915 1183 1950 :
1220 1897 1418 1950 Paulus
1443 1913 1618 1950 servus
1643 1895 1767 1948 Iesu
1798 1893 2012 1959 Christi,
2044 1910 2133 1947 vo-

547 1999 691 2043 catus
719 1988 1003 2057 apostolus,
1050 1995 1346 2058 segregatus
1375 1987 1428 2039 in
1460 1984 1797 2055 Erangelium
1832 1983 1950 2045 Dei,
1999 1982 2135 2053 quod

549 2087 667 2132 ante
686 2079 996 2147 promiserat
1019 2093 1109 2146 per
1137 2076 1415 2146 prophetas
1441 2091 1582 2137 suos,
1609 2075 1664 2126 in
1694 2073 1979 2142 Scripturis
2007 2088 2133 2125 san-

550 2170 642 2224 ctis
664 2169 727 2222 de
747 2166 888 2222 Filio
913 2182 1023 2230 suo,
1055 2167 1142 2237 qui
1171 2168 1340 2236 factus
1373 2173 1449 2218 est
1478 2165 1524 2218 ei
1549 2180 1613 2218 eo;
1637 2163 1832 2217 semine
1861 2161 2030 2216 David
2050 2179 2134 2216 se-

549 2260 772 2314 cundum
799 2275 1005 2313 carnem
1032 2257 1214 2329 (Rom.
1242 2274 1278 2320 ι,
1314 2257 1364 2322 l,
1396 2256 1473 2328 9).
1507 2255 1793 2310 Timotheo
1821 2269 2038 2324 quoque
2062 2253 2138 2307 di-

549 2351 691 2407 lecto
722 2349 831 2404 ﬁlio
868 2349 922 2403 in
945 2348 1077 2414 tide,
1119 2347 1489 2417 principaliter
1536 2345 1696 2415 hujus
1742 2343 1868 2398 ﬁdei
1906 2343 2136 2398 sollicita

548 2439 892 2496 commendat
931 2437 1216 2492 aﬁ‘ectione
1259 2437 1602 2502 memoriam,
1653 2436 1836 2490 dicens
1880 2453 1894 2489 :
1937 2434 2139 2489 Memor

549 2542 656 2588 esto
686 2531 943 2587 Christum
970 2530 1151 2584 Jesum
1186 2529 1529 2582 resurrexisse
1558 2545 1589 2580 a
1617 2529 1834 2582 mortuis
1853 2542 1916 2580 ex
1945 2527 2140 2580 semine

550 2623 722 2677 David
767 2621 1045 2676 secundum
1088 2619 1428 2691 Evangelium
1470 2636 1637 2672 meum
1679 2618 1768 2689 (II
1792 2619 1925 2672 Tim.
1970 2634 2027 2683 ιι,
2056 2617 2134 2689 8).

549 2716 630 2770 Ad
661 2716 829 2785 ipsam
857 2728 1073 2783 quoque
1102 2714 1314 2767 beatam
1343 2713 1626 2781 virginem,
1675 2713 1907 2767 fut-uram
1933 2713 2140 2768 scilicet

549 2806 813 2864 creatoris
840 2806 942 2871 sui,
986 2807 1098 2860 imo
1141 2805 1383 2860 omnium
1413 2821 1614 2870 rerum,
1661 2806 1992 2875 genitricem,
2026 2805 2136 2860 Ga-

551 2897 687 2952 briel
715 2897 939 2964 angelus
983 2897 1089 2950 hoc
1134 2911 1262 2950 usus
1314 2897 1582 2951 invenitur
1623 2897 1860 2966 alloquio
1890 2898 1986 2966 (ul.
2020 2897 2136 2951 ele-

551 2988 700 3058 quio)
728 3005 742 3040 :
771 2988 998 3058 Spiritus
1021 2995 1229 3040 sanctus
1257 2989 1573 3055 superveniet
1601 2989 1652 3040 in
1679 2996 1748 3050 te,
1777 2998 1827 3040 et
1858 2991 2018 3041 virtus
2047 2985 2139 3041 Αι-

491 3078 498 3086 ’
553 3079 737 3132 tissimi
763 3077 1084 3131 obumbrabit
1115 3076 1239 3140 tibi;
1289 3077 1503 3147 ideoque
1545 3079 1679 3146 quod
1716 3086 1956 3132 nascetur
1987 3093 2052 3132 es:
2090 3088 2139 3132 te

552 3178 784 3224 sanctum
812 3167 1073 3222 vocabitur
1101 3165 1270 3221 Filius
1302 3166 1398 3220 Dei
1431 3166 1580 3238 (Luc.
1615 3185 1650 3234 ι,
1683 3168 1795 3240 35).

623 3258 678 3315 6.
708 3259 786 3314 Ad
817 3259 921 3314 hoc
944 3258 1179 3328 pertinet
1203 3257 1394 3312 salutis
1415 3267 1610 3314 nostrm
1638 3260 1966 3330 mysterium,
1990 3259 2135 3330 quod

553 3359 706 3421 pater
752 3357 937 3404 noster
985 3347 1255 3402 Abraham
1304 3343 1732 3418 dispensatorem
1761 3351 1974 3404 domus
2027 3365 2137 3404 sum

552 3441 806 3512 pnecepit
833 3440 934 3494 sub
979 3437 1094 3507 ejus
1123 3437 1329 3494 femore
1358 3454 1576 3493 manum
1605 3455 1829 3509 ponere,
1874 3448 1930 3494 et
1952 3439 2139 3508 jurare

553 3547 651 3602 per
667 3531 832 3586 Deum
861 3529 984 3586 coeli
1001 3526 1209 3599 (Cenes.
1241 3539 1386 3594 xxiv,
1401 3528 1480 3600 2).
1493 3527 1645 3595 Quod
1663 3544 1770 3584 non
1789 3529 1887 3583 nisi
1910 3528 2139 3598 prophe-

553 3623 660 3676 tico
697 3630 722 3657 ³
771 3621 959 3691 spiritu
1013 3619 1204 3675 fecisse
1245 3618 1548 3674 credendus
1593 3628 1709 3684 est,
1761 3628 1891 3674 tunc
1935 3620 2140 3674 scilicet

553 3712 770 3781 quando
794 3707 974 3767 omnia
1000 3712 1053 3767 in
1099 3712 1264 3779 ﬁgura
1288 3712 1578 3783 contigisse
1611 3713 1716 3767 Vas
1745 3712 2022 3767 electionis
2053 3713 2137 3766 in-

553 3805 730 3858 sinuat
757 3801 811 3873 (Ι
839 3801 958 3857 Cor.
989 3819 1041 3868 x,
1075 3802 1184 3874 Π).
1212 3801 1346 3858 Illud
1377 3803 1538 3872 igitur
1567 3803 1688 3858 ideo
1713 3811 1930 3859 sanctus
1958 3803 2101 3857 Ahra
2119 3832 2137 3846 ο

553 3893 679 3948 ham
719 3901 874 3962 pater
899 3893 1141 3962 gentium
1170 3894 1332 3964 29o
1358 3893 1505 3959 fecit,
1558 3909 1668 3949 non
1697 3894 1822 3963 quia
1849 3894 1998 3948 carni
2029 3908 2140 3947 sua:

555 3981 814 4038 credebat
852 3982 1068 4052 aliquod
1111 3983 1222 4052 jam
1267 3998 1389 4038 esse
1436 3999 1560 4038 cum
1590 3984 1702 4039 Deo
1727 3983 1848 4039 οωιί
1897 3982 2142 4038 naturale

555 4072 908 4138 consortium,
930 4072 1025 4128 sed
1055 4081 1114 4126 ut
1134 4073 1444 4127 ostenderet
1468 4072 1634 4127 Deum
1655 4074 1778 4130 cmli
1801 4088 1868 4128 ex
1895 4070 2141 4128 ea'carne

556 4161 886 4221 nasciturum
917 4161 1188 4215 hominem
1214 4176 1334 4230 quae
1365 4161 1460 4232 (al.
1494 4161 1608 4234 qui)
1636 4161 1704 4217 de
1740 4163 1946 4218 semine
1975 4162 2142 4232 ipsius

555 4251 784 4307 Abrahae
805 4252 1113 4322 propaginis
1135 4251 1357 4308 duceret
1377 4255 1676 4310 veritatem.
1703 4253 1852 4310 Unus
1874 4263 1956 4310 est
1981 4255 2143 4324 igitur

555 4341 801 4396 Christus
821 4341 914 4396 Dei
943 4341 1110 4398 Filius
1135 4341 1188 4396 in
1219 4350 1410 4397 natura
1441 4343 1737 4398 divinitatis
1758 4351 1813 4398 et
1839 4343 2034 4408 carnis,
2085 4343 2139 4398 in

554 4448 663 4502 quo
692 4432 1036 4502 singularitas
1077 4433 1378 4503 personalis
1405 4449 1513 4488 non
1541 4434 1824 4490 confundit
1852 4434 2137 4488 humanam

2238 1896 2446 1968 paginis
2487 1894 2610 1950 inde
2651 1894 2920 1966 inciperet
2956 1896 3194 1963 abolere,
3227 1894 3370 1950 unde
3416 1894 3471 1949 in
3499 1907 3827 1963 unoquoque

2236 1993 2570 2046 na;centium
2596 1991 2881 2046 videbatur
2902 1991 3156 2046 existere.

2299 2082 2435 2138 Car.
2469 2096 2541 2138 tv.
2572 2084 2654 2136 Ad
2681 2084 2954 2137 delendum
2979 2085 3192 2156 originis
3222 2095 3508 2155 peccatum,
3532 2081 3628 2138 Dei
3660 2082 3828 2138 Filius

2239 2176 2516 2229 Immauam
2545 2173 2641 2228 sibi
2664 2182 2907 2228 naturam
2928 2173 3316 2229 immaculatum
3336 2175 3700 2228 immaculatus
3721 2175 3830 2227 uni-

2236 2269 2324 2320 vit.
2352 2297 2424 2306 —
2445 2264 2498 2318 8.
2524 2265 2655 2319 Nam
2679 2265 2804 2334 quia
2827 2279 3016 2319 omnes
3039 2264 3284 2320 homines
3309 2279 3374 2318 ex
3396 2265 3542 2318 coitu
3572 2264 3741 2318 maris
3761 2263 3826 2318 fe-

2238 2356 2506 2425 minasque
2556 2363 2848 2410 nascentes
2907 2355 3074 2425 ipsius
3125 2354 3500 2426 conceptionis
3545 2355 3826 2410 exordium

2210 2465 2215 2469 λ
2241 2445 2516 2514 originalis
2544 2445 2751 2515 peccati
2779 2443 2983 2498 habent
3010 2443 3332 2512 contagione
3355 2459 3682 2514 respersum,
3705 2445 3828 2515 quia

2239 2549 2518 2611 peccatum
2535 2540 2680 2610 quod
2694 2539 2898 2610 primus
2920 2538 3106 2606 homo,
3120 2554 3238 2594 cum
3261 2545 3404 2593 esset
3424 2546 3614 2592 natura
3632 2539 3829 2604 bonus,

2240 2632 2505 2688 diabolica
2525 2632 2855 2701 malignitate
2866 2630 3118 2686 seductus
3141 2629 3358 2684 admisit
3377 2629 3430 2683 in
3443 2633 3832 2699 posterosque-

2240 2738 2346 2793 que
2360 2736 2481 2778 cum
2508 2734 2688 2794 pmna,
2716 2723 2820 2777 hoc
2842 2730 2926 2777 est
2953 2737 3074 2776 cum
3103 2725 3278 2775 morte
3304 2718 3355 2788 δ,
3384 2720 3633 2774 transivit
3663 2719 3830 2790 (quod

2244 2812 2298 2868 in
2325 2811 2551 2867 veritate
2573 2819 2789 2866 sanctus
2819 2809 2984 2864 David
3006 2795 3269 2874 enuntiat,
3292 2808 3476 2864 dicens
3502 2826 3515 2860 :
3536 2806 3673 2862 Ecce
3693 2811 3831 2862 enim

2241 2901 2296 2954 in
2321 2899 2674 2972 iniquitatibus
2697 2908 2969 2970 conceptus
2989 2914 3123 2964 sum,
3141 2908 3190 2952 et
3217 2899 3274 2951 in
3304 2897 3506 2951 delictis
3526 2899 3726 2969 peperit
3751 2915 3828 2951 uss

2241 3000 2409 3045 mater
2428 3007 2542 3044 mea
2569 2987 2796 3062 [Psalm.
2820 3004 2872 3053 ι,
2895 2985 3002 3057 7]);
3039 2986 3398 3042 necessarium
3423 2987 3609 3056 utique
3632 2986 3825 3041 admo-

2244 3077 2370 3132 dum
2401 3077 2499 3131 l'uit
2527 3085 2585 3131 ut
2625 3076 2934 3132 misericors
2961 3075 3216 3130 Dominus
3239 3075 3504 3144 etjustus,
3530 3075 3831 3146 iniquitatis

2167 3187 2212 3248 C
2245 3169 2490 3222 humana;
2505 3167 2724 3236 vestigia
2741 3166 3036 3232 deleturus,
3057 3166 3109 3220 in
3124 3166 3238 3236 ipso
3253 3174 3516 3248 conceptu
3529 3165 3634 3220 sibi
3649 3165 3833 3220 humu.

2243 3273 2366 3312 nam
2397 3267 2640 3312 naturam
2681 3257 2992 3326 dignaretur
3019 3256 3418 3312 immaculatum
3449 3243 3832 3313 immaculatus

2243 3347 2411 3411 nnirc,
2447 3346 2535 3400 ubi
2563 3361 2683 3400 eum
2709 3326 3063 3400 consueveiat
3085 3361 3180 3414 per
3203 3345 3455 3400 inﬂictam
3477 3344 3692 3413 peccati
3722 3344 3832 3400 ori-

2239 3436 2430 3504 ginalis
2453 3437 2714 3491 maculam
2739 3452 2849 3493 sua:
2872 3439 3014 3509 parti
3058 3437 3404 3506 dominioque
3430 3436 3679 3511 diabolus
3709 3435 3828 3490 viu-

2239 3526 2440 3580 dicare.
2462 3526 2672 3580 Naturae
2689 3528 2850 3597 igitur
2877 3529 3142 3593 humanm,
3169 3527 3324 3596 cujus
3352 3525 3633 3582 veritatem
3653 3524 3830 3596 pleni-

2243 3615 2590 3686 tudinemque
2616 3616 2778 3684 Deus,
2819 3617 3134 3689 Unigenitus
3175 3631 3452 3672 assumere
3489 3616 3658 3672 voluit
3687 3630 3825 3671 cou-

2243 3716 2458 3775 ceptum
2487 3722 2702 3778 quoque
2747 3707 2862 3778 ejus
2899 3709 3342 3778 nativitatemque
3386 3708 3645 3777 suscepit.
3678 3706 3832 3762 Absit

2243 3797 2387 3851 enim
2418 3807 2477 3851 ut
2504 3798 2788 3866 quisquam
2817 3799 3120 3854 catholicus
3148 3797 3340 3855 credat
3367 3806 3458 3853 aut
3498 3797 3646 3854 dicat
3685 3795 3829 3868 quod

2246 3887 2560 3957 Unigenitus
2589 3890 2750 3956 Deus,
2781 3904 2880 3944 suo
2925 3905 3026 3945 nos
3064 3891 3324 3959 sanguine
3365 3889 3747 3959 redempturus
3774 3889 3827 3942 in

2243 3994 2306 4035 ea
2335 3995 2497 4035 carne
2523 3995 2628 4050 qua
2659 3981 2800 4036 idem
2850 3981 2990 4035 Deus
3020 3980 3193 4034 factus
3217 3988 3302 4034 est
3329 3979 3515 4044 homo,
3561 3978 3832 4048 respuerit

2241 4071 2487 4126 humana:
2528 4072 2898 4143 conceptionis
2941 4072 3112 4138 initia,
3169 4087 3290 4127 cum
3339 4071 3394 4125 in
3423 4069 3616 4126 eadem
3662 4084 3826 4124 carne

2243 4161 2387 4216 Deus
2414 4163 2528 4233 ipse
2556 4163 2872 4218 immortalis
2894 4177 3218 4234 permanens
3245 4161 3495 4217 humanm
3525 4160 3829 4216 mortalita-

2243 4253 2313 4307 tis
2340 4261 2484 4308 esset
2508 4269 2763 4324 passurus
2793 4253 2950 4325 291
2973 4263 3237 4309 extrema.
3279 4253 3432 4308 Sicut
3469 4251 3615 4306 enim
3664 4265 3832 4306 carus

2243 4347 2481 4402 moriens
2508 4348 2997 4403 incommutabilem
3047 4355 3207 4415 atque
3238 4343 3641 4402 inamissibilem
3671 4351 3832 4397 natu-

2244 4439 2409 4494 ralem
2432 4439 2514 4493 sui
2543 4446 2742 4493 statum
2770 4438 2911 4493 Dens
2937 4447 3097 4493 verus
3124 4437 3385 4505 vivusque
3414 4449 3521 4489 non
3562 4432 3826 4504 perdidit;

553 4523 897 4592 divinumque
931 4531 1198 4587 naturam,
1229 4531 1284 4577 et
1314 4521 1591 4578 inconfusa
1622 4525 1793 4579 unitio
1827 4531 2135 4578 naturarum
2169 4547 2218 4608 υ
2243 4532 2320 4587 sic
2349 4530 2489 4586 idem
2511 4529 2651 4584 Deus
2678 4531 2969 4585 immensus
2993 4542 3015 4566 σε
3039 4529 3356 4584 naturaliter
3374 4535 3430 4583 et
3453 4536 3690 4582 :eternus
3711 4541 3830 4581 cum

557 4629 666 4668 non
696 4613 824 4669 facit
865 4614 1132 4681 geminam
1181 4614 1358 4668 inesse
1403 4629 1690 4683 personam
1725 4633 1738 4666 :
1769 4614 1968 4669 veritas
1991 4613 2136 4668 enim

555 4713 846 4776 propterea
884 4714 1084 4760 nostra:
1120 4705 1574 4761 reconciliationis
1607 4715 1890 4777 permanet
1909 4715 1964 4762 et
1993 4706 2139 4760 salu-

555 4795 646 4862 tis,
693 4795 818 4864 quia
848 4803 904 4849 et
927 4795 1068 4849 Deus
1097 4792 1414 4863 Unigenitus
1443 4797 1805 4852 \'erus.homo
1855 4813 1953 4867 pro
1985 4797 2140 4851 nobis

556 4895 642 4940 cst
670 4885 861 4951 factus,
892 4894 947 4940 et
977 4886 1117 4941 idem
1145 4887 1308 4942 homo
1345 4903 1454 4943 non
1481 4889 1616 4942 alius
1643 4899 1936 4960 conceptus
1962 4898 2016 4943 ct
2039 4904 2136 4943 na-

557 4983 644 5031 tus
671 4982 754 5030 est
779 4991 941 5046 qnam
972 4975 1286 5045 Unigenitus
1307 4977 1462 5033 Deus.

628 5065 682 5120 7.
715 5065 882 5121 Beata
928 5068 1088 5136 igitur
1135 5068 1299 5124 Maria
1340 5069 1506 5124 Deum
1547 5070 1804 5137 Verbum,
1843 5071 2136 5126 secundum

557 5158 703 5230 quod
729 5175 857 5215 caro
888 5159 1088 5215 factum
1115 5170 1220 5229 est,
1251 5170 1306 5216 et
1327 5161 1576 5231 concepit
1619 5171 1675 5217 et
1702 5162 1913 5231 peperit
1938 5179 1950 5214 :
1984 5163 2138 5231 cujus

557 5258 714 5306 utero
743 5249 977 5305 Verbum
1007 5251 1148 5307 Deus
1175 5267 1284 5307 non
1313 5267 1531 5307 carnem
1578 5251 1631 5306 in
1686 5265 1793 5321 qua
1821 5251 2138 5321 concipere-

557 5351 646 5398 tur
685 5343 894 5407 iutulit;
925 5357 1025 5398 nec
1054 5358 1121 5398 ex
1161 5359 1226 5399 ea
1255 5345 1532 5399 materiam
1561 5352 1835 5414 conceptae
1885 5344 1999 5398 sive
2026 5341 2132 5398 for-

556 5441 714 5488 mata:
739 5433 918 5490 carnis
945 5449 1052 5488 non
1077 5433 1192 5505 ipse
1212 5433 1354 5488 Deus
1379 5434 1786 5506 concipiendus,
1808 5435 1904 5490 sed
1932 5442 2136 5489 tantum

559 5524 864 5580 nasciturus
889 5525 1206 5595 assumpsit;
1237 5525 1332 5582 sed
1360 5543 1423 5582 ex
1445 5528 1632 5583 eadem
1662 5536 1718 5583 et
1741 5529 1795 5585 iu
1822 5527 2009 5584 eadem
2038 5527 2139 5582 vir-

558 5724 577 5780 ‘
632 5666 657 5692 ⁸
705 5656 819 5712 Non
870 5658 1064 5728 legitur
1116 5659 1171 5714 in
1226 5659 1382 5714 editis
1427 5677 1530 5716 vox
1576 5664 1890 5734 prophetico,
1940 5664 2134 5733 legitur

583 5741 612 5778 n
644 5741 742 5780 Ins.

583 5741 612 5778 η
644 5741 742 5780 IIIS.

631 5795 658 5834 δ
688 5795 778 5852 Sic
800 5813 930 5864 ωε..
960 5808 1014 5853 at
1035 5800 1181 5867 edd.,
1216 5819 1276 5856 ac
1304 5818 1414 5856 cum
1446 5813 1626 5856 morte.

2245 4636 2412 4693 parva
2439 4636 2603 4676 carne
2627 4621 3024 4690 conciperetur,
3074 4619 3429 4674 immensitate
3457 4617 3689 4672 naturali
3722 4632 3825 4672 non

2245 4713 2446 4773 caruit;
2479 4721 2534 4766 et
2561 4727 2683 4766 cum
2708 4711 3078 4782 temporaliter
3107 4725 3271 4766 carne
3308 4716 3642 4769 nasceretur,
3673 4716 3826 4762 :eterv

2245 4805 2468 4858 nitatem
2497 4803 2819 4870 naturalem,
2869 4802 2921 4856 in
2951 4817 3056 4872 qua
3081 4801 3149 4856 de
3178 4801 3336 4854 Patre
3389 4807 3552 4868 atque
3587 4798 3640 4852 in
3670 4795 3830 4851 Patre

2245 4894 2604 4963 sempiternus
2631 4892 2770 4950 Deus
2797 4901 2900 4960 est,
2919 4907 3027 4946 non
3057 4891 3235 4946 amisit
3260 4907 3273 4942 :
3298 4890 3423 4960 quia
3440 4889 3550 4942 vita
3568 4888 3658 4943 illa
3673 4902 3826 4943 suum

2247 4982 2417 5037 voluit
2443 4998 2561 5038 esse
2580 4997 2741 5052 quem
2769 4982 2820 5036 in
2861 4997 3024 5036 carne
3049 4980 3288 5050 suscepit
3327 4979 3558 5047 obitum,
3588 4987 3646 5033 et
3671 4986 3820 5032 aeter-

2248 5075 2388 5130 nitas
2413 5075 2499 5130 illa
2527 5091 2683 5129 suum
2713 5074 2908 5132 habuit
2932 5074 2985 5128 in
3012 5059 3184 5128 matre
3208 5079 3551 5141 conceptum.

2318 5163 2370 5217 9.
2413 5163 2644 5219 Verbum
2699 5164 2860 5233 igitur
2887 5163 3045 5226 Deus,
3072 5161 3126 5217 id
3158 5171 3241 5217 est
3270 5159 3583 5229 Unigenitus
3608 5160 3705 5215 Dei
3743 5159 3826 5213 Fi-

2247 5253 2370 5318 lius,
2400 5254 2490 5322 qui
2515 5262 2598 5308 est
2619 5255 2672 5308 in
2696 5253 2945 5309 omnibus
2971 5252 3132 5323 (sicut
3160 5252 3275 5322 ipse
3319 5250 3567 5320 testatur)
3598 5250 3760 5320 alpho
3784 5258 3829 5302 et

2249 5359 2448 5414 omega,
2475 5343 2678 5409 initium
2723 5353 2772 5397 et
2817 5343 2939 5414 ﬁnis
2967 5342 3149 5414 (Apoc.
3183 5357 3221 5405 ι,
3255 5340 3316 5394 ll
3339 5344 3381 5412 ),
3431 5342 3509 5396 sic
3555 5340 3831 5395 initialiter

2247 5435 2540 5492 secundum
2586 5437 2872 5492 humanam
2899 5443 3148 5490 naturam
3171 5434 3383 5504 concipi
3405 5449 3567 5488 carne
3593 5448 3705 5488 non
3734 5432 3826 5486 ab-

2249 5527 2380 5591 nuit,
2405 5525 2542 5580 sicut
2581 5524 2768 5580 eadem
2812 5540 2974 5580 carne
3003 5525 3238 5580 moriens
3293 5525 3432 5578 Deus
3457 5524 3706 5578 humana:
3733 5538 3796 5577 us
3820 5560 3824 5563 -

2251 5733 2262 5744 θ
2315 5675 2336 5702 ο
2378 5665 2540 5749 Editi,
2572 5669 2901 5722 unirersrs...
2941 5668 3297 5733 unirersitate;
3329 5681 3430 5722 ms.
3477 5667 3818 5720 immensus...

2244 5747 2601 5792 tmmensitute.
