4014 6340
182 484 270 545 ιόἾ
1185 522 1194 532 ι
1539 485 1725 547 EPIS’I

1833 491 1870 545 Α
1908 488 2063 543 XVII.
2539 509 2551 519 ο
3335 483 3439 542 458

185 613 298 657 tunc
333 600 570 657 debitum
618 603 774 659 finale
822 603 1098 675 persolvit.
1151 603 1466 659 Nullatenus
1518 618 1749 673 namque
1779 611 1825 664 Α
1925 601 2010 655 12.
2045 601 2160 656 Hoc
2202 601 2383 668 itaque
2418 599 2604 654 habuit
2642 600 2737 654 Dei
2795 601 3133 673 hominisque
3180 604 3439 659 mirabilis

185 695 390 747 humana
415 701 606 748 natura
636 693 703 747 ad
732 693 1077 748 auferendum
1112 702 1396 763 peccatum
1426 694 1611 749 mundi
1634 693 1746 748 suf-
1848 694 2087 765 quidem,
2110 694 2204 749 sed
2253 708 2411 747 verus
2440 693 2529 747 ille
2554 693 2849 748 secundum
2896 710 3113 749 carnem
3144 708 3439 769 conceptus

184 782 341 837 ﬁciens
365 788 527 851 atque
574 782 765 837 idonea
808 783 983 851 fieret,
1033 784 1136 838 nisi
1192 784 1243 838 in
1299 783 1550 839 unionem
1579 783 1744 837 Verbi
1845 794 1901 839 et
1938 792 2144 852 partus,
2173 797 2280 852 quo
2306 781 2474 838 Deum
2522 784 2642 837 εωιί
2693 784 2843 854 virgo
2873 784 3211 841 ineli'abiliter
3238 804 3439 845 conce-

183 873 258 928 Bei
287 883 332 937 ·,
354 890 458 929 non
485 875 719 929 naturali
758 874 1093 938 confusione,
1143 874 1240 930 sed
1266 875 1443 930 solum
1471 874 1743 945 personati
1845 875 1922 944 pit
1942 883 1997 929 et
2028 876 2256 947 peperit,
2288 884 2344 930 et
2372 876 2523 943 virgo
2563 875 2797 945 genitrix
2820 877 3074 932 inviolata
3105 883 3433 949 permansit;

180 967 360 1021 unitate
388 969 645 1022 transiret
677 984 690 1020 :
721 967 954 1023 Verbum
992 970 1192 1038 quippe
1238 983 1359 1023 cum
1397 983 1524 1022 caro
1565 967 1741 1034 lieret,

179 1058 393 1112 unitione
422 1059 652 1113 mirabili
680 1074 832 1113 suam
861 1068 1107 1113 naturam
1156 1059 1282 1114 fecit
1308 1073 1469 1127 quam
1492 1074 1558 1113 ex
1585 1058 1741 1114 nobis

177 1150 375 1219 accepit.
405 1148 462 1203 lu
489 1166 590 1219 qua
621 1159 800 1205 tamen
828 1150 1068 1205 unitione
1090 1149 1279 1205 deilica
1304 1156 1361 1204 et.
1391 1148 1613 1203 omnino
1639 1147 1739 1201 nii-

178 1242 306 1296 rabili
334 1241 492 1297 Verbi
521 1242 775 1297 divinitas
819 1250 1026 1296 mutata
1050 1257 1157 1296 non
1187 1249 1268 1295 est
1302 1241 1355 1294 in
1381 1254 1622 1306 carnem,
1646 1254 1739 1293 ve-

177 1347 318 1400 raque
346 1331 502 1388 Verbi
530 1333 838 1409 humanitas
868 1332 1166 1387 naturalem
1191 1347 1412 1403 prorsus
1440 1332 1612 1386 tenuit
1636 1348 1736 1385 no-

179 1410 255 1477 stri
273 1424 477 1491 generis
504 1425 813 1480 veritatem.
846 1424 1008 1492 Virgo
1040 1424 1199 1493 igitur
1220 1422 1398 1493 (quod
1420 1437 1562 1492 siepe
1582 1437 1733 1477 eom-

90 1522 94 1526 “
178 1522 554 1570 memorandum
596 1516 715 1586 est)
748 1516 920 1585 ipsum
947 1514 1114 1570 Deum
1144 1515 1399 1580 Verbum,
1441 1513 1732 1569 secundum

178 1602 262 1658 hoc
283 1604 415 1672 quod
438 1606 493 1661 in
535 1621 597 1659 ea
627 1621 755 1661 caro
783 1606 980 1661 factum
1005 1614 1107 1669 est,
1133 1614 1188 1660 et
1213 1605 1464 1673 concepit
1490 1612 1546 1657 et
1567 1618 1734 1673 pepe-

179 1695 249 1758 rit,
292 1706 343 1750 et
368 1696 518 1750 illum
552 1696 893 1766 Unigenitum
936 1698 1135 1762 Deum,
1161 1697 1414 1751 virtutem
1440 1695 1647 1752 scilicet
1676 1704 1733 1751 et

177 1787 457 1855 sapientiam
490 1788 603 1851 Dei,
634 1789 926 1843 candorem
955 1789 1088 1844 lucis
1108 1797 1341 1852 :eternze,
1369 1796 1425 1843 ct
1450 1788 1728 1857 speculum

176 1878 269 1932 sine
299 1880 502 1934 macula
533 1880 624 1935 Dei
665 1882 983 1949 majestatis,
1032 1890 1089 1935 et
1133 1881 1417 1948 imaginem
1473 1880 1730 1936 bonitatis

1844 967 1932 1020 illa
1962 967 2169 1022 scilicet
2193 969 2364 1039 gratia
2405 968 2558 1035 plena
2602 977 2652 1021 et
2694 968 2957 1022 benedicta
2983 968 3008 1005 α
3040 970 3095 1022 in
3135 972 3434 1027 mulieribus

1844 1053 1997 1124 (Luc.
2031 1072 2068 1122 ι,
2099 1055 2190 1128 28)
2223 1056 2490 1111 veraciter
2542 1056 2610 1111 ab
2652 1056 2846 1125 angelo
2900 1069 3240 1130 nuncupata;
3283 1064 3432 1131 quod

1841 1145 2025 1211 gratia:
2054 1146 2431 1215 prtevenientis
2454 1160 2582 1215 ope,
2614 1153 2777 1214 atque
2800 1163 2966 1217 opere
2986 1148 3219 1220 Spiritus
3254 1156 3431 1210 sancti

1839 1237 2253 1304 superveniente
2280 1238 2334 1292 in
2360 1253 2443 1304 se,
2471 1247 2527 1293 et
2553 1238 2753 1294 virtute
2782 1240 3040 1296 Altissimi
3069 1244 3431 1303 obumbrante
3480 1250 3483 1255 ’

1838 1326 1960 1391 sibi,
1993 1326 2163 1381 Deum
2214 1326 2310 1382 Dei
2351 1328 2543 1382 Filium
2572 1337 2921 1399 conceptura,
2950 1332 3051 1385 viri
3094 1335 3294 1390 coitum
3326 1352 3429 1394 nec

1836 1416 2056 1485 pertulit
2078 1418 2320 1484 omnino,
2347 1433 2448 1474 nec
2468 1420 2656 1484 voluit,
2679 1420 2774 1474 sed
2800 1421 3160 1490 virginitatem
3187 1428 3425 1485 retinens

1836 1517 1891 1561 et
1912 1508 2106 1561 mentis
2131 1517 2188 1561 et
2213 1524 2481 1579 corporis,
2508 1509 2576 1564 ab
2603 1524 2670 1565 eo
2703 1525 2863 1579 quem
2888 1522 3216 1584 conceptura
3243 1525 3297 1570 et
3325 1533 3423 1588 pa.
3517 1503 3521 1506 ’

1834 1600 2001 1653 ritura
2023 1607 2160 1664 erat,
2183 1599 2382 1654 donum
2414 1601 2735 1671 incorruptae
2753 1601 3093 1659 fecunditatis
3114 1606 3425 1665 etfeeundie

1834 1692 2161 1761 integritatis
2208 1694 2437 1763 accepit.
2487 1693 2568 1748 Ita
2612 1694 2779 1748 Deum
2832 1694 3060 1751 Verbum
3126 1701 3423 1758 secundum

1831 1782 1977 1850 quod
1996 1797 2126 1837 caro
2150 1780 2347 1837 factum
2369 1792 2471 1848 est,
2506 1784 2653 1853 virgo
2678 1796 2862 1841 sancta
2892 1790 3172 1859 concepit,
3202 1794 3423 1859 angelo-

1830 1886 1948 1925 rum
1978 1872 2363 1941 hominumque
2393 1873 2668 1937 factorem,
2692 1875 3048 1946 eumdemque
3073 1881 3421 1939 nihilominus

175 1968 290 2024 illius
324 1971 475 2041 (Sap.
509 1989 602 2039 vii,
629 1972 741 2043 96).
786 1973 1127 2045 splendorem
1174 1974 1388 2041 glorim,
1421 1981 1476 2028 et
1504 1958 1725 2043 ﬁguram

1833 1963 1983 2030 virgo
2012 1963 2225 2032 peperit
2269 1962 2544 2017 hominum
2595 1962 3031 2036 Redemptorem.
3062 1968 3247 2040 Neque
3274 1973 3420 2027 enim

175 2062 451 2119 substantia:
480 2066 614 2134 ejus,
638 2081 799 2135 quem
828 2067 944 2121 sine
972 2067 1083 2122 ullo
1123 2067 1278 2122 initio
1300 2067 1367 2121 de
1407 2082 1504 2120 sua
1533 2074 1725 2121 natura

174 2155 526 2223 sempiternum
556 2166 718 2228 atque
764 2158 1255 2213 incommutabilem
1299 2159 1483 2227 genuit
1519 2159 1726 2214 income»

173 2247 409 2301 mutabilis
435 2262 503 2303 ac
522 2250 847 2319 sempiterna
872 2249 1124 2304 divinitas
1151 2248 1345 2317 Patris,
1395 2249 1642 2304 eumdem
1671 2249 1723 2303 in

173 2340 371 2395 humana
394 2351 590 2397 natura
622 2352 792 2398 totum
824 2343 1148 2413 plenumque
1173 2343 1340 2397 Deum
1374 2352 1429 2399 et
1449 2343 1722 2398 hominem

169 2430 415 2487 initialitcr
441 2431 715 2503 concepit,
747 2442 802 2488 et
830 2434 1043 2503 peperit
1072 2441 1258 2488 uterus
1285 2433 1579 2500 virginalis.

221 2520 337 2579 Cir.
368 2541 415 2578 v.
454 2524 594 2579 Deus
620 2536 672 2580 et
701 2526 853 2580 homo
874 2528 925 2580 in
952 2524 1155 2580 Christo
1177 2542 1280 2580 non
1301 2526 1430 2579 duas
1452 2542 1721 2596 personas,

168 2614 240 2666 sed
280 2615 406 2669 duas
445 2626 663 2670 naturas
690 2618 804 2671 sine
844 2618 1146 2688 confusione
1191 2617 1509 2686 signiﬁcant.
1534 2648 1607 2658 —
1635 2615 1721 2669 10.

169 2702 278 2758 Cum
296 2715 470 2761 autem
503 2705 787 2762 Dominum
816 2707 1091 2762 Christum
1137 2706 1307 2762 Deum
1346 2706 1725 2776 hominemque

169 2792 387 2865 dicimus,
416 2813 526 2853 non
568 2798 904 2867 personalem
953 2798 1286 2859 dualitatem.
1318 2797 1416 2853 sed
1447 2799 1725 2868 utriusqne

167 2895 341 2942 natura:
366 2890 666 2945 unitionem
698 2890 1028 2945 verissimam
1075 2892 1193 2946 sine
1225 2890 1333 2946 ulla
1361 2890 1503 2946 facta
1538 2890 1724 2946 confu-

166 2977 293 3032 sione
335 2989 724 3035 monstramus.
769 2979 915 3035 Idem
955 2981 1152 3051 quippe
1199 2980 1340 3035 Deus
1390 2981 1482 3049 qui
1536 2980 1721 3047 homo,

169 3067 284 3123 idem
303 3070 463 3126 homo
491 3085 583 3140 qui
633 3070 772 3127 Deus
800 3082 883 3125 est
916 3088 928 3124 ε
952 3072 1076 3140 quia
1105 3071 1185 3127 sic
1212 3070 1324 3126 Deo
1352 3070 1533 3126 Verbo
1560 3072 1725 3125 mira-

168 3158 319 3215 biliter
347 3162 496 3215 unita
527 3169 611 3216 est
636 3162 868 3216 humana
908 3170 1118 3226 natura,
1162 3176 1225 3215 ut
1253 3161 1368 3231 ipse
1400 3176 1557 3215 verus
1580 3159 1723 3217 Deus

171 3264 301 3305 verus
317 3252 480 3307 homo
525 3252 698 3318 fieret,
727 3253 953 3308 alteram
982 3267 1425 3323 veropersonam
1455 3253 1722 3309 incarnati

1829 2060 2015 2105 sancta
2041 2050 2201 2120 Virgo
2230 2051 2395 2105 Maria
2439 2052 2608 2105 Deum
2646 2054 2764 2107 sine
2809 2056 2987 2110 carnis
3026 2060 3416 2129 assumptione,

1829 2154 1921 2198 aut
1940 2159 2156 2199 carnem
2186 2146 2303 2199 sine
2333 2143 2426 2198 Dei
2457 2145 2702 2200 unitione
2721 2148 2990 2217 concepit,
3022 2151 3148 2218 quia
3170 2152 3260 2207 ille
3284 2169 3419 2209 cou-

1827 2247 2017 2308 ceptus
2045 2238 2262 2306 virginis
2284 2236 2395 2292 Deo
2419 2236 2518 2292 fuit
2539 2239 2797 2306 carnique
2823 2242 3143 2296 communis.

1899 2326 1986 2381 i3.
2020 2326 2144 2382 Hice
2173 2337 2255 2381 est
2283 2328 2454 2395 gratia
2482 2342 2586 2396 qua
2611 2326 2809 2382 factum
2832 2338 2913 2383 est
2944 2338 3001 2383 ut
3020 2330 3180 2397 Deus,
3211 2334 3303 2402 qui
3335 2350 3419 2390 ve-

1828 2416 1906 2470 nit
1934 2426 2154 2485 peceata
2203 2417 2418 2483 tollere,
2462 2418 2587 2485 quia
2637 2427 2916 2489 peccatum
2947 2421 3001 2475 in
3048 2436 3114 2475 eo
3163 2440 3268 2479 non
3311 2436 3414 2493 est,

1828 2507 1993 2561 homo
2030 2507 2408 2575 conciperetur
2436 2518 2601 2576 atque
2641 2518 2959 2564 nasceretur
2984 2511 3038 2564 in
3057 2512 3416 2570 similitudine

1827 2599 2003 2652 carnis
2032 2599 2257 2669 peccati.
2281 2598 2349 2653 de
2376 2613 2541 2653 carne
2568 2601 2793 2669 peccati.
2827 2600 2966 2656 Caro
2993 2602 3191 2674 quippe
3212 2604 3415 2676 Marias,

1827 2703 1947 2759 qua:
1973 2689 2026 2743 in
2050 2688 2421 2758 iniquitatibus
2456 2688 2688 2743 humana
2713 2688 2889 2744 fuerat
2915 2692 3258 2749 solemnitate
3286 2711 3416 2752 con—

1829 2788 2008 2849 cepta,
2041 2795 2169 2834 caro
2205 2779 2306 2833 fuit
2335 2780 2518 2849 utique
2546 2781 2775 2850 peccati,
2807 2797 2927 2850 quae
2971 2782 3162 2838 Filium
3194 2785 3289 2840 Dei
3318 2801 3416 2855 ge-

1830 2875 1948 2928 nuit
1977 2875 2028 2928 in
2057 2873 2461 2928 similitudinem
2506 2874 2682 2929 carnis
2735 2875 2962 2944 peccati.
2993 2874 3244 2932 Testatur
3267 2880 3415 2933 enim

1828 2966 2153 3036 Apostolus:
2186 2963 2321 3029 Quia
2349 2966 2489 3018 misit
2518 2963 2655 3018 Deus
2678 2963 2871 3019 Filium
2892 2983 3040 3020 suum
3076 2969 3130 3022 in
3170 2970 3416 3023 similitu-

1827 3056 1999 3109 dinem
2045 3056 2219 3109 carnis
2265 3056 2461 3125 peccati
2513 3054 2689 3126 (Rom.
2721 3071 2836 3124 vui,
2881 3056 2948 3126 '5)
2979 3075 2991 3109 :
3025 3058 3171 3113 illum
3211 3060 3418 3116 scilicet

1828 3148 1931 3219 qui,
1963 3163 2078 3200 cum
2119 3147 2172 3199 in
2215 3148 2383 3217 forma
2414 3145 2510 3200 Dei
2547 3161 2698 3211 esset,
2733 3165 2835 3203 non
2864 3151 3107 3220 rapinam
3135 3153 3418 3206 arbitratus

1826 3248 1903 3292 est
1939 3254 2051 3292 esse
2077 3254 2132 3291 se
2152 3237 2398 3307 (aqualem
2421 3236 2554 3305 Deo,
2582 3239 2672 3291 sed
2696 3241 3024 3309 semetipsum
3057 3250 3080 3278 ε
3112 3243 3415 3304 exinanivit.

170 3338 306 3398 Verbi
325 3359 447 3399 vera
470 3345 777 3401 humanitas
799 3362 906 3401 non
932 3346 1425 3402 liaberet.Accessit
1445 3346 1588 3401 enim
1609 3345 1722 3402 Deo

1833 3330 2048 3398 formam
2075 3331 2207 3383 servi
2220 3328 2507 3397 accipiens,
2531 3330 2583 3382 in
2604 3329 2942 3383 similitudine
2962 3330 3224 3385 hominum
3247 3333 3419 3402 factus

170 3431 369 3489 humana
414 3434 739 3502 substantia,
774 3451 881 3490 non
922 3450 1170 3505 persona.
1205 3435 1346 3489 Deus
1374 3436 1556 3503 itaque
1602 3450 1723 3490 cum

170 3539 247 3577 sua
269 3539 422 3580 carne
472 3542 613 3580 unus
640 3535 723 3581 est
750 3527 1015 3590 Christus,
1047 3525 1211 3581 Filius
1239 3525 1333 3580 Dei
1363 3534 1419 3580 et
1456 3523 1593 3581 titius
1620 3526 1723 3580 ho-

172 3616 325 3685 minis,
364 3619 505 3673 idem
548 3618 781 3674 Verbum
829 3618 988 3673 simul
1025 3626 1082 3673 et
1104 3633 1254 3685 caro,
1285 3619 1393 3673 imo
1423 3618 1562 3674 idem
1590 3617 1726 3673 Ver-

172 3705 273 3761 bum
297 3724 418 3763 caro
446 3710 499 3779 δ,
522 3710 649 3779 quia
679 3710 818 3764 idem
840 3710 982 3765 Deus
1002 3720 1056 3764 et
1076 3709 1260 3765 homo.

223 3798 337 3855 CAP.
362 3817 431 3857 vr.
448 3800 575 3856 Non
603 3810 680 3855 est
708 3801 845 3855 Deus
858 3803 913 3856 in
928 3799 1153 3866 Christo,
1179 3802 1377 3855 sicutin
1405 3801 1722 3870 patriarchis

171 3901 212 3944 et
231 3895 500 3965 prophetis.
532 3894 671 3949 Caro
692 3894 880 3950 Maria:
904 3911 1027 3949 caro
1044 3895 1241 3965 peccati
1268 3895 1385 3965 fuit.
1408 3925 1481 3935 —
1501 3893 1586 3946 Η.
1606 3893 1723 3947 Non

172 3992 321 4039 autem
341 3987 415 4041 sic
441 3985 585 4041 Deus
605 3985 841 4041 Verbum
869 4001 1087 4041 carnem
1108 3986 1336 4054 accepit,
1374 3991 1433 4039 ut
1460 4000 1589 4040 caro
1616 4000 1723 4039 non

174 4072 317 4141 ﬁeret,
345 4092 462 4132 cum
512 4076 839 4145 evangelista
888 4077 1033 4131 dicat
1065 4094 1078 4128 :
1122 4075 1345 4130 Verbum
1381 4088 1503 4130 caro
1533 4078 1725 4149 factum

172 4174 234 4219 est
254 4166 418 4237 (Joan.
443 4185 484 4235 ι,
512 4167 622 4238 14).
651 4166 836 4237 Neque
862 4176 1110 4221 naturam
1135 4168 1311 4222 carnis
1332 4167 1404 4221 ita
1418 4166 1558 4222 Deus
1579 4183 1724 4222 sum-

172 4271 268 4312 mus
290 4268 443 4329 atque
463 4260 758 4313 immensus
782 4269 804 4297 ο
836 4257 1143 4328 assumpsit,
1163 4264 1222 4311 ut
1253 4265 1506 4325 tanquam
1526 4257 1588 4311 in
1617 4272 1725 4311 uno

171 4346 226 4403 de
247 4350 552 4419 patriarchis
579 4357 675 4405 aut
712 4349 1011 4419 prophetis,
1044 4348 1099 4402 in
1145 4347 1237 4403 illo
1258 4348 1475 4417 quidem
1506 4348 1725 4403 homine

172 4438 287 4494 Deus
310 4450 469 4503 esset,
493 4440 592 4496 sed
626 4440 771 4495 idem
801 4440 943 4495 Deus
969 4440 1134 4493 homo
1161 4454 1268 4493 non
1299 4446 1460 4493 esset.
1493 4439 1647 4493 Absit
1666 4448 1726 4494 ut

173 4528 253 4585 hoc
274 4530 574 4588 Christiana
602 4531 930 4587 conscientia
981 4537 1184 4591 teneat,
1217 4537 1309 4583 aut
1344 4544 1403 4584 se
1441 4531 1723 4599 quisquam

170 4617 374 4677 ﬁdelium
398 4622 672 4694 profanari
705 4629 852 4676 tanta
907 4622 1187 4692 impietate
1232 4622 1530 4691 permittat.
1561 4624 1721 4693 292

1829 3419 2049 3490 (Philip.
2076 3436 2133 3482 ιι,
2164 3420 2217 3484 6,
2248 3420 2324 3488 7).
2361 3421 2649 3489 Pr0pterea
2679 3435 2809 3474 vero
2839 3421 2893 3475 in
2923 3422 3269 3476 simiiitudine
3296 3438 3417 3477 ear-

1828 3511 1910 3565 nis
1935 3510 2143 3582 peccati
2168 3510 2361 3565 missus
2389 3517 2474 3564 est
2505 3510 2596 3563 Dei
2639 3508 2825 3576 Filius,
2858 3511 3108 3581 idemque
3136 3521 3219 3566 est
3253 3512 3306 3566 in
3335 3514 3414 3566 si—

1826 3604 2182 3659 militudinem
2217 3602 2236 3640 τ
2268 3603 2543 3657 hominum
2564 3604 2768 3666 factus,
2800 3612 2859 3657 ut
2886 3612 2941 3657 et
2960 3604 3150 3658 similis
3174 3604 3413 3660 homini-

1823 3695 1925 3752 bus
1954 3697 2109 3751 lieret
2125 3695 2179 3750 in
2227 3695 2457 3750 veritate
2484 3695 2663 3750 carnis
2690 3710 2853 3764 quam
2882 3697 2998 3766 ipse
3036 3705 3332 3762 creaverat,
3357 3705 3416 3752 et:

1825 3786 2310 3844 dissimilitudinem
2339 3794 2582 3842 nostram
2610 3786 2752 3841 Deus
2780 3786 2835 3841 in
2859 3803 3022 3843 carne
3047 3789 3165 3843 sine
3184 3797 3414 3859 peccato

1825 3888 2039 3937 creatus
2082 3879 2336 3943 auferret,
2390 3892 2553 3948 quam
2581 3884 2781 3934 nostra:
2827 3880 2977 3933 carni
3002 3896 3113 3935 non
3151 3896 3218 3935 ex
3247 3895 3414 3951 opere

1825 3986 1941 4037 suo,
1974 3971 2071 4025 sed
2090 3985 2160 4025 ex
2185 3977 2370 4025 nostro
2398 3978 2622 4041 peccato
2651 3970 2830 4025 inesse
2859 3972 3136 4026 cernebat.
3168 3971 3227 4025 in
3256 3972 3415 4026 simi-

1824 4062 2047 4118 litudine
2076 4062 2239 4130 igitur
2258 4061 2438 4116 carnis
2476 4062 2685 4130 peccati
2710 4061 2804 4116 Dei
2833 4059 2999 4116 Filius
3028 4062 3222 4117 missus
3246 4077 3417 4131 appa-

1824 4155 1953 4220 ruit,
1982 4154 2107 4224 quia
2137 4154 2194 4208 in
2220 4151 2337 4222 ejus
2382 4167 2509 4207 vera
2540 4153 2773 4207 humana
2819 4168 2983 4208 carne
3006 4169 3115 4208 non
3160 4153 3414 4222 iniquitas

1825 4246 2080 4313 hominis,
2107 4244 2204 4299 sed
2233 4242 2535 4299 mortalitas
2580 4240 2697 4299 fuit.
2729 4241 3036 4297 Similitudo
3062 4258 3194 4297 vero
3234 4244 3416 4297 carnis

1824 4339 2030 4411 peccati
2057 4353 2179 4394 cum
2220 4324 2275 4392 in
2306 4336 2401 4391 Dei
2431 4335 2589 4400 Filio,
2621 4335 2708 4390 vel
2736 4335 2918 4405 potius
2948 4335 3041 4389 Dei
3068 4333 3234 4388 Filius
3262 4336 3314 4387 in
3338 4335 3414 4389 si-

1823 4429 2123 4484 militudine
2143 4428 2319 4483 carnis
2344 4427 2553 4497 peccati
2580 4441 2702 4481 cum
2731 4425 2946 4487 dicitur,
2976 4423 3302 4478 credendum
3328 4435 3414 4478 est

1825 4518 2168 4587 Unigenitum
2220 4516 2508 4572 Deumde
2560 4515 2796 4584 Virginis
2852 4529 3015 4570 carne
3058 4514 3272 4567 mortali
3302 4529 3413 4570 non

1825 4608 2053 4663 traxisse
2072 4608 2279 4678 peccati
2307 4604 2544 4670 sordem,
2579 4606 2675 4662 sed
2704 4606 2977 4675 accepisse
3023 4613 3229 4657 naturze
3274 4603 3413 4658 inte-

168 4709 277 4767 Cutn
303 4691 442 4769 enim
480 4713 702 4767 Verbum
732 4730 854 4767 caro
884 4691 1077 4784 factum
1104 4721 1200 4776 est,
1231 4713 1308 4768 sic
1337 4691 1603 4767 divinitas
1747 4725 1801 4784 ι)
1825 4709 1973 4764 3mm
2001 4694 2305 4784 νενίιθβθων
2324 4701 2391 4784 νυί
2411 4692 2836 4784 νθνίίθιίδλθηυδ
2861 4691 2929 4784 ‘13
2961 4700 3102 4784 ίέξτξλ
3129 4691 3410 4784 “me”?

168 4806 446 4861 manitatem
462 4806 566 4861 sibi
584 4804 902 4859 mirabiliter
916 4804 1069 4859 unire
1082 4804 1297 4873 dignata
1310 4812 1412 4869 est,
1428 4811 1505 4869 ut,
1530 4804 1722 4859 utrius-

165 4908 251 4963 que
274 4905 473 4951 naturae
498 4896 730 4950 veritate
758 4903 993 4960 servata,
1042 4896 1105 4949 in-
1144 4910 1253 4949 uno
1281 4895 1582 4965 eodemque
1607 4893 1719 4949 Deo

165 4997 301 5059 atque
318 4991 533 5045 homine
558 4989 776 5043 Christo
800 5004 898 5058 pro
925 4990 1036 5043 vita
1065 4988 1247 5043 mundi
1277 4988 1456 5043 divina
1485 4989 1579 5061 (al.
1604 4989 1718 5043 vic-

164 5080 292 5151 tima)
315 5081 463 5138 ﬁeret
491 5083 581 5137 illa
612 5081 729 5151 ejus
757 5082 1083 5136 humanitas.
1109 5080 1250 5136 Deus
1276 5082 1418 5135 enim
1448 5098 1551 5136 non
1596 5098 1721 5135 con-

162 5172 303 5227 tinens
323 5176 375 5227 in
399 5173 484 5228 ira
504 5172 887 5228 misericordias
910 5184 1036 5227 ’suas
1057 5170 1229 5242 (Psal.
1281 5182 1462 5237 L'xxvr,
1520 5173 1631 5243 10),
1655 5173 1721 5226 ad

161 5260 247 5316 hoc
270 5257 439 5319 homo
449 5262 624 5319 factus
643 5271 746 5331 est,
768 5272 828 5318 ut
845 5262 1102 5333 quidquid
1130 5262 1183 5317 in
1205 5263 1423 5316 homine
1443 5268 1722 5318 creaverat

160 5359 421 5432 integrum,
453 5364 596 5420 idem
641 5363 784 5419 Deus
826 5364 880 5418 in
908 5378 966 5419 se
995 5370 1166 5418 totum
1211 5360 1604 5429 redintegraret
1629 5377 1718 5418 as-

160 5461 425 5523 sumptum.

159 5680 242 5795 De:
262 5670 345 5725 ita
381 5685 483 5726 ms.
511 5677 571 5723 et
597 5666 782 5730 Basil.;
812 5676 871 5721 at
909 5664 1130 5724 Lov.-.et
1155 5663 1304 5732 Ant.,
1333 5666 1526 5719 unione
1561 5662 1715 5717 Verbi

214 5783 258 5849 ί·
277 5813 443 5868 Verba
475 5811 608 5873 haec,
634 5811 739 5862 imo
758 5808 893 5861 idem
929 5807 1145 5860 Verbum
1170 5823 1310 5872 caro,
1334 5821 1451 5877 quze
1472 5805 1719 5873 lcgunlur

155 5896 199 5932 ιη
225 5883 337 5935 edd.
370 5883 567 5935 absunt
594 5896 622 5932 a
650 5894 750 5932 ms.

218 5962 236 5989 ε
276 5950 424 6015 Edd.,
449 5950 735 6009 unirersus;
769 5964 891 6011 ms.,
920 5949 1216 6002 immensus.

485 6046 748 6101 l'aTBOL.
800 6038 989 6100 LXV.

1823 4800 1983 4856 quem
2035 4783 2335 4855 prophetali
2376 4794 2626 4835 sermone
2655 4779 2845 4834 beatus
2869 4779 3037 4833 David
3065 4780 3301 4832 insinuat
3328 4776 3411 4831 di-

1822 4892 1952 4932 cens
1978 4894 1992 4929 :
2031 4874 2237 4928 Veritas
2257 4873 2321 4926 de
2342 4881 2480 4925 terra
2499 4879 2614 4925 orta
2653 4879 2727 4924 est
2759 4869 2930 4941 (Psal.
2958 4886 3103 4932 xstv,
3136 4867 3247 4938 12).
3271 4867 3413 4923 Vere

1824 4970 1985 5036 igitur
2023 4967 2189 5022 Deum
2218 4965 2454 5020 Verbum
2486 4962 2650 5016 Maria
2690 4960 2963 5032 concepit,
2987 4959 3136 5029 quod
3162 4960 3218 5014 in
3245 4974 3413 5015 carne

1823 5060 2031 5130 peccati
2059 5057 2286 5130 peperit,
2310 5070 2473 5126 quam
2503 5056 2645 5110 Deus
2666 5053 2893 5124 accepit.

1893 5177 2021 5232 CAP.
2054 5192 2145 5231 Vit.
2176 5174 2340 5228 Beata
2377 5173 2535 5242 Virgo
2562 5171 2726 5225 Deum
2750 5177 2798 5223 et
2836 5170 3093 5223 hominem
3120 5169 3408 5238 concipere,

1823 5284 1925 5322 non
1947 5267 2183 5319 humanis
2212 5264 2424 5325 meritis,
2455 5262 2546 5315 sed
2570 5260 2668 5315 Dei
2689 5260 2993 5331 dignatione
3019 5260 3320 5332 promeruit.
3337 5290 3411 5303 --

1826 5361 1910 5414 Μ.
1943 5359 2050 5415 Sed
2072 5360 2244 5429 ipsum
2267 5356 2433 5410 Deum
2471 5353 2747 5408 hominem
2790 5352 2988 5408 factum
3017 5361 3074 5407 et
3124 5352 3411 5422 concipere

1822 5460 1875 5506 et
1897 5465 2105 5522 parere,
2138 5463 2244 5502 non
2272 5445 2521 5500 humanis
2547 5445 2772 5511 meritis,
2795 5443 2889 5500 sed
2913 5444 3158 5515 concepti
3179 5456 3409 5498 nasccn-

1893 5673 1918 5697 (ι
1959 5660 2113 5724 Edd.,
2142 5658 2291 5712 beata
2315 5675 2329 5722 ;
2357 5656 2800 5721 ms.,'benedicta.

1897 5741 1920 5769 ε
1960 5730 2117 5792 Edd.,
2141 5738 2191 5782 et
2233 5728 2591 5797 semetipsum;
2617 5742 2740 5792 ins.,
2766 5726 2858 5781 sed
2884 5727 3227 5797 semetipsum,
3253 5724 3407 5793 juxta

1824 5801 2326 5880 Ανρεὲίξὲί.ιθέίμ¹“¹ο
2390 5868 2437 5880 ..
2528 5866 2540 5879 .
2736 5867 2766 5880 ..
2964 5867 2977 5880 .
3092 5868 3123 5880 ..
3216 5867 3227 5880 .
3303 5868 3312 5878 .

1903 5871 1919 5908 ί
1960 5870 2118 5931 Editi,
2150 5869 2285 5922 idem
2314 5869 2402 5938 qui
2421 5868 2472 5921 in
2494 5867 2863 5932 similitudine;
2886 5867 2980 5923 sed
3003 5868 3192 5923 melius
3216 5867 3406 5934 legitur

1826 5947 1880 6004 in
1908 5958 2035 6010 ms.,
2060 5942 2292 6012 idemque
2311 5949 2385 5993 est
2413 5940 2465 5992 in
2490 5938 2897 5992 similitudinem.

2896 6025 2969 6085 15
