4014 6340
538 406 644 461 ιὸθ

1554 404 1619 470 ,8.
1664 378 2028 460 remearn
2069 401 2373 459 EPISCOPI
2412 401 2780 459 RUSPENSIS

3705 408 3803 467 ιω

536 522 714 591 tisque
736 538 812 577 ex
845 537 906 576 ea
928 519 1120 575 summi
1151 519 1247 572 Dei
1272 484 1581 587 digiia‘titttie
1605 519 1763 590 293
1793 518 2106 588 promeruit.
2140 524 2185 579 Α
2217 515 2357 569 dedit
2378 523 2426 568 et
2459 513 2598 568 Filio
2619 516 2777 568 vitam
2797 514 2985 568 habere
3005 516 3058 569 in
3087 519 3360 588 semetipso
3378 514 3557 590 (Joan.
3583 519 3763 592 v,26])
3790 542 3803 589 ;

535 614 648 669 Nisi
676 615 817 668 enim
850 612 1079 666 Verbum
1111 610 1251 664 Deus
1274 610 1562 664 humanam
1589 608 1689 662 sibi
1717 608 1906 662 uniens
1933 608 2116 675 singu-

537 705 724 759 lariter
771 711 1016 759 naturam
1047 716 1114 755 ex
1147 700 1353 767 virgine
1397 700 1561 755 homo
1599 715 1756 754 verus
1784 708 2114 764 nasceretur,

530 805 592 851 et
615 796 829 867 plenus,
852 807 1123 863 nunquam
1144 792 1300 846 nobis
1328 789 1615 867 carnaliter
1638 789 1781 844 natis
1810 789 2121 859 spiritaliter

528 904 601 942 ex
622 866 745 942 Deo
779 896 804 924 α
831 884 1085 940 nascendi
1130 866 1720 940 conferretur'exortus
1747 900 1760 934 :
1788 881 1885 937 sed
1916 888 1974 936 ut
2000 896 2121 935 car-

530 977 747 1033 nalibus
774 977 1069 1032 donaretur
1092 976 1273 1030 divina
1299 975 1571 1036 nativitas,
1604 973 1752 1045 prius
1781 981 2040 1052 concepta
2065 979 2122 1026 et

535 1081 659 1127 nata
685 1081 764 1127 est
795 1073 846 1125 in
876 1071 1106 1125 veritate
1135 1069 1312 1124 carnis
1344 1067 1611 1136 Unigeniti
1660 1066 1777 1121 Filii
1803 1065 1978 1120 divina
2006 1079 2122 1118 ma-

531 1165 715 1233 iestas.
749 1164 930 1231 Longe
950 1162 1094 1216 enim
1143 1168 1261 1215 erat
1314 1160 1405 1230 (at.
1430 1158 1550 1227 fuit)
1582 1173 1613 1212 a
1640 1155 2013 1229 peccatoribus
2031 1170 2120 1211 εθι-

535 1256 619 1309 lus
664 1254 835 1326 (l’sal.
868 1236 1050 1316 cxvut,
1085 1248 1209 1319 155.)
1241 1268 1253 1302 :
1283 1257 1339 1304 et
1367 1249 1676 1317 iniquitates
1707 1255 1903 1301 nostra:
1931 1259 2123 1314 magna

531 1363 635 1402 nos
661 1362 692 1401 a
718 1345 831 1400 Deo
864 1343 1204 1414 separatione
1248 1341 1615 1411 disiunxerant
1644 1336 1780 1412 (Isa.
1814 1354 1920 1403 ιιι,
1948 1336 2024 1405 2).
2056 1336 2124 1391 Et

533 1440 659 1509 quia
712 1439 765 1492 in
796 1438 907 1507 ipsa
929 1435 1207 1489 nativitate
1232 1433 1408 1489 carnis
1433 1439 1650 1495 nostrae,
1682 1429 1873 1484 mortis
1910 1428 2124 1483 vinculo

537 1531 854 1585 tenebamur
880 1526 1147 1594 obstricti,
1178 1541 1207 1579 a
1230 1540 1338 1595 quo
1372 1523 1541 1578 solius
1585 1520 1851 1575 beneﬁcio
1872 1517 2147 1593 spiritalis

535 1620 837 1675 nativitatis
876 1632 1156 1689 possemus
1178 1614 1430 1676 .absolvi,
1464 1612 1606 1666 Deus
1628 1619 1791 1665 natus
1815 1617 1901 1664 est
1929 1626 1996 1664 ex
2024 1609 2123 1664 ho-

527 1714 701 1779 mine,
734 1721 791 1767 ut
810 1712 1058 1766 homines
1088 1717 1436 1764 nascerentur
1464 1721 1531 1760 ex
1577 1704 1711 1759 Deo.
1736 1701 1864 1758 Ideo
1894 1717 2126 1771 namque

526 1803 783 1859 Christus
809 1802 975 1857 Filius
1000 1801 1117 1866 Dei,
1143 1800 1196 1854 id
1223 1808 1309 1854 est
1332 1814 1494 1854 verus
1521 1796 1661 1852 Deus
1683 1805 1738 1850 et
1766 1794 1872 1848 vita
1900 1802 2121 1857 :eterna,

2222 604 2361 657 idem
2381 604 2497 674 ipse
2524 603 2622 658 Dei
2647 602 2812 658 Filius
2838 605 2891 658 in
2913 613 3104 659 natura
3129 607 3306 661 carnis
3330 622 3428 677 per
3455 609 3680 675 gratiam
3709 626 3806 680 pro

2222 697 2449 751 mortuis
2493 704 2650 750 natus
2689 704 2773 751 est
2812 696 2878 751 ad
2904 705 3157 765 mortem,
3190 706 3250 752 ut
3282 715 3383 755 nos
3430 710 3552 769 post
3578 712 3807 758 mortem

2220 790 2407 858 prima:
2437 788 2734 843 nativitatis
2771 804 2935 858 quam
2964 789 3223 844 habemus
3255 805 3323 845 ex
3351 806 3531 856 carne,
3564 792 3618 846 in
3639 795 3809 863 gratia

2220 881 2453 951 Spiritus
2481 894 2889 937 renasceremur
2938 880 3006 934 ad
3047 881 3232 936 vitam.
3265 881 3369 937 Sed
3400 883 3543 940 Deus
3570 900 3730 941 verus
3757 895 3810 941 et

2220 977 2394 1044 vivus,
2418 976 2525 1030 imo
2546 975 2689 1030 Deus
2710 975 2911 1031 veritas
2938 987 2995 1028 et
3024 975 3130 1030 vita
3158 985 3382 1041 aeterna,
3415 979 3518 1033 nisi
3555 978 3700 1034 idem
3720 996 3808 1034 ve-

2221 1082 2312 1122 rus
2341 1067 2504 1123 homo
2533 1063 2706 1133 ﬁeret,
2730 1074 2959 1125 mortem
2986 1074 3205 1135 gustare
3228 1082 3335 1121 non
3364 1076 3568 1139 posset,
3593 1078 3651 1124 et
3672 1069 3808 1124 idem

2224 1161 2387 1216 homo
2415 1162 2507 1230 qui
2551 1170 2783 1217 mortem
2812 1161 3079 1231 gustavit,
3138 1162 3184 1216 si
3215 1178 3373 1217 verus
3402 1163 3564 1234 294
3589 1162 3734 1220 Deus
3758 1174 3812 1220 et

2221 1254 2333 1308 vita
2369 1264 2572 1309 aeterna
2614 1270 2722 1310 non
2751 1262 2914 1319 esset,
2948 1263 3178 1308 mortem
3206 1254 3419 1310 vincere
3448 1272 3554 1310 non
3585 1257 3805 1312 valeret.

2224 1345 2476 1400 Excsrro
2514 1362 2639 1409 satu
2668 1361 2792 1400 ιι.ιο
2841 1345 2934 1414 qui
2987 1348 3068 1400 sic
3112 1346 3276 1401 homo
3321 1356 3420 1412 est,
3468 1357 3529 1402 ut
3558 1348 3702 1404 idem
3743 1350 3812 1404 sit
3896 1350 3901 1353 ’

2224 1434 2383 1498 Deus,
2427 1434 2548 1503 quis
2576 1442 2661 1489 est
2700 1434 2864 1489 homo
2892 1435 2985 1503 qui
3015 1434 3189 1489 morte
3229 1432 3256 1471 ά
3311 1435 3641 1492 destruxerit
3670 1454 3810 1493 mor-

2225 1525 2370 1579 tem?
2409 1532 2502 1578 aut
2521 1524 2643 1593 quis
2669 1524 2814 1579 eruit
2861 1524 3093 1579 animam
3145 1541 3296 1579 suam
3344 1525 3412 1581 de
3455 1543 3617 1582 manu
3658 1528 3810 1585 inferi

2228 1616 2398 1688 (I'sal.
2435 1632 2693 1683 sxxxvm,
2725 1614 2861 1685 49)?
2894 1615 3124 1671 Proinde
3146 1615 3465 1686 Unigenitus
3488 1618 3630 1675 Deus
3660 1621 3811 1676 vivus

2225 1718 2282 1764 et
2311 1725 2490 1773 verus,
2521 1708 2819 1764 secundum
2857 1723 3075 1763 carnem
3105 1725 3264 1780 quam
3304 1726 3372 1766 ex
3399 1712 3555 1768 nobis
3582 1716 3807 1785 accepit,

2225 1802 2369 1857 sicut
2384 1809 2682 1871 conceptus
2703 1809 2759 1856 et
2784 1809 2941 1856 natus
2965 1810 3068 1869 est,
3093 1802 3165 1857 ita
3186 1804 3350 1858 etiam
3371 1816 3616 1861 mortuus
3642 1823 3814 1863 resur-

532 1905 693 1950 natus
729 1904 785 1949 et
811 1903 1051 1949 mortuus
1077 1900 1161 1947 est
1186 1892 1239 1945 in
1263 1891 1492 1945 veritate
1520 1888 1718 1952 carnis,
1751 1898 1809 1942 ut
1838 1902 1936 1942 nos
1967 1887 2127 1956 spiri-
2156 1892 2202 1955 Β
2230 1892 2371 1946 rexit
2394 1909 2405 1942 :
2437 1891 2563 1959 quia
2593 1890 2814 1945 veniens
2834 1907 3062 1962 quarere
3087 1902 3137 1946 et
3157 1893 3352 1949 salvum
3374 1896 3544 1967 facere
3563 1899 3703 1968 quod
3730 1916 3814 1970 pe-

533 1986 718 2041 taliter
765 1986 817 2039 in
873 2001 982 2038 uno
1030 1982 1307 2037 Trinitatis
1352 1981 1575 2035 nomine
1623 1993 2028 2033 renaseeremur
2068 1976 2121 2030 in

534 2083 874 2132 sacramento
896 2073 1254 2146 baptismatis.
1270 2071 1384 2127 lloe
1398 2072 1558 2127 docet
1578 2069 1885 2140 Apostolus,
1914 2069 2119 2124 dicens:

536 2164 837 2239 Quicunque
860 2166 1110 2235 baptizati
1137 2180 1316 2219 sumus
1361 2164 1415 2216 in
1463 2162 1667 2217 Christo
1711 2159 1857 2225 Iesu,
1882 2161 1937 2214 in
1959 2168 2124 2214 morte

534 2259 699 2328 ipsius
728 2256 975 2328 baptismi
1006 2271 1187 2309 sumus
1219 2254 1399 2324 (Rom.
1439 2269 1552 2318 vut,
1580 2253 1659 2329 5).

606 2348 697 2403 15.
729 2347 929 2403 Christi
954 2359 1083 2414 ergo
1110 2345 1230 2399 Filii
1276 2345 1372 2400 Dei
1402 2345 1575 2414 prima
1620 2343 1873 2397 nativitas
1893 2357 1959 2396 ex
1990 2341 2121 2404 Deo,

533 2441 766 2498 secunda
797 2457 863 2495 ex
898 2440 1116 2495 homine
1142 2457 1154 2492 :
1188 2446 1371 2494 nostra
1402 2453 1531 2493 vero
1560 2438 1731 2508 prima
1771 2437 2028 2491 nativitas
2056 2450 2124 2490 ex

532 2532 775 2594 homine,
798 2530 1032 2586 secunda
1063 2544 1127 2584 ex
1160 2528 1291 2584 Deo.
1317 2527 1386 2582 Et
1405 2528 1529 2597 quia
1560 2528 1702 2583 Deus
1726 2527 2029 2582 nasciturus
2057 2540 2121 2580 ex

535 2631 693 2677 utero
717 2621 998 2692 veritatem
1025 2620 1206 2675 carnis
1233 2618 1465 2688 accepit,
1508 2617 1631 2673 ideo
1664 2616 1822 2673 nobis
1848 2616 2049 2671 renatis
2070 2616 2122 2670 in

533 2712 805 2785 baptismo
852 2710 1099 2783 spiritum
1145 2709 1449 2779 adoptionis
1486 2708 1725 2765 indulsit.
1758 2708 1850 2763 llle
1886 2708 2029 2778 quod
2057 2724 2125 2763 ex

531 2802 709 2874 prima
739 2801 1022 2856 nativitate
1050 2808 1241 2854 natura
1284 2815 1388 2855 non
1419 2799 1537 2868 fuit,
1583 2799 1818 2854 secunda
1847 2800 2127 2853 nativitate

531 2907 635 2963 per
653 2892 883 2960 gratiam
914 2890 1086 2946 factus
1107 2906 1209 2956 ρει,
1238 2901 1295 2944 ιιι
1316 2906 1421 2946 nos
1448 2902 1596 2960 quod
1623 2891 1809 2963 primm
1832 2892 2126 2948 nativitatis

535 2991 727 3036 natura
772 2997 879 3037 non
924 2981 1142 3045 fuimus,
1174 2982 1345 3049 gratia
1374 2981 1623 3036 secunda:
1666 2982 1961 3036 nativitatis
1981 2997 2127 3037 esse-

535 3087 674 3127 mus.
699 3071 802 3127 Sed
818 3071 977 3127 Dens.
1009 3081 1067 3151 ut
1086 3087 1151 3126 ex
1181 3072 1400 3127 homine
1421 3080 1747 3135 nasceretur,
1771 3073 1997 3140 gratiam
2024 3089 2125 3128 no-

514 3163 621 3218 -bis
656 3163 856 3229 attulit,
879 3178 977 3218 nos
1005 3171 1184 3217 autem
1211 3162 1439 3232 gratiam
1460 3161 1628 3230 gratis
1653 3162 1949 3232 accipimus
1976 3161 2026 3227 ι),
2068 3171 2128 3216 ιιι

2226 1982 2386 2035 rierat
2412 1980 2563 2050 (Luc.
2596 1997 2706 2047 xu,
2738 1981 2847 2053 i0),
2881 1982 3101 2036 traditus
3129 1993 3207 2037 est
3246 1996 3454 2055 praptcr
3499 1986 3695 2041 delicta
3720 2006 3815 2043 no-

2222 2083 2356 2140 stra,
2406 2084 2456 2127 et
2522 2075 2805 2128 resurrexit
2851 2084 3057 2145 propter
3097 2077 3526 2147 justi/icatiouem
3583 2092 3815 2138 nostram

2227 2165 2407 2233 (Rom.
2442 2183 2513 2232 tv,
2531 2165 2806 2239 25).Mors
2834 2176 3015 2224 autem
3030 2167 3152 2223 Filii
3179 2167 3298 2233 Dei,
3327 2185 3485 2241 quam
3515 2172 3631 2228 sola
3654 2190 3817 2230 carne

2223 2257 2485 2327 suscepit,
2507 2265 2792 2327 utramque
2834 2259 2889 2313 in
2916 2260 3074 2315 nobis
3112 2269 3367 2330 mortem,
3394 2264 3585 2320 anima:
3613 2267 3819 2324 scilicet

2227 2347 2532 2415 carnisque,
2573 2346 2869 2414 destruxit;
2895 2358 2950 2403 et
2978 2351 3303 2407 resurrectio
3340 2354 3521 2408 carnis
3548 2355 3668 2423 ejus
3694 2371 3815 2426 gra-

2228 2438 2357 2492 tiam
2385 2439 2543 2493 nobis
2569 2446 2626 2493 et
2670 2439 2928 2510 spiritalis
2972 2447 3027 2495 et
3064 2443 3363 2511 corporalis
3412 2449 3816 2505 resurrectionis

2226 2534 2504 2600 attribuit;
2536 2542 2613 2601 ut,
2646 2535 2795 2604 prius
2820 2532 3097 2604 iustiﬁcati
3120 2552 3218 2607 per
3245 2536 3403 2594 ﬁdem
3426 2542 3621 2596 mortis
3640 2558 3707 2597 ac
3733 2560 3818 2598 re-

2226 2626 2576 2683 surrectionis
2604 2626 2725 2682 Filii
2764 2627 2881 2692 Dei,
2905 2629 3354 2686 resuscitaremur
3381 2633 3449 2686 ab
3485 2634 3818 2693 inﬁdelitatis

2225 2727 2431 2783 morte;
2459 2734 2566 2787 qua
2584 2735 2707 2775 eum
2745 2720 3060 2776 naturaliter
3084 2736 3325 2779 essemus
3346 2724 3436 2779 ﬁlii
3461 2725 3579 2795 ira:,
3605 2728 3745 2783 sicut
3762 2737 3820 2784 et

2226 2809 2405 2864 ceteri
2432 2808 2649 2881 (Epltes.
2672 2826 2731 2877 ιι,
2757 2810 2837 2882 '5),
2860 2812 3175 2868 tenebamur
3194 2814 3456 2879 obstricti,
3485 2825 3542 2871 et
3566 2826 3690 2889 post
3709 2821 3819 2892 pri-

2225 2914 2370 2956 mam
2393 2902 2862 2967 resurrectionem,
2879 2903 3085 2958 scilicet
3097 2904 3418 2972 animarum,
3442 2923 3565 2977 quae.
3587 2910 3747 2965 nobis
3766 2912 3820 2967 in

2228 2989 2333 3047 ﬁde
2353 2992 2549 3047 collata
2577 3000 2681 3060 est,
2720 2993 2885 3048 etiam
2911 2993 3013 3048 ista
3034 3009 3198 3049 carne
3220 2995 3273 3049 in
3294 3010 3398 3065 qua
3424 3012 3573 3054 nunc
3591 2999 3821 3055 vivimus

2228 3097 2591 3152 resurgamus,
2621 3099 2900 3154 nunquam
2937 3084 3115 3141 denuo
3148 3084 3413 3143 morituri.
3445 3087 3559 3144 Nec
3585 3089 3657 3145 ob
3677 3091 3823 3146 aliud

2228 3173 2371 3229 Deus
2393 3190 2553 3230 verus
2573 3183 2631 3230 et
2674 3175 2784 3230 vita
2811 3186 3012 3251 (eterna
3039 3184 3267 3232 mortem
3298 3187 3540 3233 nostram
3569 3180 3821 3250 dignatus

536 3254 728 3309 divinae
747 3263 1029 3315 consortes
1058 3263 1280 3318 natunr,
1311 3252 1404 3307 Dei
1429 3268 1496 3307 ex
1518 3266 1680 3308 carne
1708 3252 1979 3307 nascentis
2007 3268 2129 3307 Inu-
2154 3261 2200 3323 ο
2232 3273 2318 3321 ρει
2352 3265 2601 3336 πείρετε
2627 3263 3033 3329 destruendam,
3078 3266 3181 3320 nisi
3215 3275 3273 3321 ιιι
3297 3267 3453 3323 nobis
3493 3268 3550 3322 in
3588 3268 3709 3338 ejus
3735 3287 3821 3326 ιτ.

535 3361 687 3409 nere,
718 3344 986 3400 liercmus.
1018 3343 1152 3411 Quia
1181 3358 1311 3413 ergo
1359 3343 1527 3399 Filius
1550 3343 1643 3398 Dei
1674 3343 1847 3400 factus
1874 3352 1959 3399 est
1985 3342 2125 3400 ﬁlius

535 3438 789 3501 hominis,
826 3446 1131 3513 propterea,
1178 3448 1422 3508 quotquot
1468 3448 1767 3507 receperunt
1804 3454 1920 3491 eum
1948 3438 2128 3509 (sicut

536 3531 725 3586 beatus
752 3527 989 3583 Joannes
1004 3528 1329 3596 evangelista
1361 3529 1607 3598 testatur)
1634 3528 1777 3581 dedit
1797 3530 1871 3582 eis
1900 3538 2127 3597 potesta-

537 3631 636 3675 tem
661 3620 798 3689 [ilius
832 3618 926 3673 Dei
978 3620 1113 3690 ﬁeri,
1161 3620 1241 3673 Itis
1289 3621 1373 3690 qui
1400 3619 1616 3673 credunt
1660 3621 1716 3673 in
1755 3621 1963 3675 nomine
1990 3622 2125 3692 ejus,

536 3715 622 3784 qui
651 3729 753 3768 non
785 3728 849 3768 ex
894 3711 1255 3784 sunguiuibus,
1305 3728 1467 3782 neque
1519 3727 1584 3766 ea:
1613 3712 1875 3767 voluntate
1928 3715 2126 3779 carnis,

539 3821 699 3876 neque
720 3820 786 3858 ex
816 3807 1073 3859 uoluntate
1099 3805 1216 3870 riri,
1239 3804 1329 3857 sed
1353 3818 1419 3856 ex
1449 3802 1555 3857 Deo
1585 3804 1696 3856 nati
1724 3812 1844 3857 sunt
1871 3803 2053 3875 (Joun.
2086 3819 2126 3870 I,

537 3896 652 3967 15).
682 3896 738 3952 Si
762 3912 891 3952 vero
914 3895 1227 3964 Unigenitns
1257 3894 1441 3960 Filius,
1473 3895 1564 3965 qui
1595 3904 1678 3950 est
1702 3896 1754 3949 in
1783 3896 1901 3950 sinu
1930 3894 2124 3961 l’atris,

539 3996 662 4054 post
685 3972 945 4043 teter-nam
965 3987 1323 4050 nativitatem,
1347 4000 1509 4055 quam
1539 4001 1607 4042 ex
1634 3995 1839 4042 retento
1869 3985 2028 4041 Patre
2040 3985 2127 4040 Fi-

539 4078 645 4134 lius
672 4088 974 4135 comternus
994 4078 1178 4142 habet,
1203 4077 1495 4134 secundam
1531 4078 1869 4139 nativitatem
1893 4076 2127 4135 sanctiﬁ-

540 4170 696 4226 eandi
723 4180 746 4208 ο
779 4169 1013 4224 hominis
1039 4169 1212 4239 gratia
1242 4184 1349 4224 non
1388 4168 1708 4239 susciperet,
1734 4169 1900 4225 homo
1929 4169 1984 4223 in
2023 4169 2126 4223 iui-

540 4262 835 4332 quitatibus
870 4271 1163 4334 conceptus
1214 4263 1401 4333 prima:
1451 4262 1745 4318 nativitatis
1772 4262 2001 4319 nexibus
2019 4280 2128 4319 non

541 4362 774 4409 careret.
797 4352 904 4410 Sed
931 4355 1080 4422 quia,
1103 4352 1395 4409 secundum
1418 4353 1561 4408 beati
1588 4352 1811 4408 Joannis
1833 4353 2125 4422 eloquium,

540 4448 596 4502 in
624 4447 721 4502 Itoc
760 4449 1004 4519 apparuit
1026 4445 1197 4500 Filius
1235 4445 1353 4513 Dei,
1376 4457 1432 4500 ut
1459 4448 1625 4501 soluat
1650 4463 1813 4517 opera
1836 4447 2031 4502 diaboli
2061 4454 2076 4513 ί
2099 4445 2128 4500 1

541 4540 700 4594 Joan.
726 4555 803 4605 ιιι,
834 4538 929 4610 8);
962 4537 1052 4594 ille
1072 4538 1165 4607 qui
1194 4538 1252 4593 in
1276 4539 1448 4610 prima
1478 4538 1777 4604 nativitate,
1806 4553 1915 4609 qua
1942 4538 2010 4594 de
2035 4538 2133 4593 Pa-

2225 3357 2564 3413 surrectione
2582 3356 2930 3413 credentibus
2950 3358 3114 3413 vitam
3135 3374 3285 3414 suam
3313 3359 3544 3416 donaret
3569 3362 3688 3417 sine
3714 3363 3821 3417 ﬁne

2226 3460 2556 3500 mansuram.
2575 3444 2834 3502 Dominus
2850 3460 3068 3517 quoque
3087 3447 3270 3517 gloriae
3292 3448 3413 3504 ideo
3433 3452 3822 3508 contumeliam

2225 3535 2483 3591 sustinuit
2519 3537 2717 3603 erucis,
2746 3546 2805 3592 ut
2842 3538 3071 3605 gloriam
3109 3553 3262 3594 suam
3302 3539 3535 3597 donaret
3576 3543 3824 3599 ﬁdelibus

2224 3614 2359 3695 suis,
2386 3628 2526 3685 sicut
2545 3630 2660 3700 ipse
2690 3637 2915 3686 testatus
2942 3639 3026 3685 est
3043 3629 3234 3687 dicens
3263 3648 3277 3684 :
3306 3630 3378 3685 Et
3403 3648 3498 3702 ego
3526 3634 3823 3689 claritatem

2227 3736 2381 3791 quum
2400 3719 2586 3773 dedisti
2615 3719 2759 3783 mihi,
2790 3718 2909 3775 dedi
2937 3719 3042 3773 illis
3071 3718 3251 3788 (Joan.
3281 3719 3548 3790 xvn,2‘2).
3579 3721 3821 3777 Verbum

2229 3810 2391 3878 igitur
2416 3824 2543 3864 caro
2564 3808 2761 3864 factum
2784 3824 2921 3864 unus
2949 3816 3005 3864 et
3024 3809 3214 3879 plenus
3233 3817 3318 3864 est
3335 3808 3604 3866 Christus.
3632 3810 3824 3869 Carnis

2229 3910 2408 3956 autem
2452 3901 2667 3956 nomine
2696 3908 2843 3955 totus
2891 3900 2978 3956 hic
3005 3900 3348 3971 accipiendos
3392 3910 3478 3956 est
3503 3903 3669 3958 homo
3698 3912 3746 3966 ο,
3769 3904 3827 3959 id

2228 4000 2314 4047 est
2340 3992 2518 4046 anima
2547 3991 2828 4048 rationalis
2843 4000 2897 4046 et
2917 4007 3064 4048 caro.
3087 3991 3332 4048 Christus
3352 3994 3497 4047 enim
3519 3993 3617 4049 Dei
3634 3993 3823 4061 Filius,

2229 4083 2368 4138 sicut
2387 4097 2568 4137 veram
2598 4090 2655 4137 et
2678 4082 2796 4138 sine
2827 4090 3050 4151 peccato
3070 4084 3279 4154 accepit
3307 4097 3524 4138 carnem
3555 4091 3826 4147 nostram,

2228 4172 2307 4227 sic
2330 4186 2509 4226 veram
2540 4178 2596 4226 et
2645 4172 2764 4227 sine
2791 4181 3016 4242 peccato
3043 4173 3251 4243 accepit
3287 4174 3522 4228 animam
3551 4189 3726 4229 suam.
3755 4172 3830 4227 Et

2229 4278 2448 4318 carnem
2505 4261 2723 4333 quidem
2766 4271 3006 4322 nostram
3051 4278 3173 4319 cum
3221 4262 3533 4319 conditione
3572 4265 3831 4319 humana:

2230 4353 2576 4411 mortalitatis
2601 4353 2793 4419 induit,
2825 4353 3060 4408 animam
3089 4369 3220 4409 vero
3246 4363 3485 4408 nostram
3514 4368 3640 4408 cum
3670 4350 3830 4407 inﬁr-

2232 4445 2509 4502 mitatibus
2548 4444 2666 4500 sine
2692 4445 2900 4500 macula
2928 4444 3176 4499 humanae
3203 4444 3500 4514 iniquitatis
3536 4444 3555 4482 ε
3592 4444 3832 4513 accepit,

2233 4544 2291 4591 ut
2314 4535 2565 4591 divinitas
2610 4533 2810 4589 Christi
2837 4549 2934 4604 per
2979 4550 3130 4589 suam
3151 4534 3405 4588 virtutem
3433 4534 3487 4588 in
3515 4535 3698 4589 anima
3724 4550 3834 4588 sua

543 4630 641 4685 tris
664 4637 855 4685 natura
885 4643 1046 4683 verus
1083 4628 1235 4684 Deus
1271 4636 1353 4684 est
1396 4635 1454 4684 et
1500 4630 1609 4683 vita
1654 4636 1878 4697 interna,
1925 4629 2128 4684 nullum
2162 4642 2210 4702 ι)
2233 4626 2575 4684 inﬁrmitates
2628 4633 2841 4681 nostras
2879 4633 3122 4694 portans,
3154 4626 3271 4680 sine
3308 4634 3536 4695 peccato
3559 4626 3839 4695 justitiam

541 4721 709 4777 habet
728 4719 1024 4775 nativitatis
1063 4718 1295 4788 initium,
1326 4719 1467 4774 idem
1502 4718 1644 4774 Deus
1666 4733 1735 4773 ex
1761 4719 1967 4787 virgine
1990 4726 2130 4773 tetu-

543 4811 804 4882 poraliter
827 4810 1054 4880 sumpsit
1080 4809 1329 4866 secunda:
1356 4810 1651 4865 nativitatis
1684 4810 1985 4865 exordium.

535 4913 542 4920 '
614 4900 745 4957 Car.
778 4918 888 4957 vnt.
913 4900 1058 4957 Mors
1081 4900 1272 4956 Citriin
1311 4901 1592 4955 secundant
1616 4916 1823 4955 carnem
1864 4909 2133 4973 utramque

544 5002 761 5047 mortem
781 4994 836 5047 in
876 4992 1021 5048 nobis
1050 4993 1324 5048 destruxit.
1370 4989 1598 5046 Nomine
1625 4992 1799 5044 carnis
1825 5000 1960 5045 totus
1980 4991 2131 5047 homo

542 5084 871 5156 intelligitur.
897 5114 969 5126 —-
997 5085 1086 5140 16.
1131 5084 1227 5141 llle
1254 5085 1437 5155 itaque
1474 5084 1627 5138 vivus
1652 5097 1832 5138 sermo
1860 5082 1976 5146 Dei,
2006 5083 2130 5139 vitae

544 5192 657 5232 sum
683 5183 828 5230 statu
850 5175 1360 5232 incommutabiliter
1378 5168 1747 5246 permanente,
1765 5181 1889 5243 post
1906 5172 2131 5244 primam

546 5268 885 5325 nativitatem
904 5283 1027 5324 cutn
1057 5256 1218 5323 Patre
1242 5267 1311 5322 de
1336 5282 1447 5337 quo
1473 5273 1653 5329 natus,
1684 5281 1789 5320 una
1819 5264 2137 5320 naturaliter

546 5359 659 5413 vita
680 5368 767 5415 est
794 5360 943 5431 (quia
963 5361 1095 5414 sicut
1116 5357 1268 5413 habet
1295 5356 1458 5412 Pater
1480 5359 1635 5412 vitam
1655 5357 1710 5411 in
1740 5357 2034 5425 semetipso,
2061 5357 2135 5409 sic

623 5547 646 5573 ⁸
690 5538 813 5594 Haec
838 5539 999 5593 verba
1026 5553 1090 5592 ea:
1112 5535 1221 5590 Deo
1244 5549 1352 5590 non
1394 5533 1642 5603 leguntur
1666 5533 1719 5587 in
1741 5530 1889 5599 edd.',
1913 5529 2006 5586 sed
2034 5530 2130 5584 ha-

550 5607 743 5662 bentur
771 5610 824 5662 in
854 5624 953 5663 ms.

528 5720 535 5727 .
624 5675 649 5715 δ
691 5678 995 5747 Legendmn
1042 5675 1179 5731 forte
1208 5671 2129 5747 accepimus,proptersuhscquen-

548 5747 624 5803 tia
655 5742 848 5807 verba;
873 5746 995 5800 edd.
1027 5762 1215 5802 omnes
1237 5754 1291 5800 et
1320 5742 1421 5799 ms.
1445 5742 1646 5799 habent
1684 5742 1984 5812 accipimus.

626 5827 648 5855 ε
689 5814 811 5883 M5,,
825 5816 1171 5886 justificandi2
1376 5883 1388 5886 _
1447 5881 1460 5886 _
1630 5870 1635 5874 ι

619 5886 649 5930 ά
684 5886 780 5946 Sic
798 5880 911 5968 ἰὶιεζ
923 5880 1029 5952 {at
1072 5883 1196 5942 edd.
1240 5897 1347 5939 non
1376 5881 1577 5938 habent
1621 5891 1805 5951 morte,
1836 5880 2127 5953 texuntque

2234 4718 2551 4784 custodiret,
2573 4724 2628 4774 et
2649 4730 2746 4787 per
2773 4731 2896 4772 eam
2922 4717 3085 4772 etiam
3114 4717 3182 4772 ab
3213 4717 3326 4786 ipsa
3355 4732 3522 4772 carne
3547 4732 3646 4772 sua
3680 4732 3841 4770 mor-

2234 4812 2458 4867 talitatis
2488 4810 2808 4881 supplicium
2836 4808 2981 4865 dono
3004 4809 3413 4866 resurrectionis
3426 4807 3682 4864 auferret.
3700 4807 3841 4863 Ideo

2233 4901 2468 4956 Christus
2511 4917 2725 4972 surgens
2763 4917 2828 4955 ea:
2860 4901 3076 4956 mortuis
3116 4909 3141 4948 ε
3167 4902 3283 4971 jam
3332 4917 3438 4955 non
3495 4900 3753 4964 moritur;
3785 4905 3845 4952 et

2233 5010 2372 5048 mors
2392 4992 2468 5046 illi
2491 4989 2629 5045 ultra
2644 4996 2758 5046 ‘non
2783 4990 3131 5046 dominabitur
3151 4989 3327 5063 (Rom.
3357 5006 3430 5055 vr,
3459 4989 3537 5061 9).

2305 5083 2434 5138 Car.
2461 5098 2534 5136 ιχ.
2569 5082 2864 5138 Secundum
2888 5081 3173 5152 Scriptum
3187 5082 3603 5136 consuetudinem
3622 5081 3850 5136 nomine

2237 5175 2410 5230 carnis
2438 5183 2527 5228 aut
2554 5174 2748 5229 animo:
2774 5190 2910 5241 stupe
2939 5179 3074 5228 totus
3104 5172 3253 5227 homo
3277 5171 3606 5243 intelligitur.
3635 5202 3705 5214 ——
3740 5171 3845 5224 i7.

2238 5265 2373 5333 Quia
2414 5280 2545 5319 vero
2594 5263 2859 5319 familiare
2904 5271 2987 5317 est
3029 5262 3224 5318 divinis
3275 5263 3505 5331 eloquiis
3560 5260 3850 5317 vocabulo

2238 5356 2416 5435 carnis
2438 5354 2596 5409 simul
2620 5355 2672 5408 in
2692 5354 2912 5409 homine
2928 5358 3150 5409 carnem
3179 5363 3339 5423 atque
3364 5353 3599 5409 animam
3624 5366 3854 5406 nuncu-

2237 5541 2324 5586 aut
2344 5534 2455 5602 quis
2476 5542 2633 5586 eruet.

2309 5612 2335 5642 ο
2358 5600 2496 5663 'Ms.,
2529 5613 2661 5656 totus
2682 5601 3011 5673 accipiendas
3030 5610 3106 5655 est
3131 5600 3314 5673 Itomo._
3467 5670 3478 5673 Α
3682 5624 3690 5631 '

2308 5676 2331 5757 ξ
2373 5672 2536 5756 Ιξιιίιί,
2569 5668 2806 5727 humatus
2832 5672 3157 5742 inﬁrmitatis
3174 5687 3193 5735 ;
3223 5668 3319 5725 sed
3345 5670 3549 5727 rectius
3572 5684 3693 5736 ms.,
3717 5671 3857 5726 issi-

2235 5753 2493 5880 qmt'mﬁ‘sl,
2524 5829 2588 5869 ex
2616 5817 2830 5870 mortuis
2845 5811 3037 5882 ,',editi,
3062 5827 3092 5866 a
3114 5809 3352 5866 mortuis.
