4014 6340
223 449 324 506 ιει

1600 457 1928 516 EPISTOLA
1958 462 2112 518 XVII.

3388 437 3532 531 κε’

217 577 374 634 pare,
403 562 540 618 sicut
591 563 848 632 scripturn
879 568 958 618 est
1002 582 1014 616 :
1060 543 1343 634 Effundam
1388 566 1452 620 de
1479 568 1661 638 spiritu
1692 587 1802 625 meo
1830 570 2142 636 AVerhum
2197 573 2378 642 itaque
2433 587 2562 629 caro
2610 574 2807 630 factum
2871 591 3009 631 unus
3063 588 3146 632 est
3203 575 3487 644 Christus;

213 670 373 725 super
397 671 596 708 omnem
626 671 834 709 carnem
864 653 1018 725 (Joel.
1053 672 1107 720 ιι,
1135 655 1226 726 28)
1246 673 1259 721 ;
1283 665 1337 711 et
1365 676 1375 710 :
1419 657 1622 712 Videbit
1642 662 1806 714 omnis

215 762 344 799 caro
391 745 619 798 salutare
671 744 768 797 Dei
820 746 838 814 (
866 745 988 798 Luc.
1025 762 1099 810 ιιι,
1132 746 1222 816 6);
1254 755 1308 800 ει
1339 764 1352 800 :
1387 748 1533 802 Sicut
1553 749 1739 803 dedisti
1761 752 1808 804 ei

213 843 524 905 potestatem
571 837 738 888 omnis
776 836 948 889 carnis
1007 835 1027 903 (
1051 835 1209 888 Joan.
1264 853 1391 903 xvn,
1420 837 1523 906 2);
1556 847 1610 892 et
1643 856 1654 890 :
1687 838 1807 892 Nisi

212 925 431 979 breviati
461 927 682 995 fuissent
709 927 816 979 dies
847 926 942 1002 illi,
973 941 1076 980 non
1115 928 1257 980 salva
1293 928 1438 996 ﬁeret
1479 932 1646 982 omnis
1684 946 1806 982 caro

214 1013 435 1084 (Matth.
467 1031 612 1078 xxxv,
642 1013 766 1082 22);
799 1029 866 1068 ex
889 1015 989 1069 hac
1018 1015 1201 1084 utique
1225 1017 1616 1071 consuetudine
1643 1015 1723 1072 sic
1750 1019 1804 1071 in

212 1103 512 1175 Scripturis
539 1105 740 1159 sanctis
762 1111 908 1158 totus
936 1105 1100 1159 homo
1128 1105 1307 1159 carnis
1331 1106 1696 1175 appeHatione
1724 1107 1806 1160 di-

212 1197 374 1259 citur,
408 1197 548 1251 sicut
575 1195 773 1250 ibidem
795 1211 980 1250 rursus
1020 1197 1184 1250 homo
1228 1203 1373 1251 totus
1407 1197 1575 1252 solius
1613 1199 1804 1252 anima:

214 1287 619 1356 nuncupatione
645 1294 993 1341 monstratur.
1026 1287 1294 1341 Abraham
1324 1302 1555 1356 namque
1576 1289 1806 1358 patriar-

111 1413 118 1417 -
213 1377 310 1431 cha
337 1376 408 1430 de
457 1385 600 1430 terra
627 1391 743 1439 sua,
769 1384 824 1430 et
867 1376 934 1430 de
963 1377 1286 1446 cognatione
1308 1392 1424 1442 sua,
1451 1385 1506 1432 et
1530 1378 1597 1433 de
1643 1377 1804 1433 domo

212 1466 383 1536 patris
403 1467 507 1531 sui,
534 1475 802 1536 pnecepto
829 1475 990 1535 atque
1012 1467 1212 1522 auxilio
1242 1467 1334 1522 Dei
1360 1469 1618 1535 vocantis,
1651 1483 1804 1534 egre-

211 1555 364 1610 diens
396 1554 608 1624 (Cenes.
644 1573 735 1621 χιι,
769 1556 821 1625 1)
847 1557 1044 1627 (neque
1065 1558 1207 1611 enim
1231 1557 1373 1627 quod
1402 1558 1541 1613 Deus
1558 1559 1800 1628 jubebat,

213 1649 482 1703 ullatenus
512 1647 733 1718 implere
756 1656 958 1717 posset,
983 1648 1082 1703 nisi
1107 1664 1228 1703 eum
1253 1649 1341 1704 ille
1361 1651 1452 1718 qui
1476 1661 1804 1720 praeceperat

212 1736 555 1808 adjuvaret);
587 1753 710 1790 cum
735 1753 915 1792 secum
948 1738 1191 1792 homines
1211 1752 1348 1806 quos
1377 1739 1564 1794 habuit
1593 1749 1617 1776 ⁸
1642 1739 1802 1812 295

210 1828 437 1884 duceret
460 1830 723 1894 exiturus,
757 1831 962 1884 animas
988 1846 1122 1900 quas
1151 1831 1474 1899 acquisierat
1503 1833 1556 1886 in
1585 1831 1800 1890 Charan

1910 664 2005 720 sed
2030 663 2266 719 Verbum
2297 665 2425 719 illud
2452 666 2568 721 sine
2596 681 2759 721 carne
2787 666 2927 723 Deus
2953 674 3184 724 aeternus
3213 670 3330 736 fuit,
3360 685 3488 726 caro

1910 761 2090 808 autem
2121 755 2323 809 Christi
2354 756 2472 811 sine
2505 755 2680 811 Verbo
2711 773 2817 811 non
2862 757 3038 812 solum
3087 759 3332 814 Christus
3387 763 3489 816 ali-

1908 843 2126 912 quando
2155 860 2261 899 non
2287 845 2414 911 luit,
2447 845 2542 899 sed
2572 861 2670 900 nec
2701 845 3056 915 personaliter
3082 858 3340 919 concepta
3369 851 3484 905 fuit.

1911 938 2142 993 Verbum
2173 952 2301 1005 ergo
2328 939 2472 1008 quod
2503 954 2628 993 caro
2660 938 2855 993 laetum
2881 947 2984 1007 est,
3031 951 3318 1009 antequam
3360 958 3490 997 caro

1909 1024 2102 1092 εἰει-ει(
2131 1029 2328 1084 mansit
2368 1038 2649 1105 teternum,
2701 1045 2831 1084 caro
2870 1038 3049 1085 autem
3080 1031 3241 1086 Verbi
3281 1034 3334 1086 in
3372 1033 3490 1103 ipso

1906 1121 2017 1176 Deo
2045 1121 2222 1178 Verbo
2254 1123 2280 1160 δ
2330 1122 2614 1192 personale
2663 1123 2892 1192 sumpsit
2937 1123 3166 1177 initium.
3210 1123 3318 1178 Sed
3355 1125 3483 1194 quia
3557 1196 3561 1202 ι

1908 1213 2142 1269 Verbum
2171 1231 2299 1270 caro
2329 1214 2528 1270 factum
2560 1230 2698 1269 unus
2723 1215 2968 1270 Christus
2993 1225 3074 1272 est
3103 1217 3198 1272 Dei
3227 1226 3282 1272 et
3310 1217 3488 1273 bomi—
3555 1219 3561 1282 ξ

1907 1305 1988 1358 n's
2013 1303 2207 1370 Filius,
2239 1320 2339 1360 nec
2367 1307 2506 1360 alter
2534 1313 2615 1360 est
2641 1304 2895 1370 Verbum,
2929 1307 3069 1362 alter
3096 1317 3178 1363 εει
3207 1324 3358 1377 caro,
3388 1310 3488 1365 sed

1906 1394 2048 1450 item
2075 1411 2212 1450 unus
2241 1395 2473 1450 Verbum
2503 1410 2632 1450 caro
2661 1413 2674 1461 ;
2730 1404 3017 1466 propterea
3049 1397 3188 1452 idem
3220 1415 3355 1454 unus
3383 1410 3485 1466 est,

1905 1487 1994 1556 qui
2025 1487 2234 1541 initium
2282 1502 2389 1541 non
2437 1487 2601 1542 habet
2643 1495 2879 1543 :etemus
2902 1488 3042 1543 Deus
3089 1499 3372 1556 generatus
3419 1507 3490 1547 ex

1907 1577 2084 1642 Patre,
2118 1584 2172 1631 ει
2200 1577 2292 1647 qui
2336 1575 2546 1631 initium
2588 1577 2750 1632 habet
2790 1579 3160 1647 temporaliter
3195 1580 3487 1634 secundum

1906 1685 2146 1733 carnem,
2198 1669 2339 1723 idem
2369 1669 2510 1724 Deus
2539 1670 2702 1726 homo
2729 1677 2942 1725 creatus
2979 1686 3046 1725 ex
3074 1671 3300 1739 virgine,
3349 1688 3488 1727 unus

1906 1757 2226 1828 Unigenitus
2252 1759 2346 1814 Dei
2376 1757 2540 1816 Filius
2561 1775 2628 1814 ex
2657 1762 2959 1816 :eternitate
2989 1760 3300 1826 divinitatis,
3332 1770 3387 1816 et
3414 1778 3485 1818 ex

1880 1851 2058 1905 .initio
2084 1851 2278 1905 carnis.
2321 1849 2399 1904 Ex
2426 1852 2728 1907 mternitate
2755 1852 2961 1907 scilicet
2981 1852 3294 1917 divinitatis,
3328 1869 3483 1909 crea-

210 1937 393 1977 secum
422 1923 610 1978 tulisse
660 1931 923 1978 narratur.
955 1923 1120 1979 Jacob
1166 1940 1380 1995 quoque
1429 1927 1481 1980 in
1507 1926 1796 1999 Egyptum

1904 1948 1988 1994 tor
2014 1941 2297 1997 visibilium
2345 1941 2792 2012 invisibiliumque
2839 1958 3016 1997 rerum
3044 1960 3058 2006 ;
3109 1959 3176 1997 ex
3207 1944 3361 1998 initio
3387 1960 3481 1999 au-

212 2010 594 2076 descendente,
625 2013 960 2081 septuaginta
989 2013 1226 2082 quinque
1252 2015 1458 2070 animas
1487 2015 1539 2070 in
1561 2020 1680 2084 ejus
1703 2033 1804 2071 co-

212 2100 404 2154 mitatu
429 2100 596 2155 fuisse
620 2100 894 2170 Scriptura
923 2111 1108 2157 sancta
1153 2115 1546 2160 commemorat
1587 2105 1799 2177 (Cenes.

213 2205 355 2252 xm,
388 2189 504 2259 ‘27).
537 2192 733 2247 Beatus
754 2194 916 2246 etiam
939 2192 1128 2248 Petrus
1156 2196 1433 2264 apestolus
1453 2204 1578 2252 octo
1599 2199 1805 2255 animas

209 2281 339 2337 dicit
396 2281 581 2336 diluvii
612 2291 856 2352 tempore
912 2299 1008 2353 per
1036 2300 1230 2353 aquam
1272 2285 1436 2342 fuisse
1483 2289 1718 2345 salvatas
1749 2291 1802 2360 (1

209 2369 351 2424 Petr.
389 2387 466 2435 ιιι,
499 2371 611 2440 20).
642 2372 697 2426 1η
730 2373 954 2427 Actibus
991 2389 1205 2442 quoque
1234 2376 1632 2445 apostolorum,
1679 2394 1802 2433 cum

207 2459 440 2516 fuissent
483 2461 649 2517 Judaei
691 2465 971 2532 repentina
1001 2465 1353 2533 mirandaque
1380 2465 1620 2534 ejusdem
1660 2468 1802 2525 beati

209 2550 354 2606 Petri
385 2552 770 2621 pmdicatione
798 2553 1127 2622 compuncti,
1153 2563 1208 2608 et
1243 2556 1539 2610 mutatione
1564 2557 1802 2612 dextere

207 2643 424 2700 Excelsi
455 2644 520 2698 ad
549 2644 707 2699 ﬁdem
753 2661 820 2699 ex
867 2645 1181 2699 inﬁdelitate
1230 2647 1510 2713 convcrsi,
1543 2649 1799 2718 scriptum

204 2744 286 2792 est
318 2752 336 2790 :
369 2734 498 2804 quia
526 2736 800 2805 applicata:
827 2745 945 2788 sunt
965 2736 1016 2788 in
1042 2736 1134 2789 illa
1162 2736 1246 2790 die
1266 2739 1454 2791 animat
1472 2738 1674 2792 circiter
1700 2741 1802 2792 tria

204 2829 376 2882 millia
407 2829 546 2897 (Act.
579 2843 638 2894 ιι,
669 2827 791 2890 41).
827 2825 920 2880 His
949 2828 1130 2894 itaque
1183 2828 1503 2883 testimoniis
1551 2831 1799 2898 agnosci-

205 2935 324 2974 mus
366 2927 426 2974 et
453 2919 633 2974 carnis
664 2919 832 2972 solius
884 2925 940 2971 et
976 2919 1167 2971 animae
1213 2919 1433 2973 nomine
1483 2919 1802 2990 plerumque

205 3019 416 3066 natura:
475 3012 724 3064 humanze
764 3001 1154 3078 plenitudinem
1202 3011 1519 3080 nuncupari.
1563 3012 1799 3068 Verbum

203 3117 333 3172 ergo
361 3117 497 3158 caro
532 3101 728 3157 factum
778 3117 918 3157 unus
946 3111 1001 3156 et
1029 3102 1220 3172 plenus
1245 3112 1329 3158 est
1355 3102 1629 3170 Christus;
1662 3123 1800 3162 unus

203 3210 270 3249 ex
294 3202 531 3262 utraque
559 3200 722 3262 atque
748 3192 806 3268 in
842 3200 1089 3261 utraque,
1114 3193 1164 3247 id
1194 3201 1276 3248 est
1298 3195 1350 3248 in
1394 3181 1625 3250 humana
1656 3196 1796 3250 divi-

1907 2039 2014 2085 tem
2042 2033 2239 2098 carnis,
2268 2033 2470 2088 salvum
2505 2033 2706 2088 faciens
2728 2035 2983 2104 populum
3011 2049 3164 2088 suum
3191 2050 3222 2088 a
3253 2037 3488 2104 peccatis

1905 2134 2114 2174 eorum.
2147 2119 2224 2174 Ex
2252 2123 2552 2177 aeternitate
2579 2122 2870 2177 divinitatis
2899 2123 3038 2178 idem
3066 2131 3367 2179 coaeternus
3393 2123 3491 2179 Pa-

1905 2211 1994 2276 tri,
2018 2211 2086 2266 de
2115 2227 2224 2280 quo
2255 2220 2413 2268 natus
2439 2221 2522 2268 est
2549 2227 2764 2284 semper
2790 2215 2944 2270 vivus
2971 2232 2985 2280 ;
3016 2230 3084 2269 ex
3125 2215 3277 2271 initio
3306 2225 3486 2271 autem

1905 2303 2083 2357 carnis
2113 2303 2252 2358 idem
2291 2305 2559 2374 posterior
2602 2314 2797 2370 matre,
2845 2306 2912 2360 de
2958 2321 3063 2374 qua
3111 2307 3487 2376 temporaliter

1905 2403 2060 2450 natus
2089 2403 2170 2450 est
2200 2397 2252 2450 in
2276 2406 2516 2466 tempore
2546 2398 2856 2452 moriturus.
2882 2399 3042 2468 293
3071 2396 3321 2452 Testatur
3341 2399 3486 2452 enim

1904 2486 2192 2554 Apostolus
2245 2484 2379 2549 Quia
2409 2485 2640 2540 Christus
2668 2487 2946 2540 secundum
2973 2493 3169 2556 tempus
3191 2504 3285 2557 pro
3313 2489 3487 2556 impiis

1879 2586 2136 2643 ,mortuus
2164 2585 2240 2628 est
2274 2576 2449 2644 (Rom.
2487 2592 2540 2639 v,
2573 2576 2652 2645 6).

1975 2667 2040 2719 18
2072 2667 2167 2719 bis.
2208 2666 2374 2734 Igitur
2400 2683 2506 2720 non
2538 2665 2790 2732 Trinitas,
2815 2667 2865 2720 id
2889 2675 2990 2730 est,
3015 2683 3121 2722 non
3146 2667 3302 2721 simul
3327 2665 3484 2720 Pater

1902 2763 1958 2809 et
1987 2755 2150 2810 Filius
2179 2764 2234 2810 et
2253 2756 2484 2826 Spiritus
2511 2764 2748 2819 sanctus,
2779 2771 2877 2810 nec
2904 2757 3052 2811 solus
3072 2756 3248 2820 Pater,
3278 2765 3372 2810 aut
3389 2772 3484 2812 so-

1903 2847 1984 2901 lus
2008 2847 2239 2917 Spiritus
2267 2854 2521 2909 sanctus;
2575 2847 2629 2900 id
2658 2853 2760 2912 est,
2794 2863 2902 2901 non
2933 2834 3021 2901 ille
3049 2849 3140 2917 qui
3168 2846 3361 2900 Filium
3391 2859 3483 2914 ge-

1904 2939 2039 3002 nuit,
2073 2953 2170 2992 nec
2200 2937 2290 2992 ille
2317 2937 2406 3005 qui
2436 2937 2503 2991 de
2533 2937 2691 2992 Patre
2713 2937 2974 3006 procedit,
3008 2939 3102 2992 sed
3121 2937 3268 2992 solus
3293 2937 3480 3000 Filius,

1903 3029 1955 3084 id
1983 3036 2064 3083 est
2093 3029 2178 3082 ille
2206 3043 2368 3096 quem
2399 3027 2450 3081 in
2494 3027 2699 3082 unitate
2725 3036 2932 3081 naturze
2961 3026 3123 3082 Pater
3150 3035 3483 3082 comternnm

1903 3121 2001 3176 sibi
2033 3121 2224 3174 Filium
2254 3128 2310 3174 et
2336 3119 2660 3187 corequalem
2691 3120 2895 3186 genuit,
2929 3119 2981 3172 id
3009 3126 3093 3173 est
3121 3134 3228 3172 una
3257 3133 3325 3173 ex
3354 3117 3480 3172 Tri-

1903 3212 2070 3265 nitate
2099 3226 2327 3280 persona
2355 3210 2597 3264 Christus
2620 3209 2714 3265 Dei
2737 3210 2900 3264 Filius
2929 3210 3137 3268 unicus.
3171 3217 3228 3264 ut
3254 3225 3356 3264 nos
3383 3210 3486 3264 sal-

204 3302 386 3356 mque
413 3295 630 3354 natura.
663 3287 715 3340 in
759 3301 870 3355 (1υο
917 3287 994 3341 Sic
1021 3286 1301 3355 υιτὶιιείιυθ
1345 3295 1547 3342 natum
1576 3305 1796 3358 PTOI'SIIS
1824 3307 1867 3367 ε
1901 3317 1997 3354 vos
2026 3299 2244 3366 faceret,
2271 3315 2432 3354 carne
2461 3308 2758 3368 conceptus
2797 3308 2852 3353 et
2890 3307 3048 3353 natus
3090 3306 3173 3354 est
3200 3299 3267 3353 de
3293 3307 3486 3354 ventre

203 3378 383 3432 unitio
403 3377 640 3447 gloriosa
669 3377 928 3447 persistit,
959 3384 1019 3431 ut
1047 3377 1160 3431 sive
1187 3376 1455 3432 divinitati
1475 3377 1673 3434 Christi
1698 3380 1799 3434 hu-

202 3470 525 3524 manitatem
579 3469 700 3538 quis
732 3469 932 3532 demat,
963 3469 1078 3523 sive
1107 3469 1426 3524 humanitati
1469 3470 1799 3525 divinitatem

201 3558 479 3628 detrahat,
497 3557 764 3615 Christum
788 3561 1048 3630 sacrilega
1070 3559 1386 3616 inlidelitate
1407 3569 1464 3616 et
1489 3563 1800 3632 blasphema

203 3650 595 3720 prmdicatione
659 3651 939 3706 dissolvat.
980 3650 1215 3706 Joannes
1253 3660 1433 3708 autem
1501 3653 1796 3721 apostolus,

198 3742 402 3812 plenus
430 3741 678 3805 veritate,
735 3749 964 3797 testatur
991 3744 1110 3813 quia
1138 3743 1302 3796 omnis
1339 3743 1549 3812 spiritus
1579 3745 1662 3813 qui
1691 3743 1800 3796 sol-

203 3833 274 3884 vit
320 3830 507 3886 Iesum
535 3847 600 3885 ea:
643 3831 753 3886 Deo
807 3849 905 3886 non
936 3841 1030 3901 est,
1054 3841 1105 3885 et
1135 3833 1214 3885 hic
1253 3841 1328 3886 est
1356 3833 1697 3887 Antio/aristas
1725 3835 1741 3904 (
1771 3833 1797 3886 Ι

201 3924 369 3979 Joon.
404 3941 477 3988 ιν,
511 3925 544 3978 ’5
563 3933 603 3993 j.

272 4017 412 4072 CAP.
449 4033 502 4070 χ.
551 4015 768 4070 Verbum
794 4019 1132 4087 ,priusquum
1180 4033 1299 4070 caro
1342 4017 1509 4086 ﬁeret,
1556 4033 1659 4071 non
1687 4026 1801 4070 erat

206 4109 473 4165 Christus.
515 4142 585 4152 -—
634 4108 887 4163 18.111ιι(1
935 4124 1063 4163 vero
1092 4109 1213 4176 quis
1262 4108 1415 4164 facile
1461 4108 1800 4165 Christianus

206 4211 301 4258 aut
332 4203 550 4270 ignoret
580 4210 672 4255 aut
701 4202 906 4256 dubitet
931 4242 946 4267 ,
997 4200 1143 4270 quod
1174 4199 1408 4256 Verbum
1441 4201 1581 4257 Deus
1627 4205 1801 4272 prius-

207 4310 376 4364 quam
431 4309 560 4349 caro
618 4293 772 4348 ﬁeret
829 4308 935 4346 non
983 4291 1082 4346 fuit
1128 4292 1400 4356 Christus,
1449 4292 1543 4347 sed
1593 4302 1800 4349 tantum

209 4385 356 4444 Deus
379 4388 405 4440 ’ἒ
434 4385 586 4440 Τιιιιε
614 4393 792 4439 autem
817 4384 959 4438 idem
989 4385 1130 4439 Deus
1143 4385 1396 4444 Verbum,
1415 4385 1558 4454 quod
1589 4403 1803 4456 semper

209 4479 265 4532 in
295 4477 476 4531 forma
503 4476 593 4530 Dei
625 4484 779 4544 erat,
821 4475 1066 4532 Christus
1095 4491 1214 4530 esse
1260 4477 1443 4546 erepit,
1495 4493 1615 4530 cum
1663 4478 1802 4534 Deus

207 4566 572 4635 semetipsum
600 4565 913 4619 exinaniens
939 4564 1164 4619 formam
1209 4567 1350 4620 servi
1380 4567 1584 4635 absque
1637 4569 1800 4623 dimi-

1901 3391 2134 3459 Virginis
2176 3391 2382 3455 matris,
2427 3390 2515 3458 qui
2564 3405 2722 3444 verus
2763 3397 2818 3443 et
2856 3404 3096 3444 summus
3123 3389 3266 3443 Deus
3293 3397 3474 3444 estex

1901 3490 2054 3536 utero
2086 3481 2179 3535 Dei
2208 3479 2400 3534 Patris.
2435 3480 2548 3534 Non
2573 3479 2825 3544 Trinitas,
2857 3479 2950 3534 sed
2976 3477 3289 3547 Unigenitus
3311 3494 3342 3532 a
3374 3478 3482 3532 Pa-

1903 3578 1980 3625 tre
2008 3571 2255 3626 Christus
2285 3571 2380 3625 Dci
2401 3569 2585 3636 Filius,
2614 3584 2775 3623 carne
2804 3567 3061 3639 parvulus
3089 3568 3206 3633 fuit,
3236 3577 3292 3622 et
3317 3583 3484 3624 carne

1899 3661 2086 3717 crevit.
2131 3662 2300 3727 Quem
2327 3651 2595 3729 perfectus
2622 3665 2785 3727 atque
2815 3658 2884 3711 im
2899 3673 3116 3711 mensus
3133 3667 3156 3697 ¢
3175 3658 3350 3722 Pater,
3383 3672 3484 3726 per

1901 3754 2161 3808 unitatem
2191 3751 2506 3815 divinitatis,
2537 3751 2800 3820 aequalem
2836 3766 2946 3805 sua:
2973 3750 3290 3820 perfectioni
3319 3758 3484 3820 atque

1902 3843 2247 3899 immensitali
2277 3843 2573 3911 cognoscit.
2616 3842 2734 3897 Non
2763 3841 3018 3908 Trinitas,
3041 3841 3138 3904 sed
3160 3843 3263 3909 uia,
3293 3843 3484 3896 ueritas

1900 3945 1949 3989 et
1979 3937 2082 3989 vita
2115 3934 2293 4004 (Joan.
2322 3950 2434 4000 xrv,
2465 3933 2556 4003 6),
2598 3931 2843 3989 Christus
2875 3933 2970 3988 Dei
3000 3933 3165 3988 Filius
3191 3948 3290 4003 per
3313 3933 3486 3989 curri-

1902 4028 2018 4083 cula
2051 4035 2371 4096 temporum,
2399 4028 2468 4081 ab
2504 4025 2730 4080 infantia
2773 4041 2942 4096 usque
2980 4027 3046 4082 ad
3074 4025 3366 4096 perfectam
3391 4025 3482 4096 ju-

1901 4125 2175 4172 ventutem
2202 4158 2217 4182 ,
2291 4118 2552 4172 humanas
2612 4125 2799 4172 aetates
2844 4132 3006 4172 carne
3060 4117 3484 4174 misericorditer

1901 4207 2237 4273 transcurrit,
2267 4207 2358 4277 qui
2386 4221 2707 4276 permanens
2735 4207 2786 4260 in
2817 4207 3021 4261 unitate
3049 4215 3288 4276 paterna:
3317 4215 3480 4262 natu-

1902 4311 1976 4351 rte
2001 4297 2376 4365 sempiternus,
2421 4296 2614 4350 saecula
2645 4295 2961 4350 mirabiliter
2988 4294 3132 4359 fecit,
3155 4365 3161 4371 _
3185 4304 3240 4350 et
3275 4296 3488 4351 incom-

1903 4387 2173 4441 mutabilis
2243 4394 2544 4456 temporum
2608 4385 2992 4440 mutabilitates
3055 4385 3305 4439 instituit.
3367 4386 3485 4440 Non

1905 4475 2161 4542 Trinitas,
2193 4476 2287 4531 sed
2314 4476 2572 4545 splendor
2600 4485 2839 4545 paterme
2868 4475 3050 4541 gloria:
3079 4473 3351 4538 Christus,
3384 4489 3485 4542 pro

1905 4568 2060 4622 nobis
2089 4577 2172 4622 est
2199 4583 2358 4622 carne
2387 4581 2594 4636 passus,
2621 4567 2712 4634 qui
2739 4566 2806 4620 de
2835 4565 2994 4620 Patre
3023 4565 3135 4619 Deo
3163 4564 3308 4618 solus
3329 4573 3486 4618 natus

208 4658 442 4712 nutione
490 4657 836 4726 plenitudinis
890 4657 1154 4712 naturalis
1197 4659 1423 4722 accepit.
1485 4660 1626 4714 Deus
1669 4676 1798 4729 ergo
1833 4686 1880 4744 Β
1905 4667 1986 4713 εει
2015 4658 2356 4727 impassibilis
2389 4657 2547 4711 Deus.
2589 4657 2767 4726 Ipsum
2798 4658 3015 4726 utique,
3059 4656 3203 4725 quod
3232 4655 3486 4710 dubitan-

207 4752 388 4806 factus
413 4758 496 4805 est
521 4747 789 4816 Christus,
818 4757 878 4803 ut
905 4746 1149 4804 Christus
1175 4759 1318 4805 esset
1339 4751 1481 4805 Deus
1530 4751 1802 4822 homoque

207 4840 529 4913 perfectus:
561 4841 686 4910 quia
720 4840 950 4895 Verbum
980 4841 1257 4909 dignatum
1288 4851 1370 4897 est
1397 4858 1524 4896 caro
1555 4842 1690 4905 ﬁeri,
1742 4858 1802 4898 ut

207 4947 345 4988 Caro
378 4939 565 5002 posset
591 4930 774 4995 Verbi,
815 4930 922 4986 hoc
949 4939 1032 4985 est
1074 4931 1206 4997 Dei,
1240 4933 1458 4986 nomine
1483 4937 1798 5005 nuncupari.

204 5021 406 5093 Neque
430 5021 572 5076 enim
601 5035 727 5075 caro
749 5020 966 5085 Christi,
1001 5020 1314 5090 priusquam
1361 5037 1390 5074 a
1412 5022 1590 5077 Verbo
1629 5025 1804 5079 susci-

204 5121 440 5183 peretur
469 5110 659 5168 eadem
685 5125 831 5174 caro,
863 5107 1104 5164 Christus
1134 5111 1263 5176 fuit;
1310 5127 1486 5180 neque
1515 5113 1625 5183 ipsa
1653 5130 1800 5179 caro,

208 5205 264 5258 id
296 5213 386 5260 est
414 5205 529 5274 ipse
557 5204 744 5268 homo,
774 5200 1142 5257 inseformam
1171 5202 1268 5257 Dei
1302 5205 1526 5260 viventis
1551 5207 1758 5276 accepit
1783 5225 1796 5272 ;

208 5296 313 5351 sed
346 5295 511 5361 Deus,
541 5297 630 5364 qui
662 5296 714 5350 in
739 5291 906 5352 forma
937 5293 1034 5349 Dei
1060 5303 1196 5359 erat,
1218 5293 1443 5350 formam
1473 5296 1610 5350 servi
1644 5312 1800 5350 accc-

211 5388 319 5457 pit,
352 5396 411 5441 et
457 5385 598 5442 Deus
644 5389 865 5456 aequalis
896 5385 1062 5449 Patri,
1112 5388 1168 5440 in
1200 5387 1588 5441 similitudinem
1634 5389 1803 5442 homi-

199 5495 332 5532 num
357 5479 554 5548 (actus,
604 5477 779 5531 habitu
805 5488 883 5532 est
908 5480 1147 5532 inventus
1177 5487 1232 5528 ut
1262 5477 1412 5531 homo
1464 5476 1684 5549 (Philip.
1738 5494 1795 5544 Ir,

199 5572 258 5635 6,
293 5569 377 5638 7),
410 5577 466 5623 et
492 5570 582 5639 qui
619 5569 769 5624 dives
796 5578 914 5624 erat
935 5608 950 5634 ,
996 5580 1224 5641 propter
1249 5584 1349 5624 nos
1377 5584 1582 5638 pauper
1627 5567 1800 5624 factus

194 5668 309 5721 est,
329 5667 391 5714 ut
418 5659 558 5714 illius
573 5668 892 5730 paupertate
906 5675 1005 5716 nos
1034 5657 1432 5732 ditaremurlll
1448 5658 1566 5713 Cor.
1587 5676 1692 5724 vm,
1720 5659 1796 5731 9).

280 5801 302 5826 π
334 5789 529 5860 Βεείιη
551 5807 678 5860 quos
694 5791 914 5854 amavit;
943 5791 1142 5853 caeteri,
1173 5793 1367 5848 habuit.

215 5930 255 5984 ἵ
283 5859 410 5980 “lita
442 5877 542 5916 ms.
568 5859 585 5926 ⁷;
637 5868 691 5914 at
719 5861 845 5915 edd.
879 5869 1076 5930 pneler
1105 5861 1262 5919 Basil.
1287 5907 1301 5932 ,
1348 5867 1400 5918 in
1437 5866 1605 5935 ipsum
1643 5859 1802 5915 Deum

259 5947 317 5983 ιν
354 5945 460 5983 um.

1871 4817 1874 4821 λ
1905 4749 2030 4803 (1ιιιιι
2058 4764 2165 4802 non
2194 4757 2297 4815 est,
2348 4747 2618 4803 Christum
2649 4747 2842 4800 Filium
2873 4746 2967 4801 Dei
2996 4762 3096 4816 pro
3145 4747 3300 4801 nobis
3336 4761 3486 4800 mor-

1907 4850 2016 4897 tem
2045 4856 2206 4896 carne
2233 4849 2504 4908 gustasse,
2549 4839 2695 4894 salva
2751 4839 3152 4893 immortalitate
3196 4839 3486 4894 divinitatis

1906 4933 2044 5002 ejus,
2067 4932 2332 4986 veraciter
2359 4930 2644 4995 credimus,
2675 4945 2834 4999 quem
2862 4945 3046 4984 verum
3074 4928 3170 4983 Dei
3195 4927 3368 4983 Patris
3393 4929 3485 4983 Fi-

1906 5025 2060 5093 lium,
2083 5040 2376 5095 verumque
2401 5023 2593 5088 Deum,
2647 5032 2703 5085 et
2744 5023 2908 5077 vitam
2935 5029 3194 5077 aeternam
3223 5021 3485 5092 prtedica-

1910 5116 2055 5171 tione
2099 5115 2334 5170 veridica
2381 5115 2552 5170 sancti
2601 5113 2830 5184 apostoli
2875 5111 3094 5168 Joannis
3140 5111 3385 5167 audimus
3433 5111 3486 5178 (ι

1902 5203 2060 5260 Joan.
2088 5221 2143 5268 v,
2175 5204 2288 5272 20).
2330 5205 2445 5259 Non
2475 5203 2727 5270 Trinitas,
2757 5202 2850 5258 sed
2878 5202 3109 5258 Verbum
3133 5219 3260 5258 caro
3291 5202 3486 5258 factum

1903 5297 2147 5351 Christus
2175 5295 2270 5351 Dei
2300 5295 2486 5360 Filius,
2537 5295 2727 5350 eadem
2776 5309 2941 5350 carne
2989 5311 3093 5365 qua
3142 5293 3380 5361 cruciﬁgi
3431 5304 3487 5350 ct

1907 5387 2045 5442 mori
2071 5387 2320 5454 dignatus
2349 5394 2447 5450 est,
2479 5385 2795 5451 resurrexit,
2842 5385 2935 5454 qui
2963 5386 3031 5440 de
3059 5385 3307 5454 sepulcro
3336 5399 3489 5438 eam-

1904 5477 2028 5532 dem
2057 5491 2274 5532 earnem
2304 5491 2474 5541 suam,
2523 5477 2632 5530 vita
2662 5491 3005 5546 permanens,
3031 5475 3326 5530 suscitavit.
3370 5475 3486 5531 Non

1905 5567 2174 5634 Trinitas,
2223 5569 2318 5624 sed
2348 5569 2374 5605 ά
2402 5567 2644 5624 Christus
2672 5569 2763 5637 qui
2808 5576 2891 5623 est
2919 5582 3082 5637 super
3109 5568 3289 5622 omnia
3323 5569 3484 5631 Deus,

1905 5659 2208 5714 videntibus
2238 5675 2360 5714 eum
2388 5659 2682 5730 discipulis,
2716 5675 2878 5715 carne
2906 5660 2958 5714 in
2989 5659 3205 5728 caelum,
3237 5675 3400 5714 carne
3423 5659 3486 5714 du

1985 5800 2007 5827 ε
2041 5787 2171 5842 Edd.
2183 5829 2196 5853 ,
2221 5789 2506 5843 universus.

1981 5858 2007 5895 ἀ
2039 5857 2162 5912 Haec
2200 5860 2362 5913 verba
2394 5857 2515 5914 Non
2540 5861 2790 5929 Trinitas,
2838 5862 2930 5916 sed
2956 5863 3181 5917 aberant
3211 5861 3278 5916 ab
3307 5859 3463 5913 editis

1915 5929 2230 5997 legebantur
2256 5938 2433 5984 autem
2459 5931 2510 5986 in
2537 5949 2635 5986 ms.
