4066 6346
565 369 669 422 463

1569 365 1624 420 8.
1666 365 2026 421 FULGENTII
2067 333 2368 422 unseen
2408 366 2777 424 nusesusrs
2851 375 2856 378 ·

3708 377 3807 431 λοι

562 478 702 533 εωιο
723 484 1000 543 venturus,
1018 476 1282 531 ascendit:
1308 477 1399 544 qui
1423 491 1521 531 nec
1546 476 1783 531 deseruit
1802 475 1994 531 caelum
2016 491 2136 530 cum
2167 483 2212 540 Α
2242 468 2578 546 paSsionibus
2607 488 2766 548 atque
2794 481 3074 535 virtutibus
3095 497 3195 536 nec
3219 483 3494 538 contundit
3517 483 3644 539 ﬁdes
3669 503 3810 556 vera,

562 573 613 624 in
647 579 786 624 terra
819 569 1031 624 carnem
1081 568 1306 636 accepit,
1358 575 1412 622 et
1459 583 1622 621 carne
1667 566 2036 621 conscendens
2081 567 2134 619 in

560 660 754 714 emtum
783 673 909 713 suos
937 659 989 711 in
1016 665 1156 710 terra
1185 656 1463 710 divinitate
1494 673 1599 710 non
1628 656 1865 711 deseruit
1919 657 2012 724 (at.
2044 655 2138 708 de-

558 751 733 815 serit).
773 746 886 801 Hoc
913 747 1053 800 enim
1077 747 1342 816 promisit,
1369 747 1582 802 dicens:
1611 745 1746 799 Ecce
1766 763 1858 816 ego
1880 745 2137 799 vobiscum

558 857 671 894 sum
695 837 930 891 omnibus
958 838 1133 892 diebus
1156 855 1312 909 usque
1341 837 1410 890 ad
1437 838 1926 891 consummationem
1961 835 2136 889 surculi

559 929 773 997 (Matth.
801 945 984 992 xxvm,
1011 929 1126 999 20).
1179 929 1319 984 Deus
1346 941 1476 995 ergo
1505 929 1595 983 ille
1627 929 1786 997 quiin
1817 927 1986 983 forma
2017 927 2132 991 Dei,

555 1020 847 1074 secundum
901 1020 1045 1074 beati
1075 1018 1359 1074 Hieremiae
1380 1010 1728 1086 vaticiniiimt,
1771 1017 1998 1086 Magnus
2036 1026 2131 1081 est,

553 1118 732 1162 etnon
769 1107 918 1161 habet
944 1109 1134 1178 ﬁnem,
1184 1108 1418 1162 excelsus
1456 1118 1504 1160 et
1547 1109 1866 1170 immensus;
1915 1105 1983 1160 de
2025 1121 2133 1174 quo

496 1186 500 1190 ’
556 1200 718 1253 etiam
748 1201 912 1268 paulo
942 1209 1063 1268 post
1093 1201 1233 1254 idem
1263 1201 1528 1270 pr0pheta
1557 1200 1717 1254 dicit:
1755 1199 1854 1252 Hic
1889 1209 1965 1253 est
1998 1199 2134 1252 Deus

555 1301 746 1356 noster,
772 1302 826 1344 et
857 1308 960 1344 non
976 1291 1328 1345 .astimabitur
1357 1294 1490 1347 alius
1523 1293 1592 1346 ad
1616 1309 1730 1345 eum
1753 1309 1770 1344 :
1799 1292 2065 1345 adinvenit
2106 1299 2134 1328 λ

555 1402 755 1440 omnem
783 1387 917 1438 viam
936 1384 1248 1454 disciplinae,
1271 1393 1319 1437 et
1359 1385 1501 1438 dedit
1520 1401 1631 1438 eam
1652 1383 1815 1438 Iacob
1836 1401 1992 1454 puero
2019 1399 2129 1446 suo,

552 1487 602 1528 et
625 1475 800 1528 Israel
827 1475 1012 1528 dilecto
1049 1491 1141 1528 suo
1175 1474 1528 1542 (Barac/2,1",
1565 1474 1653 1538 56,
1699 1475 1788 1543 57)
1819 1491 1832 1526 :
1885 1474 2025 1542 ipse,
2054 1488 2135 1528 se-

553 1566 783 1620 cundum
815 1567 1038 1620 tormam
1059 1567 1226 1631 servi,
1278 1566 1330 1619 in
1359 1581 1463 1635 qua
1502 1567 1800 1620 minoratus
1845 1573 1928 1618 est
1972 1564 2131 1634 paulo

552 1657 728 1710 minus
773 1656 840 1709 ab
888 1657 1118 1725 angelis,
1156 1655 1283 1710 Post
1311 1657 1421 1710 licet:
1447 1697 1460 1717 ,
1513 1657 1650 1710 sicut
1698 1655 1836 1709 idem
1868 1655 2129 1724 propheta

552 1747 709 1811 dicit,
725 1749 777 1800 in
813 1748 960 1800 terris
988 1748 1124 1800 visus
1153 1757 1250 1810 est,
1279 1758 1327 1800 et
1349 1764 1460 1800 cum
1485 1745 1773 1801 hominibus
1804 1757 2129 1810 conversatus

2241 583 2338 620 nec
2368 568 2576 633 dividit,
2604 571 2726 637 quia
2779 573 3076 639 personalis
3107 574 3281 627 unitas
3311 575 3360 626 in
3393 589 3459 627 eo
3500 575 3811 634 divisionem

2241 676 2346 712 non
2377 662 2583 729 recipit,
2633 672 2686 714 et
2727 664 3003 731 utriusque
3048 673 3251 718 natura:
3295 653 3490 718 verit'as
3537 666 3809 723 inconfusa

2239 751 2494 816 persistit.
2541 749 2781 804 Traditus
2801 762 2876 806 est
2907 757 3046 806 enim
3072 755 3210 809 Deus
3231 754 3476 810 Christus
3493 767 3698 827 propter
3723 762 3808 811 de-

2237 841 2358 893 licta
2386 852 2582 907 nostra,
2615 845 2738 911 quia
2762 860 2919 899 verus
2950 846 3111 900 homo
3141 855 3258 910 est;
3291 855 3346 901 et
3374 851 3649 902 resurrexit
3675 851 3808 903 idem

2238 933 2399 987 homo
2426 934 2670 989 Christus
2695 948 2904 1006 propter
2915 927 3341 1008 justiﬁcationem
3373 951 3602 994 nostram
3635 940 3806 1011 (Rom.

2236 1038 2311 1088 ιν,
2347 1022 2458 1094 25),
2492 1025 2615 1092 quia
2645 1025 2787 1079 Deus
2813 1041 2970 1081 verus
3001 1037 3101 1081 est.
3143 1027 3252 1081 Nisi
3294 1029 3435 1082 enim
3473 1029 3612 1083 idem
3656 1046 3810 1084 verus

2236 1111 2376 1167 Deus
2406 1113 2431 1150 ’ί
2471 1114 2635 1168 homo
2655 1128 2814 1171 verus
2831 1128 2993 1182 esset,
3018 1117 3150 1170 tradi
3180 1118 3423 1186 morique
3464 1134 3568 1173 non
3595 1127 3809 1188 posset;

2236 1212 2292 1256 et
2319 1204 2460 1258 idem
2489 1221 2649 1261 verus
2673 1207 2854 1271 homo,
2886 1207 2929 1261 si
2962 1223 3118 1261 verus
3147 1207 3287 1262 Deus
3315 1224 3420 1262 non
3443 1219 3603 1272 esset,
3635 1226 3810 1264 resus-

2235 1297 2404 1350 citare
2431 1298 2776 1366 semetipsum
2796 1299 2988 1353 solutis
3020 1297 3210 1352 inferni
3239 1299 3513 1353 doloribus
3542 1301 3809 1368 nequivis-

2236 1391 2337 1438 set.
2378 1383 2485 1440 Sed
2513 1387 2638 1454 quia
2669 1401 2776 1440 non
2805 1395 2888 1440 est
2915 1388 3052 1440 alter
3099 1388 3257 1451 Deus,
3305 1389 3440 1442 alter
3483 1389 3669 1456 homo,
3719 1391 3810 1444 sed

2235 1474 2374 1529 idem
2407 1491 2543 1530 unus
2572 1486 2655 1530 est
2679 1475 2920 1533 Christus
2948 1470 3089 1532 Dei'is
3117 1488 3171 1532 et
3199 1479 3382 1546 homo,
3410 1480 3649 1549 proiecto
3673 1482 3809 1536 idem

2234 1562 2375 1619 Deus
2402 1564 2648 1620 Christus
2675 1574 2756 1620 est
2783 1567 2874 1634 qui
2901 1577 3128 1620 mortem
3162 1582 3254 1621 sua
3280 1583 3440 1622 carne
3467 1571 3723 1638 suscepit,
3756 1579 3810 1623 et

2235 1655 2373 1710 idem
2403 1656 2566 1710 homo
2595 1656 2839 1712 Christus
2879 1665 2962 1712 est
2997 1658 3088 1727 qui
3117 1666 3344 1712 mortem
3394 1674 3489 1712 sua
3534 1659 3811 1713 divinitate

2234 1747 2515 1801 destruxit.
2558 1747 2702 1801 Idem
2737 1749 2933 1817 quippe
2959 1747 3203 1804 Christus
3223 1750 3316 1804 Dei
3346 1749 3531 1815 Filius,
3559 1751 3653 1819 qui
3676 1750 3810 1804 divi-

549 1847 627 1891 est
656 1836 844 1906 (Ibid.,
877 1838 987 1905 58).
1032 1838 1206 1906 Ipsum
1235 1838 1506 1891 hominem
1527 1837 1810 1892 mortalem
1831 1845 1991 1906 atque
2009 1853 2128 1891 mu—
2164 1847 2207 1904 Β
2236 1837 2404 1892 nitate
2431 1838 2568 1892 mori
2599 1853 2703 1890 non
2751 1839 2955 1906 potuit,
3001 1854 3164 1893 carne
3211 1848 3449 1894 mortuus
3483 1848 3600 1905 est,
3651 1855 3810 1908 quam

551 1927 771 1980 tabilem
803 1927 1042 1980 intideles
1083 1927 1361 1992 viderunt,
1410 1941 1570 1995 quem
1600 1926 1768 1980 Deum
1816 1927 2131 1980 naturaliter

548 2017 905 2070 immortalem
937 2025 1098 2084 atque
1127 2016 1614 2070 incommutabilem
1657 2017 1747 2070 illi
1778 2017 1980 2071 mundo
2009 2032 2130 2071 cor-

548 2111 616 2163 de
646 2111 807 2165 visuri
838 2119 982 2175 sunt,
1033 2111 1125 2178 qui
1157 2126 1298 2164 nunc
1339 2111 1393 2163 in
1434 2125 1556 2164 eum
1589 2109 1854 2164 veraciter
1883 2109 2126 2163 credunt.

549 2200 707 2253 Fides
724 2201 882 2253 .enim
901 2215 1040 2253 vera
1070 2215 1209 2254 nunc
1234 2199 1396 2253 corda
1426 2199 1702 2253 hominum
1728 2199 1969 2263 mundat,
2011 2214 2128 2267 quae

548 2291 764 2360 capacia
835 2290 1066 2344 videndo
1114 2290 1222 2344 Deo
1269 2290 1438 2358 gloria
1483 2290 1674 2344 futura:
1721 2291 2128 2346 resurrectionis

549 2381 800 2436 exhibeat
832 2382 880 2436 ι’.

621 2477 776 2545 297
802 2475 931 2529 Car.
970 2492 1040 2529 χι.
1085 2476 1220 2529 Vera
1249 2478 1379 2546 ﬁdes
1416 2494 1574 2531 unum
1612 2476 1939 2546 eamdemque
1976 2475 2126 2529 Chri-

549 2576 702 2629 stum,
743 2583 912 2618 verum
963 2565 1124 2618 Deum
1168 2577 1218 2619 et
1261 2584 1434 2621 verum
1479 2567 1738 2620 hominem
1778 2567 1960 2618 credit.
2019 2565 2126 2618 Ro-

549 2673 706 2708 mana
745 2656 980 2710 Ecclesia
1021 2659 1199 2711 mundi
1229 2673 1489 2711 cacumen.
1532 2667 1617 2696 -’
1651 2655 1727 2708 l9.
1766 2655 1894 2722 Quae
1923 2665 2004 2710 est
2032 2672 2129 2709 au-

550 2761 658 2800 tem
708 2763 832 2800 vera
886 2749 1045 2812 lides,
1097 2751 1199 2804 nisi
1244 2765 1407 2804 unum
1452 2748 1811 2818 eumdemque
1857 2748 2124 2803 Christum

550 2856 732 2892 verum
767 2841 928 2894 Deum
990 2857 1282 2910 verumque
1309 2842 1579 2896 hominem
1609 2841 1724 2895 sine
1749 2841 1938 2911 aliqua
1974 2841 2127 2896 hzesi-

551 2940 755 2993 tatione
805 2940 1066 3003 credere;
1126 2955 1291 2994 unum
1336 2941 1690 3008 eumdemque
1732 2939 1986 2994 de.Patre
2016 2940 2126 2994 Deo

549 3030 842 3084 secundum
869 3033 1217 3095 divinitatem,
1271 3042 1326 3085 et
1355 3032 1418 3086 de
1450 3032 1666 3100 Virgine
1715 3031 1880 3084 Maria
1931 3047 2126 3086 secun-

551 3121 678 3175 dum
696 3137 931 3187 carnem,
951 3124 1186 3191 genitum
1217 3123 1511 3192 praedicare
1528 3123 1587 3174 οἳ
1608 3121 1914 3190 Apostolica
1927 3124 2126 3190 quippe

2235 1928 2517 1982 mortalem
2539 1927 2680 1982 Deus
2708 1929 3026 1982 immortalis
3047 1930 3271 1998 accepit.
3314 1929 3380 1983 Et
3399 1931 3538 1985 idem
3566 1930 3810 1986 Christus

2234 2020 2328 2074 Dei
2351 2019 2517 2074 Filius
2544 2034 2707 2086 carne
2737 2029 2982 2074 mortuus
3012 2023 3337 2087 resurrexit,
3365 2023 3490 2091 quia
3532 2023 3809 2078 immorta‘

2231 2111 2436 2165 litatem
2465 2126 2575 2165 sua:
2601 2111 2892 2165 divinitatis
2925 2126 3083 2166 carne
3113 2123 3355 2168 mortuus
3377 2129 3483 2168 non
3505 2115 3705 2169 amisit.

2303 2201 2391 2255 20.
2435 2201 2570 2256 Hinc
2591 2210 2672 2256 est
2692 2202 2836 2269 quod
2859 2202 3020 2256 etiam
3045 2212 3166 2272 post
3186 2205 3637 2258 resurrectionem
3659 2221 3811 2260 suam

2231 2296 2368 2350 sicut
2400 2296 2453 2348 in
2479 2294 2815 2366 cicatricibus
2844 2294 3005 2361 veris,
3036 2303 3088 2346 et
3111 2295 3162 2347 in
3192 2310 3316 2348 vera
3339 2296 3672 2350 comestione
3700 2298 3812 2365 pis-

2230 2389 2308 2442 cis
2337 2396 2391 2440 et
2428 2385 2601 2439 mellis
2634 2386 2960 2440 soliditatem
2991 2385 3043 2437 in
3079 2401 3135 2438 se
3170 2401 3308 2439 verte
3333 2387 3508 2440 carnis
3548 2386 3769 2441 edocuit
3796 2427 3813 2454 ,

2231 2482 2302 2534 ita
2331 2479 2527 2534 clausis
2556 2476 2762 2532 foribus
2792 2476 3117 2544 ingrediens,
3163 2493 3344 2530 veram
3380 2479 3433 2530 in
3467 2492 3526 2532 se
3557 2478 3810 2533 virtutem

2230 2571 2573 2639 sempiterna:
2601 2569 2894 2622 divinitatis
2931 2569 3164 2622 ostendit
3187 2585 3198 2619 :
3257 2576 3315 2620 ut
3343 2577 3734 2636 agnosceretur
3756 2580 3812 2625 et

2231 2661 2486 2715 naturalis
2515 2659 2674 2714 fuisse
2702 2657 2897 2712 Christi
2927 2659 3203 2713 morientis
3227 2659 3525 2724 inﬁrmitas,
3553 2669 3610 2714 et
3635 2661 3810 2716 eidem

2230 2753 2529 2820 resurgenti
2574 2752 2834 2805 naturalis
2879 2751 3054 2805 inesse
3080 2750 3350 2818 maiestas.
3393 2752 3521 2806 Inde
3551 2752 3809 2816 Thomas;

2230 2846 2359 2898 dum
2389 2844 2588 2911 injecta
2619 2858 2781 2896 manu
2808 2843 3029 2910 jubetur
3055 2843 3107 2895 in
3141 2843 3308 2896 latere
3332 2846 3526 2897 mortui
3550 2860 3615 2900 ac
3640 2861 3810 2899 resur-

2229 2935 2404 3001 gentis
2430 2933 2630 2990 Christi
2659 2933 2940 2986 veritatem
2969 2934 3204 2986 vulueris
3234 2934 3486 3002 exiperiri,
3529 2951 3713 2989 veram
3759 2937 3810 2992 in

2231 3026 2334 3079 illis
2363 3025 2704 3079 cicatricibus
2733 3025 2988 3094 patientis
3014 3041 3077 3078 ac
3106 3028 3432 3093 resurgentis
3455 3028 3709 3082 virtutem
3732 3029 3811 3082 di~

2230 3117 2466 3170 vinitatis
2494 3129 2810 3183 agnoscens,
2861 3115 2913 3168 in
2943 3130 3050 3182 quo
3078 3117 3240 3185 293
3264 3115 3482 3189 jubetpr
3523 3125 3581 3170 ut
3624 3118 3812 3172 clavo-

553 3220 776 3265 testatur
829 3213 1116 3266 auctoritas
1165 3214 1287 3281 quia
1347 3230 1483 3267 unus
1531 3213 1779 3280 idemque
1831 3221 1914 3265 est
1971 3211 2120 3266 Chri-
2150 3210 2197 3272 C
2229 3223 2347 3261 rum
2378 3207 2492 3260 loca
2536 3205 2714 3274 digitis
2746 3212 2946 3272 tangat,
3000 3205 3170 3274 ipsum
3222 3205 3499 3259 Dominum
3545 3222 3608 3261 ac
3635 3207 3808 3262 Deum

549 3310 662 3355 stus
699 3319 763 3355 ea:
806 3303 1036 3372 patribus
1070 3303 1348 3356 secundum
1397 3319 1641 3363 carnem,
1694 3303 1783 3369 qui
1833 3311 1915 3355 est
1966 3319 2123 3372 super

547 3395 722 3445 omnia
755 3392 892 3445 Deus
922 3391 1214 3448 benedictus
1238 3395 1293 3446 in
1317 3395 1506 3446 sarcula
1543 3391 1720 3460 (Rom.
1758 3410 1830 3456 ιχ,
1865 3393 1954 3464 5);
1989 3410 2123 3447 unus

547 3485 796 3555 idemque
826 3488 1104 3556 cruciﬁxus
1125 3504 1190 3540 ea:
1216 3488 1534 3556 inﬁrmitate,
1569 3485 1662 3539 sed
1686 3487 1855 3538 vivens
1875 3503 1940 3540 es
1966 3488 2124 3539 virtu-

549 3585 594 3626 te
631 3575 723 3628 Dei
766 3575 846 3628 'Il
876 3575 995 3630 Cor.
1027 3593 1139 3640 xm,
1175 3575 1230 3645 4)
1261 3593 1276 3641 ;
1326 3563 1461 3630 unus
1492 3575 1739 3642 idemque
1783 3587 1837 3629 et
1883 3576 1975 3644 (at.
2017 3578 2122 3643 est)

545 3663 746 3718 iaciens
781 3667 830 3718 in
863 3667 1165 3720 hominibus
1195 3667 1454 3728 virtutes,
1503 3675 1556 3719 et
1585 3665 1852 3718 sustinens
1881 3680 1977 3733 pro
2020 3665 2122 3718 ho-

545 3755 777 3808 minibus
806 3756 1079 3822 passiones
1105 3773 1115 3805 :
1150 3756 1271 3824 quia
1303 3771 1423 3808 cum
1455 3755 1707 3809 miracula
1730 3756 2024 3808 secundum
2045 3755 2124 3809 di-

540 3847 826 3898 vinitatem
861 3845 1060 3899 laceret
1081 3845 1332 3898 Christus
1370 3846 1462 3898 Dei
1490 3845 1673 3909 Fiiius,
1709 3846 1759 3898 in
1793 3845 1982 3898 eodem
2015 3845 2124 3900 Deo

543 3935 641 3987 iuit
669 3936 934 4002 passibilis
963 3936 1268 3989 humanitas
1306 3952 1401 3991 sua
1433 3953 1446 3996 ;
1478 3944 1531 3986 et
1570 3951 1688 3988 cum
1728 3944 2002 4004 pateretur
2039 3951 2125 3989 se-

543 4037 774 4091 ‘cundum
800 4052 1014 4089 carnem
1046 4036 1183 4088 idem
1211 4034 1457 4088 Christus
1487 4036 1583 4088 Dei
1609 4035 1803 4097 Filius,
1839 4035 1890 4087 iu
1922 4034 2116 4088 eodem

544 4125 761 4178 homine
804 4124 898 4175 luit
942 4122 1300 4193 impassibilis‘
1326 4121 1575 4175 divinitas
1625 4137 1742 4174 sua.
1785 4121 1917 4186 Quia
1964 4122 2126 4189 igitur

538 4217 597 4267 in
626 4213 840 4268 Christo
890 4215 980 4268 Dei
1035 4214 1309 4281 unigenito
1360 4213 1495 4267 Filio
1523 4228 1807 4282 personam
1847 4229 1953 4266 non
1984 4213 2124 4266 divi-

546 4309 678 4361 dunt
709 4307 921 4376 propria
954 4315 1294 4368 naturarum,
1341 4319 1516 4372 neque
1551 4305 1726 4357 unitas
1754 4318 1994 4372 persome
2025 4319 2122 4370 po-

536 4410 648 4453 test
673 4401 947 4468 utriusque
970 4407 1169 4451 natium
1189 4397 1403 4466 propria
1427 4394 1753 4450 confundere
1773 4394 1856 4448 vel
1880 4393 2119 4459 auferre;

536 4493 668 4559 quia
715 4491 803 4544 illc
853 4491 944 4558 qui
993 4504 1051 4541 se
1099 4501 1217 4540 esse
1272 4485 1551 4538 veritatem
1601 4484 1922 4537 naturaliter
1968 4483 2117 4544 dicit,

2226 3314 2378 3351 suum
2413 3296 2551 3349 lideli
2580 3295 2916 3350 confessione
2943 3296 3273 3364 pronuntiat,
3303 3296 3522 3354 dicens:
3555 3297 3811 3350 Dominus

2226 3405 2388 3452 meus,
2419 3397 2466 3440 et
2495 3385 2632 3440 Deus
2653 3402 2794 3439 meus
2820 3387 2838 3439 .'
2881 3387 3112 3454 Agnovit
3139 3388 3282 3441 enim
3316 3403 3423 3442 non
3452 3389 3676 3442 alterum
3708 3405 3812 3459 per

2228 3479 2526 3532 naturalem
2563 3479 2857 3533 divinitatis
2885 3494 2994 3532 sua:
3042 3479 3292 3546 virtutem
3342 3481 3704 3536 resurrexisse
3752 3485 3807 3536 in

2226 3585 2387 3624 carne
2410 3585 2502 3623 sua
2534 3578 2580 3635 ο,
2629 3568 2732 3622 nisi
2748 3583 2882 3622 eum
2911 3569 3002 3636 qui
3031 3569 3097 3622 de
3124 3577 3312 3623 natura
3343 3570 3436 3624 Dei
3462 3569 3639 3626 Patris
3664 3572 3806 3627 Deus

2227 3675 2384 3715 verus
2407 3669 2509 3726 est,
2542 3668 2596 3713 et
2620 3660 2728 3712 vita
2753 3668 2950 3714 aeterna
2979 3658 3157 3726 (Joan.
3190 3676 3284 3726 xx,
3315 3659 3427 3728 28).

2298 3749 2384 3805 21.
2428 3749 2594 3818 Hujus
2623 3749 2743 3801 lidei
2774 3748 2927 3802 nobis
2954 3748 3207 3803 intimans
3235 3750 3517 3803 veritatem
3549 3751 3666 3819 ipse
3695 3751 3799 3805 hu—

2227 3843 2368 3896 mani
2399 3843 2609 3910 generis
2635 3840 2883 3894 conditor
2912 3855 2974 3894 ac
3005 3838 3336 3918 redemptor,
3389 3841 3569 3910 opifex
3608 3852 3802 3897 nostra:

2227 3935 2600 4006 particepsque
2629 3941 2833 3986 naturae
2852 3974 2865 3996 ,
2891 3941 3173 4001 postquam
3203 3947 3385 3986 veram
3416 3934 3467 3986 in
3498 3950 3558 3988 se
3587 3949 3803 3990 carnem

2226 4023 2565 4078 cicatricibus
2597 4021 2758 4085 veris,
2804 4037 3095 4089 veramque
3131 4022 3464 4076 divinitatem
3495 4025 3693 4080 virtute
3718 4039 3803 4079 re-

2225 4112 2572 4168 sm'rectionis
2594 4112 2828 4166 ostendit
2852 4130 2864 4176 ;
2895 4121 2951 4164 ut
2975 4127 3136 4164 unum
3164 4114 3518 4182 eumdemque
3546 4130 3605 4169 se
3635 4115 3802 4170 Deum

2226 4214 2281 4260 et
2312 4205 2582 4259 hominem
2615 4203 2938 4259 credendum
2989 4204 3497 4274 priedicaudumque
3537 4217 3807 4262 monstra-

2225 4305 2325 4360 ret,
2351 4297 2507 4350 simul
2534 4297 2586 4350 in
2617 4311 2674 4354 se
2703 4295 2936 4350 divinam
2959 4297 3352 4365 humanamque
3376 4307 3623 4354 naturam
3650 4301 3806 4355 unius

2228 4388 2342 4442 Filii
2375 4389 2590 4441 nomine
2610 4388 2937 4456 nuncupavit
2965 4387 3147 4441 dicens
3176 4389 3433 4456 apostolis
3459 4407 3469 4441 :
3496 4389 3596 4454 Ite,
3630 4391 3808 4445 docete

2226 4494 2401 4530 omnes
2427 4486 2620 4548 gentes,
2647 4476 2966 4546 baptizantes
2995 4495 3082 4531 eos
3110 4480 3162 4532 in
3186 4481 3390 4533 nomine
3411 4481 3610 4544 Patris,
3641 4493 3691 4536 et
3709 4482 3809 4536 Fi-

534 4592 826 4648 utrumque
857 4581 908 4633 in
938 4594 994 4632 se
1020 4594 1156 4639 uno,
1189 4583 1441 4629 manente
1471 4574 1698 4628 naturali
1732 4574 1975 4637 veritate,
2005 4588 2121 4626 ser-
2151 4582 2196 4639 ι)
2225 4568 2303 4631 lii,
2326 4577 2372 4621 et
2405 4567 2632 4636 Spiritus
2664 4568 2830 4619 sancti
2859 4566 3069 4637 (Matth.
3112 4585 3295 4637 xxviii,
3329 4569 3438 4640 l9).
3482 4571 3683 4626 Doctor
3711 4574 3813 4641 igi-

538 4671 684 4725 vavit
709 4688 723 4735 ;
755 4678 1040 4739 propterea
1067 4680 1241 4734 neque
1272 4665 1322 4718 in
1351 4662 1689 4732 passionibus
1717 4662 1784 4715 ab
1814 4662 1903 4715 illa
1935 4663 2121 4714 huma—

541 4765 710 4818 nitate
739 4761 937 4815 Chrisli
973 4759 1310 4812 divinitatem
1337 4770 1488 4810 suam
1528 4753 1911 4823 impassibilem
1939 4740 2144 4820 sejun-U

539 4858 732 4923 gimus,
781 4867 954 4920 neque
984 4851 1052 4904 ab
1098 4850 1189 4903 illa
1235 4847 1512 4900 divinitate
1541 4845 1926 4898 humanitatem
1969 4858 2122 4898 suam

531 4947 808 4998 ullatenus
880 4939 1232 5011 separandam
1298 4938 1350 4990 in
1421 4935 1704 4989 virtutibus
1769 4933 2112 4987 aestimamus.

540 5041 725 5110 Neque
751 5054 878 5107 ergo
905 5037 1210 5098 dividimus,
1246 5045 1418 5099 neque
1456 5028 1831 5084 conlundimus
1868 5027 1920 5080 in
1952 5027 2118 5080 virtu-

527 5133 684 5186 tibus
706 5140 760 5185 et
788 5129 1129 5199 passionibus
1157 5125 1448 5187 Christum,
1469 5136 1627 5190 quem
1656 5119 1847 5174 Filium
1864 5119 1956 5173 Dei
1989 5119 2111 5183 vivi,

545 5223 817 5277 revelantc
839 5219 1019 5281 Patre,
1052 5219 1240 5271 beatus
1255 5214 1444 5267 Petrus
1474 5211 1750 5266 confessus
1776 5219 1876 5272 est,
1907 5225 2029 5263 cum
2058 5225 2117 5262 se

508 5297 722 5368 ’tamen
751 5312 897 5382 prius
937 5308 1100 5361 lilium
1151 5305 1381 5359 immittis
1429 5302 1691 5355 veraciter
1717 5292 1959 5352 Christus
2008 5300 2118 5366 ipse

543 5402 763 5458 dixisset
805 5401 1018 5471 (Matth.
1055 5413 1156 5457 xvi,
1196 5393 1302 5462 lli).
1345 5392 1468 5446 Ideo
1515 5407 1697 5444 verum
1745 5390 2013 5441 Christum
2067 5388 2117 5439 iu

617 5544 641 5569 δ
674 5534 804 5604 Ms,
835 5536 918 5604 qui
949 5530 1229 5604 adinrenil.
1266 5597 1277 5604 ι
1759 5592 1768 5604 ,
1936 5590 1945 5599 .

616 5603 641 5638 δ
672 5589 872 5655 Locum
901 5603 1045 5657 hunc
1072 5597 1403 5654 restituimus
1435 5611 1500 5648 ex
1532 5609 1632 5646 ms.
1663 5609 1676 5653 ;
1707 5590 1835 5645 editi
1862 5590 2004 5643 enim
2031 5589 2122 5640 ha-

544 5673 742 5728 bebant
769 5689 867 5743 qua
897 5673 1053 5725 corda
1089 5669 1299 5738 capacia
1346 5664 1562 5743 videndo
1609 5661 1792 5743 (Desii.
1838 5658 2121 5727 reddendo)

544 5743 656 5804 Deo
681 5731 896 5811 gloriam
923 5744 1109 5811 futura:
1132 5731 1518 5811 r'esttri'cctionis
1547 5731 1805 5785 exhibeat.

619 5760 656 5799 το
714 5760 896 5796 tortam
923 5760 1109 5811 (illum:
1132 5760 1517 5790 resurrecumua
1547 5760 1805 5785 curruum.

619 5828 637 5852 ε
672 5760 760 5867 ἕὶο
791 5825 889 5864 lllS.
919 5829 931 5876 ς
967 5820 1017 5864 al
1040 5808 1238 5870 extrusi,
1273 5806 1496 5866 credere,
1525 5819 1676 5856 unum
1703 5799 2118 5868 eumdemquc....

2226 4667 2310 4712 tur
2339 4667 2393 4712 et
2422 4659 2641 4726 largitor
2668 4665 2883 4711 mterua:
2912 4658 3099 4712 salutis
3122 4659 3259 4712 hanc
3288 4659 3408 4714 ideo
3436 4660 3660 4715 formam
3681 4677 3812 4716 san-

2223 4749 2296 4802 cti
2323 4747 2660 4817 baptismatis
2681 4746 2845 4811 dedit,
2878 4761 2944 4800 ne
2973 4747 3091 4815 quis
3119 4748 3172 4800 in
3205 4747 3396 4802 eodem
3426 4748 3521 4803 Dei
3549 4749 3684 4804 Filio
3712 4766 3815 4804 na-

2227 4847 2374 4892 turas
2395 4837 2660 4898 dividens,
2692 4837 2971 4891 mortifero
3001 4838 3381 4907 illaquearetur
3406 4854 3610 4903 errore,
3650 4842 3695 4894 si
3717 4851 3816 4896 aut

2227 4932 2512 4985 humanam
2537 4929 2655 4982 Filii
2687 4929 2780 4983 Dei
2825 4937 3071 4983 naturam
3100 4930 3166 4982 ab
3209 4945 3376 4999 opere
3423 4932 3816 5002 redemptionis

2230 5022 2472 5074 humanm
2501 5021 2732 5074 alienam
2754 5021 2806 5074 in
2829 5027 3165 5074 sacramento
3187 5020 3521 5088 baptismatis
3541 5021 3811 5085 crederet,

2221 5125 2311 5167 aut
2333 5116 2464 5167 duas
2492 5114 2542 5166 in
2565 5112 2781 5167 Christo
2808 5112 3110 5166 conlitendo
3134 5127 3408 5180 personas,
3443 5129 3548 5168 non
3572 5113 3683 5182 jam
3712 5130 3818 5169 ve-

2222 5225 2318 5262 rax
2350 5207 2626 5260 Trinitatis
2654 5207 2849 5269 cultor,
2881 5205 2974 5259 sed
3005 5205 3238 5258 netarius
3265 5215 3407 5260 esset
3431 5207 3815 5274 quaternitatis

2226 5310 2477 5363 assertor,
2512 5315 2574 5353 ac
2600 5315 2695 5368 per
2724 5299 2827 5352 hoc
2853 5313 2973 5352 cum
3005 5296 3163 5350 Patre
3191 5305 3246 5350 et
3267 5296 3465 5366 Spiritu
3487 5306 3677 5353 sancto
3698 5313 3814 5352 non

2229 5389 2438 5452 Filium,
2487 5389 2580 5444 sed
2613 5388 2748 5442 ﬁlios
2782 5387 3006 5450 coleret,
3046 5387 3286 5456 quisquis
3316 5388 3366 5440 in
3395 5386 3610 5443 Christo
3653 5388 3818 5442 unius

2225 5521 2389 5594 Deum
2419 5524 2644 5594 genitum
2657 5522 2977 5594 _pra'dica‘re.

2295 5593 2317 5628 ά
2355 5591 2626 5646 Habentur
2657 5591 2770 5644 haec
2799 5592 2961 5645 verba
2997 5609 3141 5646 verus
3173 5593 3306 5646 Deus
3345 5608 3412 5647 ex
3441 5608 3566 5657 ms.,
3597 5609 3704 5650 non
3739 5609 3819 5650 ex

2223 5662 2343 5716 edd.

2300 5747 2319 5768 ι’
2355 5731 2472 5797 Ms.,
2508 5732 2558 5783 in
2585 5746 2738 5782 carne
2769 5747 2856 5783 sua
2885 5749 2902 5797 ;
2935 5732 3082 5798 editi,
3116 5749 3271 5786 carne
3300 5748 3414 5786 sua.
