4014 6340
835 334 841 340 ς
869 336 879 344 ,
897 334 922 346 ,-
942 334 965 339 ν*
990 333 1186 345 κ’·οι*”οννέ

1255 336 1397 380 χιῖεργ

239 398 342 457 ιδε

1619 404 1944 464 EPISTOLA
1988 408 2143 466 XVII.

2352 332 2379 336 “
2419 329 2490 352 "II"
2512 328 2546 336 ’⁵⁸
2567 329 2685 359 νέω

3412 416 3518 512 £6?

238 531 488 589 personae
513 515 895 588 repudiandam
928 518 1084 575 ﬁdem
1130 520 1464 590 aliquatenus
1492 525 1821 580 aestimaret:
1852 533 1900 590 Α
1929 535 2138 590 natura,
2174 542 2278 581 una
2308 535 2390 582 est
2431 528 2550 582 Filii
2597 529 2692 583 Dei
2741 528 2866 584 Jesu
2896 528 3094 584 Christi
3115 527 3118 531 ’
3139 531 3190 584 in
3237 532 3515 603 utriusque

236 627 363 666 cum
394 609 538 668 idem
575 611 646 667 sit
674 626 810 666 unus
839 611 1004 666 Fﬂius
1032 612 1084 666 in
1117 612 1377 668 Trinitate
1404 630 1526 669 cum
1567 613 1724 671 Patre
1770 625 1826 670 et

235 718 364 757 cum
405 701 610 772 Spiritu
652 709 840 756 sancto
881 702 1126 758 Christus
1165 703 1359 766 Jesus.
1423 706 1514 774 qui
1571 706 1827 761 mundum

236 793 448 852 creavit
494 802 551 847 et
597 810 696 864 pro
746 794 903 849 nobis
943 795 1258 862 sanguinem
1315 795 1468 850 fudit.
1534 795 1828 866 Propterea

233 885 419 939 omnis
465 885 559 952 qui
599 885 651 939 in
706 885 924 939 nomine
965 883 1164 952 Patris,
1221 894 1277 940 et
1322 886 1480 950 Filii,
1538 895 1594 941 et
1651 886 1826 956 Spiri-

235 984 323 1029 tus
368 975 541 1030 sancti
571 983 908 1030 sacramento
948 983 1146 1030 sancta:
1189 977 1612 1044 regenerationis
1658 979 1830 1032 ablui-

236 1076 362 1132 tur,
409 1081 518 1119 non
572 1064 672 1118 nisi
721 1065 775 1118 in
804 1063 1002 1120 Christi
1042 1051 1216 1120 morte
1245 1081 1308 1120 ac
1334 1067 1552 1121 nomine
1590 1068 1830 1137 baptiza-

235 1164 345 1219 tur,
401 1163 458 1209 ut
487 1154 764 1209 evidenter
800 1164 1060 1224 appareat
1093 1155 1170 1210 illi
1199 1171 1298 1212 nos
1336 1147 1686 1226 eonsepultos
1713 1176 1831 1216 esse

233 1263 333 1318 per
352 1247 687 1317 baptismum
715 1248 769 1302 in
795 1256 971 1302 morte
1000 1246 1174 1317 (Rom.
1212 1265 1289 1311 vt,
1323 1247 1410 1318 4),
1442 1250 1495 1303 in
1526 1250 1681 1320 cujus
1721 1269 1830 1307 uno

233 1356 359 1395 cum
386 1339 568 1396 Patris
592 1349 648 1395 et
667 1340 898 1416 Spiritus
925 1341 1098 1394 sancti
1127 1349 1342 1396 constat
1388 1342 1606 1397 nomine
1651 1344 1830 1414 bapti-

231 1441 412 1487 zatos.
455 1431 608 1497 Quod
637 1431 864 1486 duorum
905 1447 1222 1500 magnorum
1264 1434 1632 1498 luminarium,
1684 1435 1829 1490 Petri

232 1523 446 1578 scilicet
475 1521 753 1590 Paulique,
788 1523 994 1587 verbis,
1027 1531 1280 1592 tanquam
1303 1524 1706 1594 splendentibus
1737 1541 1828 1589 ra—

232 1614 334 1666 dli:
356 1613 648 1675 illustrata,
681 1627 972 1680 eorumque
998 1613 1256 1668 decorata
1272 1614 1620 1683 corporibus,
1646 1614 1825 1670 Rona-

232 1722 321 1771 its,
345 1719 472 1767 qua:
495 1719 655 1756 unum
685 1719 926 1757 cscuuex
959 1721 1077 1770 ssr,
1112 1712 1258 1758 tenet
1297 1712 1352 1758 et
1375 1703 1536 1759 docet
1561 1703 1825 1771 Ecclesia,

232 1806 496 1864 totusque
526 1811 646 1849 cum
691 1812 755 1849 ea
783 1795 1121 1851 Christianus
1149 1797 1324 1861 orbis,
1377 1806 1432 1850 et
1468 1796 1535 1850 ad
1561 1796 1826 1864 justitiam

1931 626 2136 672 natura:
2164 620 2394 674 veritate
2422 635 2672 690 persona.

2001 728 2182 784 CAPUT
2240 746 2330 784 xit.
2360 729 2466 784 Per
2492 731 2753 786 Christum
2782 750 2885 788 non
2907 735 3068 789 solum
3098 737 3295 790 deletur
3321 739 3514 809 iniqui-

1933 829 2031 882 tas,
2071 821 2160 874 sed
2198 822 2351 874 etiam
2391 825 2718 893 cogitationis
2764 835 2958 880 sancta:
3003 829 3248 896 recipitur
3295 831 3517 900 facultas

1930 927 2085 980 quam
2114 909 2254 964 Deus
2283 913 2448 981 primo
2475 914 2671 968 homini
2697 917 2750 969 in
2787 933 2879 969 sua
2909 918 3168 970 creatione
3205 921 3513 976 contulerat.

1931 1031 2003 1040 —
2029 999 2116 1053 25.
2145 999 2233 1054 Sic
2258 1001 2493 1058 humano
2535 1005 2716 1071 generi
2753 1007 3035 1075 gratuitam
3084 1008 3309 1074 gratiam
3338 1010 3515 1064 divina

1933 1092 2145 1146 bonitas
2173 1095 2416 1158 contulit,
2469 1110 2565 1164 per
2592 1110 2752 1165 quam
2779 1097 2830 1150 in
2860 1097 3165 1152 hominibus
3194 1114 3300 1152 non
3341 1100 3514 1154 solum

1933 1185 2241 1252 prapaginis
2301 1186 2630 1255 obligatione
2684 1198 2959 1244 contracta
3009 1199 3064 1245 et
3108 1192 3240 1245 vitio
3288 1194 3516 1264 pr0pria:

1932 1271 2220 1328 voluntatis
2267 1274 2478 1341 adjecta
2526 1276 2797 1332 deleretur
2843 1280 3020 1339 omnis
3066 1280 3336 1348 iniquitas,
3388 1284 3520 1350 quin

1931 1363 2093 1414 etiam
2124 1364 2467 1431 cogitationis
2495 1376 2695 1421 sancta:
2724 1369 2918 1423 amissa
2961 1371 3166 1438 pridem
3207 1372 3259 1425 in
3297 1373 3517 1428 homie

1931 1450 2105 1518 primo
2137 1467 2230 1521 per
2259 1453 2528 1508 hominem
2556 1456 2846 1511 secundum
2894 1461 3226 1528 reciperetur
3267 1462 3513 1527 facultas,

1933 1554 1997 1592 ac
2023 1541 2100 1595 sic
2131 1542 2345 1598 homine
2377 1544 2486 1600 Deo
2529 1547 2583 1600 in
2611 1561 2772 1602 carne
2802 1549 2896 1616 (at.
2926 1558 3108 1621 carne)
3139 1568 3238 1622 pro
3284 1553 3516 1608 homini-

1932 1627 2032 1682 bus
2062 1639 2276 1686 mortuo
2305 1648 2368 1687 ac
2396 1644 2711 1704 resurgente
2743 1639 3127 1707 captivaretur,
3177 1657 3296 1712 qua:
3326 1644 3376 1696 in
3420 1661 3518 1699 no-

1932 1727 2045 1773 stro
2073 1735 2300 1792 corpore
2331 1735 2586 1793 regnante
2608 1737 2834 1798 peccato
2857 1742 3210 1787 consueverat
3230 1734 3517 1802 dominari,

1935 1809 2232 1879 captivitas,
2285 1822 2339 1867 et
2370 1815 2458 1868 ubi
2503 1817 2794 1872 abundavit
2838 1830 3117 1891 peccatum
3158 1823 3518 1895 delinquentis

230 1884 370 1955 nihil
404 1885 656 1937 haesitans
683 1884 872 1948 credit,
905 1893 960 1938 et
988 1886 1054 1939 ad
1080 1885 1310 1939 salutem
1333 1901 1440 1939 non
1467 1885 1677 1940 dubitat
1701 1902 1827 1942 con-
1855 1899 1904 1958 Β
1931 1899 2183 1966 hominis,
2232 1907 2692 1975 superabundant
2719 1884 2888 1977 gratia
2931 1884 3515 1987 Redemptoris'mom.

231 1974 400 2029 ﬁtcri.
443 1974 579 2028 Nam
609 1975 749 2027 beati
780 1973 923 2028 Petri
953 1975 1150 2031 Jutlteis
1176 1977 1370 2032 Filium
1403 1978 1497 2032 Dei
1526 1977 1823 2047 prindican—

232 2067 299 2118 tis
330 2066 451 2119 haec
477 2067 638 2118 verba
665 2075 790 2118 sunt
815 2084 827 2118 :
862 2065 1232 2121 Paenitentiam
1259 2071 1423 2139 agite,
1456 2079 1505 2122 et
1534 2069 1824 2138 baptizatur

228 2159 588 2226 unusquisque
615 2169 836 2211 vestrum
878 2160 931 2210 in
958 2160 1164 2212 nomine
1190 2158 1315 2212 Jesu
1341 2159 1534 2213 Christi
1562 2162 1616 2214 in
1645 2163 1825 2216 remis-

229 2250 438 2301 sionem
467 2257 795 2316 peccatorum
822 2248 960 2317 (Act.
996 2264 1054 2312 ιι,
1077 2247 1192 2317 58).
1226 2248 1425 2303 Beatus
1451 2265 1666 2319 quoque
1693 2249 1827 2304 Pau-

229 2336 334 2400 lus,
395 2346 455 2390 ut
499 2335 550 2388 in
581 2344 754 2390 morte
781 2333 978 2391 Christi
1028 2353 1128 2391 nos
1167 2337 1471 2407 baptizatos
1523 2339 1826 2395 ﬁrmissime

227 2425 603 2491 crederemus,
657 2427 708 2478 in
755 2442 818 2480 ea
848 2443 1006 2494 quam
1036 2427 1294 2482 Romanis
1341 2430 1529 2483 scribit
1571 2430 1823 2499 epistola,

226 2517 336 2570 hoc
359 2515 551 2570 salutis
579 2525 774 2570 nostrae
799 2517 1128 2587 mysterium,
1155 2527 1410 2588 tanquam
1434 2521 1488 2573 in
1511 2521 1825 2575 eminentis-

227 2610 370 2662 sima
401 2609 608 2662 cunctis
636 2608 700 2661 ad
722 2609 1004 2664 videndum
1023 2611 1240 2680 specula
1262 2613 1567 2679 collocavit,
1595 2614 1782 2670 dicens
1810 2636 1820 2668 :

229 2697 544 2767 Quicunque
572 2700 625 2752 in
653 2697 857 2753 Christo
889 2701 1136 2770 baptizati
1165 2720 1360 2768 sumus,
1387 2705 1443 2757 in
1472 2715 1635 2759 morte
1664 2707 1825 2776 ipsius

225 2790 490 2859 baptisati
519 2805 730 2853 sumus;
777 2791 1060 2861 consepulti
1106 2795 1244 2846 enim
1268 2810 1444 2847 sumus
1475 2811 1584 2848 cum
1616 2796 1707 2849 illo
1735 2813 1828 2866 per

223 2882 548 2952 baptismum
576 2884 627 2935 in
656 2891 870 2935 mortem
901 2893 923 2917 ιι
952 2882 1128 2951 (Rom.
1158 2901 1234 2952 vt,
1258 2886 1334 2953 5).

296 2969 394 3022 22.
440 2969 694 3038 Quisquis
722 2971 882 3038 igitur
902 2972 1034 3026 duas
1054 2989 1296 3030 asserere
1320 2977 1505 3030 nititur
1526 2977 1578 3031 in
1609 2975 1824 3033 Christo

223 3075 520 3130 personas,
540 3071 594 3115 et
614 3071 812 3126 tamen,
839 3065 1131 3120 secundum
1158 3068 1396 3135 regulam
1423 3085 1518 3123 ore
1537 3077 1698 3140 atque
1726 3072 1825 3124 im-

224 3154 390 3224 perio
420 3153 632 3208 Domini
663 3157 1034 3222 constitutam,
1084 3159 1138 3212 in
1169 3175 1274 3219 uno
1313 3176 1373 3215 se
1422 3160 1595 3216 Patris
1623 3171 1677 3218 et
1703 3162 1821 3217 Filii

223 3255 278 3299 et
307 3245 553 3313 Spiritus
578 3247 749 3300 sancti
773 3246 1104 3316 baptizatum
1133 3251 1351 3304 nomine
1377 3249 1702 3317 conﬁtetur;
1731 3263 1823 3308 aut

223 3336 638 3391 evidentissima
671 3337 1002 3408 blasphemia
1032 3355 1092 3394 se
1129 3341 1182 3394 in
1213 3350 1387 3396 morte
1415 3342 1615 3397 Christi
1645 3344 1821 3414 bapti—

219 3439 416 3484 zatum
445 3439 645 3498 neget,
698 3439 758 3484 ut
784 3416 1032 3488 inimicus
1069 3433 1382 3503 apostolica:
1425 3435 1823 3504 praedicationis

221 3530 498 3591 appareat
522 3538 536 3585 ;
567 3529 659 3574 aut
685 3522 947 3578 cultorem
975 3539 1034 3579 se
1063 3539 1170 3578 non
1195 3525 1505 3592 Trinitatis,
1539 3530 1701 3598 299
1727 3528 1824 3583 sed

181 3623 193 3633 ‘
223 3611 615 3682 quaternitatis
645 3621 918 3682 agnoscat.
962 3613 1019 3669 Si
1050 3630 1178 3671 vero
1207 3617 1484 3687 utriusque
1511 3619 1704 3673 metuit
1723 3620 1823 3674 im-

221 3702 455 3771 pietatis
483 3701 768 3771 abrnptum
789 3745 804 3769 ,
836 3712 1037 3759 rectam
1067 3706 1346 3762 catholica:
1377 3706 1499 3762 ﬁdei
1529 3716 1712 3764 teneat
1738 3717 1822 3765 to-

221 3804 283 3849 to
316 3795 491 3850 corde
514 3796 856 3862 sententiam,
883 3812 986 3852 nec
1011 3814 1071 3854 se
1099 3798 1307 3854 dubitet
1342 3800 1394 3854 in
1419 3797 1620 3856 Christi
1643 3801 1822 3873 bapti-

222 3895 415 3939 zatum
458 3898 652 3950 morte,
708 3889 760 3942 in
807 3889 960 3958 cujus
1007 3900 1090 3945 est
1135 3892 1437 3961 baptizatus
1483 3902 1539 3948 et
1582 3895 1820 3950 nomine.

224 3976 411 4031 linunt
427 3993 642 4046 quoque
661 3978 835 4034 Patris
855 3981 1040 4036 etFilii
1064 3990 1118 4037 et
1133 3983 1363 4052 Spiritus
1383 3984 1557 4040 sancti
1579 3986 1827 4040 naturale

225 4084 434 4123 nomen
468 4083 786 4138 agnoscens,
848 4089 1014 4142 seque
1043 4075 1097 4128 in
1125 4076 1268 4130 illius
1298 4086 1472 4132 morte
1503 4093 1566 4134 ac
1607 4079 1824 4134 nomine

224 4161 569 4230 baptizatum
584 4177 702 4216 esse
718 4164 1088 4233 considerans,
1099 4166 1166 4221 tle
1177 4168 1330 4236 cujus
1344 4167 1513 4223 latere
1527 4183 1828 4224 sacramen-

225 4260 342 4305 tum
370 4252 538 4306 fontis
569 4261 622 4306 et
650 4255 828 4309 calicis
845 4258 1082 4312 manavit
1100 4256 1278 4327 (Joan.
1294 4275 1407 4327 xix,
1428 4260 1518 4329 54)
1546 4261 1828 4330 pendentis

223 4344 277 4396 in
299 4357 500 4406 cruce,
529 4343 676 4397 illum
708 4361 806 4414 pro
835 4346 992 4402 nobis
1019 4350 1333 4404 cruciﬁxum
1363 4361 1640 4418 agnoscat,
1665 4367 1826 4420 quem

223 4433 323 4487 Dei
355 4433 619 4488 virtutem
648 4433 850 4504 Deique
880 4438 1199 4507 sapientiam
1229 4440 1424 4496 Paulus
1464 4451 1520 4496 et
1558 4444 1731 4498 credit
1773 4455 1831 4500 et

225 4523 516 4593 praedicat,
563 4525 788 4581 dicens:
828 4527 942 4582 Nos
972 4540 1143 4584 autem
1173 4533 1514 4599 prtedicamus
1565 4532 1827 4588 Christum

1930 2011 1980 2058 v,
2011 1995 2124 2062 21),
2149 2005 2312 2065 atque
2341 1999 2414 2052 ita
2444 2000 2679 2054 hominis
2707 2002 3008 2066 arbitrium,
3026 2005 3171 2071 quod
3191 2008 3290 2060 sub
3311 2006 3518 2062 ditione

1929 2088 2135 2156 peccati
2166 2089 2306 2143 male
2331 2090 2557 2144 liberum
2586 2091 2704 2155 fuit,
2729 2107 2870 2146 verae
2893 2095 3228 2163 salubrisque
3258 2097 3518 2152 libertatis

1928 2177 2198 2247 reciperet
2224 2178 2402 2234 denuo
2433 2189 2656 2248 statum,
2685 2184 3064 2252 pnevenientis
3088 2186 3276 2253 gratia:
3297 2202 3519 2243 munere

1929 2266 2232 2322 liberatum.
2286 2269 2362 2324 De
2386 2286 2491 2339 qua
2521 2273 2691 2339 gratia
2724 2273 2838 2340 Dei,
2871 2289 2979 2329 non
3017 2290 3122 2343 qua
3153 2277 3398 2334 homines
3424 2294 3518 2332 na-

1927 2357 2146 2417 scimur.
2177 2358 2273 2412 sed
2303 2359 2456 2428 cujus
2485 2376 2648 2430 opere
2675 2379 2773 2434 per
2797 2363 2952 2417 ﬁdem
2981 2367 3292 2422 mediatoris
3319 2369 3513 2424 vincu—

1928 2447 1992 2500 lis
2014 2449 2219 2516 peccati
2248 2449 2524 2516 originalis
2547 2461 2710 2519 atque
2733 2453 2963 2508 actualis
2984 2455 3328 2521 absolvimur,
3352 2473 3516 2526 quan-

1931 2547 2039 2591 tum
2083 2527 2366 2609 possumus
2390 2543 2665 2612 epistolari
2703 2544 2988 2610 brevitate,
3038 2555 3095 2600 ut
3123 2549 3285 2602 etiam
3335 2551 3387 2603 in
3416 2551 3518 2605 hac

1928 2629 2225 2697 quaestione
2297 2631 2704 2699 interrogationi
2789 2635 2875 2688 vel
2931 2636 3110 2706 potius
3195 2635 3516 2708 professioni

1928 2728 2119 2773 vestra:
2150 2722 2426 2791 responsio
2457 2731 2638 2776 nostra
2670 2739 2777 2778 non
2804 2725 2962 2792 desit,
2996 2727 3162 2796 ipsius
3185 2729 3369 2797 gratia:
3398 2729 3514 2784 fulti

1924 2809 2198 2878 juvamine
2228 2812 2572 2868 disseremus.
3007 2819 3009 2822 ⁴

2000 2900 2087 2954 24.
2119 2900 2372 2970 Quisquis
2403 2904 2566 2972 igitur
2592 2906 2911 2969 Christiana:
2955 2925 3229 2980 religionis
3268 2930 3373 2968 non
3405 2917 3517 2969 vult

1928 2994 2179 3059 inaniter,
2211 2997 2320 3051 imo
2349 2996 2726 3054 damnabiliter
2763 3011 2979 3070 portare
3009 3006 3348 3071 vocabulum,
3400 3024 3512 3062 crc-

1927 3084 2023 3138 dat
2052 3084 2354 3142 ﬁrmissime
2383 3089 2551 3144 Deum
2578 3100 2838 3157 nostrum,
2883 3095 2933 3147 id
2958 3103 3042 3148 est
3070 3073 3309 3151 sanctam
3341 3098 3518 3154 Trini~

1929 3185 2114 3243 tatem,
2144 3195 2262 3250 quae
2292 3197 2428 3236 unus
2454 3199 2694 3239 summus
2724 3193 2779 3238 et
2826 3201 2983 3240 verus
3012 3197 3094 3240 est
3133 3188 3292 3254 Deus,
3343 3193 3517 3262 primo

1852 3284 1896 3346 ρ
1928 3269 2150 3335 homini,
2192 3286 2352 3340 quem
2397 3273 2464 3327 ad
2494 3290 2645 3328 suam
2675 3277 2959 3345 imaginem
3002 3280 3232 3346 gratuita
3274 3281 3520 3337 bonitate

1926 3359 2127 3415 bonum
2156 3362 2300 3426 fecit,
2327 3365 2412 3419 cui
2442 3363 2755 3420 facultatem
2801 3383 3018 3438 quoque
3059 3386 3166 3425 sua:
3196 3374 3531 3443 cognitionis

1927 3468 1990 3507 ac
2029 3453 2331 3510 dilectionis
2357 3457 2601 3522 inseruit,
2650 3475 2758 3513 non
2805 3461 2980 3514 solum
3027 3461 3180 3517 bonae
3226 3466 3520 3523 voluntatis

1927 3545 2148 3611 donum,
2197 3548 2326 3615 quin
2356 3549 2521 3602 etiam
2553 3549 2621 3602 ad
2657 3550 2953 3606 habendam
3001 3557 3516 3630 custodiendamque

1921 3639 2180 3707 justitiam
2212 3642 2473 3710 integrum
2505 3658 2802 3715 sanumque
2829 3663 3042 3703 creasse
3071 3650 3332 3706 libertatis
3369 3655 3514 3710 arbi-

1927 3731 2088 3785 trium
2119 3750 2131 3785 :
2164 3741 2223 3787 ut
2247 3731 2471 3789 facultas
2501 3744 2662 3805 atque
2705 3744 2884 3792 motus
2929 3737 3108 3794 indita:
3166 3741 3426 3799 libertatis
3472 3748 3517 3802 si

1922 3821 2197 3890 juvantem
2228 3840 2286 3880 se
2328 3827 2552 3894 gratiam
2604 3827 2696 3882 Dei
2737 3845 2844 3883 non
2893 3829 3184 3898 desereret,
3237 3818 3516 3906 praemium

1930 3915 2050 3973 vitae
2077 3917 2587 3972 aeternio-tribueret
2612 3918 2702 3973 Dei
2735 3919 2950 3976 bonitas
2980 3922 3210 3988 homini;
3261 3925 3306 3978 si
3336 3934 3516 3980 autem

1922 4005 2183 4074 justitiam
2228 4007 2460 4062 divinam
2511 4017 2864 4067 contemnens
2912 4027 2945 4066 a
2989 4015 3161 4081 gratia
3208 4014 3522 4082 excidisset,

1929 4097 2243 4168 supplicium
2271 4100 2597 4155 retribueret
2636 4101 2842 4170 justitia
2889 4106 3177 4172 peccatori.
3231 4104 3462 4163 Proinde
3488 4125 3518 4162 a

1928 4187 2072 4241 bono
2096 4187 2351 4257 justeque
2380 4201 2626 4247 creatore
2654 4192 2728 4246 illi
2759 4194 2986 4260 homini,
3013 4210 3174 4265 quem
3207 4195 3260 4250 in
3289 4213 3520 4270 corpore
3613 4206 3616 4211 '

1931 4279 2144 4331 animali
2175 4278 2448 4333 conditum
2478 4280 2672 4335 ditavit
2699 4282 3064 4351 intelligentiae
3090 4299 3152 4338 ac
3168 4282 3391 4352 justitiae
3421 4286 3521 4340 do-

1929 4384 2018 4434 no,
2046 4368 2189 4436 justa
2219 4377 2301 4424 est
2330 4371 2581 4439 utrinque
2606 4379 2807 4427 statuta
2852 4373 3109 4438 conditio,
3159 4383 3217 4427 ut
3244 4376 3534 4432 scilicetsi.

1930 4458 2310 4524 obedientiam,
2341 4473 2460 4527 quae
2481 4461 2645 4528 300
2676 4461 2841 4530 prima
2872 4463 3041 4515 virtus
3071 4472 3172 4524 est,
3199 4463 3516 4529 custodiret,

1931 4561 1996 4599 ex
2027 4547 2262 4610 animali,
2312 4548 2364 4601 in
2394 4563 2499 4616 qua
2530 4557 2745 4603 creatus
2793 4559 2931 4616 erat,
2976 4551 3220 4622 corporis
3259 4553 3520 4621 qualitate

221 4621 565 4690 cruciﬁxum.
607 4621 809 4677 Judazis
839 4627 1044 4696 quidem
1093 4628 1418 4690 scandalum,
1463 4629 1696 4700 gentibus
1726 4648 1823 4682 au-
1855 4663 1906 4720 D
1930 4636 1996 4689 ad
2044 4637 2338 4706 spiritalem
2370 4638 2838 4706 immortaletnque
2885 4621 3090 4694 statum
3117 4641 3236 4694 sine
3273 4643 3520 4712 corporis

222 4721 332 4766 tem
354 4714 652 4776 stultitiam,
686 4716 814 4783 ipsis
834 4724 1005 4770 autem
1026 4719 1216 4770 vocatis
1235 4719 1435 4772 Iudicis
1459 4730 1608 4790 atque
1630 4719 1824 4774 ercis

223 4802 503 4858 Christum
527 4803 624 4858 Dei
649 4815 882 4860 virtutem
904 4815 952 4859 et
981 4806 1073 4860 Dei
1096 4809 1400 4877 sapientiam
1431 4809 1483 4881 (Ι
1507 4808 1627 4863 Cor.
1655 4827 1688 4874 ι,
1714 4810 1826 4875 ‘25).

221 4895 351 4951 Hoc
383 4905 470 4951 est
516 4910 764 4964 magnum
795 4898 1012 4966 pietatis
1039 4908 1435 4953 sacramentum
1455 4942 1471 4966 ,
1524 4917 1634 4971 quo
1680 4902 1826 4956 scili-

221 4996 318 5041 cet
345 4983 676 5054 -Unigenitus
707 4987 847 5042 Deus
877 5003 1054 5051 verus,
1089 4992 1250 5043 homo
1277 5004 1437 5045 verus
1465 4991 1718 5059 dignatus
1747 5000 1830 5045 est

224 5077 377 5141 ﬁeri,
418 5085 474 5130 et
501 5086 734 5132 internus
779 5078 1150 5148 temporaliter
1178 5081 1344 5144 nasci,
1389 5089 1444 5134 et
1486 5081 1830 5151 impassibilis

223 5167 368 5234 pati,
421 5175 478 5220 et
519 5168 1080 5237 incomprehensibilis
1109 5169 1374 5236 cruciligi,
1426 5179 1480 5224 et
1510 5171 1830 5226 immortalis

225 5259 399 5321 mori,
434 5267 489 5312 et
518 5260 811 5316 immensus
851 5276 956 5315 non
985 5261 1162 5315 solum
1193 5261 1447 5329 prmsepis
1475 5278 1598 5316 cum
1637 5277 1826 5316 nascc-

225 5360 411 5416 retur,
459 5366 642 5406 verum
673 5353 838 5406 etiam
865 5352 1097 5421 sepulcri
1128 5367 1249 5407 cum
1280 5361 1599 5417 moreretur,
1653 5354 1829 5423 parvi-

223 5452 352 5496 tate
380 5442 644 5497 concludi.
700 5443 829 5510 Qme
854 5446 1034 5499 omnia
1077 5444 1371 5500 secundum
1401 5445 1682 5498 veritatem
1713 5461 1828 5499 car-

223 5539 316 5591 nis
347 5553 480 5590 vera
501 5546 627 5592 sunt
652 5538 703 5591 in
735 5539 826 5591 Dei
851 5538 986 5593 Filio
1011 5582 1028 5602 ,
1052 5541 1176 5606 quia
1201 5547 1454 5593 manente
1479 5539 1532 5592 in
1554 5553 1620 5593 eo
1642 5540 1830 5594 incon-

227 5629 526 5684 fusihiliter
579 5640 742 5700 atque
792 5631 1226 5701 inseparabiliter
1269 5632 1500 5686 humana
1545 5631 1829 5700 divinaque

309 5811 331 5837 ⁸
369 5802 459 5858 Sic
494 5822 592 5860 ms.
625 5806 774 5876 juxta
818 5815 1023 5862 textum
1069 5809 1351 5879 Apostoli;
1399 5807 1522 5864 edd.
1575 5823 1725 5871 vero,
1770 5809 1822 5861 in

229 5883 422 5928 πωιίε.

1931 4733 2105 4779 morte
2145 4727 2292 4794 (quia
2333 4727 2448 4781 sine
2477 4727 2670 4781 animae
2702 4728 3004 4797 iniquitate)
3045 4731 3322 4795 transiret;
3365 4747 3520 4788 acce—

1933 4816 2202 4885 pissetque
2240 4816 2420 4870 divino
2450 4831 2691 4882 munere,
2725 4818 2766 4871 si
2799 4830 3068 4892 praecepta
3098 4831 3384 4886 servasset,
3412 4839 3520 4879 non

1931 4896 2102 4950 solum
2150 4895 2443 4964 perfectam
2474 4905 2637 4964 atque
2687 4898 3089 4953 inamissibiletn
3131 4902 3374 4973 corporis
3421 4903 3520 4957 im-

1935 4988 2345 5049 mortalitatem,
2406 5002 2590 5042 verum
2637 4990 2796 5043 etiam
2849 4991 2902 5044 in
2955 4993 3132 5046 anima
3186 4994 3346 5047 talem
3406 5009 3521 5061 gra~

1934 5082 2062 5135 tiam
2111 5089 2292 5136 sancte
2327 5081 2588 5153 justeque»
2611 5083 2840 5148 vivendi,
2894 5091 2954 5137 ut
2998 5101 3222 5156 peccare
3263 5087 3521 5160 deinceps

1935 5176 2158 5229 omnino
2190 5191 2297 5229 non
2335 5185 2539 5246 posset,
2589 5177 2633 5230 si
2664 5187 3052 5245 nonpeccaret
3091 5179 3263 5233 donec
3296 5193 3522 5252 peccare

1935 5269 2216 5338 potuisset.

2005 5357 2094 5412 25.
2124 5358 2350 5413 Crealus
2397 5375 2526 5427 ergo
2569 5363 2764 5431 primus
2807 5361 2956 5415 homo
3003 5363 3065 5416 de
3106 5371 3245 5416 terra
3290 5374 3521 5418 terrenus

1935 5447 1990 5517 (Ι
2015 5449 2132 5502 Cor.
2162 5465 2249 5512 xv,
2284 5448 2396 5519 47),
2428 5451 2638 5520 accepit
2684 5450 2902 5518 quidem
2950 5453 3174 5517 gratiam
3205 5467 3306 5521 qua
3339 5462 3521 5524 posset

1936 5555 2041 5594 non
2067 5555 2314 5612 peccare,
2347 5539 2374 5578 ι)
2399 5541 2443 5594 si
2476 5542 2669 5604 vellet;
2720 5540 2955 5596 nondum
2986 5549 3165 5597 tamen
3198 5551 3519 5602 tantam‘ac-

1935 5639 2151 5699 ceperat
2180 5630 2426 5697 gratiam,
2459 5646 2563 5700 qua
2589 5648 2688 5687 nec
2717 5647 2943 5702 peccare
2976 5633 3136 5688 vellet
3158 5637 3393 5698 omnino,
3423 5652 3521 5690 nec

2004 5805 2030 5844 δ
2064 5804 2314 5931 Sicums.;
2349 5818 2399 5864 at
2432 5809 2574 5877 c’dd.,
2608 5828 2707 5880 qua
2737 5828 2834 5866 non
2866 5823 3036 5884 posset
3065 5829 3296 5880 peccare,
3330 5827 3375 5863 st
3396 5826 3517 5878 pec-

2004 5893 2137 5931 reno
2183 5889 2252 5931 et.
2830 5901 2834 5905 '

1935 5891 2050 5930 care
2072 5889 2252 5936 ηοιιςοι.
2830 5901 2834 5905 ’
