4014 6340
514 323 618 378 467

1549 312 1605 367 S.
1646 306 2006 390 FULGENTII
2046 304 2346 362 EPISCOPI
2385 302 2755 362 RUSPENSIS

3663 299 3769 354 £68

502 442 701 508 posset
739 452 751 486 :
786 439 846 489 ut
888 431 1096 489 scilicet
1136 445 1166 485 a
1204 430 1347 485 bono
1394 426 1646 507 justeque
1695 421 1925 508 Domino
1965 426 2097 508 post
2127 422 2170 479 Α
2203 416 2376 473 Homo
2410 427 2563 473 natus
2596 419 2661 472 de
2684 417 2896 472 muliere
2936 414 3098 471 brevis
3128 416 3266 481 vitta,
3295 415 3474 486 plenus
3502 415 3595 469 ira:
3634 416 3772 484 (Job.

514 502 661 582 esset
693 521 824 578 illud
849 533 1072 576 munere
1100 506 1456 586 largiendum,
1486 512 1533 566 si
1566 502 1876 565 voluntarie
1903 504 2095 561 fui‘sset

516 619 625 673 hoc
653 632 685 671 a
708 630 868 671 servo
896 613 1042 683 prius
1068 610 1123 664 in
1150 622 1313 678 opere
1335 603 1682 660 custoditum.
1705 600 1860 669 Quod
1888 599 1935 655 si
1954 599 2097 653 bono

514 685 771 775 justeque
797 699 1121 770 neglexisset
1147 696 1370 751 obedire
1398 692 1671 757 mandato,
1704 697 1825 762 post
1867 696 2096 744 mortem

498 798 711 853 animae
735 808 894 864 quam
923 787 1284 859 delinquendo
1312 786 1428 855 ipse
1470 784 1570 840 sibi
1590 782 1785 841 noxius
1811 779 2095 843 intulisset,

519 890 682 944 etiam
712 900 808 957 per
847 881 1093 953 corporis
1119 886 1351 935 mortem
1389 876 1512 932 vita:
1539 871 1817 946 praesentis
1843 870 2102 926 multare-

520 986 607 1029 tur
627 974 719 1043 (al.
746 970 1067 1041 mutaretur)
1085 965 1463 1031 incommodo;
1491 979 1595 1021 nec
1624 972 1810 1019 tenere
1836 962 2103 1017 sineretur

514 1066 713 1135 jugiter
742 1065 797 1119 in
820 1078 981 1119 carne
1007 1061 1215 1132 peccati
1255 1058 1614 1117 damnabilem
1669 1056 1831 1111 vitam
1877 1053 1968 1122 qui
2004 1067 2104 1106 no-

516 1157 703 1213 luisset
732 1157 787 1211 in
815 1154 979 1211 corde
998 1167 1214 1209 servare
1232 1150 1525 1220 justitiam;
1548 1155 1800 1215 essetque
1821 1143 2103 1216 pmnaliter

519 1247 681 1304 etiam
711 1259 986 1316 corporetn
1024 1243 1217 1315 mortis
1244 1241 1495 1312 deinceps
1523 1236 1847 1295 necessitate
1874 1234 2101 1290 constri-

519 1347 659 1401 ctus,
680 1338 795 1407 qui,
826 1335 1215 1393 contumaciter
1238 1332 1477 1388 salubria
1500 1331 1649 1399 jussa
1681 1325 2100 1396 transgrediens,

519 1429 749 1502 spiritali
792 1427 951 1481 morti
994 1432 1187 1494 sponte
1233 1423 1423 1479 luisset
1468 1420 1753 1476 obnoxius.
1804 1416 1915 1471 Nisi
1959 1415 2104 1471 enim

431 1588 441 1599 ί
521 1518 883 1589 praecessisset
912 1516 966 1570 in
995 1521 1221 1585 peccato
1253 1528 1397 1567 mors
1434 1511 1644 1573 animae,
1685 1520 1957 1574 nunquam
1985 1520 2107 1558 cor-

520 1612 671 1683 poris
698 1626 844 1665 mors
884 1609 937 1663 in
984 1604 1245 1679 supplicio
1275 1611 1612 1671 sequeretur.
1663 1600 1779 1654 lloc
1811 1595 2104 1669 apostolica

521 1701 692 1759 docet.
723 1697 1018 1755 auctoritas
1045 1708 1164 1762 quae
1211 1693 1288 1746 ait
1320 1690 1554 1763 :Corpus
1600 1690 1801 1761 quidem
1847 1694 2104 1741 mortuum

2198 525 2307 573 xw,
2337 509 2390 577 i)
2426 528 2439 563 :
2471 523 2593 579 qua)
2620 508 2688 563 ad
2731 508 3022 563 secundam
3059 520 3276 576 quoque
3317 513 3547 560 mortem
3593 512 3777 559 natum

2196 600 2499 655 mortaliter
2549 600 2806 664 traheret,
2854 598 2900 653 si
2947 611 3107 666 quem
3156 596 3389 651 alienum
3417 610 3448 649 a
3489 596 3665 663 gratia
3688 595 3780 652 Dei

2190 690 2556 764 redemptoris
2581 690 2705 745 vitae
2732 689 2892 758 hujus
2918 687 3237 742 miserabilis
3263 686 3442 741 obitus
3462 685 3742 740 inveniret.

2269 779 2362 834 27.
2395 779 2465 835 Ut
2508 793 2637 849 ergo
2678 778 2887 851 peccati
2933 776 3211 847 originalis
3254 775 3496 841 vinculo,
3540 790 3647 843 quo
3686 790 3778 846 per

2201 870 2474 925 hominem
2519 868 2751 940 primum
2802 866 3121 922 tenebamur
3162 863 3440 927 obstricti,
3484 863 3780 918 miserantis

2200 959 2296 1015 Dei
2323 959 2495 1028 gratia
2541 959 2899 1021 solveremur,
2939 973 3072 1011 unus
3100 956 3304 1011 exstitit
3329 954 3586 1015 mediator
3615 951 3711 1006 Dei
3730 963 3777 1006 et

2202 1048 2484 1111 hominum,
2535 1046 2685 1115 homo
2714 1043 2951 1099 Christus
2991 1042 3145 1098 Jesus
3183 1041 3238 1114 (I
3272 1041 3409 1096 Tim.
3442 1056 3500 1107 tt,
3530 1039 3611 1111 5).
3657 1039 3781 1094 Nam

2202 1138 2329 1207 quia
2358 1136 2500 1190 Deus
2546 1133 2866 1191 immortalis
2905 1142 2963 1187 et
2984 1132 3166 1203 justus
3205 1139 3307 1194 est,
3339 1146 3441 1186 nos
3466 1137 3651 1183 autem
3689 1129 3781 1183 ini-

2203 1242 2342 1295 quos
2368 1235 2426 1281 et
2453 1225 2713 1280 mortales
2745 1224 2905 1296 primi
2928 1224 3160 1279 hominis
3187 1220 3544 1289 transgressio
3573 1220 3781 1285 iecerat,

2206 1326 2267 1374 ut
2292 1330 2529 1385 congrua
2571 1316 2769 1371 nostris
2808 1314 3161 1373 adhiberetur,
3200 1312 3410 1368 medela
3449 1311 3777 1376 vulneribus,

2207 1416 2365 1464 natus
2390 1416 2475 1462 est
2496 1408 2571 1462 'de
2598 1406 2816 1462 homine
2865 1405 3026 1460 homo
3059 1402 3374 1473 Unigenitus
3401 1401 3569 1463 Deus,
3609 1400 3698 1471 qui
3721 1400 3783 1455 de

2210 1498 2371 1551 Patre
2399 1505 2557 1551 natus
2587 1503 2674 1550 est
2701 1493 3021 1550 immortalis
3046 1502 3103 1547 et
3126 1492 3320 1561 justus.
3354 1489 3453 1545 llic
3483 1490 3544 1544 in
3568 1489 3784 1544 humana

2208 1596 2422 1656 natura,
2455 1587 2508 1642 in
2531 1602 2638 1657 qua
2666 1585 2935 1641 mediator
2957 1583 3051 1639 Dei
3080 1593 3136 1639 et
3163 1583 3439 1639 hominum
3480 1581 3657 1637 factus
3692 1590 3784 1647 est,

2208 1681 2471 1750 justitiam
2504 1679 2693 1735 habuit
2720 1694 2791 1734 ex
2810 1676 2993 1742 Patre,
3022 1690 3252 1732 mortem
3281 1690 3349 1728 ex
3377 1682 3591 1738 matre;
3623 1680 3677 1727 ut
3702 1687 3786 1743 per

521 1799 598 1846 est
626 1799 835 1861 propter
858 1782 1317 1857 peccatum(Rom.
1348 1799 1458 1849 vui,
1490 1782 1599 1853 10).
1618 1780 1744 1852 Ideo
1767 1787 1889 1849 post
1913 1792 2105 1847 pecca-
2136 1779 2184 1838 B
2212 1774 2386 1842 ipsum
2429 1770 2780 1861 liberaremur
2826 1768 2895 1822 ab
2923 1767 3069 1822 omni
3115 1774 3358 1837 peccato,
3398 1764 3491 1833 qui
3521 1770 3784 1832 pecczttutn

524 1894 637 1939 tum
671 1881 969 1937 voluntaria
1025 1876 1466 1948 praevaricatione
1504 1871 1849 1928 commissum
1888 1875 2109 1924 senten-

524 1976 656 2029 tiam
695 1971 790 2026 Dei
817 1969 1086 2043 punientis
1111 1968 1218 2022 hoc
1246 1965 1432 2021 audire
1471 1962 1668 2017 meruit
1693 1972 1943 2015 sermone
1984 1972 2112 2026 pec-

526 2071 717 2121 cator:
750 2060 910 2114 Terra
946 2076 1031 2124 es,
1082 2066 1131 2111 et
1176 2057 1229 2110 iu
1261 2064 1452 2109 terram
1493 2050 1589 2106 ibis
1637 2048 1846 2121 (Grues.
1890 2046 2107 2117 111,19).

527 2154 704 2211 Homo
732 2151 891 2221 igitur
935 2150 990 2205 in
1019 2156 1215 2203 terram
1244 2160 1407 2200 carne
1434 2160 1544 2200 non
1586 2143 1707 2208 iret,
1739 2141 1785 2196 si
1818 2148 1960 2195 terra
1986 2153 2113 2209 pec-

526 2242 701 2301 cando
728 2220 835 2297 non
865 2239 1038 2295 ﬁeret.
1190 2304 1197 2307 ν
2050 2220 2055 2225 ’

598 2331 781 2388 CAPUT
811 2345 927 2385 xm;
970 2326 1143 2383 Homo
1190 2343 1280 2397 per
1326 2333 1589 2393 peccatum
1632 2321 1931 2392 facultatem
1969 2319 2117 2373 bona:

530 2410 861 2492 cogitationis
905 2425 955 2470 et
990 2416 1140 2471 bona:
1167 2413 1445 2468 voluntatis
1480 2411 1676 2464 amisit.
1708 2406 1925 2462 Initium
1966 2407 2114 2463 bona:

530 2507 810 2579 voluntatis
855 2522 958 2559 non
990 2505 1087 2558 nisi
1123 2521 1157 2556 ιι
1188 2502 1292 2557 Deo
1329 2509 1423 2555 est.
1454 2532 1527 2542 —
1551 2497 1641 2553 26.
1675 2498 1914 2553 Peccans
1934 2497 2117 2565 itaque

531 2600 625 2654 ille
665 2598 754 2670 qui
784 2597 899 2652 sine
925 2595 1182 2668 peccandi
1212 2592 1533 2648 necessitate
1577 2598 1794 2645 creatus
1823 2596 1924 2652 est,
1975 2587 2029 2642 in
2052 2602 2120 2642 eo

533 2689 681 2760 quod
707 2689 900 2744 animae
938 2686 1223 2741 sanitatem
1270 2680 1632 2751 delinquendo
1672 2678 1925 2751 perdidit,
1956 2679 2120 2735 etiam

535 2780 630 2834 illa
656 2776 927 2848 cogitandi
951 2792 1069 2847 quae
1092 2776 1158 2829 ad
1181 2774 1347 2829 Deum
1378 2772 1651 2842 pertinent
1674 2769 1852 2824 amisit
1875 2769 2122 2838 protinus

535 2868 868 2925 facultatem.
896 2866 1104 2920 Oblitus
1124 2872 1208 2919 est
1234 2863 1376 2917 enim
1406 2860 1730 2915 manducare
1756 2873 1948 2928 panem
1968 2872 2123 2913 suum

540 2957 715 3028 (Psal.
741 2972 812 3020 c1,
843 2953 896 3023 5)
935 2963 990 3008 et
1014 2943 1348 3024 exspoliatus
1373 2950 1694 3004 vestimento
1740 2947 1883 3012 tidei,
1928 2962 2123 3002 carna-

538 3049 779 3116 liumque
802 3044 1358 3117 concupiscentiarum
1388 3041 1698 3095 vulneribus
1725 3040 2015 3105 sauciatus,
2048 3038 2127 3095 sic

2210 1877 2313 1917 nec
2340 1860 2611 1917 nascendo
2638 1874 2740 1915 nec
2766 1858 2998 1914 vivendo
3023 1856 3316 1927 contraxit,
3338 1864 3395 1910 et
3421 1855 3491 1909 ab
3518 1854 3638 1924 ipso
3662 1853 3789 1908 acci-

2211 1969 2462 2025 peremus
2484 1953 2766 2024 justitiam,
2796 1966 2896 2023 per
2922 1965 3083 2020 quam
3110 1950 3301 2005 mortis
3327 1956 3551 2003 aeterna:
3594 1946 3787 2001 vinculo

2212 2047 2567 2113 solveremur,
2595 2050 2657 2098 ut
2675 2057 2775 2112 per
2799 2056 2923 2098 eum
2953 2049 3010 2096 et
3051 2041 3105 2094 in
3135 2040 3236 2094 hac
3262 2039 3372 2093 vita
3396 2038 3557 2107 justi,
3605 2046 3657 2091 et
3681 2044 3789 2106 post

2214 2142 2354 2196 hanc
2374 2139 2538 2194 vitam
2569 2136 2903 2193 immortales
2930 2150 3049 2192 esse
3078 2148 3377 2205 possemus.
3418 2132 3539 2201 lpse
3569 2130 3718 2199 igitur
3739 2129 3788 2183 in

2215 2230 2565 2288 similitudine
2592 2228 2770 2285 carnis
2795 2228 3000 2299 peccati
3028 2224 3369 2289 mirabiliter,
3407 2236 3537 2293 quia
3563 2220 3783 2290 singula-

2216 2326 2370 2388 riter,
2412 2329 2590 2386 natus,
2643 2320 2789 2376 solus
2827 2328 2911 2374 est
2940 2317 3208 2373 masculus
3252 2314 3579 2385 adaperieus
3598 2312 3790 2367 vulvam

2218 2414 2310 2484 qui
2359 2413 2413 2467 in
2442 2412 2670 2467 veritate
2717 2417 2933 2465 sanctus
2979 2407 3205 2463 Domino
3242 2414 3555 2460 vocaretur.
3589 2401 3791 2456 Vulvant

2218 2505 2416 2574 quippe
2444 2502 2633 2557 matris
2679 2500 2796 2571 ejus
2839 2514 2949 2555 non
2986 2494 3425 2568 concupiscentia
3461 2493 3637 2548 mariti
3676 2504 3789 2546 cou-

2221 2593 2544 2657 cumbentis,
2575 2593 2671 2648 sed
2696 2588 3091 2662 omnipotentia
3118 2587 3235 2643 Filii
3281 2585 3552 2641 nascentis
3580 2582 3791 2653 aperuit.

2221 2688 2349 2742 Ideo
2375 2686 2524 2742 solus
2549 2692 2633 2740 est
2662 2685 2715 2739 in
2743 2699 2852 2754 quo
2879 2682 3129 2752 princeps
3170 2679 3352 2734 tuuudi
3394 2677 3550 2746 hujus
3591 2674 3791 2732 veniens

2226 2779 2354 2834 nihil
2384 2778 2606 2843 invenit,
2639 2776 2786 2831 solus
2810 2775 2974 2830 homo
2997 2774 3109 2827 sine
3136 2771 3400 2843 adjutorio
3429 2771 3555 2823 inter
3581 2776 3789 2822 mortuos

2223 2871 2352 2925 liber
2381 2868 2561 2942 (Joau.
2594 2883 2703 2933 xtv,
2730 2866 2843 2937 50),
2889 2865 3038 2921 solus
3064 2865 3148 2937 qui
3178 2879 3280 2917 nou
3311 2868 3792 2931 noverat‘peccatuut

2228 2959 2401 3031 (Psal.
2427 2974 2666 3023 Lxxxvu,
2698 2957 2788 3029 5);
2831 2965 2887 3012 et
2914 2956 2984 3013 ob
3014 2956 3119 3011 hoc
3163 2953 3361 3009 sul'licit
3407 2961 3467 3007 ut
3512 2953 3616 3022 pr‘o
3660 2950 3797 3006 nobis

2226 3057 2508 3120 peccatum
2539 3048 2710 3113 tierct,
2761 3047 2812 3103 id
2841 3055 2926 3102 est
2969 3040 3291 3101 sacriﬁcium
3319 3058 3425 3112 pro
3464 3042 3711 3113 peccatis.
3748 3048 3797 3093 at

537 3139 709 3210 jacuit
753 3152 1041 3210 Oppressus
1069 3135 1275 3190 ditione
1321 3133 1550 3204 peccati,
1594 3141 1651 3186 ut
1690 3131 1997 3188 nullatenus
2024 3132 2121 3185 ali-

2233 3159 2325 3196 uos
2356 3158 2582 3196 essemus
2602 3141 2810 3213 justitia
2835 3138 2930 3194 Dei
2955 3140 3008 3193 iu
3039 3137 3151 3209 ipso
3181 3134 3269 3208 (ΙΙ
3289 3135 3409 3190 Cor.
3440 3152 3492 3198 ι’,
3523 3133 3637 3202 Si).
3661 3131 3800 3188 Solus

540 3229 688 3301 quod
717 3230 872 3284 bona:
910 3227 1204 3283 voluntatis
1230 3225 1439 3280 initium
1481 3224 1677 3279 habere
1702 3224 1986 3295 potuisset,
2027 3225 2128 3279 nisi

522 3322 649 3381 (hoc
671 3319 784 3374 Deo
812 3319 976 3389 gratis
1021 3317 1255 3373 donante
1300 3313 1638 3387 sumpsisset.
1688 3314 1887 3370 Servus
1931 3314 2130 3386 quippe

541 3411 717 3465 factus
738 3409 964 3483 peccati,
997 3407 1134 3487 liber
1155 3405 1325 3462 factus
1347 3415 1430 3462 est
1454 3407 1677 3476 justitiae
1707 3405 1882 3478 (Rom.
1908 3423 1978 3472 vr,
2005 3405 2127 3476 18);

543 3508 601 3557 et
617 3498 741 3556 ideo
758 3499 1006 3570 ajustitia
1028 3497 1201 3553 factus
1213 3508 1295 3555 est
1310 3498 1536 3561 alienus,
1549 3496 1673 3567 quia
1693 3497 1787 3566 (at.
1803 3496 1915 3565 qui)
1933 3505 2129 3569 sponte

543 3591 785 3647 dominio
806 3596 889 3645 est
916 3587 1214 3658 iniquitatis
1236 3586 1498 3642 addictus.
1520 3586 1867 3640 Venundatus
1880 3599 2009 3654 ergo
2032 3587 2132 3642 sub

543 3688 789 3752 peccato,
828 3686 1075 3734 cunctam
1108 3676 1159 3731 in
1186 3691 1245 3732 se
1286 3676 1494 3745 prolem
1522 3677 1591 3730 de
1629 3675 1807 3730 carnis
1843 3676 2132 3739 concubitu

544 3775 868 3830 nascituram
924 3771 1152 3825 nexibus
1190 3767 1480 3823 mortifera:
1507 3767 1782 3822 servitutis
1824 3766 2131 3822 obstrinxit.

548 3864 701 3932 Quod
725 3864 914 3919 beatus
942 3861 1138 3935 Paulus
1181 3858 1461 3915 evidenter
1503 3859 1587 3915 his
1633 3859 1812 3914 verbis
1855 3858 2130 3914 insinuat:

549 3958 656 4012 Per
681 3952 842 4009 unum
870 3954 1127 4008 hominem
1158 3944 1421 4022 peccatum
1446 3952 1499 4004 in
1529 3952 1662 4003 Imuc
1687 3950 1935 4004 mundum
1964 3951 2133 4004 intra.

546 4048 638 4112 vit,
669 4056 718 4100 et
755 4062 846 4115 per
874 4053 1137 4114 peccatum
1173 4057 1332 4103 mors,
1380 4049 1429 4094 et
1471 4040 1544 4092 ita
1589 4039 1641 4092 iu
1686 4055 1863 4093 onmes
1904 4039 2135 4093 homines

550 4153 690 4192 mors
727 4135 1048 4203 pertransiit,
1083 4134 1135 4186 in
1177 4148 1273 4204 quo
1303 4146 1477 4184 omnes
1518 4136 1850 4199 peccaverunt
1880 4127 2057 4199 (Rom.
2081 4144 2132 4195 v,

510 4232 514 4237 ’
552 4225 666 4297 12).
720 4224 833 4279 Hoc
863 4224 916 4278 in
959 4223 1051 4278 illo
1081 4222 1172 4291 qui
1212 4220 1415 4293 primus
1462 4218 1635 4274 factus
1678 4227 1763 4273 est
1797 4227 1949 4290 patre
1991 4219 2138 4274 orbis

508 4302 529 4389 pi
553 4327 821 4372 terrarum
858 4302 1099 4369 universi
1122 4311 1459 4385 pertulimus,
1505 4310 1558 4365 in
1587 4324 1697 4378 quo
1725 4323 1913 4365 omnes
1943 4322 2135 4377 peccar

552 4414 746 4463 verunt
773 4416 1057 4475 antequam
1090 4403 1202 4457 uati
1224 4411 1422 4467 essent,
1448 4400 1539 4470 qui
1562 4415 1657 4469 per
1675 4400 1884 4467 seipsos
1912 4414 2137 4471 peccare

2232 3234 2382 3305 panis
2409 3234 2494 3304 qui
2515 3233 2582 3287 de
2602 3232 2726 3288 mlo
2755 3231 3035 3296 descendit,
3054 3240 3103 3285 et
3131 3229 3220 3283 dat
3238 3230 3391 3283 vitam
3421 3227 3617 3281 mundo
3638 3225 3796 3294 (Joau.

2232 3340 2305 3389 vt,
2338 3322 2430 3393 55)
2463 3341 2476 3376 :
2520 3323 2676 3393 panis
2703 3332 2881 3377 autem
2927 3336 3087 3391 quem
3131 3320 3249 3386 dat,
3288 3333 3414 3375 cato
3450 3316 3570 3386 ejus
3615 3325 3691 3371 est
3716 3330 3800 3384 pro

2232 3415 2415 3471 mundi
2444 3414 2554 3470 vita
2583 3412 2769 3483 (Ibid.,
2801 3412 2927 3483 59.):
2980 3426 3109 3468 caro
3147 3410 3333 3479 utique
3373 3407 3504 3478 justi
3534 3416 3693 3477 atque
3718 3406 3802 3458 im-

2229 3503 2475 3560 mortalis
2502 3503 2619 3568 Dei,
2663 3501 2813 3571 cujus
2868 3511 3182 3571 acceptione
3205 3498 3410 3568 justitia
3458 3505 3624 3567 atque
3662 3496 3755 3549 vita
3779 3505 3800 3529 ι

2233 3595 2509 3651 confertur
2537 3593 2611 3648 illi
2632 3594 2778 3648 carni
2808 3608 2927 3664 qua:
2966 3591 3205 3646 nascitur
3221 3604 3342 3645 eum
3373 3603 3531 3661 poma
3560 3586 3737 3643 mortis
3755 3593 3804 3640 ct

2235 3686 2534 3758 pollutione
2561 3685 2786 3756 peccati.

2305 3775 2488 3831 Carur
2520 3791 2623 3831 xlv.
2658 3773 2744 3829 Ea:
2766 3784 2976 3844 peccato
3003 3773 3158 3844 primi
3187 3773 3412 3827 hominis
3430 3787 3635 3841 ptrtumt
3660 3767 3804 3822 trahi-
3870 3800 3877 3807 ·

2236 3886 2348 3924 mus
2373 3880 2422 3922 et
2445 3870 2675 3939 culpant.
2701 3866 3002 3940 Quicunque
3024 3883 3240 3939 regnum
3261 3865 3359 3920 Dei
3388 3882 3493 3920 nou
3514 3864 3803 3936 ingreditur,

2237 3961 2401 4029 prauis
2441 3959 2646 4013 internis
2672 3959 2949 4012 cruciatur.
2974 3987 3046 3999 —
3072 3956 3163 4014 28.
3192 3955 3249 4012 Si
3295 3956 3387 4025 qui
3424 3968 3557 4023 ergo
3596 3961 3803 4008 mortem

2197 4049 2408 4103 -solam
2472 4054 2530 4103 et
2591 4063 2697 4102 non
2745 4048 2907 4103 etiam
2951 4056 3231 4119 peccatum
3281 4062 3347 4103 ex
3394 4046 3618 4102 homine
3654 4044 3813 4115 primo-

2241 4138 2513 4195 transiisse
2538 4139 2590 4193 in
2618 4153 2786 4208 genus
2814 4140 3107 4195 humanum
3143 4139 3386 4195 nituntur
3413 4152 3679 4201 asserere,
3720 4134 3797 4188 uti

2241 4244 2359 4284 rmn
2388 4227 2435 4282 si
2464 4242 2569 4282 non
2612 4227 2915 4296 intelligunt
2941 4229 3139 4299 quibus
3163 4227 3445 4285 sententia:
3480 4240 3598 4281 sum
3627 4220 3808 4294 laqueis

2240 4318 2567 4386 obligentur.
2598 4316 2799 4383 Primo,
2824 4318 2950 4387 quia
2978 4318 3145 4373 Deum
3166 4317 3352 4374 dicunt
3373 4316 3660 4385 injustum,
3687 4314 3735 4368 in
3751 4326 3809 4366 eo

2193 4470 2201 4477 _
2239 4412 2384 4480 quod
2412 4408 2551 4463 mori
2581 4408 2742 4463 faciat
2766 4409 3037 4479 parvulos,
3069 4424 3205 4478 quos
3232 4409 3376 4464 nulla
3397 4407 3591 4462 volunt
3612 4406 3693 4461 isti
3712 4403 3807 4459 ori~

553 4515 662 4557 non
688 4503 997 4570 potuerunt.
1022 4493 1158 4550 Hinc
1185 4492 1383 4548 factum
1414 4497 1576 4547 est.ut
1600 4490 1711 4559 jam
1736 4488 1875 4573 ﬁlios
1902 4491 1993 4545 ira:
2014 4506 2140 4561 pro-
2169 4514 2221 4573 ι)
2243 4499 2434 4568 ginalis
2461 4499 2669 4569 peccati
2696 4500 3018 4567 contagione
3056 4501 3310 4570 pollutos,
3358 4513 3610 4569 quosque
3658 4493 3808 4550 mani-

552 4595 773 4662 pagaret
801 4601 977 4641 massa
1006 4584 1278 4647 damnata,
1302 4596 1425 4661 quae
1452 4583 1505 4637 in
1534 4582 1674 4636 illius
1704 4582 1933 4636 hominis
1959 4591 2140 4652 poste-

555 4695 646 4735 ros
701 4686 757 4732 et
800 4676 1139 4754 iniquitatem
1169 4673 1326 4729 simul
1358 4670 1642 4727 transfudit
1684 4680 1740 4726 et
1784 4681 2036 4741 mortem,
2081 4684 2141 4729 ut

556 4774 736 4831 cunnis
763 4772 854 4842 qui
882 4787 979 4843 per
1005 4771 1177 4840 legem
1206 4769 1413 4840 peccati
1445 4771 1628 4839 (quam
1657 4776 1864 4824 certum
1892 4776 1975 4824 est
1994 4784 2141 4826 mor-

558 4864 754 4919 talibus
776 4854 956 4932 usque‘
973 4861 1040 4916 ad
1071 4869 1300 4917 mortem
1345 4861 1524 4915 inesse
1551 4861 1890 4930 corporibus)
1920 4859 1989 4916 de
2012 4875 2139 4930 pec-

555 4953 758 5011 catoris
782 4954 988 5008 semine
1015 4952 1320 5007 nasciturus
1346 4951 1405 5005 in
1430 4952 1549 5022 ipso
1584 4952 1953 5022 conceptionis
1980 4967 2140 5010 exor-

558 5044 650 5099 dio
696 5045 854 5114 301
909 5043 1211 5113 excepisset
1259 5041 1471 5112 peccati
1516 5041 1805 5112 parentalis
1853 5043 2137 5104 maculam,

559 5134 757 5192 exinde
785 5134 884 5188 sub
925 5137 1053 5201 jugo
1083 5133 1229 5201 gravi
1277 5131 1422 5203 quod
1452 5140 1535 5186 est
1579 5148 1732 5202 super
1758 5132 1897 5201 ﬁlios
1917 5130 2085 5184 Adam
2109 5149 2143 5184 η

562 5226 647 5279 die
674 5225 841 5278 exitus
869 5223 931 5276 de
959 5233 1130 5277 ventre
1158 5223 1341 5276 matris
1385 5239 1582 5286 eorum,
1616 5238 1773 5294 usque
1801 5223 1855 5275 in
1885 5222 2021 5275 diem
2058 5239 2141 5276 se~

562 5317 783 5385 pulturte
825 5314 874 5367 in
922 5322 1137 5366 matrem
1177 5314 1406 5367 omnium
1439 5311 1626 5383 (Eecli.
1659 5328 1747 5376 λι..
1781 5312 1856 5380 i),
1885 5312 2146 5367 ducturus

566 5414 711 5461 esset
736 5419 1090 5461 mrumnosam
1122 5403 1403 5460 infeliciter
1431 5404 1614 5470 vitam,
1645 5403 1890 5458 brevitati
1919 5403 2141 5465 scilicet,

566 5504 812 5564 peccato,
859 5495 1128 5564 mortique
1166 5493 1481 5564 subjectam.
1535 5494 1806 5563 Scriptum
1850 5502 1933 5548 est
1961 5494 2141 5549 enim:

571 5762 583 5774 .
642 5700 666 5727 ε
698 5690 865 5747 Verba
885 5692 999 5747 hmc
1030 5702 1179 5762 atque
1204 5668 1304 5745 rita
1333 5689 1526 5746 desunt
1573 5691 1625 5745 in
1672 5689 1844 5756 editis,
1881 5690 2144 5747 habentur

568 5777 624 5819 in
646 5776 750 5829 ms.
792 5812 803 5819 κ

2241 4589 2378 4645 l'este
2425 4596 2638 4645 constat
2667 4588 2895 4643 infantili
2929 4597 3089 4661 aetate
3117 4588 3314 4658 aliquid
3342 4587 3571 4643 actualis
3625 4582 3809 4658 peccati

2243 4679 2462 4751 propria
2491 4693 2598 4735 non
2626 4693 2787 4748 posse
2832 4678 3110 4736 voluntate
3136 4679 3477 4740 contrahere,
3523 4694 3649 4733 cum
3681 4690 3808 4730 mor-

2246 4783 2352 4830 tem
2383 4770 2708 4841 stipendium
2736 4772 2945 4841 peccati
2959 4770 3250 4841 Apostolus
3273 4784 3393 4825 esse
3411 4768 3635 4825 de’lluiat
3650 4768 3808 4840 (Rom.

2243 4878 2315 4928 vt,
2346 4861 2466 4933 25),
2514 4869 2569 4917 et
2597 4877 2780 4916 rursus
2810 4861 3054 4916 aculeum
3094 4862 3285 4916 mortis
3321 4861 3465 4917 dicat
3491 4876 3617 4917 esse
3644 4873 3812 4931 pecca-

2245 4960 2380 5020 tum,
2436 4966 2546 5020 quo
2574 4952 2760 5021 utique
2805 4960 3076 5021 pungente
3104 4966 3254 5006 mors
3301 4950 3446 5007 illata
3477 4951 3574 5020 (al.
3608 4947 3811 5015 illigata)

2246 5051 2332 5098 est
2352 5041 2576 5097 homini.
2619 5040 2711 5097 Sic
2737 5043 2879 5097 enim
2917 5050 3197 5112 peccatum
3227 5042 3446 5097 aculeus
3486 5042 3677 5096 mortis
3698 5037 3815 5095 diei.

2250 5143 2356 5196 tur,
2386 5147 2495 5187 non
2540 5135 2666 5201 quia
2695 5143 2975 5201 peccaturo
3005 5149 3103 5204 per
3132 5142 3394 5198 mortem,
3442 5133 3539 5187 sed
3581 5133 3702 5202 quia
3731 5144 3814 5198 per

2250 5229 2533 5293 peccatum
2557 5237 2703 5277 mors
2728 5223 2781 5277 in
2812 5223 3063 5279 mundum
3092 5223 3312 5279 intravit
3339 5222 3393 5292 (i
3423 5221 3544 5277 Cor.
3578 5238 3668 5286 xv,
3696 5217 3810 5285 56):

2251 5314 2394 5370 sicut
2412 5314 2736 5370 virulentum
2764 5317 3040 5385 poculum,
3078 5317 3268 5373 mortis
3303 5315 3555 5387 poculum
3584 5315 3813 5372 dicimus.

2254 5422 2362 5461 non
2386 5406 2531 5474 quod
2561 5422 2592 5461 a
2622 5414 2796 5464 morte
2841 5407 3092 5477 poculum
3139 5406 3316 5473 detur,
3359 5406 3455 5464 sed
3496 5406 3642 5478 quod
3685 5416 3817 5459 mors

2257 5496 2450 5583 poculo
2481 5497 2572 5553 illo
2604 5501 2628 5536 δ
2668 5506 3035 5569 comparetur.
3062 5499 3222 5571 303
3263 5497 3379 5567 Qua
3425 5498 3587 5567 igitur
3625 5492 3815 5566 justiti:

2248 5689 2541 5832 pateflditi,
2569 5691 2752 5761 poculo
2777 5693 2874 5760 illi;
2910 5709 3034 5760 ms.,
3062 5694 3181 5759 illa;
3213 5703 3265 5750 et
3292 5693 3508 5765 quidem
3522 5693 3737 5789 melius,
3764 5694 3817 5747 ut
