4014 6340
247 357 350 416 469

1611 346 1939 402 EPISTULA
1985 345 2138 400 XVII.

3419 359 3534 414 470⁷

246 472 505 544 parvulus
543 471 821 538 subjicitur
850 471 1059 538 peccati
1088 469 1370 537 stipendio,
1421 469 1466 521 si
1497 467 1641 521 nulla
1670 466 1834 520 estin
1866 475 1916 532 Α
1942 462 2080 516 unde
2105 476 2232 516 caro
2264 476 2451 518 eorum
2482 477 2611 518 caro
2643 463 2849 533 peccati
2879 480 2987 520 non
3019 465 3286 522 immerito
3311 483 3518 528 nuncm-

249 582 315 622 co
341 567 549 636 peccati
597 563 858 634 pollutio?
915 560 1008 613 Vel
1051 558 1324 628 quomodo
1369 557 1614 612 videmus
1663 565 1836 610 morte

247 664 525 730 punctum,
556 657 602 710 si
627 672 732 709 non
754 654 922 710 sensit
950 651 1226 707 aculeum?
1255 650 1325 704 Et
1352 665 1470 704 cum
1501 665 1610 704 non
1635 651 1704 703 sit
1733 649 1835 702 ini-

245 751 426 818 quitas
465 747 609 818 apud
653 748 840 809 Deum,
871 745 963 813 qui
1004 743 1132 798 fecit
1159 743 1430 797 hominem
1460 740 1526 794 ad
1549 741 1834 806 imaginem

243 855 423 904 suam,
453 853 572 908 qua:
595 837 798 906 justitia
829 843 931 900 est,
979 842 1037 888 ut
1067 834 1242 901 imago
1277 832 1392 896 Dei,
1434 846 1554 899 qua:
1578 830 1712 884 nihil
1739 844 1839 899 po-

245 930 353 985 tuit
381 944 478 997 per
495 928 725 996 seipsam
755 925 1085 994 delinquere,
1131 923 1175 977 si
1220 937 1328 976 non
1370 921 1663 975 redimatur
1709 934 1835 974 san-

244 1019 410 1088 guine
436 1017 553 1071 Filii
593 1017 708 1080 Dei,
749 1017 800 1070 in
840 1029 1062 1083 regnum
1090 1013 1184 1068 Dei
1214 1029 1322 1068 non
1370 1011 1712 1080 permittatur
1752 1011 1837 1064 in-

243 1120 425 1174 trare;
449 1123 559 1176 quo
581 1108 765 1175 utique
784 1105 1029 1176 quisquis
1053 1122 1161 1158 non
1189 1104 1516 1172 ingredietur
1537 1103 1630 1171 (at.
1668 1102 1839 1170 ingre-

245 1200 438 1271 ditur),
451 1199 932 1271 interminabilibus
949 1199 1084 1267 ignis
1098 1199 1282 1253 aeterni
1299 1199 1472 1267 ptenis
1487 1197 1837 1252 cruciabitur?

247 1291 367 1357 Qua
397 1292 562 1359 igitur
584 1290 793 1359 justitia
822 1285 962 1344 Deus
985 1289 1163 1358 justus
1193 1299 1218 1326 ⁸
1249 1289 1540 1342 infantibus
1567 1288 1684 1342 sine
1712 1301 1837 1356 pec-

247 1392 373 1437 cato
404 1380 746 1436 nascentibus
775 1379 967 1444 ingerit
994 1394 1226 1448 pmnam,
1248 1379 1300 1432 in
1321 1378 1516 1446 quibus
1537 1392 1707 1446 ptena:
1731 1391 1839 1430 non

249 1473 458 1527 invenit
485 1472 739 1526 causam?
768 1469 966 1524 Hancne
989 1479 1074 1526 est
1101 1470 1362 1526 creatoris
1389 1469 1483 1524 Dei
1514 1469 1835 1536 benignitas,

249 1573 308 1618 ut
331 1563 622 1632 imaginem
649 1577 800 1619 suam
829 1570 998 1627 creet,
1029 1577 1256 1630 eamque
1276 1563 1391 1616 sine
1418 1561 1522 1615 ulla
1553 1562 1838 1629 iniquitate

248 1653 594 1717 condemnet,
626 1668 746 1707 cum
777 1669 880 1706 non
907 1656 974 1706 sit
1008 1653 1210 1721 iniquus
1245 1652 1400 1716 Deus,
1441 1655 1524 1724 qui
1555 1653 1712 1722 infert
1742 1651 1836 1721 (al.

247 1742 468 1813 inferat)
500 1744 631 1795 iram
662 1741 839 1810 (Rom.
871 1759 946 1807 ιιι,
983 1741 1078 1812 5)?
1126 1742 1182 1796 Si
1208 1757 1337 1809 ergo
1368 1743 1557 1796 nolunt
1587 1745 1639 1796 in
1671 1742 1838 1810 ipsius

249 1833 346 1887 Dei
371 1831 751 1888 contumeliam
778 1831 1052 1886 mortifera
1087 1833 1359 1901 impietate
1385 1831 1610 1898 versari,
1634 1830 1840 1884 fatean-

252 1931 341 1975 tur
382 1921 617 1976 hominis
662 1920 818 1990 primi
867 1920 921 1974 in
968 1936 1158 1976 omnes
1204 1920 1450 1975 homines
1496 1937 1618 1974 cum
1665 1930 1837 1974 morte

252 2012 510 2065 transisse
539 2019 814 2079 peccatum
843 2009 890 2062 δ.

321 2102 506 2156 CAPUT
537 2117 624 2154 xv.
649 2101 886 2154 Absurda
903 2118 1019 2172 quw
1039 2113 1318 2172 sequuntur
1346 2118 1432 2156 eos
1453 2105 1536 2172 qui
1559 2112 1744 2172 negant
1768 2105 1842 2156 in—

253 2198 420 2265 fantes
460 2193 648 2245 habere
689 2202 974 2263 peccatum.
1005 2223 1077 2233 ——
1103 2191 1191 2246 29.
1225 2191 1398 2246 Aliam
1427 2209 1611 2248 rursus
1653 2195 1841 2272 impie-

252 2295 420 2338 tatem
450 2284 649 2338 dehent
677 2285 730 2337 in
763 2285 863 2338 hac
909 2300 1003 2337 sua
1036 2284 1218 2338 videre
1247 2300 1310 2338 ac
1341 2285 1510 2339 vitare
1549 2287 1837 2340 sententia.

252 2377 507 2431 Dicentes
543 2377 685 2430 enim
714 2376 969 2445 parvulos
995 2391 1061 2430 ex
1093 2376 1261 2430 Adam
1293 2392 1401 2432 non
1434 2379 1646 2432 trahere
1675 2379 1840 2446 origi-

252 2465 379 2518 nale
409 2474 709 2534 peccatum,
760 2473 959 2532 negant
988 2481 1083 2522 eos
1111 2466 1354 2534 profecto
1381 2467 1582 2522 habere
1625 2483 1841 2522 carnem

251 2555 461 2626 peccati
482 2571 617 2624 quos
641 2564 820 2608 tamen
849 2556 1134 2608 humanam
1158 2571 1380 2610 carnem
1405 2558 1603 2612 habere
1625 2572 1731 2612 non
1758 2572 1862 2632 ne-_

250 2654 402 2714 gant.
419 2645 498 2699 Ex
514 2661 580 2700 eo
595 2661 724 2700 vero
737 2645 883 2716 quod
900 2662 994 2701 eos
1005 2647 1082 2700 sic
1103 2648 1392 2701 humanam
1406 2663 1622 2703 carnem
1645 2650 1845 2704 habere

251 2753 362 2792 non
389 2746 606 2805 negant,
631 2744 688 2790 ut
715 2753 833 2792 eam
855 2753 974 2792 esse
1003 2753 1218 2792 carnem
1241 2740 1445 2808 peccati
1470 2749 1686 2808 negent,
1710 2756 1842 2795 con-

251 2842 490 2896 sequens
509 2836 593 2880 est
619 2835 675 2880 ιιι
704 2827 994 2881 humanam
1021 2843 1236 2883 carnem
1260 2839 1457 2896 negent
1479 2846 1695 2886 carnem
1723 2847 1844 2887 esse

251 2919 484 2987 peccati.
517 2918 794 2980 Fateatur.
819 2921 1079 2989 Apostolo
1103 2923 1465 2992 compellente
1491 2935 1536 2987 ε,
1561 2927 1684 2994 quia
1706 2928 1846 2981 misit

253 3008 396 3063 Deus
435 3009 486 3062 F
489 3011 632 3064 ilium
677 3028 825 3065 suum
867 3014 920 3066 in
949 3014 1337 3069 similitudinem
1365 3013 1391 3052 ά
1429 3019 1604 3072 carnis
1647 3021 1845 3086 peccati

253 3096 434 3158 (Rom.
467 3114 582 3163 vm,
607 3099 683 3167 5).
710 3099 788 3153 Ad
818 3101 920 3155 hoc
947 3102 1108 3169 igitur
1131 3103 1266 3157 istos
1286 3105 1500 3159 caecitas
1529 3107 1705 3174 impia:
1727 3123 1846 3177 pro-

252 3185 507 3243 iessionis
529 3188 776 3256 impellit,
804 3198 860 3244 ut
887 3192 1011 3260 quia
1042 3192 1137 3262 (al.
1169 3194 1282 3261 qui)
1308 3211 1524 3250 carnem
1555 3197 1842 3253 humanam

252 3286 456 3346 negant
478 3293 695 3333 carnem
719 3295 836 3335 esse
858 3258 1083 3352 peccati,
1109 3258 1381 3340 Christum
1409 3294 1588 3341 autem
1614 3289 1665 3342 in
1693 3290 1841 3344 simi-
1868 3258 1914 3320 υ

255 3366 537 3421 litudinem
560 3369 739 3422 carnis
767 3371 973 3438 peccati
1004 3372 1215 3427 venisse
1257 3390 1365 3428 non
1413 3385 1630 3443 negant,
1672 3378 1840 3448 ipsam

255 3455 453 3509 Christi
484 3471 700 3510 carnem
730 3473 835 3512 non
867 3458 1154 3514 humanam
1187 3477 1328 3528 esse,
1377 3465 1471 3518 sed
1496 3465 1716 3521 alterius
1743 3483 1840 3521 na-

255 3554 390 3598 tum
429 3547 692 3616 sacrilega
722 3547 1038 3604 infidelitate
1061 3551 1389 3620 confingant.
1435 3553 1524 3608 lsti
1554 3555 1698 3610 enim
1724 3573 1843 3612 car-

256 3651 381 3690 nem
406 3637 460 3689 in
489 3652 592 3706 qua
623 3639 829 3706 parvuli
873 3649 1168 3696 nascuntur
1195 3643 1482 3698 humanam
1511 3645 1700 3701 dicunt
1724 3663 1844 3703 esse

256 3739 502 3792 carnem,
551 3744 710 3797 quam
763 3739 940 3784 tamen
972 3747 1092 3786 esse
1136 3749 1354 3789 carnem
1401 3738 1608 3804 peccati
1648 3752 1845 3806 negare

257 3819 623 3883 contendunt;
673 3819 942 3876 Christum
982 3833 1161 3878 autem
1201 3825 1253 3878 in
1283 3826 1630 3882 similitudine
1668 3830 1846 3885 carnis

258 3912 468 3978 peccati
499 3913 709 3968 venisse
754 3915 870 3984 pari
918 3916 1195 3971 nobiscum
1241 3918 1575 3986 professione
1618 3935 1847 3975 consen-

259 4000 417 4053 tiunt.
447 3999 557 4054 Aut
582 4002 745 4070 igitur:
770 4019 989 4060 carnem
1027 4003 1228 4071 Christi
1258 4005 1545 4060 humanam
1572 4023 1692 4063 esse
1737 4025 1845 4065 non

258 4092 460 4153 dicant,
494 4103 585 4147 aut
624 4096 864 4151 omnium
894 4097 1170 4153 hominum
1217 4114 1454 4162 carnem,
1509 4101 1743 4170 in‘cujus
1768 4105 1845 4158 si-

259 4183 615 4238 militudinem
646 4185 787 4241 Deus
816 4187 1008 4242 Filium
1031 4204 1186 4244 suum
1217 4191 1377 4255 misit,
1401 4205 1618 4246 carnem
1640 4195 1846 4261 peccati

257 4288 381 4327 esse
408 4276 748 4329 consentiant
769 4277 861 4346 (al.
894 4281 1311 4348 consenserint).
1341 4280 1495 4347 Quod
1534 4298 1655 4336 cum
1701 4283 1845 4339 fece-

257 4365 386 4428 rint,
420 4366 599 4421 nullus
623 4370 922 4423 remanebit
950 4371 1102 4425 labor
1121 4388 1229 4442 quo
1269 4373 1348 4428 eis
1389 4383 1671 4444 peccatum
1697 4381 1846 4433 carni

260 4458 606 4525 parvulorum
630 4460 806 4515 inesse
829 4470 1176 4518 monstretur.
1224 4463 1280 4518 Si
1318 4466 1460 4520 enim
1485 4481 1612 4522 caro
1639 4470 1846 4538 peccati

262 4564 368 4603 non
401 4550 738 4606 mendaciter
766 4552 980 4616 dicitur,
1035 4555 1196 4609 habet
1230 4556 1284 4609 in
1328 4572 1386 4610 se
1413 4572 1542 4612 caro
1573 4558 1684 4628 ipsa
1720 4574 1847 4628 pec-

1870 1883 1918 1941 B

1941 563 2126 624 patur;
2175 568 2282 606 non
2309 555 2451 622 quali
2491 571 2654 610 carne
2678 555 2884 626 parvuli
2915 556 3031 611 sine
3060 558 3237 627 aliqua
3266 565 3524 630 peccandi

1941 644 2218 698 voluntate
2247 653 2559 701 nascuntur.
2590 645 2689 702 Ubi
2719 664 2825 702 non
2868 649 3154 703 attendunt
3173 653 3296 721 quia
3327 654 3372 706 si
3397 670 3524 708 caro

1942 734 2282 804 parvulorum
2312 751 2343 789 a
2372 751 2535 791 carne
2568 737 2831 806 majorum
2863 738 3072 792 diversa
3098 741 3357 808 qualitate
3400 744 3528 796 fuis-

1939 836 2041 890 set,
2060 841 2168 880 non
2193 826 2293 880 nisi
2315 826 2368 880 in
2391 827 2737 882 similitudine
2761 838 2784 866 ε
2803 831 2980 884 carnis
3002 833 3343 898 parvulorum
3367 835 3527 905 (quos

1942 914 2146 969 nullum
2190 916 2521 1000 originalitﬁr
2547 919 2706 988 303
2746 919 2934 974 dicunt
2984 922 3181 976 habere
3219 929 3523 993 peccatum)

1942 1007 2084 1062 Deus
2103 989 2628 1080 advenissetrilagis
2646 1012 2787 1065 enim
2810 1013 2998 1067 similis
3020 1023 3162 1069 esset
3187 1030 3314 1069 caro
3331 1015 3527 1072 Christi

1940 1100 2088 1152 carni
2105 1100 2472 1170 parvulorum,
2489 1117 2609 1156 cum
2625 1118 2730 1172 qua
2750 1105 3031 1160 veritatem
3049 1106 3271 1161 haberet
3286 1108 3529 1162 substan-

1943 1189 2028 1243 tiae
2057 1190 2441 1260 qualitatisque
2469 1208 2830 1259 communem,
2865 1212 3025 1264 quam
3057 1199 3205 1252 carni
3247 1199 3523 1254 hominum

1941 1280 2230 1349 majorum,
2251 1299 2373 1338 cum
2399 1284 2594 1352 quibus
2625 1284 2698 1338 illi
2721 1273 3020 1340 communis
3043 1297 3186 1343 esset
3213 1290 3325 1343 sola
3348 1292 3530 1345 carnis

1941 1380 2154 1436 natura,
2166 1387 2273 1426 non
2292 1373 2524 1427 macula.
2539 1373 2641 1428 Sed
2659 1375 2763 1429 hoc
2777 1375 2850 1428 illi
2867 1377 3086 1430 torsitan
3102 1379 3384 1447 volunt,.ut
3398 1396 3525 1435 caro

1940 1460 2277 1518 Cbristicum
2306 1478 2469 1518 carne
2484 1465 2760 1518 hominum
2793 1465 3056 1534 majorum
3087 1469 3256 1522 solam
3280 1470 3529 1525 habuerit

1941 1562 2146 1607 natura:
2173 1555 2598 1622 similitudinem,
2645 1572 2767 1610 cum
2795 1573 2959 1612 carne
3001 1575 3132 1613 vero
3178 1561 3529 1628 parvulorum

1942 1645 2256 1699 munditiam
2285 1661 2502 1716 quoque
2532 1649 2768 1716 potuerit
2811 1650 3010 1704 habere
3041 1666 3402 1706 communem.
3435 1653 3534 1706 Fa-

1942 1744 2158 1791 teantur
2183 1752 2312 1806 ergo
2343 1739 2597 1807 parvulos
2623 1741 2677 1793 in
2719 1739 3068 1795 similitudine
3093 1743 3270 1797 carnis
3297 1746 3526 1812 peccati,

1943 1846 2080 1899 quos
2108 1839 2358 1884 asserunt
2401 1832 2547 1885 nasci
2577 1831 2791 1898 quidem
2840 1833 2894 1886 in
2920 1849 3082 1887 carne
3137 1834 3396 1903 humana,
3435 1837 3530 1890 sed

1944 1921 2219 1987 originalis
2240 1922 2447 1990 peccati
2463 1923 2714 1990 contagio
2730 1938 2837 1976 non
2859 1924 3062 1992 polluta
3086 1923 3126 1976 τ.
3145 1924 3348 1989 Quibus
3358 1934 3533 1980 osten-

1941 2008 2178 2062 dendum
2206 2015 2289 2062 est
2309 2017 2508 2076 quanta
2526 2025 2621 2064 eos
2636 2010 2800 2064 etiam
2823 2011 2908 2065 hic
2929 2021 3185 2080 sequatur
3205 2013 3529 2069 absurditas.

1941 2097 2210 2165 Negautes
2237 2099 2380 2152 enim
2413 2099 2465 2152 in
2497 2099 2734 2168 parvulis
2756 2101 3100 2155 nascentibus
3124 2103 3386 2171 originale
3407 2119 3534 2173 pec-

1943 2196 2145 2252 catum,
2199 2188 2492 2241 humanam
2541 2204 2638 2243 eos
2667 2204 2886 2243 carnem
2917 2190 3115 2245 habere
3158 2206 3266 2264 non
3313 2203 3532 2260 negant,

1945 2278 2137 2332 Filium
2184 2287 2365 2334 autem
2387 2278 2482 2332 Dei
2515 2294 2735 2333 carnem
2767 2280 3054 2334 humanam
3085 2281 3153 2335 de
3180 2281 3388 2350 virgine
3417 2283 3534 2338 sine

1943 2377 2167 2439 peccato
2210 2369 2481 2438 accepisse
2510 2370 2814 2423 concedunt
2843 2388 2854 2421 :
2889 2386 3226 2440 consequens
3265 2371 3423 2438 igitur
3452 2381 3536 2426 est

1944 2470 2001 2513 ut
2031 2461 2170 2514 inter
2198 2474 2417 2513 carnem
2447 2460 2719 2512 nascentis
2765 2474 2832 2512 ex
2883 2459 3086 2524 virgine
3132 2458 3399 2527 Unigeniti
3438 2459 3533 2513 Dei

1944 2561 2000 2607 et
2027 2551 2313 2620 cujuslibet
2341 2551 2561 2604 alterius
2598 2550 2805 2618 parvuli
2853 2550 2983 2602 nihil
3011 2551 3213 2604 distare
3243 2548 3531 2605 fateantur.

1948 2644 2100 2700 Unde
2127 2643 2410 2698 conﬁcitur
2441 2651 2498 2697 ut
2525 2658 2714 2696 omnes
2744 2642 3014 2711 parv'ules,
3046 2656 3182 2710 quos
3214 2643 3358 2695 nasci
3386 2652 3531 2697 asse-

1945 2744 2070 2790 runt
2084 2735 2200 2789 sine
2223 2744 2467 2804 peccato,
2489 2734 2671 2789 dicant
2690 2749 2799 2788 non
2814 2748 2973 2802 egere
2988 2733 3284 2789 Salvatoris
3300 2736 3500 2794 auxilio
3516 2753 3529 2797 ;

1944 2832 2107 2891 atque
2147 2823 2217 2877 ita
2247 2823 2496 2892 laqueum
2536 2821 2806 2890 Pelagiani
2836 2823 3034 2877 erroris
3077 2823 3374 2886 incurrunt,
3407 2825 3532 2880 dum

1948 2913 2069 2967 fidei
2100 2913 2378 2967 catholica:
2407 2911 2696 2966 infideliter
2722 2912 3116 2966 contradicunt.
3160 2912 3216 2966 Si
3246 2915 3388 2967 enim
3417 2915 3535 2968 sine

1946 3012 2170 3075 peccato
2201 3003 2431 3057 infantes
2460 3003 2605 3056 nasci
2637 3011 2904 3066 asserunt,
2936 3003 3064 3071 quid
3095 3013 3292 3066 restat,
3346 3005 3445 3058 nisi
3478 3015 3533 3058 nt

1945 3097 2127 3150 dicant
2156 3094 2288 3149 nihil
2317 3110 2435 3149 esse
2466 3095 2520 3149 in
2549 3095 2630 3148 eis
2656 3095 2801 3162 quod
2827 3094 3022 3148 debeat
3050 3095 3274 3163 spiritali
3306 3109 3533 3162 regene-

1947 3186 2156 3239 ratione
2194 3184 2476 3238 mundari?
2523 3183 2593 3238 Et
2619 3185 2664 3239 si
2694 3193 2977 3243 removent
3016 3186 3225 3255 peccati
3259 3187 3534 3254 originalis

1949 3277 2212 3332 maculam
2241 3293 2271 3330 a
2298 3278 2642 3335 nascentibus
2669 3277 2928 3348 parvulis,
2976 3278 3104 3347 quid
3125 3278 3266 3332 aliud
3288 3280 3536 3334 nituntur

1949 3369 2046 3423 nisi
2077 3368 2268 3423 divina:
2298 3369 2508 3422 veritati
2557 3383 2874 3423 succensere
2911 3368 3274 3436 mendacium,
3319 3370 3536 3436 quando

1947 3475 2042 3512 eos
2072 3459 2126 3513 in
2169 3459 2542 3514 remissionem
2595 3465 2942 3527 peccatorum
2970 3457 3154 3512 vident
3199 3459 3536 3528 baptismatis

1947 3548 2192 3617 accipere
2223 3549 2656 3602 sacramentum?
2703 3547 2848 3617 quod
2898 3546 3020 3601 ideo
3066 3547 3406 3602 uniformiter
3454 3551 3539 3603 in-

1947 3640 2182 3694 fantibus
2209 3639 2611 3707 majoribusque
2653 3638 2946 3702 confertur,
2999 3647 3058 3691 ut
3095 3639 3346 3694 omnibus
3372 3641 3536 3710 origi-

1947 3730 2084 3785 nalis
2107 3730 2282 3784 inesse
2312 3729 2516 3798 peccati
2547 3727 2755 3781 macula
2783 3728 3180 3795 cognoscatur?

2019 3839 2105 3893 3|.
2148 3839 2400 3907 Quisquis
2430 3837 2589 3905 igitur
2625 3837 2850 3891 saltuem
2900 3851 3081 3890 veram
3122 3838 3535 3911 sempiternam.-

1946 3943 2052 3994 que
2097 3927 2367 3982 desiderat
2409 3925 2650 3994 adipisci,
2703 3941 2921 3981 sensum
2965 3925 3229 3981 haereticaa
3259 3927 3538 3996 pravitatis

1948 4015 2224 4083 abjieiens,
2257 4031 2393 4083 quos
2419 4031 2542 4069 cum
2576 4031 2734 4084 ptena
2767 4016 2974 4084 peccati
3018 4024 3175 4072 natos
3203 4017 3368 4082 videt,
3414 4033 3537 4073 cum

1949 4114 2173 4175 peccato
2202 4121 2419 4175 quoque
2449 4117 2604 4160 natos
2647 4122 2766 4161 esse
2814 4123 2922 4161 non
2968 4107 3214 4162 dubitet:
3249 4109 3540 4178 audiatque

1948 4198 2165 4252 beatum
2193 4197 2294 4252 Job
2321 4197 2587 4252 dicentem
2619 4217 2630 4251 :
2668 4200 2803 4265 Quia
2832 4217 2936 4253 non
2957 4209 3032 4253 est
3071 4201 3293 4253 mundus
3324 4219 3355 4254 a
3385 4203 3540 4256 sorde
3567 4254 3569 4257 ,

1949 4307 2042 4342 nec
2067 4290 2242 4358 infans
2271 4289 2417 4359 cujus
2437 4290 2588 4343 unius
2617 4290 2722 4342 diei
2752 4292 2854 4342 vita
2883 4299 2960 4342 est
2987 4306 3141 4360 super
3171 4300 3361 4344 (errant
3394 4295 3410 4363 (
3439 4293 3538 4345 Job

1951 4398 2059 4445 XIV,
2090 4380 2142 4446 4,
2192 4381 2350 4450 juxta
2398 4379 2594 4448 LXX).
2629 4381 2777 4436 Beati
2815 4397 3030 4450 quoque
3059 4382 3228 4436 David
3253 4383 3426 4438 luctus
3465 4386 3542 4454 pii

1949 4472 2128 4526 cordis
2156 4471 2457 4525 humilitate
2505 4471 2834 4534 consideret,
2877 4471 3142 4548 dicentis:
3169 4471 3305 4525 Ecce
3343 4475 3397 4526 in
3433 4477 3540 4528 ini.

1950 4560 2228 4632 quitatibus
2257 4571 2530 4631 conceptus
2551 4579 2688 4626 sum,
2724 4572 2773 4615 et
2802 4563 2856 4616 in
2885 4562 3081 4616 delictis
3109 4566 3304 4633 peperit
3333 4582 3414 4618 me
3429 4583 3541 4619 ma-

263 4647 464 4693 catum.
498 4639 554 4693 Si
584 4657 712 4694 vero
740 4651 1018 4710 peccatum
1043 4661 1148 4698 non
1203 4645 1381 4711 habet,
1433 4646 1624 4701 falsum
1671 4657 1852 4718 portat
1880 4628 1926 4686 ι)
1955 4628 2032 4706 ier
2060 4669 2170 4706 mea
2203 4652 2374 4724 (1)εαί.
2407 4628 2460 4717 ι,
2489 4653 2564 4726 7).
2613 4649 2816 4707 Sancto
2851 4668 3066 4722 quoque
3107 4628 3334 4709 Abram:
3363 4657 3542 4712 videat

264 4730 440 4784 carnis
468 4732 672 4798 peccati
705 4734 1044 4788 vocabulum.
1073 4735 1180 4789 Sed
1202 4751 1321 4790 eam
1344 4736 1411 4791 de
1429 4752 1533 4806 qua
1558 4737 1856 4808 loquimur,

265 4837 484 4877 carnem
533 4826 740 4894 peccati
806 4842 969 4881 verax
1015 4828 1309 4897 discipulus
1356 4829 1610 4884 Veritatis
1657 4829 1853 4887 Paulus

267 4914 518 4982 appellat.
553 4915 738 4971 Restat
758 4918 920 4986 igitur
941 4927 997 4972 ut
1017 4921 1156 4974 sicut
1178 4936 1303 4975 vere
1325 4937 1452 4976 caro
1474 4930 1559 4976 est
1577 4939 1699 4977 cum
1723 4938 1854 4978 caro

269 5006 481 5076 dicitur,
529 5011 602 5064 ita
633 5027 759 5066 vere
789 5013 840 5066 in
870 5028 928 5067 se
973 5021 1257 5083 peccatum
1305 5015 1528 5080 habeat,
1573 5031 1692 5070 cum
1722 5031 1852 5072 caro

271 5101 476 5180 peccati
506 5116 602 5155 ore
628 5104 928 5172 apostolico
959 5114 1314 5176 nuncupatur.

339 5189 428 5245 30.
457 5191 566 5247 Sed
603 5193 828 5249 forsitan
855 5196 1035 5251 dicent
1065 5197 1290 5252 in‘illius
1327 5199 1506 5253 carnis
1544 5199 1749 5268 peccati
1777 5199 1852 5254 si-

277 5282 573 5340 militudine
612 5287 833 5341 missum
863 5288 1053 5343 Filium
1085 5290 1201 5353 Dei,
1254 5290 1468 5359 qualem
1515 5292 1715 5346 habent
1753 5293 1853 5347 ho-

277 5373 444 5429 mines
491 5375 584 5443 qui
631 5379 845 5447 propria
899 5379 1176 5434 voluntate
1204 5395 1430 5448 peccare
1457 5381 1568 5450 jam
1609 5392 1853 5454 possunt,

344 5567 370 5631 ξ
403 5559 570 5631 Abest
593 5561 764 5631 justus
795 5577 823 5615 a
854 5569 960 5616 ms.‘

347 5626 372 5664 δ
401 5627 498 5704 Ms.
531 5626 609 5684 sic
636 5632 834 5704 habet;
887 5642 943 5686 at
989 5631 1138 5697 editi,
1165 5635 1425 5703 fateantur
1454 5633 1710 5688 hominem
1750 5636 1857 5704 pri-

283 5714 415 5751 mum
441 5702 496 5752 in
534 5717 707 5755 omnes
746 5703 974 5757 homines
1003 5719 1118 5755 cum
1161 5714 1320 5756 morte
1365 5705 1711 5759 transmisisse
1739 5702 1858 5772 pec-

285 5779 465 5832 catum.

287 5857 300 5878 κ
356 5849 377 5878 ⁸
404 5839 540 5898 Εόὶιί
565 5880 582 5909 ,
612 5845 910 5915 Apostolum
943 5844 1348 5914 compellentem.

1957 4743 2380 4800 circumcisionis
2407 4752 2802 4799 sacramentum
2833 4758 2940 4798 non
2965 4745 3084 4799 sine
3113 4747 3387 4800 tremenda
3413 4763 3541 4817 par-

1957 4837 2066 4889 vuli
2087 4835 2506 4890 comminatione
2531 4835 2858 4889 mandatum.
2882 4834 2958 4890 lbi
2982 4837 3180 4905 quippe
3207 4837 3349 4894 Deus
3373 4841 3544 4897 fidelis

1957 4938 2012 4980 et
2036 4927 2231 4995 justus,
2264 4927 2354 4996 qui
2387 4943 2492 4981 non
2523 4927 2688 4981 infert
2715 4927 2848 4981 iram
2876 4927 2965 4980 ubi
3003 4927 3214 4996 culpam
3254 4945 3360 4984 non
3389 4931 3542 4987 inve—

1957 5023 2055 5081 nit,
2099 5020 2236 5090 patri
2269 5029 2456 5074 nostro
2485 5019 2716 5074 Abrahae
2752 5020 2830 5074 sic
2855 5019 3128 5087 loquitur:
3161 5019 3428 5077 Masculus
3460 5027 3545 5093 qui

1957 5129 2059 5166 non
2102 5113 2258 5182 fuerit
2293 5113 2624 5166 circumcisus
2676 5128 2831 5165 carne
2879 5112 2972 5182 (al.
3021 5112 3255 5183 carnem)
3300 5119 3544 5187 prwpuIii

1957 5205 2037 5258 sui
2065 5214 2244 5260 octavo
2282 5206 2385 5270 die,
2427 5205 2853 5259 exterminabitur
2897 5205 3073 5258 anima
3115 5206 3210 5260 illa
3249 5209 3312 5261 de
3355 5213 3544 5278 populo

1956 5314 2079 5362 suo;
2107 5299 2226 5367 quia
2249 5297 2625 5350 Testamentum
2655 5313 2823 5350 meum
2856 5308 3206 5369 transgressus
3234 5311 3309 5354 est
3331 5302 3540 5370 (Cenes.

1958 5403 2085 5450 xm,
2121 5384 2230 5455 M).
2263 5384 2516 5454 Quisquis
2547 5385 2726 5456 itaque
2756 5396 2919 5456 negat
2966 5389 3022 5441 in
3064 5390 3300 5456 parvulis
3347 5409 3546 5446 set-nn.

2029 5563 2053 5601 ί¹
2085 5564 2175 5634 Sic
2200 5581 2334 5629 ms.;
2372 5566 2425 5619 in
2457 5566 2612 5622 editis
2638 5577 2844 5634 autem,
2873 5571 2926 5623 in
2953 5570 3307 5624 simililudt'ne.
3350 5629 3352 5631 ,

2033 5645 2055 5672 ε
2089 5633 2183 5688 Ms.
2206 5677 2220 5687 .
2250 5637 2302 5688 in
2324 5638 2731 5691 similitudinem.

2037 5705 2053 5741 ί
2082 5704 2169 5782 Sic
2206 5722 2331 5768 ms.,
2364 5714 2421 5782 at
2457 5709 2618 5772 editi,
2662 5709 2752 5762 sccl
2785 5710 3055 5779 originalis
3104 5715 3298 5781 peccati
3353 5728 3540 5782 negant

1963 5776 2264 5846 contagione
2292 5776 2535 5845 pollutos.
