  <div class='ocr_page' id='page_1' title='image "/cluster/home/n/w/nwhite01/storage/ocr_20150623/65/hvd.32044054128558/241.png"; bbox 0 0 4014 6340; ppageno 0'>
   <div class='ocr_carea' id='block_1_1' title="bbox 446 311 546 369">
    <p class='ocr_par' dir='ltr' id='par_1_1' title="bbox 446 311 546 369">
     <span class='ocr_line' id='line_1_1' title="bbox 446 311 546 369; baseline 0.04 -4"><span class='ocrx_word' id='word_1_1' title='bbox 446 311 546 369; x_wconf 68' lang='grc' dir='ltr'><strong>ΠΙ</strong></span> 
     </span>
    </p>
   </div>
   <div class='ocr_carea' id='block_1_2' title="bbox 1483 304 2702 365">
    <p class='ocr_par' dir='ltr' id='par_1_2' title="bbox 1483 304 2702 365">
     <span class='ocr_line' id='line_1_2' title="bbox 1483 304 2702 365; baseline 0.002 -2"><span class='ocrx_word' id='word_1_2' title='bbox 1483 309 1540 363; x_wconf 91' lang='lat' dir='ltr'><strong>S.</strong></span> <span class='ocrx_word' id='word_1_3' title='bbox 1580 304 1941 363; x_wconf 82' lang='lat' dir='ltr'><strong>FULGENTII</strong></span> <span class='ocrx_word' id='word_1_4' title='bbox 1980 304 2285 362; x_wconf 76' lang='lat' dir='ltr'><strong>EPISCOPI</strong></span> <span class='ocrx_word' id='word_1_5' title='bbox 2323 304 2702 365; x_wconf 58' lang='lat' dir='ltr'><strong>RUSPENS‘S</strong></span> 
     </span>
    </p>
   </div>
   <div class='ocr_carea' id='block_1_3' title="bbox 3618 314 3735 373">
    <p class='ocr_par' dir='ltr' id='par_1_3' title="bbox 3618 314 3735 373">
     <span class='ocr_line' id='line_1_3' title="bbox 3618 314 3735 373; baseline 0 -3"><span class='ocrx_word' id='word_1_6' title='bbox 3618 314 3735 373; x_wconf 69' lang='grc' dir='ltr'><strong>4Ἱί</strong></span> 
     </span>
    </p>
   </div>
   <div class='ocr_carea' id='block_1_4' title="bbox 444 421 3743 499">
    <p class='ocr_par' dir='ltr' id='par_1_4' title="bbox 444 421 3743 499">
     <span class='ocr_line' id='line_1_4' title="bbox 444 421 3743 499; baseline 0.002 -18"><span class='ocrx_word' id='word_1_7' title='bbox 444 441 573 482; x_wconf 79' lang='lat' dir='ltr'><strong>eum</strong></span> <span class='ocrx_word' id='word_1_8' title='bbox 594 438 812 481; x_wconf 75' lang='lat' dir='ltr'><strong>carinum</strong></span> <span class='ocrx_word' id='word_1_9' title='bbox 836 425 1176 481; x_wconf 82' lang='lat' dir='ltr'><strong>nascentibus</strong></span> <span class='ocrx_word' id='word_1_10' title='bbox 1197 422 1457 491; x_wconf 72' lang='lat' dir='ltr'><strong>originale</strong></span> <span class='ocrx_word' id='word_1_11' title='bbox 1476 429 1775 491; x_wconf 89' lang='lat' dir='ltr'><strong>peccatum,</strong></span> <span class='ocrx_word' id='word_1_12' title='bbox 1802 421 1947 476; x_wconf 92' lang='lat' dir='ltr'><strong>dicat</strong></span> <span class='ocrx_word' id='word_1_13' title='bbox 1972 421 2024 474; x_wconf 91' lang='lat' dir='ltr'><strong>in</strong></span> <span class='ocrx_word' id='word_1_14' title='bbox 2061 432 2099 484; x_wconf 67' lang='grc' dir='ltr'><strong>Α</strong></span> <span class='ocrx_word' id='word_1_15' title='bbox 2134 422 2305 475; x_wconf 87' lang='lat' dir='ltr'><strong>rantia</strong></span> <span class='ocrx_word' id='word_1_16' title='bbox 2363 423 2572 491; x_wconf 83' lang='lat' dir='ltr'><strong>peccati</strong></span> <span class='ocrx_word' id='word_1_17' title='bbox 2626 423 2904 491; x_wconf 74' lang='lat' dir='ltr'><strong>minuitur,</strong></span> <span class='ocrx_word' id='word_1_18' title='bbox 2957 433 3165 481; x_wconf 82' lang='lat' dir='ltr'><strong>tantum</strong></span> <span class='ocrx_word' id='word_1_19' title='bbox 3200 435 3380 483; x_wconf 81' lang='lat' dir='ltr'><strong>reatus</strong></span> <span class='ocrx_word' id='word_1_20' title='bbox 3421 433 3743 499; x_wconf 77' lang='lat' dir='ltr'><strong>peccatoris</strong></span> 
     </span>
    </p>
   </div>
   <div class='ocr_carea' id='block_1_5' title="bbox 443 512 2030 589">
    <p class='ocr_par' dir='ltr' id='par_1_5' title="bbox 443 512 2030 589">
     <span class='ocr_line' id='line_1_5' title="bbox 443 512 2030 589; baseline -0.006 -15"><span class='ocrx_word' id='word_1_21' title='bbox 443 534 554 588; x_wconf 91' lang='lat' dir='ltr'><strong>quo</strong></span> <span class='ocrx_word' id='word_1_22' title='bbox 571 520 747 589; x_wconf 88' lang='lat' dir='ltr'><strong>potuit</strong></span> <span class='ocrx_word' id='word_1_23' title='bbox 766 516 1081 575; x_wconf 83' lang='lat' dir='ltr'><strong>infansocto</strong></span> <span class='ocrx_word' id='word_1_24' title='bbox 1102 515 1311 568; x_wconf 87' lang='lat' dir='ltr'><strong>dierum</strong></span> <span class='ocrx_word' id='word_1_25' title='bbox 1329 512 1730 583; x_wconf 73' lang='lat' dir='ltr'><strong>Testamentum</strong></span> <span class='ocrx_word' id='word_1_26' title='bbox 1755 512 1846 566; x_wconf 88' lang='lat' dir='ltr'><strong>Dei</strong></span> <span class='ocrx_word' id='word_1_27' title='bbox 1863 520 2030 565; x_wconf 83' lang='lat' dir='ltr'><strong>trans-</strong></span> 
     </span>
    </p>
   </div>
   <div class='ocr_carea' id='block_1_6' title="bbox 441 606 2032 681">
    <p class='ocr_par' dir='ltr' id='par_1_6' title="bbox 441 606 2032 681">
     <span class='ocr_line' id='line_1_6' title="bbox 441 606 2032 681; baseline -0.005 -15"><span class='ocrx_word' id='word_1_28' title='bbox 441 612 617 681; x_wconf 88' lang='lat' dir='ltr'><strong>gredi,</strong></span> <span class='ocrx_word' id='word_1_29' title='bbox 657 612 702 667; x_wconf 91' lang='lat' dir='ltr'><strong>si</strong></span> <span class='ocrx_word' id='word_1_30' title='bbox 732 621 839 666; x_wconf 88' lang='lat' dir='ltr'><strong>non</strong></span> <span class='ocrx_word' id='word_1_31' title='bbox 880 611 933 664; x_wconf 93' lang='lat' dir='ltr'><strong>in</strong></span> <span class='ocrx_word' id='word_1_32' title='bbox 985 609 1077 662; x_wconf 91' lang='lat' dir='ltr'><strong>illo</strong></span> <span class='ocrx_word' id='word_1_33' title='bbox 1103 618 1466 674; x_wconf 81' lang='lat' dir='ltr'><strong>transgressus</strong></span> <span class='ocrx_word' id='word_1_34' title='bbox 1511 613 1596 659; x_wconf 91' lang='lat' dir='ltr'><strong>est</strong></span> <span class='ocrx_word' id='word_1_35' title='bbox 1624 606 1675 658; x_wconf 91' lang='lat' dir='ltr'><strong>in</strong></span> <span class='ocrx_word' id='word_1_36' title='bbox 1704 619 1813 674; x_wconf 89' lang='lat' dir='ltr'><strong>quo</strong></span> <span class='ocrx_word' id='word_1_37' title='bbox 1842 619 2032 658; x_wconf 88' lang='lat' dir='ltr'><strong>omnes</strong></span> 
     </span>
    </p>
   </div>
   <div class='ocr_carea' id='block_1_7' title="bbox 442 699 2032 774">
    <p class='ocr_par' dir='ltr' id='par_1_7' title="bbox 442 699 2032 774">
     <span class='ocr_line' id='line_1_7' title="bbox 442 699 2032 774; baseline -0.008 -15"><span class='ocrx_word' id='word_1_38' title='bbox 442 703 839 774; x_wconf 87' lang='lat' dir='ltr'><strong>peccaverunt?</strong></span> <span class='ocrx_word' id='word_1_39' title='bbox 862 699 997 753; x_wconf 88' lang='lat' dir='ltr'><strong>Cum</strong></span> <span class='ocrx_word' id='word_1_40' title='bbox 1025 706 1081 754; x_wconf 92' lang='lat' dir='ltr'><strong>et</strong></span> <span class='ocrx_word' id='word_1_41' title='bbox 1118 704 1403 766; x_wconf 77' lang='lat' dir='ltr'><strong>antequam</strong></span> <span class='ocrx_word' id='word_1_42' title='bbox 1448 704 1797 751; x_wconf 79' lang='lat' dir='ltr'><strong>nascerentur</strong></span> <span class='ocrx_word' id='word_1_43' title='bbox 1825 703 2032 749; x_wconf 90' lang='lat' dir='ltr'><strong>asserat</strong></span> 
     </span>
    </p>
   </div>
   <div class='ocr_carea' id='block_1_8' title="bbox 442 785 2029 864">
    <p class='ocr_par' dir='ltr' id='par_1_8' title="bbox 442 785 2029 864">
     <span class='ocr_line' id='line_1_8' title="bbox 442 785 2029 864; baseline -0.006 -15"><span class='ocrx_word' id='word_1_44' title='bbox 442 793 734 864; x_wconf 80' lang='lat' dir='ltr'><strong>Apostolus</strong></span> <span class='ocrx_word' id='word_1_45' title='bbox 765 802 790 828; x_wconf 67' lang='grc'>³</span> <span class='ocrx_word' id='word_1_46' title='bbox 820 790 1048 844; x_wconf 80' lang='lat' dir='ltr'><strong>infantes</strong></span> <span class='ocrx_word' id='word_1_47' title='bbox 1077 789 1208 842; x_wconf 86' lang='lat' dir='ltr'><strong>nihil</strong></span> <span class='ocrx_word' id='word_1_48' title='bbox 1231 788 1409 856; x_wconf 78' lang='lat' dir='ltr'><strong>egisse</strong></span> <span class='ocrx_word' id='word_1_49' title='bbox 1430 789 1557 842; x_wconf 84' lang='lat' dir='ltr'><strong>boni</strong></span> <span class='ocrx_word' id='word_1_50' title='bbox 1586 787 1671 841; x_wconf 87' lang='lat' dir='ltr'><strong>vel</strong></span> <span class='ocrx_word' id='word_1_51' title='bbox 1698 787 1822 839; x_wconf 88' lang='lat' dir='ltr'><strong>mali</strong></span> <span class='ocrx_word' id='word_1_52' title='bbox 1853 785 2029 856; x_wconf 91' lang='lat' dir='ltr'><strong>(Rom.</strong></span> 
     </span>
    </p>
   </div>
   <div class='ocr_carea' id='block_1_9' title="bbox 445 875 2034 951">
    <p class='ocr_par' dir='ltr' id='par_1_9' title="bbox 445 875 2034 951">
     <span class='ocr_line' id='line_1_9' title="bbox 445 875 2034 951; baseline -0.006 -14"><span class='ocrx_word' id='word_1_53' title='bbox 445 899 520 946; x_wconf 82' lang='lat' dir='ltr'><strong>rx,</strong></span> <span class='ocrx_word' id='word_1_54' title='bbox 557 882 676 951; x_wconf 84' lang='lat' dir='ltr'><strong>ll);</strong></span> <span class='ocrx_word' id='word_1_55' title='bbox 707 890 763 936; x_wconf 90' lang='lat' dir='ltr'><strong>et</strong></span> <span class='ocrx_word' id='word_1_56' title='bbox 787 880 1067 935; x_wconf 82' lang='lat' dir='ltr'><strong>videamus</strong></span> <span class='ocrx_word' id='word_1_57' title='bbox 1092 878 1203 947; x_wconf 90' lang='lat' dir='ltr'><strong>jam</strong></span> <span class='ocrx_word' id='word_1_58' title='bbox 1236 887 1412 942; x_wconf 88' lang='lat' dir='ltr'><strong>natos,</strong></span> <span class='ocrx_word' id='word_1_59' title='bbox 1447 891 1557 931; x_wconf 89' lang='lat' dir='ltr'><strong>non</strong></span> <span class='ocrx_word' id='word_1_60' title='bbox 1576 875 1749 931; x_wconf 92' lang='lat' dir='ltr'><strong>solum</strong></span> <span class='ocrx_word' id='word_1_61' title='bbox 1781 876 1920 929; x_wconf 87' lang='lat' dir='ltr'><strong>intra</strong></span> <span class='ocrx_word' id='word_1_62' title='bbox 1942 889 2034 929; x_wconf 85' lang='lat' dir='ltr'><strong>oc-</strong></span> 
     </span>
    </p>
   </div>
   <div class='ocr_carea' id='block_1_10' title="bbox 445 966 2033 1039">
    <p class='ocr_par' dir='ltr' id='par_1_10' title="bbox 445 966 2033 1039">
     <span class='ocr_line' id='line_1_10' title="bbox 445 966 2033 1039; baseline -0.006 -11"><span class='ocrx_word' id='word_1_63' title='bbox 445 983 627 1028; x_wconf 89' lang='lat' dir='ltr'><strong>tavum</strong></span> <span class='ocrx_word' id='word_1_64' title='bbox 655 971 796 1026; x_wconf 89' lang='lat' dir='ltr'><strong>diem</strong></span> <span class='ocrx_word' id='word_1_65' title='bbox 826 970 1121 1024; x_wconf 83' lang='lat' dir='ltr'><strong>nativitatis</strong></span> <span class='ocrx_word' id='word_1_66' title='bbox 1160 985 1272 1025; x_wconf 66' lang='lat' dir='ltr'><strong>sua:</strong></span> <span class='ocrx_word' id='word_1_67' title='bbox 1320 970 1452 1039; x_wconf 91' lang='lat' dir='ltr'><strong>(quo</strong></span> <span class='ocrx_word' id='word_1_68' title='bbox 1482 976 1610 1021; x_wconf 89' lang='lat' dir='ltr'><strong>tunc</strong></span> <span class='ocrx_word' id='word_1_69' title='bbox 1655 975 1900 1035; x_wconf 89' lang='lat' dir='ltr'><strong>tempore</strong></span> <span class='ocrx_word' id='word_1_70' title='bbox 1926 966 2033 1021; x_wconf 86' lang='lat' dir='ltr'><strong>eir—</strong></span> 
     </span>
    </p>
   </div>
   <div class='ocr_carea' id='block_1_11' title="bbox 443 1058 2034 1133">
    <p class='ocr_par' dir='ltr' id='par_1_11' title="bbox 443 1058 2034 1133">
     <span class='ocr_line' id='line_1_11' title="bbox 443 1058 2034 1133; baseline -0.008 -12"><span class='ocrx_word' id='word_1_71' title='bbox 443 1064 674 1122; x_wconf 87' lang='lat' dir='ltr'><strong>cumcidi</strong></span> <span class='ocrx_word' id='word_1_72' title='bbox 694 1064 1020 1133; x_wconf 84' lang='lat' dir='ltr'><strong>jubebantur</strong></span> <span class='ocrx_word' id='word_1_73' title='bbox 1048 1062 1326 1130; x_wconf 83' lang='lat' dir='ltr'><strong>infantes),</strong></span> <span class='ocrx_word' id='word_1_74' title='bbox 1356 1062 1451 1116; x_wconf 88' lang='lat' dir='ltr'><strong>sed</strong></span> <span class='ocrx_word' id='word_1_75' title='bbox 1489 1060 1654 1116; x_wconf 89' lang='lat' dir='ltr'><strong>etiam</strong></span> <span class='ocrx_word' id='word_1_76' title='bbox 1690 1067 1817 1128; x_wconf 92' lang='lat' dir='ltr'><strong>post</strong></span> <span class='ocrx_word' id='word_1_77' title='bbox 1859 1058 2034 1126; x_wconf 90' lang='lat' dir='ltr'><strong>ipsum</strong></span> 
     </span>
    </p>
   </div>
   <div class='ocr_carea' id='block_1_12' title="bbox 443 1153 2037 1223">
    <p class='ocr_par' dir='ltr' id='par_1_12' title="bbox 443 1153 2037 1223">
     <span class='ocr_line' id='line_1_12' title="bbox 443 1153 2037 1223; baseline -0.005 -12"><span class='ocrx_word' id='word_1_78' title='bbox 443 1157 586 1211; x_wconf 90' lang='lat' dir='ltr'><strong>diem</strong></span> <span class='ocrx_word' id='word_1_79' title='bbox 608 1164 724 1211; x_wconf 88' lang='lat' dir='ltr'><strong>toto</strong></span> <span class='ocrx_word' id='word_1_80' title='bbox 747 1153 984 1210; x_wconf 77' lang='lat' dir='ltr'><strong>infantia:</strong></span> <span class='ocrx_word' id='word_1_81' title='bbox 1007 1169 1118 1208; x_wconf 72' lang='lat' dir='ltr'><strong>sua:</strong></span> <span class='ocrx_word' id='word_1_82' title='bbox 1148 1163 1392 1223; x_wconf 88' lang='lat' dir='ltr'><strong>tempore</strong></span> <span class='ocrx_word' id='word_1_83' title='bbox 1422 1153 1473 1207; x_wconf 90' lang='lat' dir='ltr'><strong>in</strong></span> <span class='ocrx_word' id='word_1_84' title='bbox 1506 1160 1711 1206; x_wconf 90' lang='lat' dir='ltr'><strong>tantum</strong></span> <span class='ocrx_word' id='word_1_85' title='bbox 1742 1165 1849 1204; x_wconf 91' lang='lat' dir='ltr'><strong>non</strong></span> <span class='ocrx_word' id='word_1_86' title='bbox 1880 1165 2037 1219; x_wconf 88' lang='lat' dir='ltr'><strong>posse</strong></span> 
     </span>
    </p>
   </div>
   <div class='ocr_carea' id='block_1_13' title="bbox 392 1240 2036 1323">
    <p class='ocr_par' dir='ltr' id='par_1_13' title="bbox 392 1240 2036 1323">
     <span class='ocr_line' id='line_1_13' title="bbox 392 1240 2036 1323; baseline -0.004 -22"><span class='ocrx_word' id='word_1_87' title='bbox 392 1302 398 1323; x_wconf 36' lang='grc' dir='ltr'><strong>ε</strong></span> <span class='ocrx_word' id='word_1_88' title='bbox 445 1246 850 1301; x_wconf 87' lang='lat' dir='ltr'><strong>Testamentum</strong></span> <span class='ocrx_word' id='word_1_89' title='bbox 906 1245 1001 1300; x_wconf 88' lang='lat' dir='ltr'><strong>Dei</strong></span> <span class='ocrx_word' id='word_1_90' title='bbox 1048 1243 1364 1312; x_wconf 80' lang='lat' dir='ltr'><strong>transgredi,</strong></span> <span class='ocrx_word' id='word_1_91' title='bbox 1417 1251 1474 1296; x_wconf 91' lang='lat' dir='ltr'><strong>nt</strong></span> <span class='ocrx_word' id='word_1_92' title='bbox 1520 1244 1600 1297; x_wconf 83' lang='lat' dir='ltr'><strong>eis</strong></span> <span class='ocrx_word' id='word_1_93' title='bbox 1650 1256 1751 1296; x_wconf 87' lang='lat' dir='ltr'><strong>nec</strong></span> <span class='ocrx_word' id='word_1_94' title='bbox 1795 1240 2036 1309; x_wconf 82' lang='lat' dir='ltr'><strong>ejusdem</strong></span> 
     </span>
    </p>
   </div>
   <div class='ocr_carea' id='block_1_14' title="bbox 392 1326 1538 1421">
    <p class='ocr_par' dir='ltr' id='par_1_14' title="bbox 392 1326 1538 1421">
     <span class='ocr_line' id='line_1_14' title="bbox 392 1326 1538 1421; baseline -0.001 -33"><span class='ocrx_word' id='word_1_95' title='bbox 392 1326 409 1421; x_wconf 64' lang='lat'><strong>(</strong></span> <span class='ocrx_word' id='word_1_96' title='bbox 447 1334 780 1391; x_wconf 86' lang='lat' dir='ltr'><strong>Testamenti</strong></span> <span class='ocrx_word' id='word_1_97' title='bbox 811 1336 1057 1403; x_wconf 85' lang='lat' dir='ltr'><strong>cognitio&#39;</strong></span> <span class='ocrx_word' id='word_1_98' title='bbox 1077 1335 1255 1389; x_wconf 81' lang='lat' dir='ltr'><strong>valeat</strong></span> <span class='ocrx_word' id='word_1_99' title='bbox 1284 1335 1538 1387; x_wconf 86' lang='lat' dir='ltr'><strong>intimari.</strong></span> 
     </span>
    </p>
   </div>
   <div class='ocr_carea' id='block_1_15' title="bbox 520 1444 2038 1519">
    <p class='ocr_par' dir='ltr' id='par_1_15' title="bbox 520 1444 2038 1519">
     <span class='ocr_line' id='line_1_15' title="bbox 520 1444 2038 1519; baseline -0.007 -13"><span class='ocrx_word' id='word_1_100' title='bbox 520 1449 682 1519; x_wconf 61' lang='lat'><strong>305</strong></span> <span class='ocrx_word' id='word_1_101' title='bbox 705 1449 791 1503; x_wconf 70' lang='lat'><strong>5‘2.</strong></span> <span class='ocrx_word' id='word_1_102' title='bbox 836 1449 917 1503; x_wconf 85' lang='lat' dir='ltr'><strong>An</strong></span> <span class='ocrx_word' id='word_1_103' title='bbox 947 1448 1037 1502; x_wconf 86' lang='lat' dir='ltr'><strong>illo</strong></span> <span class='ocrx_word' id='word_1_104' title='bbox 1078 1448 1361 1517; x_wconf 86' lang='lat' dir='ltr'><strong>quisquam</strong></span> <span class='ocrx_word' id='word_1_105' title='bbox 1408 1447 1553 1502; x_wconf 81' lang='lat' dir='ltr'><strong>beati</strong></span> <span class='ocrx_word' id='word_1_106' title='bbox 1600 1444 1751 1499; x_wconf 79' lang='lat' dir='ltr'><strong>Pauli</strong></span> <span class='ocrx_word' id='word_1_107' title='bbox 1787 1459 2038 1500; x_wconf 89' lang='lat' dir='ltr'><strong>sermone</strong></span> 
     </span>
    </p>
   </div>
   <div class='ocr_carea' id='block_1_16' title="bbox 451 1524 2039 1610">
    <p class='ocr_par' dir='ltr' id='par_1_16' title="bbox 451 1524 2039 1610">
     <span class='ocr_line' id='line_1_16' title="bbox 451 1524 2039 1610; baseline -0.007 -12"><span class='ocrx_word' id='word_1_108' title='bbox 451 1543 503 1599; x_wconf 90' lang='lat' dir='ltr'><strong>in</strong></span> <span class='ocrx_word' id='word_1_109' title='bbox 536 1541 772 1610; x_wconf 88' lang='lat' dir='ltr'><strong>parvulis</strong></span> <span class='ocrx_word' id='word_1_110' title='bbox 800 1554 1066 1594; x_wconf 88' lang='lat' dir='ltr'><strong>evacuare</strong></span> <span class='ocrx_word' id='word_1_111' title='bbox 1095 1540 1284 1592; x_wconf 85' lang='lat' dir='ltr'><strong>nititur</strong></span> <span class='ocrx_word' id='word_1_112' title='bbox 1312 1524 1573 1606; x_wconf 71' lang='lat' dir='ltr'><strong>originale</strong></span> <span class='ocrx_word' id='word_1_113' title='bbox 1601 1526 1901 1605; x_wconf 86' lang='lat' dir='ltr'><strong>peccatum,</strong></span> <span class='ocrx_word' id='word_1_114' title='bbox 1931 1550 2039 1600; x_wconf 86' lang='lat' dir='ltr'><strong>quo</strong></span> 
     </span>
    </p>
   </div>
   <div class='ocr_carea' id='block_1_17' title="bbox 451 1625 2036 1699">
    <p class='ocr_par' dir='ltr' id='par_1_17' title="bbox 451 1625 2036 1699">
     <span class='ocr_line' id='line_1_17' title="bbox 451 1625 2036 1699; baseline -0.005 -13"><span class='ocrx_word' id='word_1_115' title='bbox 451 1633 580 1686; x_wconf 86' lang='lat' dir='ltr'><strong>dicit</strong></span> <span class='ocrx_word' id='word_1_116' title='bbox 607 1646 860 1699; x_wconf 82' lang='lat' dir='ltr'><strong>regnasse</strong></span> <span class='ocrx_word' id='word_1_117' title='bbox 887 1638 1114 1685; x_wconf 88' lang='lat' dir='ltr'><strong>mortem</strong></span> <span class='ocrx_word' id='word_1_118' title='bbox 1164 1627 1227 1680; x_wconf 83' lang='lat' dir='ltr'><strong>ab</strong></span> <span class='ocrx_word' id='word_1_119' title='bbox 1270 1628 1435 1680; x_wconf 78' lang='lat' dir='ltr'><strong>Adam</strong></span> <span class='ocrx_word' id='word_1_120' title='bbox 1481 1644 1639 1697; x_wconf 87' lang='lat' dir='ltr'><strong>usque</strong></span> <span class='ocrx_word' id='word_1_121' title='bbox 1684 1627 1755 1679; x_wconf 88' lang='lat' dir='ltr'><strong>ad</strong></span> <span class='ocrx_word' id='word_1_122' title='bbox 1802 1625 2036 1695; x_wconf 73' lang='lat' dir='ltr'><strong>Moysen,</strong></span> 
     </span>
    </p>
   </div>
   <div class='ocr_carea' id='block_1_18' title="bbox 452 1714 2039 1790">
    <p class='ocr_par' dir='ltr' id='par_1_18' title="bbox 452 1714 2039 1790">
     <span class='ocr_line' id='line_1_18' title="bbox 452 1714 2039 1790; baseline -0.006 -15"><span class='ocrx_word' id='word_1_123' title='bbox 452 1723 608 1775; x_wconf 86' lang='lat' dir='ltr'><strong>etiam</strong></span> <span class='ocrx_word' id='word_1_124' title='bbox 636 1722 690 1773; x_wconf 90' lang='lat' dir='ltr'><strong>in</strong></span> <span class='ocrx_word' id='word_1_125' title='bbox 719 1736 811 1774; x_wconf 85' lang='lat' dir='ltr'><strong>eos</strong></span> <span class='ocrx_word' id='word_1_126' title='bbox 849 1719 936 1790; x_wconf 81' lang='lat' dir='ltr'><strong>qui</strong></span> <span class='ocrx_word' id='word_1_127' title='bbox 984 1735 1089 1771; x_wconf 90' lang='lat' dir='ltr'><strong>non</strong></span> <span class='ocrx_word' id='word_1_128' title='bbox 1141 1725 1497 1786; x_wconf 82' lang='lat' dir='ltr'><strong>peccaverunt,</strong></span> <span class='ocrx_word' id='word_1_129' title='bbox 1549 1717 1603 1767; x_wconf 88' lang='lat' dir='ltr'><strong>in</strong></span> <span class='ocrx_word' id='word_1_130' title='bbox 1650 1714 2039 1768; x_wconf 80' lang='lat' dir='ltr'><strong>similitudinem</strong></span> 
     </span>
    </p>
   </div>
   <div class='ocr_carea' id='block_1_19' title="bbox 2132 511 3735 590">
    <p class='ocr_par' dir='ltr' id='par_1_19' title="bbox 2132 511 3735 590">
     <span class='ocr_line' id='line_1_19' title="bbox 2132 511 3735 590; baseline 0.006 -25"><span class='ocrx_word' id='word_1_131' title='bbox 2132 520 2380 581; x_wconf 87' lang='lat' dir='ltr'><strong>augetur.</strong></span> <span class='ocrx_word' id='word_1_132' title='bbox 2410 511 2537 566; x_wconf 89' lang='lat' dir='ltr'><strong>Ideo</strong></span> <span class='ocrx_word' id='word_1_133' title='bbox 2568 512 2858 580; x_wconf 85' lang='lat' dir='ltr'><strong>Apostolus</strong></span> <span class='ocrx_word' id='word_1_134' title='bbox 2887 515 2963 568; x_wconf 88' lang='lat' dir='ltr'><strong>ait</strong></span> <span class='ocrx_word' id='word_1_135' title='bbox 2990 532 3001 567; x_wconf 94' lang='lat'>:</span> <span class='ocrx_word' id='word_1_136' title='bbox 3034 514 3142 570; x_wconf 72' lang='lat' dir='ltr'><strong>Lex</strong></span> <span class='ocrx_word' id='word_1_137' title='bbox 3178 520 3315 572; x_wconf 86' lang='lat' dir='ltr'><strong>enim</strong></span> <span class='ocrx_word' id='word_1_138' title='bbox 3350 523 3487 573; x_wconf 87' lang='lat' dir='ltr'><strong>iram</strong></span> <span class='ocrx_word' id='word_1_139' title='bbox 3531 538 3735 590; x_wconf 77' lang='lat' dir='ltr'><strong>opera-</strong></span> 
     </span>
    </p>
   </div>
   <div class='ocr_carea' id='block_1_20' title="bbox 2135 605 3739 687">
    <p class='ocr_par' dir='ltr' id='par_1_20' title="bbox 2135 605 3739 687">
     <span class='ocr_line' id='line_1_20' title="bbox 2135 605 3739 687; baseline 0.006 -31"><span class='ocrx_word' id='word_1_140' title='bbox 2135 613 2247 669; x_wconf 85' lang='lat' dir='ltr'><strong>tur;</strong></span> <span class='ocrx_word' id='word_1_141' title='bbox 2272 605 2360 658; x_wconf 86' lang='lat' dir='ltr'><strong>ubi</strong></span> <span class='ocrx_word' id='word_1_142' title='bbox 2388 606 2525 658; x_wconf 84' lang='lat' dir='ltr'><strong>enim</strong></span> <span class='ocrx_word' id='word_1_143' title='bbox 2552 622 2655 687; x_wconf 76' lang='lat' dir='ltr'><strong>non</strong></span> <span class='ocrx_word' id='word_1_144' title='bbox 2681 615 2757 659; x_wconf 90' lang='lat' dir='ltr'><strong>est</strong></span> <span class='ocrx_word' id='word_1_145' title='bbox 2792 606 2895 672; x_wconf 75' lang='lat' dir='ltr'><strong>lex,</strong></span> <span class='ocrx_word' id='word_1_146' title='bbox 2927 626 3017 662; x_wconf 85' lang='lat' dir='ltr'><strong>nec</strong></span> <span class='ocrx_word' id='word_1_147' title='bbox 3046 612 3405 680; x_wconf 69' lang='lat' dir='ltr'><strong>praevaricatio</strong></span> <span class='ocrx_word' id='word_1_148' title='bbox 3437 611 3622 681; x_wconf 82' lang='lat' dir='ltr'><strong>(Rom.</strong></span> <span class='ocrx_word' id='word_1_149' title='bbox 3657 630 3739 677; x_wconf 82' lang='lat' dir='ltr'><strong>tv,</strong></span> 
     </span>
    </p>
   </div>
   <div class='ocr_carea' id='block_1_21' title="bbox 2135 691 3737 773">
    <p class='ocr_par' dir='ltr' id='par_1_21' title="bbox 2135 691 3737 773">
     <span class='ocr_line' id='line_1_21' title="bbox 2135 691 3737 773; baseline 0.008 -28"><span class='ocrx_word' id='word_1_150' title='bbox 2135 691 2246 759; x_wconf 76' lang='grc'><strong>15).</strong></span> <span class='ocrx_word' id='word_1_151' title='bbox 2298 692 2441 748; x_wconf 84' lang='lat' dir='ltr'><strong>Idem</strong></span> <span class='ocrx_word' id='word_1_152' title='bbox 2481 708 2699 765; x_wconf 87' lang='lat' dir='ltr'><strong>quoque</strong></span> <span class='ocrx_word' id='word_1_153' title='bbox 2742 696 2873 751; x_wconf 80' lang='lat' dir='ltr'><strong>dicit</strong></span> <span class='ocrx_word' id='word_1_154' title='bbox 2920 695 3056 761; x_wconf 83' lang='lat' dir='ltr'><strong>Quia</strong></span> <span class='ocrx_word' id='word_1_155' title='bbox 3084 699 3168 753; x_wconf 73' lang='lat' dir='ltr'><strong>lea:</strong></span> <span class='ocrx_word' id='word_1_156' title='bbox 3196 712 3405 772; x_wconf 83' lang='lat' dir='ltr'><strong>prepter</strong></span> <span class='ocrx_word' id='word_1_157' title='bbox 3434 712 3737 773; x_wconf 83' lang='lat' dir='ltr'><strong>transgres-</strong></span> 
     </span>
    </p>
   </div>
   <div class='ocr_carea' id='block_1_22' title="bbox 2133 785 3740 859">
    <p class='ocr_par' dir='ltr' id='par_1_22' title="bbox 2133 785 3740 859">
     <span class='ocr_line' id='line_1_22' title="bbox 2133 785 3740 859; baseline 0.008 -22"><span class='ocrx_word' id='word_1_158' title='bbox 2133 785 2329 838; x_wconf 86' lang='lat' dir='ltr'><strong>sionem</strong></span> <span class='ocrx_word' id='word_1_159' title='bbox 2381 787 2552 853; x_wconf 82' lang='lat' dir='ltr'><strong>posita</strong></span> <span class='ocrx_word' id='word_1_160' title='bbox 2581 799 2661 840; x_wconf 91' lang='lat' dir='ltr'><strong>est</strong></span> <span class='ocrx_word' id='word_1_161' title='bbox 2695 786 2907 858; x_wconf 86' lang='lat' dir='ltr'><strong>(Galat.</strong></span> <span class='ocrx_word' id='word_1_162' title='bbox 2939 805 3017 852; x_wconf 68' lang='grc' dir='ltr'>ιιι,</span> <span class='ocrx_word' id='word_1_163' title='bbox 3052 790 3140 859; x_wconf 80' lang='lat' dir='ltr'><strong>l9)</strong></span> <span class='ocrx_word' id='word_1_164' title='bbox 3178 801 3255 855; x_wconf 88' lang='lat' dir='ltr'><strong>et,</strong></span> <span class='ocrx_word' id='word_1_165' title='bbox 3307 792 3443 856; x_wconf 78' lang='lat' dir='ltr'><strong>Quia</strong></span> <span class='ocrx_word' id='word_1_166' title='bbox 3472 800 3740 850; x_wconf 73' lang='lat' dir='ltr'><strong>conclusit</strong></span> 
     </span>
    </p>
   </div>
   <div class='ocr_carea' id='block_1_23' title="bbox 2136 873 3740 955">
    <p class='ocr_par' dir='ltr' id='par_1_23' title="bbox 2136 873 3740 955">
     <span class='ocr_line' id='line_1_23' title="bbox 2136 873 3740 955; baseline 0.009 -28"><span class='ocrx_word' id='word_1_167' title='bbox 2136 873 2411 944; x_wconf 80' lang='lat' dir='ltr'><strong>Scriptura</strong></span> <span class='ocrx_word' id='word_1_168' title='bbox 2440 877 2615 930; x_wconf 82' lang='lat' dir='ltr'><strong>omnia</strong></span> <span class='ocrx_word' id='word_1_169' title='bbox 2646 877 2743 931; x_wconf 88' lang='lat' dir='ltr'><strong>sub</strong></span> <span class='ocrx_word' id='word_1_170' title='bbox 2769 887 3002 947; x_wconf 81' lang='lat' dir='ltr'><strong>peccato,</strong></span> <span class='ocrx_word' id='word_1_171' title='bbox 3052 889 3107 932; x_wconf 91' lang='lat' dir='ltr'><strong>ut</strong></span> <span class='ocrx_word' id='word_1_172' title='bbox 3149 881 3460 951; x_wconf 83' lang='lat' dir='ltr'><strong>justi/icatio</strong></span> <span class='ocrx_word' id='word_1_173' title='bbox 3509 901 3575 939; x_wconf 75' lang='lat' dir='ltr'><strong>e1:</strong></span> <span class='ocrx_word' id='word_1_174' title='bbox 3626 885 3740 955; x_wconf 75' lang='lat' dir='ltr'><strong>[ide</strong></span> 
     </span>
    </p>
   </div>
   <div class='ocr_carea' id='block_1_24' title="bbox 2134 965 3739 1042">
    <p class='ocr_par' dir='ltr' id='par_1_24' title="bbox 2134 965 3739 1042">
     <span class='ocr_line' id='line_1_24' title="bbox 2134 965 3739 1042; baseline 0.007 -24"><span class='ocrx_word' id='word_1_175' title='bbox 2134 965 2258 1020; x_wconf 79' lang='lat' dir='ltr'><strong>Jesu</strong></span> <span class='ocrx_word' id='word_1_176' title='bbox 2289 965 2480 1021; x_wconf 88' lang='lat' dir='ltr'><strong>Christi</strong></span> <span class='ocrx_word' id='word_1_177' title='bbox 2507 967 2729 1020; x_wconf 81' lang='lat' dir='ltr'><strong>daretur</strong></span> <span class='ocrx_word' id='word_1_178' title='bbox 2743 968 3064 1023; x_wconf 87' lang='lat' dir='ltr'><strong>credentibus</strong></span> <span class='ocrx_word' id='word_1_179' title='bbox 3094 969 3414 1042; x_wconf 71' lang='lat' dir='ltr'><strong>(lbid..22).</strong></span> <span class='ocrx_word' id='word_1_180' title='bbox 3438 972 3739 1040; x_wconf 81' lang='lat' dir='ltr'><strong>Quomodo</strong></span> 
     </span>
    </p>
   </div>
   <div class='ocr_carea' id='block_1_25' title="bbox 2137 1055 3891 1133">
    <p class='ocr_par' dir='ltr' id='par_1_25' title="bbox 2137 1055 3891 1133">
     <span class='ocr_line' id='line_1_25' title="bbox 2137 1055 3891 1133; baseline 0.006 -24"><span class='ocrx_word' id='word_1_181' title='bbox 2137 1055 2299 1124; x_wconf 78' lang='lat' dir='ltr'><strong>igitur</strong></span> <span class='ocrx_word' id='word_1_182' title='bbox 2325 1057 2399 1111; x_wconf 86' lang='lat' dir='ltr'><strong>de</strong></span> <span class='ocrx_word' id='word_1_183' title='bbox 2422 1057 2778 1126; x_wconf 82' lang='lat' dir='ltr'><strong>possibilitate</strong></span> <span class='ocrx_word' id='word_1_184' title='bbox 2807 1055 2834 1095; x_wconf 72' lang='grc' dir='ltr'>ἀ</span> <span class='ocrx_word' id='word_1_185' title='bbox 2864 1059 3031 1114; x_wconf 89' lang='lat' dir='ltr'><strong>solius</strong></span> <span class='ocrx_word' id='word_1_186' title='bbox 3059 1060 3211 1115; x_wconf 83' lang='lat' dir='ltr'><strong>liberi</strong></span> <span class='ocrx_word' id='word_1_187' title='bbox 3262 1064 3466 1116; x_wconf 82' lang='lat' dir='ltr'><strong>arbitrii</strong></span> <span class='ocrx_word' id='word_1_188' title='bbox 3508 1065 3576 1133; x_wconf 90' lang='lat' dir='ltr'><strong>(si</strong></span> <span class='ocrx_word' id='word_1_189' title='bbox 3625 1080 3740 1119; x_wconf 79' lang='lat' dir='ltr'><strong>non</strong></span> <span class='ocrx_word' id='word_1_190' title='bbox 3810 1058 3813 1059; x_wconf 48' lang='grc'><strong><em>⁷</em></strong></span> <span class='ocrx_word' id='word_1_191' title='bbox 3881 1110 3891 1120; x_wconf 93' lang='grc'><strong>.</strong></span> 
     </span>
    </p>
   </div>
   <div class='ocr_carea' id='block_1_26' title="bbox 2138 1148 3745 1222">
    <p class='ocr_par' dir='ltr' id='par_1_26' title="bbox 2138 1148 3745 1222">
     <span class='ocr_line' id='line_1_26' title="bbox 2138 1148 3745 1222; baseline 0.006 -21"><span class='ocrx_word' id='word_1_192' title='bbox 2138 1149 2497 1217; x_wconf 63' lang='lat' dir='ltr'><strong>praeveniatur</strong></span> <span class='ocrx_word' id='word_1_193' title='bbox 2524 1148 2792 1216; x_wconf 75' lang='lat' dir='ltr'><strong>adiutorio</strong></span> <span class='ocrx_word' id='word_1_194' title='bbox 2813 1151 2995 1217; x_wconf 70' lang='lat' dir='ltr'><strong>gratiae</strong></span> <span class='ocrx_word' id='word_1_195' title='bbox 3018 1151 3131 1216; x_wconf 89' lang='lat' dir='ltr'><strong>Dei,</strong></span> <span class='ocrx_word' id='word_1_196' title='bbox 3166 1168 3262 1221; x_wconf 87' lang='lat' dir='ltr'><strong>per</strong></span> <span class='ocrx_word' id='word_1_197' title='bbox 3288 1168 3448 1222; x_wconf 89' lang='lat' dir='ltr'><strong>quam</strong></span> <span class='ocrx_word' id='word_1_198' title='bbox 3474 1157 3623 1210; x_wconf 86' lang='lat' dir='ltr'><strong>bona</strong></span> <span class='ocrx_word' id='word_1_199' title='bbox 3647 1173 3745 1211; x_wconf 79' lang='lat' dir='ltr'><strong>vo-</strong></span> 
     </span>
    </p>
   </div>
   <div class='ocr_carea' id='block_1_27' title="bbox 2138 1239 3741 1313">
    <p class='ocr_par' dir='ltr' id='par_1_27' title="bbox 2138 1239 3741 1313">
     <span class='ocr_line' id='line_1_27' title="bbox 2138 1239 3741 1313; baseline 0.008 -22"><span class='ocrx_word' id='word_1_200' title='bbox 2138 1239 2315 1293; x_wconf 87' lang='lat' dir='ltr'><strong>luntas</strong></span> <span class='ocrx_word' id='word_1_201' title='bbox 2335 1248 2619 1309; x_wconf 83' lang='lat' dir='ltr'><strong>reparatur</strong></span> <span class='ocrx_word' id='word_1_202' title='bbox 2647 1249 2703 1294; x_wconf 87' lang='lat' dir='ltr'><strong>et</strong></span> <span class='ocrx_word' id='word_1_203' title='bbox 2722 1250 2967 1295; x_wconf 80' lang='lat' dir='ltr'><strong>servatur</strong></span> <span class='ocrx_word' id='word_1_204' title='bbox 2995 1243 3046 1296; x_wconf 92' lang='lat' dir='ltr'><strong>in</strong></span> <span class='ocrx_word' id='word_1_205' title='bbox 3076 1244 3314 1313; x_wconf 90' lang='lat' dir='ltr'><strong>homine)</strong></span> <span class='ocrx_word' id='word_1_206' title='bbox 3347 1254 3539 1302; x_wconf 88' lang='lat' dir='ltr'><strong>natura</strong></span> <span class='ocrx_word' id='word_1_207' title='bbox 3575 1256 3741 1304; x_wconf 85' lang='lat' dir='ltr'><strong>tanto</strong></span> 
     </span>
    </p>
   </div>
   <div class='ocr_carea' id='block_1_28' title="bbox 2140 1330 3741 1405">
    <p class='ocr_par' dir='ltr' id='par_1_28' title="bbox 2140 1330 3741 1405">
     <span class='ocr_line' id='line_1_28' title="bbox 2140 1330 3741 1405; baseline 0.007 -22"><span class='ocrx_word' id='word_1_208' title='bbox 2140 1331 2311 1398; x_wconf 89' lang='lat' dir='ltr'><strong>magis</strong></span> <span class='ocrx_word' id='word_1_209' title='bbox 2337 1330 2591 1398; x_wconf 85' lang='lat' dir='ltr'><strong>superba,</strong></span> <span class='ocrx_word' id='word_1_210' title='bbox 2623 1340 2829 1399; x_wconf 89' lang='lat' dir='ltr'><strong>quanto</strong></span> <span class='ocrx_word' id='word_1_211' title='bbox 2860 1334 3031 1403; x_wconf 90' lang='lat' dir='ltr'><strong>magis</strong></span> <span class='ocrx_word' id='word_1_212' title='bbox 3058 1334 3296 1389; x_wconf 90' lang='lat' dir='ltr'><strong>dominio</strong></span> <span class='ocrx_word' id='word_1_213' title='bbox 3326 1339 3533 1405; x_wconf 81' lang='lat' dir='ltr'><strong>peccati</strong></span> <span class='ocrx_word' id='word_1_214' title='bbox 3576 1355 3741 1394; x_wconf 86' lang='lat' dir='ltr'><strong>mor--</strong></span> 
     </span>
    </p>
   </div>
   <div class='ocr_carea' id='block_1_29' title="bbox 2141 1422 3744 1496">
    <p class='ocr_par' dir='ltr' id='par_1_29' title="bbox 2141 1422 3744 1496">
     <span class='ocr_line' id='line_1_29' title="bbox 2141 1422 3744 1496; baseline 0.007 -22"><span class='ocrx_word' id='word_1_215' title='bbox 2141 1423 2289 1490; x_wconf 85' lang='lat' dir='ltr'><strong>tique</strong></span> <span class='ocrx_word' id='word_1_216' title='bbox 2316 1422 2577 1491; x_wconf 86' lang='lat' dir='ltr'><strong>subjecta,</strong></span> <span class='ocrx_word' id='word_1_217' title='bbox 2608 1426 3137 1496; x_wconf 85' lang='lat' dir='ltr'><strong>quantulumcunque</strong></span> <span class='ocrx_word' id='word_1_218' title='bbox 3165 1429 3267 1483; x_wconf 90' lang='lat' dir='ltr'><strong>sibi</strong></span> <span class='ocrx_word' id='word_1_219' title='bbox 3294 1430 3453 1484; x_wconf 75' lang='lat' dir='ltr'><strong>bonae</strong></span> <span class='ocrx_word' id='word_1_220' title='bbox 3476 1432 3744 1486; x_wconf 79' lang='lat' dir='ltr'><strong>volunta-</strong></span> 
     </span>
    </p>
   </div>
   <div class='ocr_carea' id='block_1_30' title="bbox 2144 1514 3747 1594">
    <p class='ocr_par' dir='ltr' id='par_1_30' title="bbox 2144 1514 3747 1594">
     <span class='ocr_line' id='line_1_30' title="bbox 2144 1514 3747 1594; baseline 0.008 -28"><span class='ocrx_word' id='word_1_221' title='bbox 2144 1516 2212 1568; x_wconf 88' lang='lat' dir='ltr'><strong>tis</strong></span> <span class='ocrx_word' id='word_1_222' title='bbox 2237 1523 2296 1569; x_wconf 89' lang='lat' dir='ltr'><strong>et</strong></span> <span class='ocrx_word' id='word_1_223' title='bbox 2313 1516 2494 1583; x_wconf 83' lang='lat' dir='ltr'><strong>operis</strong></span> <span class='ocrx_word' id='word_1_224' title='bbox 2518 1514 2797 1570; x_wconf 84' lang='lat' dir='ltr'><strong>exordium</strong></span> <span class='ocrx_word' id='word_1_225' title='bbox 2825 1520 3170 1588; x_wconf 83' lang='lat' dir='ltr'><strong>repromittit,</strong></span> <span class='ocrx_word' id='word_1_226' title='bbox 3202 1532 3322 1589; x_wconf 76' lang='lat' dir='ltr'><strong>qute</strong></span> <span class='ocrx_word' id='word_1_227' title='bbox 3344 1535 3444 1576; x_wconf 91' lang='lat' dir='ltr'><strong>nec</strong></span> <span class='ocrx_word' id='word_1_228' title='bbox 3470 1537 3606 1579; x_wconf 84' lang='lat' dir='ltr'><strong>sana</strong></span> <span class='ocrx_word' id='word_1_229' title='bbox 3640 1540 3747 1594; x_wconf 64' lang='grc' dir='ltr'><strong>ρος</strong></span> 
     </span>
    </p>
   </div>
   <div class='ocr_carea' id='block_1_31' title="bbox 2142 1606 3745 1684">
    <p class='ocr_par' dir='ltr' id='par_1_31' title="bbox 2142 1606 3745 1684">
     <span class='ocr_line' id='line_1_31' title="bbox 2142 1606 3745 1684; baseline 0.007 -25"><span class='ocrx_word' id='word_1_230' title='bbox 2142 1608 2244 1659; x_wconf 83' lang='lat' dir='ltr'><strong>tuit</strong></span> <span class='ocrx_word' id='word_1_231' title='bbox 2282 1606 2378 1661; x_wconf 86' lang='lat' dir='ltr'><strong>Dei</strong></span> <span class='ocrx_word' id='word_1_232' title='bbox 2419 1622 2639 1663; x_wconf 89' lang='lat' dir='ltr'><strong>servare</strong></span> <span class='ocrx_word' id='word_1_233' title='bbox 2692 1608 3019 1676; x_wconf 87' lang='lat' dir='ltr'><strong>mandatum,</strong></span> <span class='ocrx_word' id='word_1_234' title='bbox 3049 1625 3150 1666; x_wconf 91' lang='lat' dir='ltr'><strong>nec</strong></span> <span class='ocrx_word' id='word_1_235' title='bbox 3176 1612 3457 1667; x_wconf 87' lang='lat' dir='ltr'><strong>vulnerata</strong></span> <span class='ocrx_word' id='word_1_236' title='bbox 3493 1625 3745 1684; x_wconf 87' lang='lat' dir='ltr'><strong>quantu—</strong></span> 
     </span>
    </p>
   </div>
   <div class='ocr_carea' id='block_1_32' title="bbox 2146 1697 3745 1771">
    <p class='ocr_par' dir='ltr' id='par_1_32' title="bbox 2146 1697 3745 1771">
     <span class='ocr_line' id='line_1_32' title="bbox 2146 1697 3745 1771; baseline 0.007 -22"><span class='ocrx_word' id='word_1_237' title='bbox 2146 1697 2468 1765; x_wconf 88' lang='lat' dir='ltr'><strong>lumcunque</strong></span> <span class='ocrx_word' id='word_1_238' title='bbox 2514 1699 2810 1753; x_wconf 89' lang='lat' dir='ltr'><strong>curationis</strong></span> <span class='ocrx_word' id='word_1_239' title='bbox 2851 1701 3080 1770; x_wconf 84' lang='lat' dir='ltr'><strong>sumpsit</strong></span> <span class='ocrx_word' id='word_1_240' title='bbox 3124 1700 3192 1755; x_wconf 90' lang='lat' dir='ltr'><strong>de</strong></span> <span class='ocrx_word' id='word_1_241' title='bbox 3237 1701 3356 1769; x_wconf 86' lang='lat' dir='ltr'><strong>lege</strong></span> <span class='ocrx_word' id='word_1_242' title='bbox 3401 1704 3745 1771; x_wconf 79' lang='lat' dir='ltr'><strong>remedium,</strong></span> 
     </span>
    </p>
   </div>
   <div class='ocr_carea' id='block_1_33' title="bbox 453 1788 2046 1882">
    <p class='ocr_par' dir='ltr' id='par_1_33' title="bbox 453 1788 2040 1882">
     <span class='ocr_line' id='line_1_33' title="bbox 453 1788 2040 1882; baseline -0.004 -17"><span class='ocrx_word' id='word_1_243' title='bbox 453 1788 893 1882; x_wconf 72' lang='lat' dir='ltr'><strong>prmuaricationis</strong></span> <span class='ocrx_word' id='word_1_244' title='bbox 922 1809 1050 1863; x_wconf 64' lang='lat' dir='ltr'><strong>Adin</strong></span> <span class='ocrx_word' id='word_1_245' title='bbox 1080 1807 1255 1861; x_wconf 81' lang='lat' dir='ltr'><strong>(Rom.</strong></span> <span class='ocrx_word' id='word_1_246' title='bbox 1290 1824 1342 1874; x_wconf 92' lang='lat' dir='ltr'><strong>v,</strong></span> <span class='ocrx_word' id='word_1_247' title='bbox 1378 1805 1500 1871; x_wconf 64' lang='lat' dir='ltr'><strong>ll)?</strong></span> <span class='ocrx_word' id='word_1_248' title='bbox 1529 1805 1624 1860; x_wconf 87' lang='lat' dir='ltr'><strong>Cui</strong></span> <span class='ocrx_word' id='word_1_249' title='bbox 1649 1807 1694 1859; x_wconf 91' lang='lat' dir='ltr'><strong>si</strong></span> <span class='ocrx_word' id='word_1_250' title='bbox 1723 1804 1884 1859; x_wconf 82' lang='lat' dir='ltr'><strong>fuerit</strong></span> <span class='ocrx_word' id='word_1_251' title='bbox 1912 1804 2040 1858; x_wconf 79' lang='lat' dir='ltr'><strong>illud</strong></span> 
     </span>
    </p>
   </div>
   <div class='ocr_carea' id='block_1_34' title="bbox 2154 1788 3747 1882">
    <p class='ocr_par' dir='ltr' id='par_1_34' title="bbox 2154 1788 3747 1864">
     <span class='ocr_line' id='line_1_34' title="bbox 2154 1788 3747 1864; baseline 0.008 -22"><span class='ocrx_word' id='word_1_252' title='bbox 2154 1788 2239 1842; x_wconf 74' lang='lat' dir='ltr'><strong>sed</strong></span> <span class='ocrx_word' id='word_1_253' title='bbox 2264 1788 2484 1857; x_wconf 88' lang='lat' dir='ltr'><strong>insuper</strong></span> <span class='ocrx_word' id='word_1_254' title='bbox 2510 1790 2660 1844; x_wconf 81' lang='lat' dir='ltr'><strong>auxit</strong></span> <span class='ocrx_word' id='word_1_255' title='bbox 2686 1790 2918 1846; x_wconf 86' lang='lat' dir='ltr'><strong>mandati</strong></span> <span class='ocrx_word' id='word_1_256' title='bbox 2952 1793 3258 1859; x_wconf 85' lang='lat' dir='ltr'><strong>cognitione</strong></span> <span class='ocrx_word' id='word_1_257' title='bbox 3284 1799 3601 1864; x_wconf 85' lang='lat' dir='ltr'><strong>peccatum?</strong></span> <span class='ocrx_word' id='word_1_258' title='bbox 3625 1797 3747 1854; x_wconf 72' lang='lat' dir='ltr'><strong>Lex</strong></span> 
     </span>
    </p>
   </div>
   <div class='ocr_carea' id='block_1_35' title="bbox 454 1895 2035 1969">
    <p class='ocr_par' dir='ltr' id='par_1_35' title="bbox 454 1895 2035 1969">
     <span class='ocr_line' id='line_1_35' title="bbox 454 1895 2035 1969; baseline -0.005 -15"><span class='ocrx_word' id='word_1_259' title='bbox 454 1901 761 1956; x_wconf 89' lang='lat' dir='ltr'><strong>econtrario</strong></span> <span class='ocrx_word' id='word_1_260' title='bbox 804 1900 1147 1969; x_wconf 87' lang='lat' dir='ltr'><strong>replicatum,</strong></span> <span class='ocrx_word' id='word_1_261' title='bbox 1202 1898 1347 1966; x_wconf 86' lang='lat' dir='ltr'><strong>quod</strong></span> <span class='ocrx_word' id='word_1_262' title='bbox 1398 1898 1539 1951; x_wconf 85' lang='lat' dir='ltr'><strong>idem</strong></span> <span class='ocrx_word' id='word_1_263' title='bbox 1590 1896 1878 1965; x_wconf 83' lang='lat' dir='ltr'><strong>Apostolus</strong></span> <span class='ocrx_word' id='word_1_264' title='bbox 1923 1895 2035 1948; x_wconf 87' lang='lat' dir='ltr'><strong>ait:</strong></span> 
     </span>
    </p>
   </div>
   <div class='ocr_carea' id='block_1_36' title="bbox 455 1988 2039 2045">
    <p class='ocr_par' dir='ltr' id='par_1_36' title="bbox 455 1988 2039 2045">
     <span class='ocr_line' id='line_1_36' title="bbox 455 1988 2039 2045; baseline -0.003 0"><span class='ocrx_word' id='word_1_265' title='bbox 455 1991 562 2045; x_wconf 90' lang='lat' dir='ltr'><strong>Per</strong></span> <span class='ocrx_word' id='word_1_266' title='bbox 581 1993 733 2044; x_wconf 85' lang='lat' dir='ltr'><strong>unius</strong></span> <span class='ocrx_word' id='word_1_267' title='bbox 762 1991 1004 2044; x_wconf 80' lang='lat' dir='ltr'><strong>delictum</strong></span> <span class='ocrx_word' id='word_1_268' title='bbox 1029 1992 1085 2044; x_wconf 88' lang='lat' dir='ltr'><strong>in</strong></span> <span class='ocrx_word' id='word_1_269' title='bbox 1114 2007 1291 2044; x_wconf 87' lang='lat' dir='ltr'><strong>omnes</strong></span> <span class='ocrx_word' id='word_1_270' title='bbox 1313 1990 1541 2043; x_wconf 86' lang='lat' dir='ltr'><strong>homines</strong></span> <span class='ocrx_word' id='word_1_271' title='bbox 1570 1991 1624 2042; x_wconf 88' lang='lat' dir='ltr'><strong>in</strong></span> <span class='ocrx_word' id='word_1_272' title='bbox 1651 1988 2039 2043; x_wconf 85' lang='lat' dir='ltr'><strong>condemnatio-</strong></span> 
     </span>
    </p>
   </div>
   <div class='ocr_carea' id='block_1_37' title="bbox 458 2078 2041 2150">
    <p class='ocr_par' dir='ltr' id='par_1_37' title="bbox 458 2078 2041 2150">
     <span class='ocr_line' id='line_1_37' title="bbox 458 2078 2041 2150; baseline -0.003 -16"><span class='ocrx_word' id='word_1_273' title='bbox 458 2099 574 2135; x_wconf 85' lang='lat' dir='ltr'><strong>nem</strong></span> <span class='ocrx_word' id='word_1_274' title='bbox 607 2081 797 2150; x_wconf 66' lang='lat' dir='ltr'><strong>(Ibid,</strong></span> <span class='ocrx_word' id='word_1_275' title='bbox 832 2081 955 2147; x_wconf 82' lang='lat' dir='ltr'><strong>l8);</strong></span> <span class='ocrx_word' id='word_1_276' title='bbox 986 2081 1134 2150; x_wconf 88' lang='lat' dir='ltr'><strong>quod</strong></span> <span class='ocrx_word' id='word_1_277' title='bbox 1156 2082 1315 2150; x_wconf 90' lang='lat' dir='ltr'><strong>paulo</strong></span> <span class='ocrx_word' id='word_1_278' title='bbox 1343 2089 1467 2150; x_wconf 86' lang='lat' dir='ltr'><strong>post</strong></span> <span class='ocrx_word' id='word_1_279' title='bbox 1491 2095 1769 2149; x_wconf 79' lang='lat' dir='ltr'><strong>exponens</strong></span> <span class='ocrx_word' id='word_1_280' title='bbox 1797 2080 1873 2132; x_wconf 89' lang='lat' dir='ltr'><strong>ait</strong></span> <span class='ocrx_word' id='word_1_281' title='bbox 1896 2097 1908 2130; x_wconf 91' lang='lat'><strong>:</strong></span> <span class='ocrx_word' id='word_1_282' title='bbox 1938 2078 2041 2131; x_wconf 81' lang='lat' dir='ltr'><strong>Per</strong></span> 
     </span>
    </p>
   </div>
   <div class='ocr_carea' id='block_1_38' title="bbox 455 2156 2042 2239">
    <p class='ocr_par' dir='ltr' id='par_1_38' title="bbox 455 2156 2042 2239">
     <span class='ocr_line' id='line_1_38' title="bbox 455 2156 2042 2239; baseline -0.002 -14"><span class='ocrx_word' id='word_1_283' title='bbox 455 2170 861 2226; x_wconf 86' lang='lat' dir='ltr'><strong>inobedientiam</strong></span> <span class='ocrx_word' id='word_1_284' title='bbox 886 2156 1047 2225; x_wconf 36' lang='lat' dir='ltr'><strong>unius.</strong></span> <span class='ocrx_word' id='word_1_285' title='bbox 1069 2171 1288 2225; x_wconf 77' lang='lat' dir='ltr'><strong>hominis</strong></span> <span class='ocrx_word' id='word_1_286' title='bbox 1317 2181 1610 2239; x_wconf 87' lang='lat' dir='ltr'><strong>peccatores</strong></span> <span class='ocrx_word' id='word_1_287' title='bbox 1637 2171 1903 2224; x_wconf 76' lang='lat' dir='ltr'><strong>constituti</strong></span> <span class='ocrx_word' id='word_1_288' title='bbox 1924 2178 2042 2223; x_wconf 88' lang='lat' dir='ltr'><strong>sunt</strong></span> 
     </span>
    </p>
   </div>
   <div class='ocr_carea' id='block_1_39' title="bbox 457 2258 2045 2332">
    <p class='ocr_par' dir='ltr' id='par_1_39' title="bbox 457 2258 2045 2332">
     <span class='ocr_line' id='line_1_39' title="bbox 457 2258 2045 2332; baseline -0.001 -18"><span class='ocrx_word' id='word_1_289' title='bbox 457 2262 607 2314; x_wconf 85' lang='lat' dir='ltr'><strong>multi</strong></span> <span class='ocrx_word' id='word_1_290' title='bbox 635 2260 820 2332; x_wconf 67' lang='lat' dir='ltr'><strong>(Ibid,</strong></span> <span class='ocrx_word' id='word_1_291' title='bbox 854 2261 973 2329; x_wconf 75' lang='lat' dir='ltr'><strong>l9);</strong></span> <span class='ocrx_word' id='word_1_292' title='bbox 1005 2270 1061 2315; x_wconf 93' lang='lat' dir='ltr'><strong>et</strong></span> <span class='ocrx_word' id='word_1_293' title='bbox 1088 2277 1208 2315; x_wconf 88' lang='lat' dir='ltr'><strong>cum</strong></span> <span class='ocrx_word' id='word_1_294' title='bbox 1236 2262 1303 2315; x_wconf 88' lang='lat' dir='ltr'><strong>de</strong></span> <span class='ocrx_word' id='word_1_295' title='bbox 1331 2260 1527 2314; x_wconf 77' lang='lat' dir='ltr'><strong>Judzeis</strong></span> <span class='ocrx_word' id='word_1_296' title='bbox 1554 2268 1715 2328; x_wconf 90' lang='lat' dir='ltr'><strong>atque</strong></span> <span class='ocrx_word' id='word_1_297' title='bbox 1736 2258 1936 2315; x_wconf 67' lang='lat' dir='ltr'><strong>ercis</strong></span> <span class='ocrx_word' id='word_1_298' title='bbox 1963 2260 2045 2313; x_wconf 91' lang='lat' dir='ltr'><strong>lo-</strong></span> 
     </span>
    </p>
   </div>
   <div class='ocr_carea' id='block_1_40' title="bbox 458 2350 2045 2421">
    <p class='ocr_par' dir='ltr' id='par_1_40' title="bbox 458 2350 2045 2421">
     <span class='ocr_line' id='line_1_40' title="bbox 458 2350 2045 2421; baseline -0.001 -16"><span class='ocrx_word' id='word_1_299' title='bbox 458 2359 739 2420; x_wconf 73' lang='lat' dir='ltr'><strong>queretur,</strong></span> <span class='ocrx_word' id='word_1_300' title='bbox 781 2352 1106 2419; x_wconf 73' lang='lat' dir='ltr'><strong>generaliter</strong></span> <span class='ocrx_word' id='word_1_301' title='bbox 1148 2353 1360 2405; x_wconf 88' lang='lat' dir='ltr'><strong>intulit:</strong></span> <span class='ocrx_word' id='word_1_302' title='bbox 1396 2350 1585 2405; x_wconf 82' lang='lat' dir='ltr'><strong>Omnes</strong></span> <span class='ocrx_word' id='word_1_303' title='bbox 1621 2351 1757 2405; x_wconf 87' lang='lat' dir='ltr'><strong>enim</strong></span> <span class='ocrx_word' id='word_1_304' title='bbox 1805 2366 2045 2421; x_wconf 74' lang='lat' dir='ltr'><strong>peccave—</strong></span> 
     </span>
    </p>
   </div>
   <div class='ocr_carea' id='block_1_41' title="bbox 457 2443 2044 2515">
    <p class='ocr_par' dir='ltr' id='par_1_41' title="bbox 457 2443 2044 2515">
     <span class='ocr_line' id='line_1_41' title="bbox 457 2443 2044 2515; baseline -0.001 -18"><span class='ocrx_word' id='word_1_305' title='bbox 457 2452 581 2497; x_wconf 85' lang='lat' dir='ltr'><strong>runt</strong></span> <span class='ocrx_word' id='word_1_306' title='bbox 608 2453 660 2497; x_wconf 89' lang='lat' dir='ltr'><strong>et</strong></span> <span class='ocrx_word' id='word_1_307' title='bbox 686 2454 837 2515; x_wconf 87' lang='lat' dir='ltr'><strong>egent</strong></span> <span class='ocrx_word' id='word_1_308' title='bbox 865 2445 1032 2513; x_wconf 81' lang='lat' dir='ltr'><strong>gloria</strong></span> <span class='ocrx_word' id='word_1_309' title='bbox 1060 2443 1180 2510; x_wconf 90' lang='lat' dir='ltr'><strong>Dei,</strong></span> <span class='ocrx_word' id='word_1_310' title='bbox 1204 2445 1483 2515; x_wconf 83' lang='lat' dir='ltr'><strong>justiﬁcati</strong></span> <span class='ocrx_word' id='word_1_311' title='bbox 1511 2446 1675 2515; x_wconf 88' lang='lat' dir='ltr'><strong>gratis</strong></span> <span class='ocrx_word' id='word_1_312' title='bbox 1702 2460 1793 2513; x_wconf 89' lang='lat' dir='ltr'><strong>per</strong></span> <span class='ocrx_word' id='word_1_313' title='bbox 1822 2446 2044 2512; x_wconf 83' lang='lat' dir='ltr'><strong>gratiam</strong></span> 
     </span>
    </p>
   </div>
   <div class='ocr_carea' id='block_1_42' title="bbox 456 2534 2045 2606">
    <p class='ocr_par' dir='ltr' id='par_1_42' title="bbox 456 2534 2045 2606">
     <span class='ocr_line' id='line_1_42' title="bbox 456 2534 2045 2606; baseline -0.002 -16"><span class='ocrx_word' id='word_1_314' title='bbox 456 2537 643 2606; x_wconf 85' lang='lat' dir='ltr'><strong>ipsius,</strong></span> <span class='ocrx_word' id='word_1_315' title='bbox 700 2554 791 2606; x_wconf 90' lang='lat' dir='ltr'><strong>per</strong></span> <span class='ocrx_word' id='word_1_316' title='bbox 837 2537 1238 2606; x_wconf 84' lang='lat' dir='ltr'><strong>redemptionem</strong></span> <span class='ocrx_word' id='word_1_317' title='bbox 1283 2553 1398 2605; x_wconf 72' lang='lat' dir='ltr'><strong>quae</strong></span> <span class='ocrx_word' id='word_1_318' title='bbox 1450 2546 1531 2590; x_wconf 83' lang='lat' dir='ltr'><strong>est</strong></span> <span class='ocrx_word' id='word_1_319' title='bbox 1574 2538 1627 2590; x_wconf 87' lang='lat' dir='ltr'><strong>in</strong></span> <span class='ocrx_word' id='word_1_320' title='bbox 1676 2534 1883 2589; x_wconf 77' lang='lat' dir='ltr'><strong>Christo</strong></span> <span class='ocrx_word' id='word_1_321' title='bbox 1918 2535 2045 2588; x_wconf 84' lang='lat' dir='ltr'><strong>Jesu</strong></span> 
     </span>
    </p>
   </div>
   <div class='ocr_carea' id='block_1_43' title="bbox 460 2615 2048 2698">
    <p class='ocr_par' dir='ltr' id='par_1_43' title="bbox 460 2615 2048 2698">
     <span class='ocr_line' id='line_1_43' title="bbox 460 2615 2048 2698; baseline -0.001 -17"><span class='ocrx_word' id='word_1_322' title='bbox 460 2626 638 2698; x_wconf 91' lang='lat' dir='ltr'><strong>(Rom.</strong></span> <span class='ocrx_word' id='word_1_323' title='bbox 669 2643 745 2691; x_wconf 83' lang='lat' dir='ltr'><strong>Ill,</strong></span> <span class='ocrx_word' id='word_1_324' title='bbox 780 2627 887 2689; x_wconf 69' lang='lat'><strong>25)</strong></span> <span class='ocrx_word' id='word_1_325' title='bbox 921 2627 985 2680; x_wconf 60' lang='grc' dir='ltr'><strong>ῦς</strong></span> <span class='ocrx_word' id='word_1_326' title='bbox 1031 2615 1209 2683; x_wconf 76' lang='lat' dir='ltr'><strong>nonne</strong></span> <span class='ocrx_word' id='word_1_327' title='bbox 1252 2628 1393 2691; x_wconf 82' lang='lat' dir='ltr'><strong>illico</strong></span> <span class='ocrx_word' id='word_1_328' title='bbox 1442 2630 1493 2682; x_wconf 84' lang='lat' dir='ltr'><strong>in</strong></span> <span class='ocrx_word' id='word_1_329' title='bbox 1537 2642 1761 2696; x_wconf 89' lang='lat' dir='ltr'><strong>magnas</strong></span> <span class='ocrx_word' id='word_1_330' title='bbox 1806 2627 2048 2681; x_wconf 87' lang='lat' dir='ltr'><strong>trudetur</strong></span> 
     </span>
    </p>
   </div>
   <div class='ocr_carea' id='block_1_44' title="bbox 460 2717 2048 2789">
    <p class='ocr_par' dir='ltr' id='par_1_44' title="bbox 460 2717 2048 2789">
     <span class='ocr_line' id='line_1_44' title="bbox 460 2717 2048 2789; baseline 0 -19"><span class='ocrx_word' id='word_1_331' title='bbox 460 2718 751 2785; x_wconf 88' lang='lat' dir='ltr'><strong>angustias,</strong></span> <span class='ocrx_word' id='word_1_332' title='bbox 777 2718 823 2771; x_wconf 88' lang='lat' dir='ltr'><strong>si</strong></span> <span class='ocrx_word' id='word_1_333' title='bbox 854 2734 961 2770; x_wconf 88' lang='lat' dir='ltr'><strong>non</strong></span> <span class='ocrx_word' id='word_1_334' title='bbox 1002 2725 1287 2787; x_wconf 88' lang='lat' dir='ltr'><strong>utrumque</strong></span> <span class='ocrx_word' id='word_1_335' title='bbox 1328 2733 1544 2772; x_wconf 89' lang='lat' dir='ltr'><strong>sensum</strong></span> <span class='ocrx_word' id='word_1_336' title='bbox 1585 2717 1877 2774; x_wconf 87' lang='lat' dir='ltr'><strong>secundum</strong></span> <span class='ocrx_word' id='word_1_337' title='bbox 1920 2732 2048 2789; x_wconf 89' lang='lat' dir='ltr'><strong>pro-</strong></span> 
     </span>
    </p>
   </div>
   <div class='ocr_carea' id='block_1_45' title="bbox 458 2809 2049 2878">
    <p class='ocr_par' dir='ltr' id='par_1_45' title="bbox 458 2809 2049 2878">
     <span class='ocr_line' id='line_1_45' title="bbox 458 2809 2049 2878; baseline 0 -16"><span class='ocrx_word' id='word_1_338' title='bbox 458 2810 749 2864; x_wconf 81' lang='lat' dir='ltr'><strong>fessionem</strong></span> <span class='ocrx_word' id='word_1_339' title='bbox 770 2809 1050 2864; x_wconf 55' lang='lat' dir='ltr'><strong>catholica</strong></span> <span class='ocrx_word' id='word_1_340' title='bbox 1075 2809 1412 2864; x_wconf 88' lang='lat' dir='ltr'><strong>credulitatis</strong></span> <span class='ocrx_word' id='word_1_341' title='bbox 1433 2810 1733 2878; x_wconf 86' lang='lat' dir='ltr'><strong>acceperit;</strong></span> <span class='ocrx_word' id='word_1_342' title='bbox 1767 2817 1823 2863; x_wconf 93' lang='lat' dir='ltr'><strong>ut</strong></span> <span class='ocrx_word' id='word_1_343' title='bbox 1845 2809 2049 2864; x_wconf 79' lang='lat' dir='ltr'><strong>scilicet</strong></span> 
     </span>
    </p>
   </div>
   <div class='ocr_carea' id='block_1_46' title="bbox 462 2886 2049 2969">
    <p class='ocr_par' dir='ltr' id='par_1_46' title="bbox 462 2886 2049 2969">
     <span class='ocr_line' id='line_1_46' title="bbox 462 2886 2049 2969; baseline -0.001 -15"><span class='ocrx_word' id='word_1_344' title='bbox 462 2901 696 2955; x_wconf 77' lang='lat' dir='ltr'><strong>infantes</strong></span> <span class='ocrx_word' id='word_1_345' title='bbox 724 2900 956 2968; x_wconf 87' lang='lat' dir='ltr'><strong>propriis</strong></span> <span class='ocrx_word' id='word_1_346' title='bbox 984 2900 1200 2968; x_wconf 91' lang='lat' dir='ltr'><strong>quidem</strong></span> <span class='ocrx_word' id='word_1_347' title='bbox 1223 2900 1477 2969; x_wconf 90' lang='lat' dir='ltr'><strong>operibus</strong></span> <span class='ocrx_word' id='word_1_348' title='bbox 1499 2886 1630 2953; x_wconf 85' lang='lat' dir='ltr'><strong>nihil</strong></span> <span class='ocrx_word' id='word_1_349' title='bbox 1659 2898 1948 2969; x_wconf 89' lang='lat' dir='ltr'><strong>deliquisse</strong></span> <span class='ocrx_word' id='word_1_350' title='bbox 1970 2899 2049 2953; x_wconf 89' lang='lat' dir='ltr'><strong>di-</strong></span> 
     </span>
    </p>
   </div>
   <div class='ocr_carea' id='block_1_47' title="bbox 460 2989 2046 3059">
    <p class='ocr_par' dir='ltr' id='par_1_47' title="bbox 460 2989 2046 3059">
     <span class='ocr_line' id='line_1_47' title="bbox 460 2989 2046 3059; baseline 0.001 -16"><span class='ocrx_word' id='word_1_351' title='bbox 460 2998 567 3053; x_wconf 81' lang='lat' dir='ltr'><strong>cat,</strong></span> <span class='ocrx_word' id='word_1_352' title='bbox 601 2991 654 3042; x_wconf 89' lang='lat' dir='ltr'><strong>in</strong></span> <span class='ocrx_word' id='word_1_353' title='bbox 686 2989 776 3043; x_wconf 83' lang='lat' dir='ltr'><strong>illo</strong></span> <span class='ocrx_word' id='word_1_354' title='bbox 800 2999 978 3044; x_wconf 91' lang='lat' dir='ltr'><strong>autem</strong></span> <span class='ocrx_word' id='word_1_355' title='bbox 1015 2991 1186 3059; x_wconf 91' lang='lat' dir='ltr'><strong>primo</strong></span> <span class='ocrx_word' id='word_1_356' title='bbox 1212 2991 1429 3044; x_wconf 88' lang='lat' dir='ltr'><strong>homine</strong></span> <span class='ocrx_word' id='word_1_357' title='bbox 1455 3005 1643 3045; x_wconf 87' lang='lat' dir='ltr'><strong>omnes</strong></span> <span class='ocrx_word' id='word_1_358' title='bbox 1672 2991 1919 3044; x_wconf 90' lang='lat' dir='ltr'><strong>homines</strong></span> <span class='ocrx_word' id='word_1_359' title='bbox 1953 3003 2046 3057; x_wconf 86' lang='lat' dir='ltr'><strong>ge-</strong></span> 
     </span>
    </p>
   </div>
   <div class='ocr_carea' id='block_1_48' title="bbox 460 3080 1359 3148">
    <p class='ocr_par' dir='ltr' id='par_1_48' title="bbox 460 3080 1359 3148">
     <span class='ocr_line' id='line_1_48' title="bbox 460 3080 1359 3148; baseline 0 -14"><span class='ocrx_word' id='word_1_360' title='bbox 460 3080 722 3134; x_wconf 90' lang='lat' dir='ltr'><strong>neraliter</strong></span> <span class='ocrx_word' id='word_1_361' title='bbox 747 3095 999 3148; x_wconf 87' lang='lat' dir='ltr'><strong>peccasse</strong></span> <span class='ocrx_word' id='word_1_362' title='bbox 1027 3082 1359 3148; x_wconf 86' lang='lat' dir='ltr'><strong>cognoscat?</strong></span> 
     </span>
    </p>
   </div>
   <div class='ocr_carea' id='block_1_49' title="bbox 2143 1879 3741 1960">
    <p class='ocr_par' dir='ltr' id='par_1_49' title="bbox 2143 1879 3741 1960">
     <span class='ocr_line' id='line_1_49' title="bbox 2143 1879 3741 1960; baseline 0.008 -29"><span class='ocrx_word' id='word_1_363' title='bbox 2143 1879 2286 1932; x_wconf 91' lang='lat' dir='ltr'><strong>enim</strong></span> <span class='ocrx_word' id='word_1_364' title='bbox 2314 1879 2641 1948; x_wconf 82' lang='lat' dir='ltr'><strong>subintravit,</strong></span> <span class='ocrx_word' id='word_1_365' title='bbox 2668 1890 2726 1935; x_wconf 75' lang='lat' dir='ltr'><strong>ut</strong></span> <span class='ocrx_word' id='word_1_366' title='bbox 2745 1882 3034 1937; x_wconf 80' lang='lat' dir='ltr'><strong>abundaret</strong></span> <span class='ocrx_word' id='word_1_367' title='bbox 3053 1893 3313 1953; x_wconf 84' lang='lat' dir='ltr'><strong>peccatum</strong></span> <span class='ocrx_word' id='word_1_368' title='bbox 3343 1885 3517 1954; x_wconf 87' lang='lat' dir='ltr'><strong>(Rom.</strong></span> <span class='ocrx_word' id='word_1_369' title='bbox 3541 1889 3741 1960; x_wconf 53' lang='lat'><strong>3320),</strong></span> 
     </span>
    </p>
   </div>
   <div class='ocr_carea' id='block_1_50' title="bbox 2143 1970 3742 2047">
    <p class='ocr_par' dir='ltr' id='par_1_50' title="bbox 2143 1970 3742 2047">
     <span class='ocr_line' id='line_1_50' title="bbox 2143 1970 3742 2047; baseline 0.007 -24"><span class='ocrx_word' id='word_1_370' title='bbox 2143 1970 2212 2025; x_wconf 92' lang='lat' dir='ltr'><strong>de</strong></span> <span class='ocrx_word' id='word_1_371' title='bbox 2236 1985 2346 2038; x_wconf 90' lang='lat' dir='ltr'><strong>quo</strong></span> <span class='ocrx_word' id='word_1_372' title='bbox 2372 1970 2588 2025; x_wconf 90' lang='lat' dir='ltr'><strong>liberari</strong></span> <span class='ocrx_word' id='word_1_373' title='bbox 2632 1985 2794 2027; x_wconf 92' lang='lat' dir='ltr'><strong>nemo</strong></span> <span class='ocrx_word' id='word_1_374' title='bbox 2823 1981 3021 2041; x_wconf 87' lang='lat' dir='ltr'><strong>potest,</strong></span> <span class='ocrx_word' id='word_1_375' title='bbox 3077 1974 3176 2029; x_wconf 87' lang='lat' dir='ltr'><strong>nisi</strong></span> <span class='ocrx_word' id='word_1_376' title='bbox 3224 1990 3320 2044; x_wconf 91' lang='lat' dir='ltr'><strong>per</strong></span> <span class='ocrx_word' id='word_1_377' title='bbox 3358 1976 3569 2044; x_wconf 87' lang='lat' dir='ltr'><strong>Agnum</strong></span> <span class='ocrx_word' id='word_1_378' title='bbox 3610 1978 3742 2047; x_wconf 89' lang='lat' dir='ltr'><strong>Dei,</strong></span> 
     </span>
    </p>
   </div>
   <div class='ocr_carea' id='block_1_51' title="bbox 2142 2060 3745 2138">
    <p class='ocr_par' dir='ltr' id='par_1_51' title="bbox 2142 2060 3745 2138">
     <span class='ocr_line' id='line_1_51' title="bbox 2142 2060 3745 2138; baseline 0.007 -25"><span class='ocrx_word' id='word_1_379' title='bbox 2142 2061 2234 2128; x_wconf 85' lang='lat' dir='ltr'><strong>qui</strong></span> <span class='ocrx_word' id='word_1_380' title='bbox 2264 2060 2403 2115; x_wconf 89' lang='lat' dir='ltr'><strong>tollit</strong></span> <span class='ocrx_word' id='word_1_381' title='bbox 2423 2068 2640 2131; x_wconf 86' lang='lat' dir='ltr'><strong>peccata</strong></span> <span class='ocrx_word' id='word_1_382' title='bbox 2663 2061 2866 2116; x_wconf 90' lang='lat' dir='ltr'><strong>mundi.</strong></span> <span class='ocrx_word' id='word_1_383' title='bbox 2896 2062 2972 2118; x_wconf 84' lang='lat' dir='ltr'><strong>De</strong></span> <span class='ocrx_word' id='word_1_384' title='bbox 2991 2079 3223 2134; x_wconf 88' lang='lat' dir='ltr'><strong>corpore</strong></span> <span class='ocrx_word' id='word_1_385' title='bbox 3247 2067 3404 2138; x_wconf 75' lang='lat'><strong>305</strong></span> <span class='ocrx_word' id='word_1_386' title='bbox 3427 2071 3570 2123; x_wconf 91' lang='lat' dir='ltr'><strong>enim</strong></span> <span class='ocrx_word' id='word_1_387' title='bbox 3590 2085 3745 2125; x_wconf 55' lang='lat' dir='ltr'><strong>mora</strong></span> 
     </span>
    </p>
   </div>
   <div class='ocr_carea' id='block_1_52' title="bbox 2144 2148 3745 2229">
    <p class='ocr_par' dir='ltr' id='par_1_52' title="bbox 2144 2148 3745 2229">
     <span class='ocr_line' id='line_1_52' title="bbox 2144 2148 3745 2229; baseline 0.008 -27"><span class='ocrx_word' id='word_1_388' title='bbox 2144 2150 2213 2226; x_wconf 63' lang='lat' dir='ltr'><strong>tis</strong></span> <span class='ocrx_word' id='word_1_389' title='bbox 2240 2148 2399 2219; x_wconf 89' lang='lat' dir='ltr'><strong>hujus</strong></span> <span class='ocrx_word' id='word_1_390' title='bbox 2427 2165 2535 2205; x_wconf 83' lang='lat' dir='ltr'><strong>non</strong></span> <span class='ocrx_word' id='word_1_391' title='bbox 2552 2150 2778 2206; x_wconf 84' lang='lat' dir='ltr'><strong>liberum</strong></span> <span class='ocrx_word' id='word_1_392' title='bbox 2807 2151 3040 2207; x_wconf 91' lang='lat' dir='ltr'><strong>hominis</strong></span> <span class='ocrx_word' id='word_1_393' title='bbox 3066 2154 3367 2223; x_wconf 83' lang='lat' dir='ltr'><strong>arbitrium,</strong></span> <span class='ocrx_word' id='word_1_394' title='bbox 3397 2172 3576 2229; x_wconf 91' lang='lat' dir='ltr'><strong>neque</strong></span> <span class='ocrx_word' id='word_1_395' title='bbox 3600 2160 3745 2229; x_wconf 82' lang='lat' dir='ltr'><strong>legis</strong></span> 
     </span>
    </p>
   </div>
   <div class='ocr_carea' id='block_1_53' title="bbox 2143 2241 3745 2313">
    <p class='ocr_par' dir='ltr' id='par_1_53' title="bbox 2143 2241 3745 2313">
     <span class='ocr_line' id='line_1_53' title="bbox 2143 2241 3745 2313; baseline 0.008 -18"><span class='ocrx_word' id='word_1_396' title='bbox 2143 2252 2408 2308; x_wconf 87' lang='lat' dir='ltr'><strong>sanetum,</strong></span> <span class='ocrx_word' id='word_1_397' title='bbox 2433 2241 2654 2310; x_wconf 85' lang='lat' dir='ltr'><strong>justum,</strong></span> <span class='ocrx_word' id='word_1_398' title='bbox 2681 2243 2986 2313; x_wconf 90' lang='lat' dir='ltr'><strong>bonumque</strong></span> <span class='ocrx_word' id='word_1_399' title='bbox 3014 2246 3352 2313; x_wconf 78' lang='lat' dir='ltr'><strong>mandatum;</strong></span> <span class='ocrx_word' id='word_1_400' title='bbox 3378 2250 3473 2304; x_wconf 88' lang='lat' dir='ltr'><strong>sed</strong></span> <span class='ocrx_word' id='word_1_401' title='bbox 3494 2252 3613 2306; x_wconf 87' lang='lat' dir='ltr'><strong>sola</strong></span> <span class='ocrx_word' id='word_1_402' title='bbox 3635 2269 3745 2310; x_wconf 89' lang='lat' dir='ltr'><strong>nos</strong></span> 
     </span>
    </p>
   </div>
   <div class='ocr_carea' id='block_1_54' title="bbox 2147 2332 3747 2404">
    <p class='ocr_par' dir='ltr' id='par_1_54' title="bbox 2147 2332 3747 2404">
     <span class='ocr_line' id='line_1_54' title="bbox 2147 2332 3747 2404; baseline 0.009 -19"><span class='ocrx_word' id='word_1_403' title='bbox 2147 2332 2341 2387; x_wconf 89' lang='lat' dir='ltr'><strong>liberat</strong></span> <span class='ocrx_word' id='word_1_404' title='bbox 2361 2334 2533 2401; x_wconf 89' lang='lat' dir='ltr'><strong>gratia</strong></span> <span class='ocrx_word' id='word_1_405' title='bbox 2561 2333 2655 2387; x_wconf 90' lang='lat' dir='ltr'><strong>Dei</strong></span> <span class='ocrx_word' id='word_1_406' title='bbox 2683 2350 2779 2404; x_wconf 91' lang='lat' dir='ltr'><strong>per</strong></span> <span class='ocrx_word' id='word_1_407' title='bbox 2795 2334 2976 2390; x_wconf 63' lang='lat' dir='ltr'><strong>Iesum</strong></span> <span class='ocrx_word' id='word_1_408' title='bbox 3004 2335 3275 2392; x_wconf 89' lang='lat' dir='ltr'><strong>Christum</strong></span> <span class='ocrx_word' id='word_1_409' title='bbox 3317 2340 3600 2397; x_wconf 90' lang='lat' dir='ltr'><strong>Dominum</strong></span> <span class='ocrx_word' id='word_1_410' title='bbox 3650 2362 3747 2400; x_wconf 89' lang='lat' dir='ltr'><strong>no-</strong></span> 
     </span>
    </p>
   </div>
   <div class='ocr_carea' id='block_1_55' title="bbox 2148 2422 3749 2497">
    <p class='ocr_par' dir='ltr' id='par_1_55' title="bbox 2148 2422 3749 2497">
     <span class='ocr_line' id='line_1_55' title="bbox 2148 2422 3749 2497; baseline 0.009 -21"><span class='ocrx_word' id='word_1_411' title='bbox 2148 2431 2336 2477; x_wconf 87' lang='lat' dir='ltr'><strong>strum.</strong></span> <span class='ocrx_word' id='word_1_412' title='bbox 2380 2422 2492 2478; x_wconf 70' lang='lat' dir='ltr'><strong>Lex</strong></span> <span class='ocrx_word' id='word_1_413' title='bbox 2518 2426 2654 2478; x_wconf 87' lang='lat' dir='ltr'><strong>enim</strong></span> <span class='ocrx_word' id='word_1_414' title='bbox 2683 2426 2892 2495; x_wconf 86' lang='lat' dir='ltr'><strong>spiritus</strong></span> <span class='ocrx_word' id='word_1_415' title='bbox 2907 2430 3025 2482; x_wconf 74' lang='lat' dir='ltr'><strong>vita:</strong></span> <span class='ocrx_word' id='word_1_416' title='bbox 3048 2431 3101 2482; x_wconf 89' lang='lat' dir='ltr'><strong>in</strong></span> <span class='ocrx_word' id='word_1_417' title='bbox 3124 2428 3326 2485; x_wconf 86' lang='lat' dir='ltr'><strong>Christo</strong></span> <span class='ocrx_word' id='word_1_418' title='bbox 3347 2430 3469 2486; x_wconf 86' lang='lat' dir='ltr'><strong>Jesu</strong></span> <span class='ocrx_word' id='word_1_419' title='bbox 3496 2434 3749 2497; x_wconf 51' lang='lat' dir='ltr'><strong>liberauit</strong></span> 
     </span>
    </p>
   </div>
   <div class='ocr_carea' id='block_1_56' title="bbox 2147 2516 3373 2592">
    <p class='ocr_par' dir='ltr' id='par_1_56' title="bbox 2147 2516 3373 2592">
     <span class='ocr_line' id='line_1_56' title="bbox 2147 2516 3373 2592; baseline 0.007 -25"><span class='ocrx_word' id='word_1_420' title='bbox 2147 2532 2240 2568; x_wconf 88' lang='lat' dir='ltr'><strong>nos</strong></span> <span class='ocrx_word' id='word_1_421' title='bbox 2262 2532 2300 2568; x_wconf 87' lang='lat' dir='ltr'><strong>a</strong></span> <span class='ocrx_word' id='word_1_422' title='bbox 2328 2516 2439 2586; x_wconf 88' lang='lat' dir='ltr'><strong>lege</strong></span> <span class='ocrx_word' id='word_1_423' title='bbox 2462 2518 2659 2585; x_wconf 84' lang='lat' dir='ltr'><strong>peccati</strong></span> <span class='ocrx_word' id='word_1_424' title='bbox 2681 2525 2730 2569; x_wconf 85' lang='lat' dir='ltr'><strong>et</strong></span> <span class='ocrx_word' id='word_1_425' title='bbox 2749 2520 2928 2572; x_wconf 89' lang='lat' dir='ltr'><strong>mortis</strong></span> <span class='ocrx_word' id='word_1_426' title='bbox 2948 2518 3125 2590; x_wconf 87' lang='lat' dir='ltr'><strong>(Rom.</strong></span> <span class='ocrx_word' id='word_1_427' title='bbox 3155 2537 3263 2586; x_wconf 87' lang='lat' dir='ltr'><strong>vnt,</strong></span> <span class='ocrx_word' id='word_1_428' title='bbox 3294 2520 3373 2592; x_wconf 72' lang='lat'><strong>2).</strong></span> 
     </span>
    </p>
   </div>
   <div class='ocr_carea' id='block_1_57' title="bbox 2218 2604 3748 2677">
    <p class='ocr_par' dir='ltr' id='par_1_57' title="bbox 2218 2604 3748 2677">
     <span class='ocr_line' id='line_1_57' title="bbox 2218 2604 3748 2677; baseline 0.007 -19"><span class='ocrx_word' id='word_1_429' title='bbox 2218 2604 2350 2660; x_wconf 75' lang='lat' dir='ltr'><strong>CAP.</strong></span> <span class='ocrx_word' id='word_1_430' title='bbox 2374 2621 2503 2660; x_wconf 78' lang='lat' dir='ltr'><strong>xvu.</strong></span> <span class='ocrx_word' id='word_1_431' title='bbox 2543 2604 2773 2660; x_wconf 86' lang='lat' dir='ltr'><strong>Christus</strong></span> <span class='ocrx_word' id='word_1_432' title='bbox 2795 2607 3050 2663; x_wconf 88' lang='lat' dir='ltr'><strong>hominem</strong></span> <span class='ocrx_word' id='word_1_433' title='bbox 3075 2609 3279 2677; x_wconf 82' lang='lat' dir='ltr'><strong>liberat,</strong></span> <span class='ocrx_word' id='word_1_434' title='bbox 3302 2627 3405 2665; x_wconf 90' lang='lat' dir='ltr'><strong>non</strong></span> <span class='ocrx_word' id='word_1_435' title='bbox 3424 2613 3748 2669; x_wconf 75' lang='lat' dir='ltr'><strong>invenienda</strong></span> 
     </span>
    </p>
   </div>
   <div class='ocr_carea' id='block_1_58' title="bbox 2149 2683 3747 2774">
    <p class='ocr_par' dir='ltr' id='par_1_58' title="bbox 2149 2683 3747 2774">
     <span class='ocr_line' id='line_1_58' title="bbox 2149 2683 3747 2774; baseline 0.006 -24"><span class='ocrx_word' id='word_1_436' title='bbox 2149 2699 2324 2768; x_wconf 70' lang='lat' dir='ltr'><strong>ﬁdem,</strong></span> <span class='ocrx_word' id='word_1_437' title='bbox 2348 2698 2439 2752; x_wconf 87' lang='lat' dir='ltr'><strong>sed</strong></span> <span class='ocrx_word' id='word_1_438' title='bbox 2455 2698 2645 2752; x_wconf 89' lang='lat' dir='ltr'><strong>dando.</strong></span> <span class='ocrx_word' id='word_1_439' title='bbox 2670 2730 2742 2739; x_wconf 94' lang='lat'><strong><em>—</em></strong></span> <span class='ocrx_word' id='word_1_440' title='bbox 2761 2697 2848 2752; x_wconf 73' lang='grc'><strong>54.</strong></span> <span class='ocrx_word' id='word_1_441' title='bbox 2879 2697 3151 2754; x_wconf 90' lang='lat' dir='ltr'><strong>Liberavit</strong></span> <span class='ocrx_word' id='word_1_442' title='bbox 3176 2710 3356 2756; x_wconf 86' lang='lat' dir='ltr'><strong>autem</strong></span> <span class='ocrx_word' id='word_1_443' title='bbox 3384 2718 3492 2757; x_wconf 91' lang='lat' dir='ltr'><strong>non</strong></span> <span class='ocrx_word' id='word_1_444' title='bbox 3520 2704 3575 2757; x_wconf 90' lang='lat' dir='ltr'><strong>in</strong></span> <span class='ocrx_word' id='word_1_445' title='bbox 3598 2683 3747 2774; x_wconf 72' lang='lat' dir='ltr'><strong>quo—</strong></span> 
     </span>
    </p>
   </div>
   <div class='ocr_carea' id='block_1_59' title="bbox 2150 2789 3748 2857">
    <p class='ocr_par' dir='ltr' id='par_1_59' title="bbox 2150 2789 3748 2857">
     <span class='ocr_line' id='line_1_59' title="bbox 2150 2789 3748 2857; baseline 0.004 -14"><span class='ocrx_word' id='word_1_446' title='bbox 2150 2790 2281 2844; x_wconf 81' lang='lat' dir='ltr'><strong>libet</strong></span> <span class='ocrx_word' id='word_1_447' title='bbox 2324 2790 2543 2845; x_wconf 87' lang='lat' dir='ltr'><strong>homine</strong></span> <span class='ocrx_word' id='word_1_448' title='bbox 2587 2789 2744 2845; x_wconf 87' lang='lat' dir='ltr'><strong>tidem</strong></span> <span class='ocrx_word' id='word_1_449' title='bbox 2790 2791 3146 2857; x_wconf 77' lang='lat' dir='ltr'><strong>inveniendo,</strong></span> <span class='ocrx_word' id='word_1_450' title='bbox 3204 2792 3297 2846; x_wconf 90' lang='lat' dir='ltr'><strong>sed</strong></span> <span class='ocrx_word' id='word_1_451' title='bbox 3345 2791 3543 2848; x_wconf 91' lang='lat' dir='ltr'><strong>dando.</strong></span> <span class='ocrx_word' id='word_1_452' title='bbox 3595 2793 3748 2849; x_wconf 89' lang='lat' dir='ltr'><strong>Deus</strong></span> 
     </span>
    </p>
   </div>
   <div class='ocr_carea' id='block_1_60' title="bbox 2151 2880 3748 2954">
    <p class='ocr_par' dir='ltr' id='par_1_60' title="bbox 2151 2880 3748 2954">
     <span class='ocr_line' id='line_1_60' title="bbox 2151 2880 3748 2954; baseline 0.004 -21"><span class='ocrx_word' id='word_1_453' title='bbox 2151 2881 2294 2933; x_wconf 91' lang='lat' dir='ltr'><strong>enim</strong></span> <span class='ocrx_word' id='word_1_454' title='bbox 2341 2880 2433 2948; x_wconf 90' lang='lat' dir='ltr'><strong>qui</strong></span> <span class='ocrx_word' id='word_1_455' title='bbox 2482 2882 2700 2952; x_wconf 87' lang='lat' dir='ltr'><strong>impium</strong></span> <span class='ocrx_word' id='word_1_456' title='bbox 2718 2881 2997 2951; x_wconf 86' lang='lat' dir='ltr'><strong>justilicat,</strong></span> <span class='ocrx_word' id='word_1_457' title='bbox 3033 2882 3145 2950; x_wconf 87' lang='lat' dir='ltr'><strong>ipse</strong></span> <span class='ocrx_word' id='word_1_458' title='bbox 3176 2881 3586 2951; x_wconf 68' lang='lat' dir='ltr'><strong>inﬁdeli‘ﬁdem,</strong></span> <span class='ocrx_word' id='word_1_459' title='bbox 3614 2900 3748 2954; x_wconf 67' lang='lat' dir='ltr'><strong>qua</strong></span> 
     </span>
    </p>
   </div>
   <div class='ocr_carea' id='block_1_61' title="bbox 2153 2971 3752 3040">
    <p class='ocr_par' dir='ltr' id='par_1_61' title="bbox 2153 2971 3752 3040">
     <span class='ocr_line' id='line_1_61' title="bbox 2153 2971 3752 3040; baseline 0.006 -18"><span class='ocrx_word' id='word_1_460' title='bbox 2153 2982 2249 3035; x_wconf 83' lang='lat' dir='ltr'><strong>per</strong></span> <span class='ocrx_word' id='word_1_461' title='bbox 2286 2971 2565 3024; x_wconf 86' lang='lat' dir='ltr'><strong>caritatem</strong></span> <span class='ocrx_word' id='word_1_462' title='bbox 2596 2980 2872 3040; x_wconf 88' lang='lat' dir='ltr'><strong>operatur,</strong></span> <span class='ocrx_word' id='word_1_463' title='bbox 2914 2972 3084 3038; x_wconf 85' lang='lat' dir='ltr'><strong>gratia</strong></span> <span class='ocrx_word' id='word_1_464' title='bbox 3125 2986 3236 3027; x_wconf 75' lang='lat' dir='ltr'><strong>sua:</strong></span> <span class='ocrx_word' id='word_1_465' title='bbox 3263 2972 3417 3027; x_wconf 76' lang='lat' dir='ltr'><strong>bonae</strong></span> <span class='ocrx_word' id='word_1_466' title='bbox 3445 2975 3752 3039; x_wconf 78' lang='lat' dir='ltr'><strong>voluntatis</strong></span> 
     </span>
    </p>
   </div>
   <div class='ocr_carea' id='block_1_62' title="bbox 2154 3059 3749 3129">
    <p class='ocr_par' dir='ltr' id='par_1_62' title="bbox 2154 3059 3749 3129">
     <span class='ocr_line' id='line_1_62' title="bbox 2154 3059 3749 3129; baseline 0.008 -17"><span class='ocrx_word' id='word_1_467' title='bbox 2154 3059 2397 3128; x_wconf 85' lang='lat' dir='ltr'><strong>inspirat.</strong></span> <span class='ocrx_word' id='word_1_468' title='bbox 2432 3059 2582 3115; x_wconf 83' lang='lat' dir='ltr'><strong>Unde</strong></span> <span class='ocrx_word' id='word_1_469' title='bbox 2609 3061 2756 3129; x_wconf 90' lang='lat' dir='ltr'><strong>quod</strong></span> <span class='ocrx_word' id='word_1_470' title='bbox 2778 3061 2844 3115; x_wconf 92' lang='lat' dir='ltr'><strong>ad</strong></span> <span class='ocrx_word' id='word_1_471' title='bbox 2877 3062 3017 3115; x_wconf 90' lang='lat' dir='ltr'><strong>bene</strong></span> <span class='ocrx_word' id='word_1_472' title='bbox 3043 3061 3316 3129; x_wconf 83' lang='lat' dir='ltr'><strong>cogitandi</strong></span> <span class='ocrx_word' id='word_1_473' title='bbox 3346 3065 3540 3120; x_wconf 84' lang='lat' dir='ltr'><strong>attinet</strong></span> <span class='ocrx_word' id='word_1_474' title='bbox 3568 3065 3749 3125; x_wconf 87' lang='lat' dir='ltr'><strong>facul-</strong></span> 
     </span>
    </p>
   </div>
   <div class='ocr_carea' id='block_1_63' title="bbox 534 3152 2046 3239">
    <p class='ocr_par' dir='ltr' id='par_1_63' title="bbox 534 3168 2046 3239">
     <span class='ocr_line' id='line_1_63' title="bbox 534 3168 2046 3239; baseline -0.002 -17"><span class='ocrx_word' id='word_1_475' title='bbox 534 3168 667 3223; x_wconf 66' lang='lat' dir='ltr'><strong>Car.</strong></span> <span class='ocrx_word' id='word_1_476' title='bbox 697 3185 803 3222; x_wconf 76' lang='lat' dir='ltr'><strong>xw.</strong></span> <span class='ocrx_word' id='word_1_477' title='bbox 844 3170 884 3221; x_wconf 85' lang='lat' dir='ltr'><strong>A</strong></span> <span class='ocrx_word' id='word_1_478' title='bbox 917 3178 1135 3238; x_wconf 86' lang='lat' dir='ltr'><strong>peccato</strong></span> <span class='ocrx_word' id='word_1_479' title='bbox 1179 3170 1397 3239; x_wconf 83' lang='lat' dir='ltr'><strong>originis</strong></span> <span class='ocrx_word' id='word_1_480' title='bbox 1436 3184 1539 3223; x_wconf 88' lang='lat' dir='ltr'><strong>non</strong></span> <span class='ocrx_word' id='word_1_481' title='bbox 1568 3168 1751 3222; x_wconf 79' lang='lat' dir='ltr'><strong>liberat</strong></span> <span class='ocrx_word' id='word_1_482' title='bbox 1789 3169 1889 3220; x_wconf 83' lang='lat' dir='ltr'><strong>nisi</strong></span> <span class='ocrx_word' id='word_1_483' title='bbox 1920 3168 2046 3237; x_wconf 77' lang='lat' dir='ltr'><strong>ﬁdes</strong></span> 
     </span>
    </p>
   </div>
   <div class='ocr_carea' id='block_1_64' title="bbox 2154 3152 3753 3239">
    <p class='ocr_par' dir='ltr' id='par_1_64' title="bbox 2156 3152 3753 3224">
     <span class='ocr_line' id='line_1_64' title="bbox 2156 3152 3753 3224; baseline 0.009 -23"><span class='ocrx_word' id='word_1_484' title='bbox 2156 3156 2342 3213; x_wconf 86' lang='lat' dir='ltr'><strong>tatem,</strong></span> <span class='ocrx_word' id='word_1_485' title='bbox 2392 3159 2622 3205; x_wconf 87' lang='lat' dir='ltr'><strong>testatur</strong></span> <span class='ocrx_word' id='word_1_486' title='bbox 2665 3152 2953 3221; x_wconf 88' lang='lat' dir='ltr'><strong>Apostolus</strong></span> <span class='ocrx_word' id='word_1_487' title='bbox 3005 3153 3208 3219; x_wconf 88' lang='lat' dir='ltr'><strong>dicens,</strong></span> <span class='ocrx_word' id='word_1_488' title='bbox 3241 3156 3366 3224; x_wconf 89' lang='lat' dir='ltr'><strong>quia</strong></span> <span class='ocrx_word' id='word_1_489' title='bbox 3413 3174 3517 3211; x_wconf 86' lang='lat' dir='ltr'><strong>non</strong></span> <span class='ocrx_word' id='word_1_490' title='bbox 3565 3176 3753 3216; x_wconf 84' lang='lat' dir='ltr'><strong>sumus</strong></span> 
     </span>
    </p>
   </div>
   <div class='ocr_carea' id='block_1_65' title="bbox 468 3258 2052 3332">
    <p class='ocr_par' dir='ltr' id='par_1_65' title="bbox 468 3258 2052 3332">
     <span class='ocr_line' id='line_1_65' title="bbox 468 3258 2052 3332; baseline -0.002 -16"><span class='ocrx_word' id='word_1_491' title='bbox 468 3260 843 3331; x_wconf 78' lang='lat' dir='ltr'><strong>Redemptoris.</strong></span> <span class='ocrx_word' id='word_1_492' title='bbox 862 3259 1069 3315; x_wconf 86' lang='lat' dir='ltr'><strong>Natura</strong></span> <span class='ocrx_word' id='word_1_493' title='bbox 1096 3276 1234 3314; x_wconf 73' lang='lat' dir='ltr'><strong>cazca</strong></span> <span class='ocrx_word' id='word_1_494' title='bbox 1261 3262 1374 3314; x_wconf 89' lang='lat' dir='ltr'><strong>sine</strong></span> <span class='ocrx_word' id='word_1_495' title='bbox 1404 3261 1514 3332; x_wconf 87' lang='lat' dir='ltr'><strong>lege</strong></span> <span class='ocrx_word' id='word_1_496' title='bbox 1541 3270 1735 3330; x_wconf 82' lang='lat' dir='ltr'><strong>peccat.</strong></span> <span class='ocrx_word' id='word_1_497' title='bbox 1759 3292 1829 3301; x_wconf 94' lang='lat'><strong>—</strong></span> <span class='ocrx_word' id='word_1_498' title='bbox 1849 3258 1937 3312; x_wconf 79' lang='grc'><strong>55.</strong></span> <span class='ocrx_word' id='word_1_499' title='bbox 1972 3260 2052 3313; x_wconf 89' lang='lat' dir='ltr'><strong>Ab</strong></span> 
     </span>
    </p>
   </div>
   <div class='ocr_carea' id='block_1_66' title="bbox 464 3351 2052 3423">
    <p class='ocr_par' dir='ltr' id='par_1_66' title="bbox 464 3351 2052 3423">
     <span class='ocr_line' id='line_1_66' title="bbox 464 3351 2052 3423; baseline -0.003 -15"><span class='ocrx_word' id='word_1_500' title='bbox 464 3354 570 3408; x_wconf 85' lang='lat' dir='ltr'><strong>hoc</strong></span> <span class='ocrx_word' id='word_1_501' title='bbox 597 3363 818 3423; x_wconf 87' lang='lat' dir='ltr'><strong>peccato</strong></span> <span class='ocrx_word' id='word_1_502' title='bbox 848 3353 998 3422; x_wconf 86' lang='lat' dir='ltr'><strong>quod</strong></span> <span class='ocrx_word' id='word_1_503' title='bbox 1022 3353 1356 3421; x_wconf 73' lang='lat' dir='ltr'><strong>originali‘ter</strong></span> <span class='ocrx_word' id='word_1_504' title='bbox 1396 3353 1626 3407; x_wconf 88' lang='lat' dir='ltr'><strong>carnalis</strong></span> <span class='ocrx_word' id='word_1_505' title='bbox 1666 3351 1916 3405; x_wconf 86' lang='lat' dir='ltr'><strong>nativitas</strong></span> <span class='ocrx_word' id='word_1_506' title='bbox 1953 3359 2052 3403; x_wconf 91' lang='lat' dir='ltr'><strong>tra-</strong></span> 
     </span>
    </p>
   </div>
   <div class='ocr_carea' id='block_1_67' title="bbox 465 3441 2050 3507">
    <p class='ocr_par' dir='ltr' id='par_1_67' title="bbox 465 3441 2050 3507">
     <span class='ocr_line' id='line_1_67' title="bbox 465 3441 2050 3507; baseline -0.002 -9"><span class='ocrx_word' id='word_1_507' title='bbox 465 3441 862 3499; x_wconf 66' lang='lat' dir='ltr'><strong>hit-&#39;nemi‘nem</strong></span> <span class='ocrx_word' id='word_1_508' title='bbox 911 3444 1138 3499; x_wconf 85' lang='lat' dir='ltr'><strong>facultas</strong></span> <span class='ocrx_word' id='word_1_509' title='bbox 1206 3445 1490 3507; x_wconf 87' lang='lat' dir='ltr'><strong>naturalis,</strong></span> <span class='ocrx_word' id='word_1_510' title='bbox 1542 3444 1811 3498; x_wconf 89' lang='lat' dir='ltr'><strong>neminem</strong></span> <span class='ocrx_word' id='word_1_511' title='bbox 1876 3443 2050 3496; x_wconf 86' lang='lat' dir='ltr'><strong>littera</strong></span> 
     </span>
    </p>
   </div>
   <div class='ocr_carea' id='block_1_68' title="bbox 460 3532 2052 3604">
    <p class='ocr_par' dir='ltr' id='par_1_68' title="bbox 460 3532 2052 3604">
     <span class='ocr_line' id='line_1_68' title="bbox 460 3532 2052 3604; baseline -0.003 -15"><span class='ocrx_word' id='word_1_512' title='bbox 460 3543 665 3589; x_wconf 74' lang='lat' dir='ltr'><strong>sanette</strong></span> <span class='ocrx_word' id='word_1_513' title='bbox 697 3534 843 3602; x_wconf 69' lang='lat' dir='ltr'><strong>regis,</strong></span> <span class='ocrx_word' id='word_1_514' title='bbox 888 3535 985 3589; x_wconf 90' lang='lat' dir='ltr'><strong>sed</strong></span> <span class='ocrx_word' id='word_1_515' title='bbox 1024 3535 1139 3589; x_wconf 89' lang='lat' dir='ltr'><strong>sola</strong></span> <span class='ocrx_word' id='word_1_516' title='bbox 1193 3534 1325 3590; x_wconf 77' lang='lat' dir='ltr'><strong>fides</strong></span> <span class='ocrx_word' id='word_1_517' title='bbox 1352 3536 1511 3604; x_wconf 83' lang='lat' dir='ltr'><strong>eripit</strong></span> <span class='ocrx_word' id='word_1_518' title='bbox 1537 3533 1663 3588; x_wconf 72' lang='lat' dir='ltr'><strong>Iesu</strong></span> <span class='ocrx_word' id='word_1_519' title='bbox 1692 3533 1887 3588; x_wconf 89' lang='lat' dir='ltr'><strong>Christi</strong></span> <span class='ocrx_word' id='word_1_520' title='bbox 1933 3532 2052 3586; x_wconf 89' lang='lat' dir='ltr'><strong>Filii</strong></span> 
     </span>
    </p>
   </div>
   <div class='ocr_carea' id='block_1_69' title="bbox 463 3623 2053 3703">
    <p class='ocr_par' dir='ltr' id='par_1_69' title="bbox 463 3623 2053 3703">
     <span class='ocr_line' id='line_1_69' title="bbox 463 3623 2053 3703; baseline -0.001 -26"><span class='ocrx_word' id='word_1_521' title='bbox 463 3623 582 3688; x_wconf 89' lang='lat' dir='ltr'><strong>Dei,</strong></span> <span class='ocrx_word' id='word_1_522' title='bbox 611 3625 699 3693; x_wconf 92' lang='lat' dir='ltr'><strong>qui</strong></span> <span class='ocrx_word' id='word_1_523' title='bbox 729 3626 950 3680; x_wconf 85' lang='lat' dir='ltr'><strong>veniens</strong></span> <span class='ocrx_word' id='word_1_524' title='bbox 980 3626 1073 3695; x_wconf 84' lang='lat' dir='ltr'><strong>(al.</strong></span> <span class='ocrx_word' id='word_1_525' title='bbox 1112 3624 1281 3695; x_wconf 90' lang='lat' dir='ltr'><strong>venit)</strong></span> <span class='ocrx_word' id='word_1_526' title='bbox 1321 3641 1550 3703; x_wconf 66' lang='lat' dir='ltr'><strong>querere</strong></span> <span class='ocrx_word' id='word_1_527' title='bbox 1576 3636 1624 3677; x_wconf 88' lang='lat' dir='ltr'><strong>et</strong></span> <span class='ocrx_word' id='word_1_528' title='bbox 1656 3625 1851 3678; x_wconf 82' lang='lat' dir='ltr'><strong>salvum</strong></span> <span class='ocrx_word' id='word_1_529' title='bbox 1883 3626 2053 3695; x_wconf 79' lang='lat' dir='ltr'><strong>facere</strong></span> 
     </span>
    </p>
   </div>
   <div class='ocr_carea' id='block_1_70' title="bbox 464 3714 2053 3787">
    <p class='ocr_par' dir='ltr' id='par_1_70' title="bbox 464 3714 2053 3787">
     <span class='ocr_line' id='line_1_70' title="bbox 464 3714 2053 3787; baseline -0.003 -17"><span class='ocrx_word' id='word_1_530' title='bbox 464 3716 602 3787; x_wconf 85' lang='lat' dir='ltr'><strong>quod</strong></span> <span class='ocrx_word' id='word_1_531' title='bbox 628 3719 851 3785; x_wconf 88' lang='lat' dir='ltr'><strong>perierat</strong></span> <span class='ocrx_word' id='word_1_532' title='bbox 882 3714 1030 3787; x_wconf 87' lang='lat' dir='ltr'><strong>(Luc.</strong></span> <span class='ocrx_word' id='word_1_533' title='bbox 1074 3733 1185 3782; x_wconf 67' lang='lat' dir='ltr'><strong>XIX,</strong></span> <span class='ocrx_word' id='word_1_534' title='bbox 1235 3716 1344 3785; x_wconf 80' lang='grc'><strong>10),</strong></span> <span class='ocrx_word' id='word_1_535' title='bbox 1372 3732 1472 3786; x_wconf 92' lang='lat' dir='ltr'><strong>pro</strong></span> <span class='ocrx_word' id='word_1_536' title='bbox 1502 3715 1678 3785; x_wconf 83' lang='lat' dir='ltr'><strong>impiis</strong></span> <span class='ocrx_word' id='word_1_537' title='bbox 1701 3723 1944 3769; x_wconf 91' lang='lat' dir='ltr'><strong>mortuus</strong></span> <span class='ocrx_word' id='word_1_538' title='bbox 1972 3724 2053 3768; x_wconf 88' lang='lat' dir='ltr'><strong>est</strong></span> 
     </span>
    </p>
   </div>
   <div class='ocr_carea' id='block_1_71' title="bbox 466 3807 2055 3880">
    <p class='ocr_par' dir='ltr' id='par_1_71' title="bbox 466 3807 2055 3880">
     <span class='ocr_line' id='line_1_71' title="bbox 466 3807 2055 3880; baseline -0.003 -18"><span class='ocrx_word' id='word_1_539' title='bbox 466 3807 645 3875; x_wconf 88' lang='lat' dir='ltr'><strong>(Rom.</strong></span> <span class='ocrx_word' id='word_1_540' title='bbox 677 3825 727 3872; x_wconf 86' lang='lat' dir='ltr'><strong>v,</strong></span> <span class='ocrx_word' id='word_1_541' title='bbox 771 3809 856 3880; x_wconf 72' lang='lat'><strong>6),</strong></span> <span class='ocrx_word' id='word_1_542' title='bbox 895 3810 1120 3878; x_wconf 73' lang='lat' dir='ltr'><strong>o/ferens</strong></span> <span class='ocrx_word' id='word_1_543' title='bbox 1173 3810 1500 3878; x_wconf 65' lang='lat' dir='ltr'><strong>semetipsum</strong></span> <span class='ocrx_word' id='word_1_544' title='bbox 1552 3824 1645 3876; x_wconf 89' lang='lat' dir='ltr'><strong>pro</strong></span> <span class='ocrx_word' id='word_1_545' title='bbox 1703 3807 1847 3860; x_wconf 88' lang='lat' dir='ltr'><strong>nobis</strong></span> <span class='ocrx_word' id='word_1_546' title='bbox 1895 3807 2055 3871; x_wconf 87' lang='lat' dir='ltr'><strong>(sicut</strong></span> 
     </span>
    </p>
   </div>
   <div class='ocr_carea' id='block_1_72' title="bbox 465 3895 2054 3967">
    <p class='ocr_par' dir='ltr' id='par_1_72' title="bbox 465 3895 2054 3967">
     <span class='ocr_line' id='line_1_72' title="bbox 465 3895 2054 3967; baseline -0.001 -17"><span class='ocrx_word' id='word_1_547' title='bbox 465 3898 758 3967; x_wconf 78' lang='lat' dir='ltr'><strong>Apostolus</strong></span> <span class='ocrx_word' id='word_1_548' title='bbox 781 3897 930 3967; x_wconf 85' lang='lat' dir='ltr'><strong>dicit)</strong></span> <span class='ocrx_word' id='word_1_549' title='bbox 957 3899 1271 3953; x_wconf 83' lang='lat' dir='ltr'><strong>oblationem</strong></span> <span class='ocrx_word' id='word_1_550' title='bbox 1296 3909 1344 3951; x_wconf 87' lang='lat' dir='ltr'><strong>et</strong></span> <span class='ocrx_word' id='word_1_551' title='bbox 1366 3897 1589 3951; x_wconf 81' lang='lat' dir='ltr'><strong>hostium</strong></span> <span class='ocrx_word' id='word_1_552' title='bbox 1633 3895 1741 3949; x_wconf 89' lang='lat' dir='ltr'><strong>Deo</strong></span> <span class='ocrx_word' id='word_1_553' title='bbox 1765 3898 1819 3948; x_wconf 88' lang='lat' dir='ltr'><strong>in</strong></span> <span class='ocrx_word' id='word_1_554' title='bbox 1846 3896 2054 3949; x_wconf 88' lang='lat' dir='ltr'><strong>odorem</strong></span> 
     </span>
    </p>
   </div>
   <div class='ocr_carea' id='block_1_73' title="bbox 465 3985 2053 4060">
    <p class='ocr_par' dir='ltr' id='par_1_73' title="bbox 465 3985 2053 4060">
     <span class='ocr_line' id='line_1_73' title="bbox 465 3985 2053 4060; baseline -0.002 -19"><span class='ocrx_word' id='word_1_555' title='bbox 465 3990 732 4042; x_wconf 74' lang='lat' dir='ltr'><strong>suauitatis</strong></span> <span class='ocrx_word' id='word_1_556' title='bbox 764 3987 982 4060; x_wconf 84' lang='lat' dir='ltr'><strong>(Ephes.</strong></span> <span class='ocrx_word' id='word_1_557' title='bbox 1014 4005 1067 4052; x_wconf 75' lang='grc' dir='ltr'><strong>ν,</strong></span> <span class='ocrx_word' id='word_1_558' title='bbox 1096 3987 1174 4056; x_wconf 76' lang='lat'><strong>‘2).</strong></span> <span class='ocrx_word' id='word_1_559' title='bbox 1208 3988 1265 4041; x_wconf 89' lang='lat' dir='ltr'><strong>In</strong></span> <span class='ocrx_word' id='word_1_560' title='bbox 1292 3989 1395 4042; x_wconf 90' lang='lat' dir='ltr'><strong>hoc</strong></span> <span class='ocrx_word' id='word_1_561' title='bbox 1424 3986 1721 4041; x_wconf 88' lang='lat' dir='ltr'><strong>mediatore</strong></span> <span class='ocrx_word' id='word_1_562' title='bbox 1753 3985 1845 4039; x_wconf 89' lang='lat' dir='ltr'><strong>Dei</strong></span> <span class='ocrx_word' id='word_1_563' title='bbox 1877 3996 1933 4039; x_wconf 90' lang='lat' dir='ltr'><strong>et</strong></span> <span class='ocrx_word' id='word_1_564' title='bbox 1953 3989 2053 4039; x_wconf 89' lang='lat' dir='ltr'><strong>ho-</strong></span> 
     </span>
    </p>
   </div>
   <div class='ocr_carea' id='block_1_74' title="bbox 465 4080 2057 4146">
    <p class='ocr_par' dir='ltr' id='par_1_74' title="bbox 465 4080 2057 4146">
     <span class='ocr_line' id='line_1_74' title="bbox 465 4080 2057 4146; baseline -0.003 -13"><span class='ocrx_word' id='word_1_565' title='bbox 465 4081 688 4143; x_wconf 88' lang='lat' dir='ltr'><strong>minum,</strong></span> <span class='ocrx_word' id='word_1_566' title='bbox 720 4087 775 4134; x_wconf 91' lang='lat' dir='ltr'><strong>et</strong></span> <span class='ocrx_word' id='word_1_567' title='bbox 803 4080 1049 4133; x_wconf 73' lang='lat' dir='ltr'><strong>humana:</strong></span> <span class='ocrx_word' id='word_1_568' title='bbox 1093 4087 1295 4133; x_wconf 70' lang='lat' dir='ltr'><strong>naturte</strong></span> <span class='ocrx_word' id='word_1_569' title='bbox 1339 4086 1510 4132; x_wconf 88' lang='lat' dir='ltr'><strong>status</strong></span> <span class='ocrx_word' id='word_1_570' title='bbox 1548 4085 1828 4146; x_wconf 87' lang='lat' dir='ltr'><strong>reparatus</strong></span> <span class='ocrx_word' id='word_1_571' title='bbox 1868 4085 1970 4139; x_wconf 91' lang='lat' dir='ltr'><strong>est,</strong></span> <span class='ocrx_word' id='word_1_572' title='bbox 2001 4085 2057 4129; x_wconf 83' lang='lat' dir='ltr'><strong>et</strong></span> 
     </span>
    </p>
   </div>
   <div class='ocr_carea' id='block_1_75' title="bbox 466 4164 2052 4241">
    <p class='ocr_par' dir='ltr' id='par_1_75' title="bbox 466 4164 2052 4241">
     <span class='ocr_line' id='line_1_75' title="bbox 466 4164 2052 4241; baseline -0.004 -16"><span class='ocrx_word' id='word_1_573' title='bbox 466 4170 748 4241; x_wconf 57' lang='lat' dir='ltr'><strong>implendas</strong></span> <span class='ocrx_word' id='word_1_574' title='bbox 763 4172 893 4240; x_wconf 87' lang='lat' dir='ltr'><strong>legis</strong></span> <span class='ocrx_word' id='word_1_575' title='bbox 907 4179 993 4226; x_wconf 89' lang='lat' dir='ltr'><strong>est</strong></span> <span class='ocrx_word' id='word_1_576' title='bbox 1012 4178 1412 4226; x_wconf 90' lang='lat' dir='ltr'><strong>consummatus</strong></span> <span class='ocrx_word' id='word_1_577' title='bbox 1424 4167 1647 4222; x_wconf 85' lang='lat' dir='ltr'><strong>eflectus</strong></span> <span class='ocrx_word' id='word_1_578' title='bbox 1665 4166 1756 4236; x_wconf 88' lang='lat' dir='ltr'><strong>(al.</strong></span> <span class='ocrx_word' id='word_1_579' title='bbox 1773 4164 2019 4235; x_wconf 65' lang='lat' dir='ltr'><strong>allectus)</strong></span> <span class='ocrx_word' id='word_1_580' title='bbox 2042 4184 2052 4219; x_wconf 93' lang='lat'>:</span> 
     </span>
    </p>
   </div>
   <div class='ocr_carea' id='block_1_76' title="bbox 466 4258 2054 4333">
    <p class='ocr_par' dir='ltr' id='par_1_76' title="bbox 466 4258 2054 4333">
     <span class='ocr_line' id='line_1_76' title="bbox 466 4258 2054 4333; baseline -0.006 -15"><span class='ocrx_word' id='word_1_581' title='bbox 466 4263 592 4333; x_wconf 83' lang='lat' dir='ltr'><strong>quia</strong></span> <span class='ocrx_word' id='word_1_582' title='bbox 619 4278 721 4318; x_wconf 86' lang='lat' dir='ltr'><strong>nec</strong></span> <span class='ocrx_word' id='word_1_583' title='bbox 760 4263 861 4317; x_wconf 85' lang='lat' dir='ltr'><strong>sibi</strong></span> <span class='ocrx_word' id='word_1_584' title='bbox 903 4261 971 4316; x_wconf 88' lang='lat' dir='ltr'><strong>ad</strong></span> <span class='ocrx_word' id='word_1_585' title='bbox 1013 4262 1266 4315; x_wconf 82' lang='lat' dir='ltr'><strong>virtutem</strong></span> <span class='ocrx_word' id='word_1_586' title='bbox 1301 4258 1549 4313; x_wconf 74' lang='lat' dir='ltr'><strong>sufﬁcere</strong></span> <span class='ocrx_word' id='word_1_587' title='bbox 1578 4258 1848 4312; x_wconf 85' lang='lat' dir='ltr'><strong>ullatenus</strong></span> <span class='ocrx_word' id='word_1_588' title='bbox 1877 4258 2054 4325; x_wconf 86' lang='lat' dir='ltr'><strong>potuit</strong></span> 
     </span>
    </p>
   </div>
   <div class='ocr_carea' id='block_1_77' title="bbox 382 4349 2057 4419">
    <p class='ocr_par' dir='ltr' id='par_1_77' title="bbox 382 4349 2057 4419">
     <span class='ocr_line' id='line_1_77' title="bbox 382 4349 2057 4419; baseline -0.004 -12"><span class='ocrx_word' id='word_1_589' title='bbox 382 4349 399 4392; x_wconf 71' lang='grc'><strong>³-</strong></span> <span class='ocrx_word' id='word_1_590' title='bbox 466 4352 727 4407; x_wconf 81' lang='lat' dir='ltr'><strong>naturalis</strong></span> <span class='ocrx_word' id='word_1_591' title='bbox 768 4351 1065 4416; x_wconf 77' lang='lat' dir='ltr'><strong>infirmitas,</strong></span> <span class='ocrx_word' id='word_1_592' title='bbox 1096 4365 1213 4419; x_wconf 69' lang='lat' dir='ltr'><strong>qua:</strong></span> <span class='ocrx_word' id='word_1_593' title='bbox 1264 4351 1448 4419; x_wconf 86' lang='lat' dir='ltr'><strong>utique</strong></span> <span class='ocrx_word' id='word_1_594' title='bbox 1490 4365 1558 4403; x_wconf 82' lang='lat' dir='ltr'><strong>ex</strong></span> <span class='ocrx_word' id='word_1_595' title='bbox 1587 4364 1697 4418; x_wconf 88' lang='lat' dir='ltr'><strong>quo</strong></span> <span class='ocrx_word' id='word_1_596' title='bbox 1740 4366 1916 4402; x_wconf 77' lang='lat' dir='ltr'><strong>omnes</strong></span> <span class='ocrx_word' id='word_1_597' title='bbox 1947 4349 2057 4401; x_wconf 84' lang='lat' dir='ltr'><strong>dies</strong></span> 
     </span>
    </p>
   </div>
   <div class='ocr_carea' id='block_1_78' title="bbox 465 4439 2056 4512">
    <p class='ocr_par' dir='ltr' id='par_1_78' title="bbox 465 4439 2056 4512">
     <span class='ocr_line' id='line_1_78' title="bbox 465 4439 2056 4512; baseline -0.003 -14"><span class='ocrx_word' id='word_1_598' title='bbox 465 4445 635 4498; x_wconf 84' lang='lat' dir='ltr'><strong>nostri</strong></span> <span class='ocrx_word' id='word_1_599' title='bbox 652 4443 1030 4512; x_wconf 75' lang='lat' dir='ltr'><strong>defecerunt,et</strong></span> <span class='ocrx_word' id='word_1_600' title='bbox 1047 4443 1102 4494; x_wconf 89' lang='lat' dir='ltr'><strong>in</strong></span> <span class='ocrx_word' id='word_1_601' title='bbox 1123 4443 1205 4494; x_wconf 91' lang='lat' dir='ltr'><strong>ira</strong></span> <span class='ocrx_word' id='word_1_602' title='bbox 1228 4439 1323 4494; x_wconf 87' lang='lat' dir='ltr'><strong>Dei</strong></span> <span class='ocrx_word' id='word_1_603' title='bbox 1342 4441 1619 4510; x_wconf 75' lang='lat' dir='ltr'><strong>defecimus</strong></span> <span class='ocrx_word' id='word_1_604' title='bbox 1648 4439 1815 4511; x_wconf 86' lang='lat' dir='ltr'><strong>(Psal.</strong></span> <span class='ocrx_word' id='word_1_605' title='bbox 1838 4456 2056 4506; x_wconf 77' lang='lat' dir='ltr'><strong>Lxxxrx,</strong></span> 
     </span>
    </p>
   </div>
   <div class='ocr_carea' id='block_1_79' title="bbox 2154 3243 3753 3317">
    <p class='ocr_par' dir='ltr' id='par_1_79' title="bbox 2154 3243 3753 3317">
     <span class='ocr_line' id='line_1_79' title="bbox 2154 3243 3753 3317; baseline 0.009 -23"><span class='ocrx_word' id='word_1_606' title='bbox 2154 3243 2325 3295; x_wconf 85' lang='lat' dir='ltr'><strong>idonei</strong></span> <span class='ocrx_word' id='word_1_607' title='bbox 2351 3244 2578 3312; x_wconf 84' lang='lat' dir='ltr'><strong>cogitare</strong></span> <span class='ocrx_word' id='word_1_608' title='bbox 2618 3246 2813 3315; x_wconf 80' lang='lat' dir='ltr'><strong>aliquid</strong></span> <span class='ocrx_word' id='word_1_609' title='bbox 2857 3263 2922 3298; x_wconf 79' lang='lat' dir='ltr'><strong>ea:</strong></span> <span class='ocrx_word' id='word_1_610' title='bbox 2969 3245 3140 3310; x_wconf 79' lang='lat' dir='ltr'><strong>nobis,</strong></span> <span class='ocrx_word' id='word_1_611' title='bbox 3172 3248 3318 3317; x_wconf 87' lang='lat' dir='ltr'><strong>quasi</strong></span> <span class='ocrx_word' id='word_1_612' title='bbox 3358 3265 3421 3301; x_wconf 76' lang='lat' dir='ltr'><strong>ex</strong></span> <span class='ocrx_word' id='word_1_613' title='bbox 3450 3252 3619 3315; x_wconf 86' lang='lat' dir='ltr'><strong>nobis,</strong></span> <span class='ocrx_word' id='word_1_614' title='bbox 3655 3255 3753 3309; x_wconf 81' lang='lat' dir='ltr'><strong>sed</strong></span> 
     </span>
    </p>
   </div>
   <div class='ocr_carea' id='block_1_80' title="bbox 2153 3334 3753 3411">
    <p class='ocr_par' dir='ltr' id='par_1_80' title="bbox 2153 3334 3753 3411">
     <span class='ocr_line' id='line_1_80' title="bbox 2153 3334 3753 3411; baseline 0.008 -26"><span class='ocrx_word' id='word_1_615' title='bbox 2153 3334 2452 3402; x_wconf 75' lang='lat' dir='ltr'><strong>suﬁicientia</strong></span> <span class='ocrx_word' id='word_1_616' title='bbox 2477 3346 2655 3388; x_wconf 85' lang='lat' dir='ltr'><strong>nostra</strong></span> <span class='ocrx_word' id='word_1_617' title='bbox 2693 3351 2758 3388; x_wconf 78' lang='lat' dir='ltr'><strong>ex</strong></span> <span class='ocrx_word' id='word_1_618' title='bbox 2801 3334 2913 3389; x_wconf 86' lang='lat' dir='ltr'><strong>Deo</strong></span> <span class='ocrx_word' id='word_1_619' title='bbox 2942 3345 3017 3389; x_wconf 88' lang='lat' dir='ltr'><strong>est</strong></span> <span class='ocrx_word' id='word_1_620' title='bbox 3049 3335 3136 3408; x_wconf 89' lang='grc'><strong>(11</strong></span> <span class='ocrx_word' id='word_1_621' title='bbox 3163 3336 3284 3392; x_wconf 88' lang='lat' dir='ltr'><strong>Cor.</strong></span> <span class='ocrx_word' id='word_1_622' title='bbox 3318 3354 3393 3402; x_wconf 86' lang='lat' dir='ltr'><strong>Ill,</strong></span> <span class='ocrx_word' id='word_1_623' title='bbox 3423 3338 3498 3411; x_wconf 82' lang='lat'><strong>5).</strong></span> <span class='ocrx_word' id='word_1_624' title='bbox 3532 3341 3753 3397; x_wconf 78' lang='lat' dir='ltr'><strong>Revera</strong></span> 
     </span>
    </p>
   </div>
   <div class='ocr_carea' id='block_1_81' title="bbox 2156 3424 3754 3502">
    <p class='ocr_par' dir='ltr' id='par_1_81' title="bbox 2156 3424 3754 3502">
     <span class='ocr_line' id='line_1_81' title="bbox 2156 3424 3754 3502; baseline 0.005 -24"><span class='ocrx_word' id='word_1_625' title='bbox 2156 3425 2320 3487; x_wconf 88' lang='lat' dir='ltr'><strong>enim,</strong></span> <span class='ocrx_word' id='word_1_626' title='bbox 2352 3424 2648 3480; x_wconf 87' lang='lat' dir='ltr'><strong>secundum</strong></span> <span class='ocrx_word' id='word_1_627' title='bbox 2671 3426 2910 3494; x_wconf 88' lang='lat' dir='ltr'><strong>ejusdem</strong></span> <span class='ocrx_word' id='word_1_628' title='bbox 2941 3426 3184 3496; x_wconf 86' lang='lat' dir='ltr'><strong>Apostoli</strong></span> <span class='ocrx_word' id='word_1_629' title='bbox 3207 3428 3430 3493; x_wconf 91' lang='lat' dir='ltr'><strong>dictum,</strong></span> <span class='ocrx_word' id='word_1_630' title='bbox 3464 3429 3602 3485; x_wconf 87' lang='lat' dir='ltr'><strong>Deus</strong></span> <span class='ocrx_word' id='word_1_631' title='bbox 3625 3434 3754 3502; x_wconf 86' lang='lat' dir='ltr'><strong>qui-</strong></span> 
     </span>
    </p>
   </div>
   <div class='ocr_carea' id='block_1_82' title="bbox 2158 3516 3752 3590">
    <p class='ocr_par' dir='ltr' id='par_1_82' title="bbox 2158 3516 3752 3590">
     <span class='ocr_line' id='line_1_82' title="bbox 2158 3516 3752 3590; baseline 0.005 -21"><span class='ocrx_word' id='word_1_632' title='bbox 2158 3517 2255 3569; x_wconf 88' lang='lat' dir='ltr'><strong>bus</strong></span> <span class='ocrx_word' id='word_1_633' title='bbox 2283 3516 2511 3569; x_wconf 88' lang='lat' dir='ltr'><strong>voluerit</strong></span> <span class='ocrx_word' id='word_1_634' title='bbox 2529 3518 2620 3569; x_wconf 86' lang='lat' dir='ltr'><strong>dat</strong></span> <span class='ocrx_word' id='word_1_635' title='bbox 2640 3519 2993 3586; x_wconf 72' lang='lat' dir='ltr'><strong>pmnitentiam</strong></span> <span class='ocrx_word' id='word_1_636' title='bbox 3022 3518 3091 3571; x_wconf 89' lang='lat' dir='ltr'><strong>ad</strong></span> <span class='ocrx_word' id='word_1_637' title='bbox 3121 3520 3531 3590; x_wconf 86' lang='lat' dir='ltr'><strong>cognoscendam</strong></span> <span class='ocrx_word' id='word_1_638' title='bbox 3553 3524 3752 3576; x_wconf 82' lang='lat' dir='ltr'><strong>verita-</strong></span> 
     </span>
    </p>
   </div>
   <div class='ocr_carea' id='block_1_83' title="bbox 2158 3606 3754 3681">
    <p class='ocr_par' dir='ltr' id='par_1_83' title="bbox 2158 3606 3754 3681">
     <span class='ocr_line' id='line_1_83' title="bbox 2158 3606 3754 3681; baseline 0.005 -24"><span class='ocrx_word' id='word_1_639' title='bbox 2158 3615 2276 3667; x_wconf 87' lang='lat' dir='ltr'><strong>tem,</strong></span> <span class='ocrx_word' id='word_1_640' title='bbox 2314 3615 2370 3658; x_wconf 83' lang='lat' dir='ltr'><strong>ut</strong></span> <span class='ocrx_word' id='word_1_641' title='bbox 2396 3607 2704 3676; x_wconf 80' lang='lat' dir='ltr'><strong>resipiscam</strong></span> <span class='ocrx_word' id='word_1_642' title='bbox 2732 3623 2765 3659; x_wconf 84' lang='lat' dir='ltr'><strong>a</strong></span> <span class='ocrx_word' id='word_1_643' title='bbox 2785 3606 2980 3661; x_wconf 77' lang='lat' dir='ltr'><strong>diaboli</strong></span> <span class='ocrx_word' id='word_1_644' title='bbox 3008 3610 3223 3679; x_wconf 85' lang='lat' dir='ltr'><strong>laqueis,</strong></span> <span class='ocrx_word' id='word_1_645' title='bbox 3254 3626 3287 3662; x_wconf 94' lang='lat' dir='ltr'><strong>a</strong></span> <span class='ocrx_word' id='word_1_646' title='bbox 3311 3627 3408 3681; x_wconf 85' lang='lat' dir='ltr'><strong>quo</strong></span> <span class='ocrx_word' id='word_1_647' title='bbox 3438 3613 3629 3680; x_wconf 81' lang='lat' dir='ltr'><strong>captivi</strong></span> <span class='ocrx_word' id='word_1_648' title='bbox 3677 3625 3754 3666; x_wconf 81' lang='lat' dir='ltr'><strong>te-</strong></span> 
     </span>
    </p>
   </div>
   <div class='ocr_carea' id='block_1_84' title="bbox 2157 3684 3753 3769">
    <p class='ocr_par' dir='ltr' id='par_1_84' title="bbox 2157 3684 3753 3769">
     <span class='ocr_line' id='line_1_84' title="bbox 2157 3684 3753 3769; baseline 0.007 -23"><span class='ocrx_word' id='word_1_649' title='bbox 2157 3704 2344 3747; x_wconf 84' lang='lat' dir='ltr'><strong>nentur</strong></span> <span class='ocrx_word' id='word_1_650' title='bbox 2372 3695 2441 3746; x_wconf 90' lang='lat' dir='ltr'><strong>ad</strong></span> <span class='ocrx_word' id='word_1_651' title='bbox 2460 3696 2622 3764; x_wconf 87' lang='lat' dir='ltr'><strong>ipsius</strong></span> <span class='ocrx_word' id='word_1_652' title='bbox 2644 3695 2955 3762; x_wconf 80' lang='lat' dir='ltr'><strong>voluntatem</strong></span> <span class='ocrx_word' id='word_1_653' title='bbox 2987 3694 3083 3766; x_wconf 79' lang='lat'><strong>(11‘</strong></span> <span class='ocrx_word' id='word_1_654' title='bbox 3097 3695 3230 3752; x_wconf 88' lang='lat' dir='ltr'><strong>Tim.</strong></span> <span class='ocrx_word' id='word_1_655' title='bbox 3262 3684 3457 3769; x_wconf 54' lang='lat'><strong>11,35).</strong></span> <span class='ocrx_word' id='word_1_656' title='bbox 3487 3698 3637 3755; x_wconf 83' lang='lat' dir='ltr'><strong>Unde</strong></span> <span class='ocrx_word' id='word_1_657' title='bbox 3662 3701 3753 3757; x_wconf 80' lang='lat' dir='ltr'><strong>ille</strong></span> 
     </span>
    </p>
   </div>
   <div class='ocr_carea' id='block_1_85' title="bbox 2161 3784 3755 3859">
    <p class='ocr_par' dir='ltr' id='par_1_85' title="bbox 2161 3784 3755 3859">
     <span class='ocr_line' id='line_1_85' title="bbox 2161 3784 3755 3859; baseline 0.006 -24"><span class='ocrx_word' id='word_1_658' title='bbox 2161 3784 2530 3852; x_wconf 86' lang='lat' dir='ltr'><strong>apostolorum</strong></span> <span class='ocrx_word' id='word_1_659' title='bbox 2554 3785 2757 3853; x_wconf 88' lang='lat' dir='ltr'><strong>primus</strong></span> <span class='ocrx_word' id='word_1_660' title='bbox 2785 3791 2841 3839; x_wconf 90' lang='lat' dir='ltr'><strong>et</strong></span> <span class='ocrx_word' id='word_1_661' title='bbox 2862 3785 3023 3853; x_wconf 83' lang='lat' dir='ltr'><strong>digne</strong></span> <span class='ocrx_word' id='word_1_662' title='bbox 3049 3786 3240 3840; x_wconf 88' lang='lat' dir='ltr'><strong>beatus</strong></span> <span class='ocrx_word' id='word_1_663' title='bbox 3266 3787 3505 3841; x_wconf 80' lang='lat' dir='ltr'><strong>veritatis</strong></span> <span class='ocrx_word' id='word_1_664' title='bbox 3532 3789 3755 3859; x_wconf 86' lang='lat' dir='ltr'><strong>eloquio</strong></span> 
     </span>
    </p>
   </div>
   <div class='ocr_carea' id='block_1_86' title="bbox 2160 3873 3755 3943">
    <p class='ocr_par' dir='ltr' id='par_1_86' title="bbox 2160 3873 3755 3943">
     <span class='ocr_line' id='line_1_86' title="bbox 2160 3873 3755 3943; baseline 0.004 -16"><span class='ocrx_word' id='word_1_665' title='bbox 2160 3882 2520 3943; x_wconf 87' lang='lat' dir='ltr'><strong>nuncupatus,</strong></span> <span class='ocrx_word' id='word_1_666' title='bbox 2537 3873 2606 3927; x_wconf 90' lang='lat' dir='ltr'><strong>de</strong></span> <span class='ocrx_word' id='word_1_667' title='bbox 2625 3873 2941 3929; x_wconf 84' lang='lat' dir='ltr'><strong>credulitate</strong></span> <span class='ocrx_word' id='word_1_668' title='bbox 2960 3875 3197 3942; x_wconf 88' lang='lat' dir='ltr'><strong>gentium</strong></span> <span class='ocrx_word' id='word_1_669' title='bbox 3221 3875 3469 3943; x_wconf 85' lang='lat' dir='ltr'><strong>loquens,</strong></span> <span class='ocrx_word' id='word_1_670' title='bbox 3483 3875 3654 3932; x_wconf 84' lang='lat' dir='ltr'><strong>Deum</strong></span> <span class='ocrx_word' id='word_1_671' title='bbox 3673 3881 3755 3933; x_wconf 81' lang='lat' dir='ltr'><strong>di—</strong></span> 
     </span>
    </p>
   </div>
   <div class='ocr_carea' id='block_1_87' title="bbox 2160 3964 3758 4032">
    <p class='ocr_par' dir='ltr' id='par_1_87' title="bbox 2160 3964 3758 4032">
     <span class='ocr_line' id='line_1_87' title="bbox 2160 3964 3758 4032; baseline 0.004 -13"><span class='ocrx_word' id='word_1_672' title='bbox 2160 3966 2237 4019; x_wconf 83' lang='lat' dir='ltr'><strong>xit</strong></span> <span class='ocrx_word' id='word_1_673' title='bbox 2268 3964 2374 4020; x_wconf 84' lang='lat' dir='ltr'><strong>fide</strong></span> <span class='ocrx_word' id='word_1_674' title='bbox 2392 3966 2683 4019; x_wconf 89' lang='lat' dir='ltr'><strong>mundasse</strong></span> <span class='ocrx_word' id='word_1_675' title='bbox 2700 3966 2864 4021; x_wconf 88' lang='lat' dir='ltr'><strong>corda</strong></span> <span class='ocrx_word' id='word_1_676' title='bbox 2887 3980 3106 4032; x_wconf 92' lang='lat' dir='ltr'><strong>eorum;</strong></span> <span class='ocrx_word' id='word_1_677' title='bbox 3127 3974 3183 4020; x_wconf 87' lang='lat' dir='ltr'><strong>et</strong></span> <span class='ocrx_word' id='word_1_678' title='bbox 3202 3981 3389 4021; x_wconf 86' lang='lat' dir='ltr'><strong>rursus</strong></span> <span class='ocrx_word' id='word_1_679' title='bbox 3409 3966 3485 4020; x_wconf 91' lang='lat' dir='ltr'><strong>ait</strong></span> <span class='ocrx_word' id='word_1_680' title='bbox 3504 3971 3758 4025; x_wconf 75' lang='lat' dir='ltr'><strong>eamdem</strong></span> 
     </span>
    </p>
   </div>
   <div class='ocr_carea' id='block_1_88' title="bbox 2158 4058 3753 4134">
    <p class='ocr_par' dir='ltr' id='par_1_88' title="bbox 2158 4058 3753 4134">
     <span class='ocr_line' id='line_1_88' title="bbox 2158 4058 3753 4134; baseline 0.005 -24"><span class='ocrx_word' id='word_1_681' title='bbox 2158 4062 2383 4125; x_wconf 89' lang='lat' dir='ltr'><strong>gratiam</strong></span> <span class='ocrx_word' id='word_1_682' title='bbox 2400 4058 2654 4111; x_wconf 69' lang='lat' dir='ltr'><strong>divinitus</strong></span> <span class='ocrx_word' id='word_1_683' title='bbox 2663 4058 2727 4112; x_wconf 90' lang='lat' dir='ltr'><strong>da</strong></span> <span class='ocrx_word' id='word_1_684' title='bbox 2736 4067 2844 4112; x_wconf 91' lang='lat' dir='ltr'><strong>tam</strong></span> <span class='ocrx_word' id='word_1_685' title='bbox 2860 4058 3107 4127; x_wconf 88' lang='lat' dir='ltr'><strong>gentibus</strong></span> <span class='ocrx_word' id='word_1_686' title='bbox 3123 4074 3282 4129; x_wconf 89' lang='lat' dir='ltr'><strong>quam</strong></span> <span class='ocrx_word' id='word_1_687' title='bbox 3298 4070 3352 4115; x_wconf 91' lang='lat' dir='ltr'><strong>et</strong></span> <span class='ocrx_word' id='word_1_688' title='bbox 3367 4063 3494 4133; x_wconf 89' lang='lat' dir='ltr'><strong>ipsis</strong></span> <span class='ocrx_word' id='word_1_689' title='bbox 3507 4065 3647 4134; x_wconf 78' lang='lat' dir='ltr'><strong>(Act.</strong></span> <span class='ocrx_word' id='word_1_690' title='bbox 3663 4081 3753 4127; x_wconf 80' lang='lat' dir='ltr'><strong>xv,</strong></span> 
     </span>
    </p>
   </div>
   <div class='ocr_carea' id='block_1_89' title="bbox 2160 4152 3755 4234">
    <p class='ocr_par' dir='ltr' id='par_1_89' title="bbox 2160 4152 3755 4234">
     <span class='ocr_line' id='line_1_89' title="bbox 2160 4152 3755 4234; baseline 0.007 -25"><span class='ocrx_word' id='word_1_691' title='bbox 2160 4159 2237 4227; x_wconf 80' lang='lat'><strong>9),</strong></span> <span class='ocrx_word' id='word_1_692' title='bbox 2254 4167 2313 4211; x_wconf 93' lang='lat' dir='ltr'><strong>ut</strong></span> <span class='ocrx_word' id='word_1_693' title='bbox 2332 4152 2644 4212; x_wconf 82' lang='lat' dir='ltr'><strong>crederent:</strong></span> <span class='ocrx_word' id='word_1_694' title='bbox 2668 4158 2761 4212; x_wconf 91' lang='lat' dir='ltr'><strong>ubi</strong></span> <span class='ocrx_word' id='word_1_695' title='bbox 2783 4158 3075 4227; x_wconf 81' lang='lat' dir='ltr'><strong>gratuitum</strong></span> <span class='ocrx_word' id='word_1_696' title='bbox 3097 4161 3282 4227; x_wconf 74' lang='lat' dir='ltr'><strong>gratiae</strong></span> <span class='ocrx_word' id='word_1_697' title='bbox 3298 4162 3498 4218; x_wconf 92' lang='lat' dir='ltr'><strong>donum</strong></span> <span class='ocrx_word' id='word_1_698' title='bbox 3520 4167 3755 4234; x_wconf 86' lang='lat' dir='ltr'><strong>apostoli</strong></span> 
     </span>
    </p>
   </div>
   <div class='ocr_carea' id='block_1_90' title="bbox 2162 4259 3754 4335">
    <p class='ocr_par' dir='ltr' id='par_1_90' title="bbox 2162 4259 3754 4335">
     <span class='ocr_line' id='line_1_90' title="bbox 2162 4259 3754 4335; baseline 0.006 -22"><span class='ocrx_word' id='word_1_699' title='bbox 2162 4270 2218 4313; x_wconf 88' lang='lat' dir='ltr'><strong>et</strong></span> <span class='ocrx_word' id='word_1_700' title='bbox 2230 4260 2463 4328; x_wconf 84' lang='lat' dir='ltr'><strong>majores</strong></span> <span class='ocrx_word' id='word_1_701' title='bbox 2485 4268 2613 4314; x_wconf 86' lang='lat' dir='ltr'><strong>natu</strong></span> <span class='ocrx_word' id='word_1_702' title='bbox 2628 4261 2678 4313; x_wconf 88' lang='lat' dir='ltr'><strong>in</strong></span> <span class='ocrx_word' id='word_1_703' title='bbox 2692 4259 2932 4315; x_wconf 86' lang='lat' dir='ltr'><strong>doctrina</strong></span> <span class='ocrx_word' id='word_1_704' title='bbox 2946 4262 3367 4334; x_wconf 34' lang='lat' dir='ltr'><strong>sanetilSpiritus</strong></span> <span class='ocrx_word' id='word_1_705' title='bbox 3387 4279 3754 4335; x_wconf 80' lang='lat' dir='ltr'><strong>agnoverunt;</strong></span> 
     </span>
    </p>
   </div>
   <div class='ocr_carea' id='block_1_91' title="bbox 2163 4353 3756 4421">
    <p class='ocr_par' dir='ltr' id='par_1_91' title="bbox 2163 4353 3756 4421">
     <span class='ocr_line' id='line_1_91' title="bbox 2163 4353 3756 4421; baseline 0.006 -14"><span class='ocrx_word' id='word_1_706' title='bbox 2163 4368 2453 4421; x_wconf 90' lang='lat' dir='ltr'><strong>omnesque</strong></span> <span class='ocrx_word' id='word_1_707' title='bbox 2485 4353 2764 4407; x_wconf 87' lang='lat' dir='ltr'><strong>unanimes</strong></span> <span class='ocrx_word' id='word_1_708' title='bbox 2788 4359 2893 4407; x_wconf 78' lang='lat' dir='ltr'><strong>uno</strong></span> <span class='ocrx_word' id='word_1_709' title='bbox 2940 4369 3035 4408; x_wconf 90' lang='lat' dir='ltr'><strong>ore</strong></span> <span class='ocrx_word' id='word_1_710' title='bbox 3085 4356 3137 4409; x_wconf 90' lang='lat' dir='ltr'><strong>in</strong></span> <span class='ocrx_word' id='word_1_711' title='bbox 3189 4356 3330 4410; x_wconf 89' lang='lat' dir='ltr'><strong>beati</strong></span> <span class='ocrx_word' id='word_1_712' title='bbox 3362 4355 3505 4413; x_wconf 86' lang='lat' dir='ltr'><strong>Petri</strong></span> <span class='ocrx_word' id='word_1_713' title='bbox 3533 4368 3756 4417; x_wconf 78' lang='lat' dir='ltr'><strong>senten—</strong></span> 
     </span>
    </p>
   </div>
   <div class='ocr_carea' id='block_1_92' title="bbox 2164 4441 3758 4519">
    <p class='ocr_par' dir='ltr' id='par_1_92' title="bbox 2164 4441 3758 4519">
     <span class='ocr_line' id='line_1_92' title="bbox 2164 4441 3758 4519; baseline 0.006 -24"><span class='ocrx_word' id='word_1_714' title='bbox 2164 4444 2290 4496; x_wconf 89' lang='lat' dir='ltr'><strong>tiam</strong></span> <span class='ocrx_word' id='word_1_715' title='bbox 2338 4442 2684 4505; x_wconf 83' lang='lat' dir='ltr'><strong>transierunt,</strong></span> <span class='ocrx_word' id='word_1_716' title='bbox 2727 4441 3008 4497; x_wconf 89' lang='lat' dir='ltr'><strong>dicentes:</strong></span> <span class='ocrx_word' id='word_1_717' title='bbox 3042 4444 3183 4519; x_wconf 87' lang='lat' dir='ltr'><strong>Ergo</strong></span> <span class='ocrx_word' id='word_1_718' title='bbox 3234 4456 3283 4497; x_wconf 86' lang='lat' dir='ltr'><strong>et</strong></span> <span class='ocrx_word' id='word_1_719' title='bbox 3329 4446 3568 4515; x_wconf 83' lang='lat' dir='ltr'><strong>gentibus</strong></span> <span class='ocrx_word' id='word_1_720' title='bbox 3618 4448 3758 4506; x_wconf 83' lang='lat' dir='ltr'><strong>Deus</strong></span> 
     </span>
    </p>
   </div>
   <div class='ocr_carea' id='block_1_93' title="bbox 384 4527 3756 4620">
    <p class='ocr_par' dir='ltr' id='par_1_93' title="bbox 384 4527 3756 4620">
     <span class='ocr_line' id='line_1_93' title="bbox 384 4527 3756 4620; baseline 0.004 -34"><span class='ocrx_word' id='word_1_721' title='bbox 384 4527 393 4620; x_wconf 60' lang='grc' dir='ltr'><strong>ξ</strong></span> <span class='ocrx_word' id='word_1_722' title='bbox 467 4536 547 4601; x_wconf 73' lang='grc' dir='ltr'><strong>υ),</strong></span> <span class='ocrx_word' id='word_1_723' title='bbox 578 4535 783 4588; x_wconf 87' lang='lat' dir='ltr'><strong>lumine</strong></span> <span class='ocrx_word' id='word_1_724' title='bbox 805 4533 960 4588; x_wconf 89' lang='lat' dir='ltr'><strong>simul</strong></span> <span class='ocrx_word' id='word_1_725' title='bbox 989 4540 1044 4586; x_wconf 90' lang='lat' dir='ltr'><strong>et</strong></span> <span class='ocrx_word' id='word_1_726' title='bbox 1063 4533 1260 4586; x_wconf 90' lang='lat' dir='ltr'><strong>virtute</strong></span> <span class='ocrx_word' id='word_1_727' title='bbox 1287 4532 1510 4601; x_wconf 89' lang='lat' dir='ltr'><strong>privata,</strong></span> <span class='ocrx_word' id='word_1_728' title='bbox 1547 4531 1597 4585; x_wconf 91' lang='lat' dir='ltr'><strong>in</strong></span> <span class='ocrx_word' id='word_1_729' title='bbox 1625 4540 1827 4584; x_wconf 87' lang='lat' dir='ltr'><strong>tantum</strong></span> <span class='ocrx_word' id='word_1_730' title='bbox 1859 4546 1996 4585; x_wconf 65' lang='lat' dir='ltr'><strong>caeca</strong></span> <span class='ocrx_word' id='word_1_731' title='bbox 2028 4543 2049 4567; x_wconf 70' lang='grc' dir='ltr'><strong>υ</strong></span> <span class='ocrx_word' id='word_1_732' title='bbox 2088 4527 2135 4585; x_wconf 87' lang='lat' dir='ltr'><strong>D</strong></span> <span class='ocrx_word' id='word_1_733' title='bbox 2158 4535 2511 4606; x_wconf 72' lang='lat' dir='ltr'><strong>paenitentiam</strong></span> <span class='ocrx_word' id='word_1_734' title='bbox 2542 4536 2611 4587; x_wconf 91' lang='lat' dir='ltr'><strong>ad</strong></span> <span class='ocrx_word' id='word_1_735' title='bbox 2654 4536 2809 4590; x_wconf 78' lang='lat' dir='ltr'><strong>vitam</strong></span> <span class='ocrx_word' id='word_1_736' title='bbox 2845 4536 2983 4590; x_wconf 89' lang='lat' dir='ltr'><strong>dedit</strong></span> <span class='ocrx_word' id='word_1_737' title='bbox 3016 4537 3151 4607; x_wconf 78' lang='lat' dir='ltr'><strong>(Act.</strong></span> <span class='ocrx_word' id='word_1_738' title='bbox 3186 4554 3259 4602; x_wconf 71' lang='grc' dir='ltr'><strong>χι,</strong></span> <span class='ocrx_word' id='word_1_739' title='bbox 3291 4538 3369 4609; x_wconf 80' lang='lat'><strong>8).</strong></span> <span class='ocrx_word' id='word_1_740' title='bbox 3400 4539 3605 4611; x_wconf 87' lang='lat' dir='ltr'><strong>Nempe</strong></span> <span class='ocrx_word' id='word_1_741' title='bbox 3633 4558 3756 4598; x_wconf 88' lang='lat' dir='ltr'><strong>cum</strong></span> 
     </span>
    </p>
   </div>
   <div class='ocr_carea' id='block_1_94' title="bbox 466 4619 2053 4693">
    <p class='ocr_par' dir='ltr' id='par_1_94' title="bbox 466 4619 2053 4693">
     <span class='ocr_line' id='line_1_94' title="bbox 466 4619 2053 4693; baseline -0.004 -14"><span class='ocrx_word' id='word_1_742' title='bbox 466 4626 585 4680; x_wconf 82' lang='lat' dir='ltr'><strong>sine</strong></span> <span class='ocrx_word' id='word_1_743' title='bbox 613 4625 730 4693; x_wconf 84' lang='lat' dir='ltr'><strong>lege</strong></span> <span class='ocrx_word' id='word_1_744' title='bbox 758 4630 963 4692; x_wconf 77' lang='lat' dir='ltr'><strong>peccat,</strong></span> <span class='ocrx_word' id='word_1_745' title='bbox 990 4630 1049 4676; x_wconf 89' lang='lat' dir='ltr'><strong>ut</strong></span> <span class='ocrx_word' id='word_1_746' title='bbox 1075 4636 1300 4690; x_wconf 90' lang='lat' dir='ltr'><strong>peccare</strong></span> <span class='ocrx_word' id='word_1_747' title='bbox 1328 4636 1387 4676; x_wconf 90' lang='lat' dir='ltr'><strong>se</strong></span> <span class='ocrx_word' id='word_1_748' title='bbox 1415 4623 1635 4688; x_wconf 84' lang='lat' dir='ltr'><strong>nesciat.</strong></span> <span class='ocrx_word' id='word_1_749' title='bbox 1672 4619 1898 4690; x_wconf 81' lang='lat' dir='ltr'><strong>Propter</strong></span> <span class='ocrx_word' id='word_1_750' title='bbox 1910 4620 2053 4688; x_wconf 88' lang='lat' dir='ltr'><strong>quod</strong></span> 
     </span>
    </p>
   </div>
   <div class='ocr_carea' id='block_1_95' title="bbox 468 4712 2056 4782">
    <p class='ocr_par' dir='ltr' id='par_1_95' title="bbox 468 4712 2056 4782">
     <span class='ocr_line' id='line_1_95' title="bbox 468 4712 2056 4782; baseline -0.003 -15"><span class='ocrx_word' id='word_1_751' title='bbox 468 4715 698 4770; x_wconf 88' lang='lat' dir='ltr'><strong>dicitur:</strong></span> <span class='ocrx_word' id='word_1_752' title='bbox 730 4713 1213 4782; x_wconf 82' lang='lat' dir='ltr'><strong>Concupiscentiam</strong></span> <span class='ocrx_word' id='word_1_753' title='bbox 1241 4712 1545 4776; x_wconf 85' lang='lat' dir='ltr'><strong>nesciebant,</strong></span> <span class='ocrx_word' id='word_1_754' title='bbox 1575 4714 1673 4765; x_wconf 86' lang='lat' dir='ltr'><strong>nisi</strong></span> <span class='ocrx_word' id='word_1_755' title='bbox 1715 4712 1798 4765; x_wconf 71' lang='lat' dir='ltr'><strong>lea:</strong></span> <span class='ocrx_word' id='word_1_756' title='bbox 1823 4713 2056 4765; x_wconf 83' lang='lat' dir='ltr'><strong>diceret:</strong></span> 
     </span>
    </p>
   </div>
   <div class='ocr_carea' id='block_1_96' title="bbox 469 4804 2053 4875">
    <p class='ocr_par' dir='ltr' id='par_1_96' title="bbox 469 4804 2053 4875">
     <span class='ocr_line' id='line_1_96' title="bbox 469 4804 2053 4875; baseline -0.003 -14"><span class='ocrx_word' id='word_1_757' title='bbox 469 4805 596 4861; x_wconf 88' lang='lat' dir='ltr'><strong>Non</strong></span> <span class='ocrx_word' id='word_1_758' title='bbox 624 4808 950 4875; x_wconf 83' lang='lat' dir='ltr'><strong>concupisces</strong></span> <span class='ocrx_word' id='word_1_759' title='bbox 982 4804 1157 4875; x_wconf 84' lang='lat' dir='ltr'><strong>(Rom.</strong></span> <span class='ocrx_word' id='word_1_760' title='bbox 1194 4821 1282 4869; x_wconf 84' lang='lat' dir='ltr'><strong>vn,</strong></span> <span class='ocrx_word' id='word_1_761' title='bbox 1315 4804 1389 4874; x_wconf 90' lang='lat'><strong>7).</strong></span> <span class='ocrx_word' id='word_1_762' title='bbox 1417 4804 1626 4872; x_wconf 90' lang='lat' dir='ltr'><strong>Legalis</strong></span> <span class='ocrx_word' id='word_1_763' title='bbox 1651 4820 1866 4874; x_wconf 88' lang='lat' dir='ltr'><strong>quoque</strong></span> <span class='ocrx_word' id='word_1_764' title='bbox 1900 4805 2053 4858; x_wconf 84' lang='lat' dir='ltr'><strong>andi-</strong></span> 
     </span>
    </p>
   </div>
   <div class='ocr_carea' id='block_1_97' title="bbox 470 4896 2056 4964">
    <p class='ocr_par' dir='ltr' id='par_1_97' title="bbox 470 4896 2056 4964">
     <span class='ocr_line' id='line_1_97' title="bbox 470 4896 2056 4964; baseline -0.001 -14"><span class='ocrx_word' id='word_1_765' title='bbox 470 4906 557 4952; x_wconf 86' lang='lat' dir='ltr'><strong>tns</strong></span> <span class='ocrx_word' id='word_1_766' title='bbox 578 4912 683 4951; x_wconf 90' lang='lat' dir='ltr'><strong>non</strong></span> <span class='ocrx_word' id='word_1_767' title='bbox 712 4898 883 4954; x_wconf 86' lang='lat' dir='ltr'><strong>solum</strong></span> <span class='ocrx_word' id='word_1_768' title='bbox 905 4897 1174 4951; x_wconf 88' lang='lat' dir='ltr'><strong>neminem</strong></span> <span class='ocrx_word' id='word_1_769' title='bbox 1195 4897 1265 4949; x_wconf 91' lang='lat' dir='ltr'><strong>de</strong></span> <span class='ocrx_word' id='word_1_770' title='bbox 1287 4904 1561 4964; x_wconf 81' lang='lat' dir='ltr'><strong>potestate</strong></span> <span class='ocrx_word' id='word_1_771' title='bbox 1587 4896 1927 4949; x_wconf 86' lang='lat' dir='ltr'><strong>tenebrarum</strong></span> <span class='ocrx_word' id='word_1_772' title='bbox 1950 4896 2056 4949; x_wconf 88' lang='lat' dir='ltr'><strong>eri-</strong></span> 
     </span>
    </p>
   </div>
   <div class='ocr_carea' id='block_1_98' title="bbox 468 4985 2054 5058">
    <p class='ocr_par' dir='ltr' id='par_1_98' title="bbox 468 4985 2054 5058">
     <span class='ocr_line' id='line_1_98' title="bbox 468 4985 2054 5058; baseline -0.003 -17"><span class='ocrx_word' id='word_1_773' title='bbox 468 4989 606 5058; x_wconf 91' lang='lat' dir='ltr'><strong>puit,</strong></span> <span class='ocrx_word' id='word_1_774' title='bbox 645 4988 775 5055; x_wconf 90' lang='lat' dir='ltr'><strong>quin</strong></span> <span class='ocrx_word' id='word_1_775' title='bbox 804 4988 967 5042; x_wconf 90' lang='lat' dir='ltr'><strong>etiam</strong></span> <span class='ocrx_word' id='word_1_776' title='bbox 1007 4987 1378 5056; x_wconf 87' lang='lat' dir='ltr'><strong>peccatoribus</strong></span> <span class='ocrx_word' id='word_1_777' title='bbox 1416 4985 1686 5039; x_wconf 88' lang='lat' dir='ltr'><strong>cumulum</strong></span> <span class='ocrx_word' id='word_1_778' title='bbox 1737 4986 2054 5053; x_wconf 54' lang='lat' dir='ltr'><strong>pracvarica-</strong></span> 
     </span>
    </p>
   </div>
   <div class='ocr_carea' id='block_1_99' title="bbox 471 5069 2054 5148">
    <p class='ocr_par' dir='ltr' id='par_1_99' title="bbox 471 5069 2054 5148">
     <span class='ocr_line' id='line_1_99' title="bbox 471 5069 2054 5148; baseline -0.002 -16"><span class='ocrx_word' id='word_1_779' title='bbox 471 5081 636 5134; x_wconf 78' lang='lat' dir='ltr'><strong>tionis</strong></span> <span class='ocrx_word' id='word_1_780' title='bbox 664 5080 880 5147; x_wconf 89' lang='lat' dir='ltr'><strong>adjecit.</strong></span> <span class='ocrx_word' id='word_1_781' title='bbox 912 5077 1040 5133; x_wconf 89' lang='lat' dir='ltr'><strong>Sine</strong></span> <span class='ocrx_word' id='word_1_782' title='bbox 1068 5069 1240 5147; x_wconf 84' lang='lat' dir='ltr'><strong>gratia</strong></span> <span class='ocrx_word' id='word_1_783' title='bbox 1286 5078 1486 5148; x_wconf 89' lang='lat' dir='ltr'><strong>quippe</strong></span> <span class='ocrx_word' id='word_1_784' title='bbox 1536 5076 1657 5131; x_wconf 82' lang='lat' dir='ltr'><strong>ﬁdei</strong></span> <span class='ocrx_word' id='word_1_785' title='bbox 1710 5078 1924 5145; x_wconf 87' lang='lat' dir='ltr'><strong>gravius</strong></span> <span class='ocrx_word' id='word_1_786' title='bbox 1970 5077 2054 5129; x_wconf 80' lang='lat' dir='ltr'><strong>lex</strong></span> 
     </span>
    </p>
   </div>
   <div class='ocr_carea' id='block_1_100' title="bbox 472 5166 2057 5241">
    <p class='ocr_par' dir='ltr' id='par_1_100' title="bbox 472 5166 2057 5241">
     <span class='ocr_line' id='line_1_100' title="bbox 472 5166 2057 5241; baseline -0.004 -14"><span class='ocrx_word' id='word_1_787' title='bbox 472 5171 653 5239; x_wconf 82' lang='lat' dir='ltr'><strong>agnita</strong></span> <span class='ocrx_word' id='word_1_788' title='bbox 700 5185 867 5241; x_wconf 86' lang='lat' dir='ltr'><strong>quam</strong></span> <span class='ocrx_word' id='word_1_789' title='bbox 889 5171 1070 5237; x_wconf 88' lang='lat' dir='ltr'><strong>ignota</strong></span> <span class='ocrx_word' id='word_1_790' title='bbox 1100 5169 1441 5225; x_wconf 88' lang='lat' dir='ltr'><strong>condemnat.</strong></span> <span class='ocrx_word' id='word_1_791' title='bbox 1475 5166 1575 5223; x_wconf 87' lang='lat' dir='ltr'><strong>Ubi</strong></span> <span class='ocrx_word' id='word_1_792' title='bbox 1603 5176 1864 5237; x_wconf 86' lang='lat' dir='ltr'><strong>quantum</strong></span> <span class='ocrx_word' id='word_1_793' title='bbox 1903 5170 2057 5236; x_wconf 56' lang='lat' dir='ltr'><strong>igno-g</strong></span> 
     </span>
    </p>
   </div>
   <div class='ocr_carea' id='block_1_101' title="bbox 550 5419 2059 5493">
    <p class='ocr_par' dir='ltr' id='par_1_101' title="bbox 550 5419 2059 5493">
     <span class='ocr_line' id='line_1_101' title="bbox 550 5419 2059 5493; baseline 0.002 -22"><span class='ocrx_word' id='word_1_794' title='bbox 550 5428 574 5453; x_wconf 73' lang='lat'><em>“</em></span> <span class='ocrx_word' id='word_1_795' title='bbox 608 5419 727 5493; x_wconf 78' lang='lat' dir='ltr'><strong>Ms.,</strong></span> <span class='ocrx_word' id='word_1_796' title='bbox 782 5439 895 5475; x_wconf 86' lang='lat' dir='ltr'><strong>cum</strong></span> <span class='ocrx_word' id='word_1_797' title='bbox 942 5432 993 5476; x_wconf 89' lang='lat' dir='ltr'><strong>et</strong></span> <span class='ocrx_word' id='word_1_798' title='bbox 1033 5430 1309 5493; x_wconf 83' lang='lat' dir='ltr'><strong>antequam</strong></span> <span class='ocrx_word' id='word_1_799' title='bbox 1360 5431 1657 5475; x_wconf 84' lang='lat' dir='ltr'><strong>nasceretur</strong></span> <span class='ocrx_word' id='word_1_800' title='bbox 1704 5430 1905 5474; x_wconf 84' lang='lat' dir='ltr'><strong>asserat</strong></span> <span class='ocrx_word' id='word_1_801' title='bbox 1945 5438 2059 5476; x_wconf 82' lang='lat' dir='ltr'><strong>eum</strong></span> 
     </span>
    </p>
   </div>
   <div class='ocr_carea' id='block_1_102' title="bbox 432 5488 914 5556">
    <p class='ocr_par' dir='ltr' id='par_1_102' title="bbox 432 5488 914 5556">
     <span class='ocr_line' id='line_1_102' title="bbox 432 5488 914 5556; baseline 0.015 -18"><span class='ocrx_word' id='word_1_802' title='bbox 432 5504 437 5507; x_wconf 65' lang='lat'><em>&#39;</em></span> <span class='ocrx_word' id='word_1_803' title='bbox 478 5488 776 5556; x_wconf 80' lang='lat' dir='ltr'><strong>Apostolus.</strong></span> <span class='ocrx_word' id='word_1_804' title='bbox 810 5501 914 5546; x_wconf 84' lang='lat' dir='ltr'><strong>etc.</strong></span> 
     </span>
    </p>
   </div>
   <div class='ocr_carea' id='block_1_103' title="bbox 552 5557 2059 5630">
    <p class='ocr_par' dir='ltr' id='par_1_103' title="bbox 552 5557 2059 5630">
     <span class='ocr_line' id='line_1_103' title="bbox 552 5557 2059 5630; baseline 0.001 -19"><span class='ocrx_word' id='word_1_805' title='bbox 552 5557 581 5630; x_wconf 53' lang='lat' dir='ltr'><strong>if</strong></span> <span class='ocrx_word' id='word_1_806' title='bbox 592 5558 768 5630; x_wconf 79' lang='lat' dir='ltr'><strong>Abest</strong></span> <span class='ocrx_word' id='word_1_807' title='bbox 800 5562 883 5617; x_wconf 85' lang='lat' dir='ltr'><strong>hic</strong></span> <span class='ocrx_word' id='word_1_808' title='bbox 908 5578 1065 5617; x_wconf 72' lang='lat' dir='ltr'><strong>a&#39;ms.</strong></span> <span class='ocrx_word' id='word_1_809' title='bbox 1100 5563 1322 5617; x_wconf 88' lang='lat' dir='ltr'><strong>Domino</strong></span> <span class='ocrx_word' id='word_1_810' title='bbox 1346 5570 1541 5628; x_wconf 85' lang='lat' dir='ltr'><strong>nostra,</strong></span> <span class='ocrx_word' id='word_1_811' title='bbox 1582 5571 1637 5618; x_wconf 87' lang='lat' dir='ltr'><strong>et</strong></span> <span class='ocrx_word' id='word_1_812' title='bbox 1660 5578 1689 5615; x_wconf 92' lang='lat' dir='ltr'><strong>a</strong></span> <span class='ocrx_word' id='word_1_813' title='bbox 1738 5567 1888 5615; x_wconf 77' lang='lat' dir='ltr'><strong>textu</strong></span> <span class='ocrx_word' id='word_1_814' title='bbox 1913 5561 2059 5630; x_wconf 85' lang='lat' dir='ltr'><strong>Apo-</strong></span> 
     </span>
    </p>
   </div>
   <div class='ocr_carea' id='block_1_104' title="bbox 479 5627 1124 5695">
    <p class='ocr_par' dir='ltr' id='par_1_104' title="bbox 479 5627 1124 5695">
     <span class='ocr_line' id='line_1_104' title="bbox 479 5627 1124 5695; baseline 0.009 -15"><span class='ocrx_word' id='word_1_815' title='bbox 479 5627 635 5688; x_wconf 82' lang='lat' dir='ltr'><strong>stoli;</strong></span> <span class='ocrx_word' id='word_1_816' title='bbox 661 5629 848 5695; x_wconf 78' lang='lat' dir='ltr'><strong>legitur</strong></span> <span class='ocrx_word' id='word_1_817' title='bbox 876 5633 924 5685; x_wconf 92' lang='lat' dir='ltr'><strong>in</strong></span> <span class='ocrx_word' id='word_1_818' title='bbox 948 5634 1124 5687; x_wconf 81' lang='lat' dir='ltr'><strong>editis.</strong></span> 
     </span>
    </p>
   </div>
   <div class='ocr_carea' id='block_1_105' title="bbox 560 5690 1807 5761">
    <p class='ocr_par' dir='ltr' id='par_1_105' title="bbox 560 5690 1807 5761">
     <span class='ocr_line' id='line_1_105' title="bbox 560 5690 1807 5761; baseline 0.003 -13"><span class='ocrx_word' id='word_1_819' title='bbox 560 5708 580 5734; x_wconf 73' lang='grc' dir='ltr'><strong><em>ο</em></strong></span> <span class='ocrx_word' id='word_1_820' title='bbox 612 5696 686 5749; x_wconf 88' lang='lat' dir='ltr'><strong>Ita</strong></span> <span class='ocrx_word' id='word_1_821' title='bbox 712 5690 842 5761; x_wconf 73' lang='lat' dir='ltr'><strong>ms.;</strong></span> <span class='ocrx_word' id='word_1_822' title='bbox 872 5711 921 5752; x_wconf 87' lang='lat' dir='ltr'><strong>at</strong></span> <span class='ocrx_word' id='word_1_823' title='bbox 948 5703 1092 5761; x_wconf 81' lang='lat' dir='ltr'><strong>editi,</strong></span> <span class='ocrx_word' id='word_1_824' title='bbox 1128 5706 1175 5756; x_wconf 81' lang='lat' dir='ltr'><strong>in</strong></span> <span class='ocrx_word' id='word_1_825' title='bbox 1205 5713 1401 5756; x_wconf 83' lang='lat' dir='ltr'><strong>tantum</strong></span> <span class='ocrx_word' id='word_1_826' title='bbox 1433 5690 1621 5755; x_wconf 66' lang='lat' dir='ltr'><strong>naltira</strong></span> <span class='ocrx_word' id='word_1_827' title='bbox 1646 5717 1807 5759; x_wconf 75' lang='lat' dir='ltr'><strong>ca’ca.</strong></span> 
     </span>
    </p>
   </div>
   <div class='ocr_carea' id='block_1_106' title="bbox 553 5765 2059 5840">
    <p class='ocr_par' dir='ltr' id='par_1_106' title="bbox 553 5765 2059 5840">
     <span class='ocr_line' id='line_1_106' title="bbox 553 5765 2059 5840; baseline 0.001 -18"><span class='ocrx_word' id='word_1_828' title='bbox 553 5765 579 5805; x_wconf 69' lang='grc'><strong>⁸⁵</strong></span> <span class='ocrx_word' id='word_1_829' title='bbox 610 5766 698 5822; x_wconf 89' lang='lat' dir='ltr'><strong>Sic</strong></span> <span class='ocrx_word' id='word_1_830' title='bbox 727 5770 914 5838; x_wconf 65' lang='lat' dir='ltr'><strong>legitur</strong></span> <span class='ocrx_word' id='word_1_831' title='bbox 963 5773 1013 5825; x_wconf 90' lang='lat' dir='ltr'><strong>in</strong></span> <span class='ocrx_word' id='word_1_832' title='bbox 1054 5774 1243 5839; x_wconf 78' lang='lat' dir='ltr'><strong>editis;</strong></span> <span class='ocrx_word' id='word_1_833' title='bbox 1286 5783 1335 5826; x_wconf 86' lang='lat' dir='ltr'><strong>at</strong></span> <span class='ocrx_word' id='word_1_834' title='bbox 1372 5775 1423 5827; x_wconf 88' lang='lat' dir='ltr'><strong>in</strong></span> <span class='ocrx_word' id='word_1_835' title='bbox 1475 5788 1575 5826; x_wconf 86' lang='lat' dir='ltr'><strong>ms.</strong></span> <span class='ocrx_word' id='word_1_836' title='bbox 1626 5771 1736 5824; x_wconf 66' lang='lat' dir='ltr'><strong>lucc</strong></span> <span class='ocrx_word' id='word_1_837' title='bbox 1780 5770 2059 5840; x_wconf 70' lang='lat' dir='ltr'><strong>praefertur</strong></span> 
     </span>
    </p>
   </div>
   <div class='ocr_carea' id='block_1_107' title="bbox 2159 4616 3797 4698">
    <p class='ocr_par' dir='ltr' id='par_1_107' title="bbox 2159 4616 3797 4698">
     <span class='ocr_line' id='line_1_107' title="bbox 2159 4616 3797 4698; baseline 0.004 -17"><span class='ocrx_word' id='word_1_838' title='bbox 2159 4628 2274 4694; x_wconf 89' lang='lat' dir='ltr'><strong>ipse</strong></span> <span class='ocrx_word' id='word_1_839' title='bbox 2302 4626 2548 4680; x_wconf 86' lang='lat' dir='ltr'><strong>Salvator</strong></span> <span class='ocrx_word' id='word_1_840' title='bbox 2577 4616 2760 4679; x_wconf 81' lang='lat' dir='ltr'><strong>noster</strong></span> <span class='ocrx_word' id='word_1_841' title='bbox 2788 4627 3019 4696; x_wconf 73' lang='lat' dir='ltr'><strong>propria:</strong></span> <span class='ocrx_word' id='word_1_842' title='bbox 3046 4628 3194 4682; x_wconf 91' lang='lat' dir='ltr'><strong>vocis</strong></span> <span class='ocrx_word' id='word_1_843' title='bbox 3218 4628 3443 4698; x_wconf 90' lang='lat' dir='ltr'><strong>imperio</strong></span> <span class='ocrx_word' id='word_1_844' title='bbox 3465 4630 3755 4687; x_wconf 87' lang='lat' dir='ltr'><strong>humanam</strong></span> <span class='ocrx_word' id='word_1_845' title='bbox 3794 4624 3797 4625; x_wconf 38' lang='grc'><strong><em>⁷</em></strong></span> 
     </span>
    </p>
   </div>
   <div class='ocr_carea' id='block_1_108' title="bbox 2160 4715 3757 4781">
    <p class='ocr_par' dir='ltr' id='par_1_108' title="bbox 2160 4715 3757 4781">
     <span class='ocr_line' id='line_1_108' title="bbox 2160 4715 3757 4781; baseline 0.004 -12"><span class='ocrx_word' id='word_1_846' title='bbox 2160 4716 2477 4770; x_wconf 79' lang='lat' dir='ltr'><strong>convenerit</strong></span> <span class='ocrx_word' id='word_1_847' title='bbox 2524 4725 2546 4752; x_wconf 70' lang='grc' dir='ltr'><strong>ε</strong></span> <span class='ocrx_word' id='word_1_848' title='bbox 2580 4715 2931 4781; x_wconf 86' lang='lat' dir='ltr'><strong>voluntatem,</strong></span> <span class='ocrx_word' id='word_1_849' title='bbox 2963 4715 3184 4771; x_wconf 90' lang='lat' dir='ltr'><strong>dicens:</strong></span> <span class='ocrx_word' id='word_1_850' title='bbox 3221 4716 3546 4774; x_wconf 71' lang='lat' dir='ltr'><strong>Paenitemini</strong></span> <span class='ocrx_word' id='word_1_851' title='bbox 3577 4731 3628 4774; x_wconf 88' lang='lat' dir='ltr'><strong>et</strong></span> <span class='ocrx_word' id='word_1_852' title='bbox 3646 4739 3757 4775; x_wconf 88' lang='lat' dir='ltr'><strong>cre-</strong></span> 
     </span>
    </p>
   </div>
   <div class='ocr_carea' id='block_1_109' title="bbox 2161 4806 3760 4881">
    <p class='ocr_par' dir='ltr' id='par_1_109' title="bbox 2161 4806 3760 4881">
     <span class='ocr_line' id='line_1_109' title="bbox 2161 4806 3760 4881; baseline 0.007 -22"><span class='ocrx_word' id='word_1_853' title='bbox 2161 4809 2265 4861; x_wconf 78' lang='lat' dir='ltr'><strong>dite</strong></span> <span class='ocrx_word' id='word_1_854' title='bbox 2305 4806 2589 4879; x_wconf 82' lang='lat' dir='ltr'><strong>Evangelia</strong></span> <span class='ocrx_word' id='word_1_855' title='bbox 2639 4806 2835 4877; x_wconf 78' lang='lat' dir='ltr'><strong>(Marc.</strong></span> <span class='ocrx_word' id='word_1_856' title='bbox 2887 4824 2924 4873; x_wconf 79' lang='grc' dir='ltr'><strong>ι,</strong></span> <span class='ocrx_word' id='word_1_857' title='bbox 2978 4807 3103 4879; x_wconf 74' lang='grc'><strong>15);</strong></span> <span class='ocrx_word' id='word_1_858' title='bbox 3135 4809 3304 4863; x_wconf 90' lang='lat' dir='ltr'><strong>claret</strong></span> <span class='ocrx_word' id='word_1_859' title='bbox 3333 4818 3510 4865; x_wconf 88' lang='lat' dir='ltr'><strong>tamen</strong></span> <span class='ocrx_word' id='word_1_860' title='bbox 3539 4814 3668 4881; x_wconf 84' lang='lat' dir='ltr'><strong>quia</strong></span> <span class='ocrx_word' id='word_1_861' title='bbox 3700 4823 3760 4870; x_wconf 91' lang='lat' dir='ltr'><strong>ut</strong></span> 
     </span>
    </p>
   </div>
   <div class='ocr_carea' id='block_1_110' title="bbox 2161 4882 3754 4972">
    <p class='ocr_par' dir='ltr' id='par_1_110' title="bbox 2161 4882 3754 4972">
     <span class='ocr_line' id='line_1_110' title="bbox 2161 4882 3754 4972; baseline 0.004 -22"><span class='ocrx_word' id='word_1_862' title='bbox 2161 4897 2321 4950; x_wconf 91' lang='lat' dir='ltr'><strong>homo</strong></span> <span class='ocrx_word' id='word_1_863' title='bbox 2350 4897 2402 4950; x_wconf 91' lang='lat' dir='ltr'><strong>in</strong></span> <span class='ocrx_word' id='word_1_864' title='bbox 2434 4897 2601 4950; x_wconf 92' lang='lat' dir='ltr'><strong>Deum</strong></span> <span class='ocrx_word' id='word_1_865' title='bbox 2622 4897 2842 4952; x_wconf 84' lang='lat' dir='ltr'><strong>credere</strong></span> <span class='ocrx_word' id='word_1_866' title='bbox 2878 4897 3115 4966; x_wconf 83' lang='lat' dir='ltr'><strong>incipiat,</strong></span> <span class='ocrx_word' id='word_1_867' title='bbox 3155 4913 3183 4951; x_wconf 93' lang='lat' dir='ltr'><strong>a</strong></span> <span class='ocrx_word' id='word_1_868' title='bbox 3217 4896 3329 4953; x_wconf 93' lang='lat' dir='ltr'><strong>Deo</strong></span> <span class='ocrx_word' id='word_1_869' title='bbox 3356 4901 3552 4970; x_wconf 90' lang='lat' dir='ltr'><strong>accipit</strong></span> <span class='ocrx_word' id='word_1_870' title='bbox 3575 4882 3754 4972; x_wconf 63' lang='lat' dir='ltr'><strong>pinni-</strong></span> 
     </span>
    </p>
   </div>
   <div class='ocr_carea' id='block_1_111' title="bbox 2164 4987 3749 5064">
    <p class='ocr_par' dir='ltr' id='par_1_111' title="bbox 2164 4987 3749 5064">
     <span class='ocr_line' id='line_1_111' title="bbox 2164 4987 3749 5064; baseline 0.007 -25"><span class='ocrx_word' id='word_1_871' title='bbox 2164 4988 2388 5041; x_wconf 85' lang='lat' dir='ltr'><strong>tentiam</strong></span> <span class='ocrx_word' id='word_1_872' title='bbox 2417 4987 2484 5040; x_wconf 87' lang='lat' dir='ltr'><strong>ad</strong></span> <span class='ocrx_word' id='word_1_873' title='bbox 2514 4987 2700 5049; x_wconf 86' lang='lat' dir='ltr'><strong>vitam,</strong></span> <span class='ocrx_word' id='word_1_874' title='bbox 2731 4989 2802 5042; x_wconf 86' lang='lat' dir='ltr'><strong>ita</strong></span> <span class='ocrx_word' id='word_1_875' title='bbox 2840 4997 2899 5042; x_wconf 91' lang='lat' dir='ltr'><strong>ut</strong></span> <span class='ocrx_word' id='word_1_876' title='bbox 2927 4990 3148 5043; x_wconf 90' lang='lat' dir='ltr'><strong>omnino</strong></span> <span class='ocrx_word' id='word_1_877' title='bbox 3174 4990 3397 5046; x_wconf 87' lang='lat' dir='ltr'><strong>credere</strong></span> <span class='ocrx_word' id='word_1_878' title='bbox 3429 5008 3535 5048; x_wconf 89' lang='lat' dir='ltr'><strong>non</strong></span> <span class='ocrx_word' id='word_1_879' title='bbox 3562 4997 3749 5064; x_wconf 85' lang='lat' dir='ltr'><strong>possit,</strong></span> 
     </span>
    </p>
   </div>
   <div class='ocr_carea' id='block_1_112' title="bbox 2163 5076 3752 5152">
    <p class='ocr_par' dir='ltr' id='par_1_112' title="bbox 2163 5076 3752 5152">
     <span class='ocr_line' id='line_1_112' title="bbox 2163 5076 3752 5152; baseline 0.006 -23"><span class='ocrx_word' id='word_1_880' title='bbox 2163 5076 2264 5129; x_wconf 89' lang='lat' dir='ltr'><strong>nisi</strong></span> <span class='ocrx_word' id='word_1_881' title='bbox 2288 5076 2659 5145; x_wconf 67' lang='lat' dir='ltr'><strong>paenitentiam</strong></span> <span class='ocrx_word' id='word_1_882' title='bbox 2681 5077 2825 5132; x_wconf 93' lang='lat' dir='ltr'><strong>dono</strong></span> <span class='ocrx_word' id='word_1_883' title='bbox 2853 5077 2946 5133; x_wconf 91' lang='lat' dir='ltr'><strong>Dei</strong></span> <span class='ocrx_word' id='word_1_884' title='bbox 2968 5079 3271 5134; x_wconf 86' lang='lat' dir='ltr'><strong>miserantis</strong></span> <span class='ocrx_word' id='word_1_885' title='bbox 3304 5082 3578 5151; x_wconf 90' lang='lat' dir='ltr'><strong>acceperit</strong></span> <span class='ocrx_word' id='word_1_886' title='bbox 3602 5102 3615 5136; x_wconf 89' lang='lat'><strong>:</strong></span> <span class='ocrx_word' id='word_1_887' title='bbox 3637 5099 3752 5152; x_wconf 81' lang='lat' dir='ltr'><strong>qua:</strong></span> 
     </span>
    </p>
   </div>
   <div class='ocr_carea' id='block_1_113' title="bbox 2165 5169 3746 5239">
    <p class='ocr_par' dir='ltr' id='par_1_113' title="bbox 2165 5169 3746 5239">
     <span class='ocr_line' id='line_1_113' title="bbox 2165 5169 3746 5239; baseline 0.006 -17"><span class='ocrx_word' id='word_1_888' title='bbox 2165 5178 2248 5222; x_wconf 88' lang='lat' dir='ltr'><strong>est</strong></span> <span class='ocrx_word' id='word_1_889' title='bbox 2268 5177 2445 5223; x_wconf 87' lang='lat' dir='ltr'><strong>autem</strong></span> <span class='ocrx_word' id='word_1_890' title='bbox 2476 5169 2789 5239; x_wconf 75' lang='lat' dir='ltr'><strong>pmnitentia</strong></span> <span class='ocrx_word' id='word_1_891' title='bbox 2814 5171 3065 5233; x_wconf 86' lang='lat' dir='ltr'><strong>hominis.</strong></span> <span class='ocrx_word' id='word_1_892' title='bbox 3103 5173 3200 5225; x_wconf 88' lang='lat' dir='ltr'><strong>nisi</strong></span> <span class='ocrx_word' id='word_1_893' title='bbox 3248 5177 3475 5229; x_wconf 87' lang='lat' dir='ltr'><strong>mutatio</strong></span> <span class='ocrx_word' id='word_1_894' title='bbox 3504 5176 3746 5231; x_wconf 81' lang='lat' dir='ltr'><strong>volunta-</strong></span> 
     </span>
    </p>
   </div>
   <div class='ocr_carea' id='block_1_114' title="bbox 2168 5422 3750 5493">
    <p class='ocr_par' dir='ltr' id='par_1_114' title="bbox 2168 5422 3750 5493">
     <span class='ocr_line' id='line_1_114' title="bbox 2168 5422 3750 5493; baseline -0.003 -16"><span class='ocrx_word' id='word_1_895' title='bbox 2168 5424 2348 5493; x_wconf 82' lang='lat' dir='ltr'><strong>lectio.</strong></span> <span class='ocrx_word' id='word_1_896' title='bbox 2376 5422 2645 5487; x_wconf 83' lang='lat' dir='ltr'><strong>Quomodo</strong></span> <span class='ocrx_word' id='word_1_897' title='bbox 2686 5423 2843 5493; x_wconf 88' lang='lat' dir='ltr'><strong>igitur</strong></span> <span class='ocrx_word' id='word_1_898' title='bbox 2872 5422 2935 5475; x_wconf 84' lang='lat' dir='ltr'><strong>de</strong></span> <span class='ocrx_word' id='word_1_899' title='bbox 2976 5422 3316 5489; x_wconf 87' lang='lat' dir='ltr'><strong>possibilitate</strong></span> <span class='ocrx_word' id='word_1_900' title='bbox 3348 5425 3565 5478; x_wconf 76' lang='lat' dir='ltr'><strong>solvitur</strong></span> <span class='ocrx_word' id='word_1_901' title='bbox 3608 5425 3750 5477; x_wconf 74' lang='lat' dir='ltr'><strong>liberi</strong></span> 
     </span>
    </p>
   </div>
   <div class='ocr_carea' id='block_1_115' title="bbox 2166 5492 3752 5565">
    <p class='ocr_par' dir='ltr' id='par_1_115' title="bbox 2166 5492 3752 5565">
     <span class='ocr_line' id='line_1_115' title="bbox 2166 5492 3752 5565; baseline 0 -19"><span class='ocrx_word' id='word_1_902' title='bbox 2166 5492 2390 5565; x_wconf 82' lang='lat' dir='ltr'><strong>arbitrii,</strong></span> <span class='ocrx_word' id='word_1_903' title='bbox 2418 5494 2461 5546; x_wconf 89' lang='lat' dir='ltr'><strong>si</strong></span> <span class='ocrx_word' id='word_1_904' title='bbox 2489 5508 2593 5565; x_wconf 89' lang='lat' dir='ltr'><strong>non</strong></span> <span class='ocrx_word' id='word_1_905' title='bbox 2631 5492 3062 5565; x_wconf 61' lang='lat' dir='ltr'><strong>prteveniatur....</strong></span> <span class='ocrx_word' id='word_1_906' title='bbox 3108 5493 3215 5546; x_wconf 75' lang='lat' dir='ltr'><strong>Aut</strong></span> <span class='ocrx_word' id='word_1_907' title='bbox 3250 5493 3752 5565; x_wconf 76' lang='lat' dir='ltr'><strong>quantulumcunque</strong></span> 
     </span>
    </p>
   </div>
   <div class='ocr_carea' id='block_1_116' title="bbox 2167 5564 2890 5627">
    <p class='ocr_par' dir='ltr' id='par_1_116' title="bbox 2167 5564 2890 5627">
     <span class='ocr_line' id='line_1_116' title="bbox 2167 5564 2890 5627; baseline -0.006 -9"><span class='ocrx_word' id='word_1_908' title='bbox 2167 5565 2263 5618; x_wconf 83' lang='lat' dir='ltr'><strong>sibi</strong></span> <span class='ocrx_word' id='word_1_909' title='bbox 2293 5564 2439 5617; x_wconf 77' lang='lat' dir='ltr'><strong>bona:</strong></span> <span class='ocrx_word' id='word_1_910' title='bbox 2460 5564 2755 5627; x_wconf 86' lang='lat' dir='ltr'><strong>voluntatis,</strong></span> <span class='ocrx_word' id='word_1_911' title='bbox 2783 5569 2890 5617; x_wconf 80' lang='lat' dir='ltr'><strong>etc.</strong></span> 
     </span>
    </p>
   </div>
   <div class='ocr_carea' id='block_1_117' title="bbox 2243 5631 3751 5713">
    <p class='ocr_par' dir='ltr' id='par_1_117' title="bbox 2243 5631 3751 5713">
     <span class='ocr_line' id='line_1_117' title="bbox 2243 5631 3751 5713; baseline 0 -27"><span class='ocrx_word' id='word_1_912' title='bbox 2243 5643 2264 5669; x_wconf 74' lang='grc' dir='ltr'>ε</span> <span class='ocrx_word' id='word_1_913' title='bbox 2284 5633 2365 5713; x_wconf 72' lang='lat' dir='ltr'><strong>ita</strong></span> <span class='ocrx_word' id='word_1_914' title='bbox 2396 5648 2521 5697; x_wconf 90' lang='lat' dir='ltr'><strong>ms.;</strong></span> <span class='ocrx_word' id='word_1_915' title='bbox 2541 5631 2668 5687; x_wconf 85' lang='lat' dir='ltr'><strong>Lov.</strong></span> <span class='ocrx_word' id='word_1_916' title='bbox 2703 5647 2831 5685; x_wconf 80' lang='lat' dir='ltr'><strong>vero</strong></span> <span class='ocrx_word' id='word_1_917' title='bbox 2854 5641 2908 5686; x_wconf 89' lang='lat' dir='ltr'><strong>et</strong></span> <span class='ocrx_word' id='word_1_918' title='bbox 2939 5632 3087 5697; x_wconf 85' lang='lat' dir='ltr'><strong>Ant.,</strong></span> <span class='ocrx_word' id='word_1_919' title='bbox 3118 5636 3390 5697; x_wconf 70' lang='lat' dir='ltr'><strong>convenit;</strong></span> <span class='ocrx_word' id='word_1_920' title='bbox 3413 5632 3601 5700; x_wconf 80' lang='lat' dir='ltr'><strong>Basil.,</strong></span> <span class='ocrx_word' id='word_1_921' title='bbox 3627 5651 3751 5689; x_wconf 79' lang='lat' dir='ltr'><strong>con-</strong></span> 
     </span>
    </p>
   </div>
   <div class='ocr_carea' id='block_1_118' title="bbox 2169 5712 2333 5756">
    <p class='ocr_par' dir='ltr' id='par_1_118' title="bbox 2169 5712 2333 5756">
     <span class='ocr_line' id='line_1_118' title="bbox 2169 5712 2333 5756; baseline -0.006 0"><span class='ocrx_word' id='word_1_922' title='bbox 2169 5712 2333 5756; x_wconf 77' lang='lat' dir='ltr'><strong>t&#39;crltl.</strong></span> 
     </span>
    </p>
   </div>
  </div>
