4014 6340
226 325 321 380 ι’ῑό

1609 341 1935 400 EPISTOLA
1977 343 2130 399 XVII.
2583 341 2612 366 ⁹

3404 363 3512 416 474

360 455 502 510 Deus
524 470 676 523 ergo,
700 455 791 524 qui
816 455 1016 512 homini
1043 453 1412 524 paenitentiam
1433 453 1544 516 dat,
1575 457 1688 523 ipse
1718 472 1815 508 vo-
1847 464 1890 517 Α
1923 468 2345 526 persecutorem,
2372 467 2425 513 et
2453 464 2918 526 co.-.tumeliosmn,
2945 483 3120 523 caecus
3152 480 3312 539 atque
3339 474 3511 530 incre-

245 555 487 599 uatatem
511 546 740 601 beluinis
758 554 948 599 mutat.

291 637 388 704 35.,
431 637 663 691 Proinde
690 637 735 690 si
763 637 882 706 quis
909 635 1058 700 dicit,
1089 635 1265 690 Meum
1296 646 1378 690 est
1409 635 1547 690 velle
1571 635 1812 700 credere,

224 729 310 785 Dei
348 740 533 783 autem
560 729 743 796 gratia:
770 736 853 782 est
880 727 1138 796 adjuvare
1157 768 1171 790 ,
1195 736 1367 782 mutet
1387 727 1650 782 dictorum
1680 728 1816 781 ordi-

223 838 345 877 nem
376 862 392 884 ,
426 823 536 875 imo
563 837 670 875 non
695 826 888 884 mutet,
911 818 1004 872 sed
1034 827 1230 880 servet,
1258 833 1356 872 nec
1377 818 1520 885 quod
1546 817 1815 886 posterius

220 927 299 968 est
329 914 388 966 in
420 912 599 982 priore
625 910 766 975 loco,
804 924 902 964 nec
929 908 1074 983 quod
1104 916 1188 961 est
1215 907 1365 976 prius
1395 908 1448 960 in
1479 908 1599 961 loco
1629 915 1813 976 poste-

221 1004 368 1058 riore
394 1001 707 1056 constituat.
742 999 880 1053 Male
917 999 1059 1053 enim
1097 999 1324 1065 gratiam
1356 998 1449 1051 Dei
1481 1013 1590 1052 sua:
1621 999 1808 1052 volun-

221 1096 308 1152 tati
348 1093 646 1164 postponit,
677 1106 799 1146 cum
832 1091 930 1144 ista
955 1090 1098 1144 bona
1135 1103 1256 1142 esse
1286 1085 1393 1141 non
1425 1087 1612 1155 possit,
1646 1087 1690 1140 si
1723 1087 1811 1141 illa

219 1186 471 1240 defuerit.
498 1183 612 1237 Non
642 1196 772 1250 ergo
811 1182 906 1250 (al.
937 1181 1102 1249 enim)
1133 1179 1304 1243 dicat,
1348 1178 1522 1232 Meum
1553 1187 1635 1232 est
1677 1179 1814 1232 velle

219 1280 467 1339 credere,
503 1277 593 1331 Dei
623 1283 803 1329 autem
832 1273 1016 1342 gratia:
1059 1280 1140 1326 est
1177 1271 1462 1339 adjuvare;
1510 1270 1604 1323 sed
1647 1270 1808 1333 dicat,

216 1371 405 1440 gratia:
433 1367 530 1421 Dei
556 1377 632 1420 est
663 1365 934 1434 adjuvare,
982 1372 1042 1417 ut
1079 1365 1151 1416 sit
1193 1377 1369 1416 meum
1399 1361 1534 1414 velle
1563 1358 1807 1414 credere.

220 1460 373 1514 Tunc
402 1459 546 1514 enim
571 1472 696 1511 vere
734 1463 984 1522 recteque
1011 1453 1120 1519 agit
1157 1453 1261 1504 hoc
1289 1450 1405 1518 ejus
1435 1449 1570 1503 velle
1603 1458 1654 1511 σι,
1688 1463 1810 1502 cum

217 1566 338 1605 eum
371 1550 542 1616 gratia
572 1547 906 1616 praeveniens
937 1543 1160 1612 cmperit
1190 1541 1466 1609 adjuvare.
1495 1538 1654 1592 Fides
1673 1541 1809 1592 enim

217 1656 328 1710 quia
357 1656 455 1709 per
483 1639 750 1694 caritatem
796 1643 1055 1704 operatur,
1103 1633 1356 1685 humilem
1402 1631 1526 1683 l'acit
1563 1644 1684 1682 eum
1723 1629 1809 1682 cui

216 1731 396 1792 datur,
428 1730 555 1798 quia
598 1729 790 1780 caritas
821 1742 922 1778 non
953 1718 1167 1790 inﬂatur
1197 1720 1374 1790 (Rom.
1405 1736 1516 1786 xm,
1542 1719 1616 1789 4).
1647 1719 1808 1787 Adju-

1919 547 2074 602 dulus
2104 549 2420 616 ignorabat?
2441 551 2593 616 Quod
2614 553 2794 607 humili
2818 557 2981 610 corde
3010 561 3378 627 considerans,
3401 565 3510 620 alio

1920 637 2039 691 loco
2074 637 2238 691 dicit:
2275 637 2398 692 Non
2429 657 2541 693 sum
2583 643 2769 713 dignus
2819 649 2994 699 vocari
3041 652 3325 719 apostolus,
3381 656 3508 725 quia

1916 739 2207 798 persecutus
2237 747 2349 783 sum
2377 731 2665 788 Ecclesium
2696 735 2794 790 Dei
2843 737 2900 805 (1
2947 738 3066 793 Cor.
3117 759 3204 807 xv,
3249 743 3327 813 9).
3379 744 3506 800 Sta-

1917 819 2119 888 timque
2155 820 2312 875 Iidem
2356 838 2507 877 suam
2540 841 2648 879 non
2677 829 2910 896 propriae
2940 829 3222 896 voluntati,
3255 834 3349 888 sed
3379 849 3506 902 gra-

1916 913 2002 965 tia:
2032 913 2124 967 Dei
2157 915 2462 970 miserantis
2485 918 2784 987 assignans,
2813 920 2944 974 dicit
2974 941 2986 974 :
3017 921 3200 976 Gratia
3222 936 3390 980 autem
3407 928 3506 983 Dei

1915 1021 2028 1057 sum
2055 1007 2110 1057 id
2131 1007 2268 1076 quod
2310 1024 2425 1060 sum
2471 1008 2659 1078 (Ibid.,
2711 1011 2818 1080 10).
2866 1011 3003 1077 Quid
3032 1022 3212 1069 autem
3247 1016 3358 1084 jam
3388 1029 3508 1074 erat

1917 1096 2012 1164 (al.
2042 1097 2185 1165 fuit),
2236 1098 2335 1152 nisi
2368 1098 2576 1154 fidelis?
2605 1102 2747 1170 quod
2778 1111 2836 1155 ut
2863 1112 3026 1170 esset,
3078 1106 3504 1164 misericordiam

1914 1193 1998 1240 est
2027 1187 2210 1256 utique
2240 1199 2580 1252 consecutus,
2629 1192 2767 1246 sicut
2813 1193 2928 1261 ipse
2979 1202 3224 1258 testatur,
3267 1197 3498 1252 dicens:

1915 1275 2197 1330 Consilium
2236 1279 2322 1339 do,
2376 1289 2623 1351 tanquam
2671 1285 3080 1339 misericordiam
3129 1301 3429 1344 consecutus
3467 1309 3501 1344 a

1915 1365 2138 1420 Domino
2167 1379 2222 1421 ut
2251 1370 2348 1423 sint
2376 1371 2546 1439 ﬁdelis
2580 1372 2633 1441 (Ι
2661 1373 2780 1428 Cor.
2811 1391 2904 1440 vn,
2940 1375 3054 1445 25).
3109 1377 3241 1433 Nunt
3283 1390 3338 1434 et
3377 1397 3498 1436 cum

1910 1474 1970 1513 se
1997 1461 2144 1528 prius
2173 1461 2563 1530 blaspliemum,
2587 1473 2642 1517 et
2670 1476 3090 1533 persecutorem,
3121 1479 3178 1522 et
3205 1479 3496 1526 conluuie-

1913 1549 2124 1615 liosum,
2159 1552 2322 1604 fuisse
2369 1550 2646 1618 fateretur,
2695 1553 2851 1610 tidem
2884 1554 3052 1610 'suam
3107 1569 3162 1612 et
3219 1561 3497 1616 caritatem

1911 1639 2095 1705 gratia:
2123 1641 2396 1708 assignare
2438 1659 2543 1696 non
2588 1643 2792 1698 destitit
2820 1647 3000 1699 statim
3030 1647 3355 1715 subjicicns:
3391 1651 3499 1706 Su-

1910 1731 2460 1802 perabundavitautcm
2485 1737 2651 1804 gratia
2671 1736 2765 1789 Dei
2786 1739 2838 1790 in
2866 1739 2970 1806 ﬁde
2989 1748 3036 1792 et
3063 1740 3352 1807 dilectione,
3384 1759 3499 1813 qua

218 1824 358 1878 torio
411 1821 574 1889 igitur
621 1830 780 1887 atque
837 1830 1061 1871 munere
1100 1813 1284 1881 gratiae
1341 1813 1440 1865 sibi
1485 1811 1641 1866 tidem
1693 1811 1807 1865 dari
1845 1821 1886 1879 Β
1912 1825 2060 1878 “(in
2091 1823 2296 1878 olm-sm
2322 1825 2448 1878 ιεειι
2481 1825 2505 1862 d
2538 1826 2588 1895 (ι
2617 1826 2748 1880 Tim
2783 1846 2816 1890 ι,
2852 1829 2963 1898 Μ),

217 1916 586 1983 unusquisque
612 1927 720 1966 non
747 1910 988 1971 dubitet;
1023 1922 1090 1978 ne
1119 1906 1246 1959 dum
1296 1904 1505 1958 initium
1548 1903 1650 1956 sibi
1684 1900 1806 1956 fidei

219 2008 406 2060 nititur
453 2003 747 2070 assignare,
797 1999 1169 2069 paenitentiam
1213 2012 1447 2066 quoque,
1478 2013 1638 2066 quam
1667 1998 1806 2052 Deus

215 2101 273 2154 ad
303 2100 476 2151 vitam
505 2096 614 2160 dat,
657 2094 756 2148 sibi
790 2095 952 2147 homo
998 2107 1106 2146 non
1156 2091 1386 2144 sanitate
1437 2090 1662 2156 validus,
1713 2091 1807 2145 sed

215 2188 532 2250 inﬁrmitate
565 2183 944 2254 prtejudicatus
991 2183 1245 2249 assignet,
1296 2181 1540 2249 tantique
1569 2181 1804 2234 medica-

213 2283 372 2336 minis
400 2277 664 2334 beuelicio
690 2283 892 2340 careat,
909 2274 1061 2342 cujus
1093 2274 1318 2340 gratiam
1335 2280 1624 2327 contumax
1645 2281 1806 2339 atque

213 2373 455 2439 ingratus
484 2375 757 2437 oppugnat
784 2384 796 2417 :
827 2381 952 2420 cum
997 2363 1175 2419 cordis
1215 2363 1488 2417 humilitas
1516 2359 1710 2416 divinis
1739 2363 1807 2417 sit

210 2462 440 2530 eloquiis
471 2457 832 2517 admouenda,
866 2455 953 2509 ubi
985 2454 1364 2524 principaliter
1394 2454 1506 2521 ipsa
1542 2453 1682 2507 bona
1714 2469 1808 2507 vo—

215 2553 410 2614 luntas,
437 2563 542 2617 qua
571 2538 863 2615 incipimus
879 2545 1016 2598 velle
1053 2543 1294 2607 credere,
1334 2557 1364 2595 a
1408 2542 1636 2596 Domino
1667 2559 1802 2610 pne-

216 2640 394 2710 parari
443 2639 845 2691 demonstratur
885 2650 949 2689 ac
998 2633 1171 2700 dirigi,
1224 2624 1511 2688 Salomone
1541 2632 1799 2702 dicente:

211 2731 554 2800 Prwparatur
584 2730 814 2781 voluntas
842 2743 873 2779 a
905 2725 1129 2778 Domino
1172 2723 1354 2788 (Prov.
1392 2738 1502 2787 vm,
1535 2721 1622 2785 55,
1647 2724 1804 2792 juxta

210 2821 406 2891 LXX).
439 2821 508 2874 Et
535 2817 700 2873 David
729 2818 874 2872 cauit
915 2818 967 2871 in
1010 2803 1238 2871 Psalmis
1265 2834 1276 2868 :
1315 2815 1482 2884 306
1508 2816 1550 2866 Α
1580 2814 1803 2867 Domino

209 2932 416 2986 gressus
445 2913 668 2968 hominis
689 2910 1058 2980 dirigentur,et
1081 2909 1216 2962 viam
1239 2908 1351 2976 ejus
1378 2907 1546 2976 cupiet
1577 2904 1600 2942 δ
1629 2904 1799 2974 (l’sal.

213 3025 396 3071 xxxvi,
427 3006 542 3073 23).

272 3100 405 3154 Car.
440 3114 586 3152 xviii.
629 3098 689 3152 Si
718 3098 844 3152 velle
867 3095 1073 3149 credere
1112 3111 1176 3147 ea:
1219 3094 1366 3148 nobis
1396 3104 1490 3157 est,
1524 3093 1653 3162 ﬁdes
1699 3109 1798 3145 non

1981 1918 2067 1972 57.
2110 1917 2166 1972 Si
2196 1933 2325 1986 ergo
2358 1918 2514 1973 iidem
2541 1918 2706 1972 Paulo
2733 1921 2904 1988 gratia
2939 1922 3031 1976 Dei
3060 1939 3164 1977 non
3194 1923 3366 1988 dedit,
3399 1940 3498 1979 nec

1907 2009 2186 2064 caritatem
2216 2009 2264 2062 ei
2295 2008 2508 2063 dedisse
2531 2011 2799 2072 credenda
2830 2021 2913 2066 est
2938 2030 2950 2065 :
2989 2026 3140 2080 ergo,
3167 2014 3310 2080 quod
3337 2015 3496 2075 absit,

1908 2098 2164 2152 mentitus
2185 2106 2269 2151 est
2300 2096 2515 2159 Paulus,
2547 2099 2637 2166 qui
2669 2100 2762 2161 ait,
2796 2101 2920 2168 quia
2953 2103 3149 2155 raritas
3178 2101 3278 2156 Dei
3306 2103 3498 2171 (li/lusu

1906 2197 1982 2240 est
2010 2187 2060 2240 in
2083 2187 2323 2240 cordibus
2347 2189 2537 2242 nostris
2567 2206 2657 2254 per
2683 2190 2936 2259 Spiritum
2961 2203 3217 2256 sanctum,
3239 2194 3325 2262 qui
3347 2195 3499 2246 (latus

1909 2287 1984 2330 est
2024 2278 2172 2331 nobis
2203 2273 2381 2346 (llam.
2410 2294 2460 2342 v,
2487 2278 2561 2347 5).
2587 2271 2692 2334 Sed
2721 2281 2845 2348 quia
2889 2281 3083 2336 l‘aulus
3115 2284 3330 2338 Christo
3361 2286 3409 2337 iu
3441 2302 3499 2339 se

1909 2367 2159 2436 loquente
2181 2369 2390 2423 mentiri
2424 2384 2528 2424 non
2553 2371 2746 2438 potuit,
2784 2371 2898 2439 ipso
2928 2372 3129 2439 Spiritu
3155 2373 3307 2427 noliis
3339 2375 3496 2427 Irilmi

1910 2458 2066 2513 [idem
2111 2459 2415 2513 Iirmissitne
2457 2461 2742 2514 fateamur.
2780 2477 2875 2530 per
2903 2477 3060 2530 quem
3091 2466 3370 2516 caritatem
3407 2465 3496 2518 Dei

1909 2548 1960 2602 in
1994 2549 2190 2602 nostris
2231 2548 2455 2601 dillundi
2499 2550 2753 2604 cordibus
2799 2564 2995 2619 negare
3024 2554 3307 2619 nequimus
3361 2553 3494 2605 Cum

1906 2651 2035 2706 ergo
2060 2637 2252 2692 l'aulus
2277 2649 2420 2692 esset
2443 2638 2806 2707 blasplienms,
2839 2651 2893 2694 et
2925 2651 3260 2709 persecutor,
3286 2653 3340 2697 et
3361 2657 3495 2697 con-

1909 2730 2244 2795 tumeliosus,
2287 2746 2394 2784 non
2439 2731 2560 2785 ideo
2613 2741 2697 2785 est
2741 2733 2956 2800 adjutus
3003 2734 3092 2788 Dei
3130 2745 3323 2801 gratia,
3369 2736 3492 2803 quia

1905 2823 2124 2878 credere
2153 2824 2343 2888 voluit,
2380 2824 2474 2878 sed
2513 2834 2569 2878 ut
2599 2825 2821 2880 credere
2851 2826 3010 2881 vellet
3065 2828 3264 2881 donum
3311 2841 3495 2896 gratae

1906 2915 2282 2982 praevenieutis
2307 2915 2512 2984 accepit
2533 2933 2546 2976 ;
2571 2931 2690 2984 quae
2719 2917 2770 2971 iu
2795 2917 2911 2985 ejus
2935 2919 3212 2974 voluntate
3243 2936 3348 2975 neu
3380 2921 3494 2974 ali-
3547 2901 3558 2912 ’

1903 3005 2048 3076 quod
2065 3007 2398 3062 credulitatis
2423 3007 2648 3069 initium,
2668 3009 2758 3063 sed
2779 3011 3190 3079 blasphemiam,
3205 3001 3486 3071 smvitiani.

1904 3100 2276 3162 comumclias,
2306 3111 2362 3156 et
2393 3101 2752 3169 ignorantiam
2784 3103 2834 3157 in
2867 3103 3245 3160 incredulitate
3271 3118 3494 3175 reperit.

208 3202 280 3246 est
307 3191 502 3260 gratia,
534 3189 624 3241 sed
649 3203 840 3242 merces
864 3185 1012 3239 bona
1041 3186 1340 3238 voluntatis.
1360 3213 1430 3225 ——
1452 3182 1543 3237 56.
1568 3181 1624 3242 Si
1650 3197 1799 3245 vero,
1830 3192 1875 3254 C
1906 3188 2071 3258 Cujus
2102 3204 2271 3258 usque
2299 3191 2436 3246 adeo
2466 3205 2606 3246 cmca
2650 3191 2746 3245 fuit
2772 3193 3044 3255 voluntas,
3083 3205 3140 3249 ut
3189 3211 3294 3248 non
3321 3197 3495 3250 solum

137 3325 144 3330 ε
208 3281 502 3338 secundum
533 3280 746 3334 illorum
775 3279 1109 3347 opinionem,
1143 3283 1387 3330 nostrum
1409 3283 1494 3330 est
1518 3275 1652 3329 velle
1682 3287 1800 3326 cre-

209 3375 337 3428 dere
362 3373 670 3442 priusquam
699 3384 799 3424 nos
824 3369 920 3424 Dei
949 3368 1122 3437 gratia
1164 3367 1386 3436 incipiat
1408 3366 1683 3434 adjuvare,
1721 3365 1801 3416 iu-

207 3464 347 3532 juste
375 3464 546 3532 gratia
569 3461 785 3527 dicitur,
805 3461 929 3528 quia
953 3474 1060 3514 non
1091 3458 1256 3526 gratis
1275 3457 1434 3511 datur
1461 3456 1683 3519 homini,
1708 3453 1800 3508 sed

210 3557 365 3610 bona:
405 3553 725 3608 retribuitur
754 3551 1036 3606 voluntati.
1065 3548 1215 3603 Hanc
1237 3550 1381 3604 enim
1407 3549 1570 3616 (sicut
1599 3548 1674 3601 illi
1709 3562 1801 3600 vo-

213 3647 347 3714 lunt)
391 3645 563 3713 gratia
593 3643 646 3696 in
679 3642 834 3696 nobis
864 3641 1065 3696 invenit
1092 3655 1254 3709 quam
1301 3641 1416 3709 ipsa
1467 3655 1572 3694 non
1616 3637 1798 3702 dedit;

212 3737 318 3790 imo
346 3737 391 3790 si
421 3735 499 3790 sic
518 3741 620 3794 est,
655 3748 752 3787 nos
799 3733 1007 3802 priores
1048 3731 1160 3786 Deo
1211 3731 1542 3785 voluntatem
1591 3729 1798 3791 damus,

213 3836 371 3895 atque
400 3827 471 3879 ita
503 3824 728 3893 gratiam
776 3837 882 3876 non
935 3822 1286 3877 miseratione
1334 3820 1648 3880 tribuentis,
1705 3817 1800 3872 sed

211 3919 461 3986 :equitate
493 3916 587 3970 Dei
626 3927 645 3953 ο
680 3916 1025 3970 retribueutis
1053 3914 1364 3982 accipimus.
1400 3912 1799 3974 Verumtamen,

217 4005 338 4070 Quis
364 4009 510 4076 prior
537 4006 678 4059 dedit
703 4005 800 4069 illi,
843 4003 1219 4074 et_retribuetur
1255 4003 1302 4055 ei
1351 4000 1531 4071 (Rom.
1565 4017 1639 4064 XI,
1670 3999 1804 4068 55)?

215 4098 378 4154 Nemo
411 4100 615 4168 utique,
646 4099 770 4167 quia
804 4097 927 4152 Non
972 4106 1138 4164 potest
1187 4097 1339 4150 homo
1381 4098 1616 4165 accipere
1649 4095 1802 4166 quid-

213 4209 384 4262 quam,
434 4193 628 4245 nisi'ei
683 4192 862 4244 datum
917 4191 1072 4260 fuerit
1101 4189 1164 4242 de
1201 4189 1328 4242 σιειο
1359 4187 1541 4256 (Joan.
1577 4203 1654 4250 Ill,
1686 4185 1799 4255 9.7).

215 4287 344 4352 Quid
375 4288 520 4340 enim
549 4285 712 4340 habet
740 4283 885 4352 quod
904 4299 1008 4338 non
1029 4282 1272 4352 accepit?
1295 4282 1341 4336 si
1371 4293 1551 4338 autem
1574 4280 1802 4350 accepit,

218 4378 335 4444 quid
364 4377 645 4443 gloriatur,
679 4376 831 4444 quasi
872 4391 978 4429 non
1013 4375 1283 4442 acceperit
1316 4372 1369 4434 (1
1419 4371 1539 4426 Cor.
1592 4387 1662 4433 tv,
1711 4371 1806 4440 7)?

219 4468 327 4522 Non
357 4478 536 4522 autem
581 4467 944 4523 misericordia
982 4466 1075 4520 Dei
1103 4456 1391 4534 aliquando
1421 4463 1680 4533 prtevenit
1707 4462 1804 4515 ho-

1905 3299 2010 3337 non
2039 3292 2222 3353 posset
2264 3283 2506 3344 credere.
2530 3285 2624 3338 sed
2672 3300 2770 3339 nec
2813 3285 2984 3354 ipsmn
3020 3301 3129 3340 site
3167 3287 3500 3342 credulitatis

1905 3381 2087 3444 posset
2104 3373 2312 3427 initium
2337 3373 2653 3442 praevidere.
2684 3374 2798 3429 Non
2826 3376 2968 3429 enim
2987 3375 3240 3444 ignorans
3263 3377 3495 3439 tccissct,

1904 3469 1950 3523 si
1978 3483 2130 3524 suam
2178 3468 2230 3521 in
2259 3482 2319 3522 se
2352 3467 2708 3536 ignorantiam
2741 3469 3092 3542 prmi-idisset.
3138 3469 3308 3536 Digne
3339 3469 3525 3536 igitur

1904 3558 1956 3612 in
1987 3555 2152 3611 Paulo
2179 3556 2485 3624 assignatur
2522 3557 2898 3626 prmvcuieutis
2939 3557 3325 3612 misericordia:
3351 3557 3499 3613 dono

1904 3647 2060 3717 307
2095 3661 2201 3700 non
2223 3646 2397 3700 solum
2418 3645 2753 3700 credulitatis
2780 3646 3006 3711 initium,
3028 3647 3120 3701 sed
3143 3647 3304 3701 etiam
3329 3647 3498 3716 ipsius

1906 3735 2303 3792 incredulitatis
2330 3735 2564 3804 agnitio;
2593 3751 2752 3804 quam
2780 3737 2828 3791 ci
2862 3747 3146 3808 propterea
3166 3738 3256 3793 Dei
3287 3739 3500 3794 miseri-

1905 3827 2089 3881 cordia
2119 3825 2370 3889 contulit,
2422 3835 2480 3878 ut
2509 3825 2939 3881 incredulitatem
2971 3841 3124 3879 suam
3169 3825 3500 3882 illuminatus

1906 3926 2068 3986 atque
2114 3917 2346 3985 adjutus,
2397 3927 2451 3971 et
2498 3927 2834 3986 agnosceret,
2880 3928 2936 3972 et
2978 3918 3192 3972 vitaret.
3245 3917 3502 3975 Dominus

1907 4010 2049 4064 enim
2095 4021 2178 4063 est
2228 4009 2553 4063 illuminatio
2598 4019 2782 4064 nostra
2827 4020 2882 4063 ct
2919 4011 3066 4064 salus
3112 4020 3293 4064 nostra
3326 4009 3498 4080 (Psal.

1909 4121 2054 4170 xxvi,
2082 4103 2164 4171 l);
2187 4103 2276 4171 qui
2311 4118 2412 4157 nos
2442 4103 2725 4165 illuminat,
2760 4112 2812 4155 ut
2840 4112 3059 4170 peccata
3089 4113 3270 4155 nostra
3300 4117 3502 4170 cogno-

1907 4209 2142 4257 scanms,
2175 4203 2231 4247 ct
2257 4201 2412 4247 sanat
2439 4200 2495 4246 ut
2524 4207 2552 4244 a
2587 4191 2822 4260 peccatis
2865 4191 3062 4244 nostris
3099 4192 3336 4260 separati
3379 4208 3500 4246 cum

1905 4283 2112 4351 justitia
2139 4282 2398 4336 vivamus.
2423 4281 2502 4335 0b
2526 4282 2629 4335 hoc
2654 4282 2787 4349 ipse,
2811 4282 2900 4349 qui
2934 4291 2990 4334 ut
3027 4281 3196 4336 fidelis
3224 4292 3388 4343 esset,
3421 4284 3500 4336 ta-

1910 4381 2052 4427 tetur
2087 4387 2146 4426 se
2188 4371 2610 4426 misericordiam
2654 4382 3030 4437 consecutum,
3079 4372 3370 4426 salubriter
3403 4390 3500 4427 nos

1910 4463 2143 4524 instruit,
2177 4462 2393 4516 dicens:
2429 4461 2598 4531 Igitur
2627 4479 2728 4516 non
2761 4461 2995 4522 colentis,
3036 4478 3195 4530 nequc
3222 4463 3498 4527 currentis,

221 4560 430 4622 minem,
470 4559 515 4613 si
559 4572 830 4626 nunquam
872 4557 1071 4610 bonam
1103 4555 1228 4608 facit
1258 4554 1352 4623 (al.
1388 4551 1554 4622 fecit),
1577 4545 1680 4615 sed
1705 4566 1803 4604 ex-
1836 4563 1886 4620 υ
1909 4553 2000 4605 sed
2022 4554 2308 4606 inisercntis
2329 4563 2406 4607 est
2441 4553 2534 4606 Dei
2561 4553 2737 4624 (Rom.
2785 4571 2859 4619 tv,
2894 4552 2910 4605 ἰ
2923 4553 3000 4621 6).
3033 4555 3166 4619 Quia
3215 4568 3400 4608 revera
3445 4563 3500 4608 et

220 4659 418 4716 spectat
446 4657 505 4703 ut
525 4648 763 4703 inveniat
789 4647 1134 4701 voluntatem.
1163 4643 1227 4701 Et
1257 4645 1344 4698 ubi
1367 4651 1450 4698 est
1471 4642 1614 4712 quod
1638 4640 1804 4694 David

219 4737 376 4792 dicit:
421 4739 556 4792 Deus
608 4755 770 4795 meus.
828 4736 1184 4791 misericordia
1234 4737 1348 4804 ejus
1395 4735 1671 4803 prmveniet
1725 4747 1805 4784 me

223 4826 387 4892 (Psal.
416 4845 562 4890 LVIII,
600 4828 706 4896 ll).
741 4827 798 4881 In
839 4843 946 4894 quo
973 4833 1150 4880 autem
1183 4825 1276 4879 Dei
1308 4839 1409 4877 nos
1438 4820 1802 4876 misericordia

223 4922 520 4986 pmveniat,
569 4921 654 4974 vel
703 4920 1038 4990 prazveniens
1082 4918 1270 4986 quales
1314 4915 1568 4976 inveniat,
1603 4929 1708 4967 non
1749 4914 1804 4967 in

222 5012 450 5078 quolibet
494 5013 620 5075 alio,
671 5011 764 5067 sed
795 5011 848 5064 in
884 5011 1061 5079 seipse
1092 5009 1249 5064 nobis
1274 5009 1513 5076 gentium
1545 5006 1800 5072 magister

224 5102 462 5165 ostendit,
492 5104 677 5158 dicens
702 5121 714 5154 :
755 5101 856 5165 Qui
885 5103 1028 5171 prius
1057 5103 1132 5171 fui
1163 5099 1514 5168 blasphemus,
1546 5106 1594 5148 et
1623 5111 1800 5164 perse—

223 5203 374 5260 cutor,
405 5204 452 5248 et
490 5195 911 5258 contumeliosus,
944 5194 1033 5246 sed
1068 5181 1480 5245 misericordiam
1502 5195 1802 5241 consecutus

223 5297 344 5338 sum.
365 5287 481 5352 quia
504 5286 752 5356 ignorans
775 5285 871 5354 feci
899 5285 952 5336 in
982 5281 1342 5335 incredulitate
1370 5277 1422 5349 (I
1456 5276 1589 5330 Tim.
1615 5292 1652 5338 I,
1685 5275 1771 5343 15)
1789 5315 1800 5326 .

223 5368 490 5434 Quomodo
543 5389 673 5442 ergo
728 5373 962 5442 aliquam
1033 5369 1286 5426 credendi
1344 5368 1675 5421 voluntatem
1737 5380 1814 5418 ex

224 5461 385 5529 seipso
414 5464 608 5519 Paulus
633 5464 834 5518 habere
857 5471 1088 5532 poterat,
1121 5461 1210 5530 qui
1243 5459 1614 5528 blasphemqu
1645 5470 1725 5520 se,
1747 5463 1802 5509 et

291 5623 311 5648 ι
339 5613 424 5670 Sic
453 5631 578 5679 ms.;
605 5623 661 5669 at
688 5615 816 5668 Lov.
843 5623 899 5669 et
929 5616 1074 5680 Aut,
1103 5616 1174 5667 ait
1196 5614 1308 5683 ejus
1335 5613 1428 5664 hoc
1458 5613 1604 5671 cette;
1641 5609 1797 5661 Basil.

225 5697 371 5756 veroL
387 5689 459 5738 ait
483 5689 595 5756 ejus
617 5702 726 5739 esse
751 5686 893 5740 velle.

288 5753 309 5789 δ
338 5751 684 5825 Ε‹ὶίιί,ἐιιρίει
710 5758 897 5817 nimis;
924 5754 1016 5825 sed
1047 5770 1152 5825 non
1189 5753 1382 5820 legitur
1411 5753 1564 5825 nimis
1602 5751 1668 5825 in_
1684 5765 1782 5801 ms.

289 5824 511 5895 {Basilq
564 5820 800 5898 a’quitate
850 5823 1212 5888 rctribuentis;
1267 5839 1365 5877 nec
1431 5823 1590 5876 habet
1657 5820 1792 5876 hanc

1909 4651 1968 4696 ut
1993 4642 2242 4706 velimus,
2289 4643 2669 4697 misericordia:
2714 4643 3098 4711 pmvcnicntis
3139 4643 3499 4696 illuminamur

1907 4734 2072 4796 dono,
2123 4742 2177 4787 et
2226 4744 2284 4788 ut
2336 4738 2632 4797 curramus.
2691 4734 3077 4789 miscricordize
3121 4734 3497 4802 subsequentis

1908 4824 2156 4879 fulcimur
2185 4825 2404 4878 auxilio.
2436 4823 2504 4878 Ut
2532 4838 2663 4892 ergo
2692 4825 2792 4879 sibi
2817 4825 3047 4894 quisque
3073 4824 3273 4880 tribuat
3297 4823 3494 4878 bonam

1908 4916 2258 4979 voluntatem,
2284 4931 2390 4984 qua
2438 4916 2576 4970 velle
2619 4915 2806 4984 incipit
2841 4914 3082 4982 credere,
3116 4929 3224 4968 non
3265 4914 3494 4968 viventis

1909 5006 2100 5059 anima:
2128 5007 2298 5074 vigor,
2330 5007 2424 5061 sed
2457 5015 2682 5062 morture
2708 5007 2886 5061 carnis
2907 5013 2991 5060 cst
3019 5013 3216 5060 tumor.

1977 5096 2106 5151 CAP.
2133 5114 2241 5152 XIX.
2271 5096 2507 5152 Liberum
2530 5098 2750 5152 hominis
2772 5097 3044 5150 arbitrium
3068 5107 3181 5168 post
3207 5107 3489 5164 peccatum,

1907 5191 2019 5242 sine
2047 5191 2307 5260 adjutorio
2335 5192 2521 5261 gra‘tiw
2561 5190 2769 5243 nonnisi
2813 5191 2881 5242 ad
2924 5190 3244 5244 serviendum
3286 5200 3492 5259 peccato

1909 5283 2162 5350 reperitur
2200 5281 2456 5334 idoneum.
2519 5280 2749 5334 Libertus
2787 5299 2816 5332 a
2859 5284 2990 5334 bona
3041 5282 3295 5335 voluntate
3339 5280 3492 5332 sumit

1908 5371 2130 5425 initium.
2173 5400 2242 5410 —-
2271 5372 2357 5424 58.
2391 5371 2463 5424 Ex
2492 5387 2600 5438 quo
2627 5372 2767 5425 enim
2799 5373 3001 5441 prinms
3048 5372 3212 5425 homo
3243 5381 3486 5425 naturam

1908 5475 2059 5513 suam
2091 5461 2388 5515 voluntarie
2418 5461 2621 5514 vitiavit
2664 5470 2825 5530 atque
2865 5461 3167 5531 Oppressit,
3210 5461 3278 5513 ita
3317 5460 3487 5513 erevit

1919 5626 2121 5666 vocem.
2152 5611 2264 5666 Dei.

1965 5681 1990 5717 ά
2017 5653 2251 5736 llabetur
2279 5683 2363 5737 hic
2391 5683 2441 5736 iu
2473 5683 2630 5738 editis
2657 5685 2880 5738 Domino
2909 5697 3103 5747 nostra,
3137 5683 3227 5738 sed
3251 5700 3358 5739 non
3386 5684 3484 5737 ha-

1896 5749 2052 5805 betur
2075 5753 2126 5805 iu
2150 5768 2248 5808 ms.
2273 5770 2373 5808 nec
2396 5760 2545 5809 textu
2570 5754 2835 5824 Apostoli.
