4066 6346
1388 319 1420 347 Ο

500 345 608 402 475

1529 338 1584 395 S.
1617 337 1982 394 FULGENTII
2019 335 2319 392 EPISCOPI
2360 333 2729 392 RUSPENSIS

3671 335 3783 389 47G

502 456 784 512 infirmitas
814 465 859 523 ’³,
887 465 946 511 ut
974 457 1075 511 nisi
1103 455 1292 510 divina:
1320 453 1505 522 gratia:
1535 452 1928 507 medicamento
1957 467 2093 520 pne-
2121 452 2166 509 A
2195 449 2367 502 illum
2397 450 2448 502 in
2479 448 2715 502 cordibus
2745 449 2932 501 nostris
2983 447 3070 520 (Il
3099 447 3217 501 Cor.
3260 465 3338 511 Iv,
3371 448 3447 518 ϐ).
3500 447 3564 503 Et
3599 452 3775 507 cidem

502 560 723 605 ventum
751 550 806 604 in
837 562 1162 618 unoquoque
1190 547 1408 601 homine
1437 553 1658 599 sanetur
1679 553 1839 612 atque
1869 544 2088 612 adjuve-

502 651 592 698 tur
621 642 846 697 liberum
875 640 1238 694 indesinenter
1267 637 1570 704 arbitrium,
1609 637 1679 691 sit
1707 637 1921 704 quidem
1951 636 2089 690 libe-

501 747 661 798 rum,
706 747 811 786 non
853 741 1032 784 tamen
1078 730 1310 794 bonum;
1359 730 1428 783 sit
1463 729 1720 795 liberum,
1767 745 1874 782 non
1911 737 2093 781 tamen

501 830 742 884 rectum;
773 820 843 873 sit
871 818 1116 884 liberum,
1147 834 1254 874 non
1283 827 1461 872 tamen
1492 834 1710 882 sanum;
1741 818 1812 871 sit
1839 817 2093 882 liberum,

503 925 612 966 non
644 918 820 962 tamen
847 907 1051 975 justum
1086 927 1099 962 :
1132 917 1186 964 et
1213 918 1417 978 quanto
1447 909 1618 975 magis
1647 924 1676 962 a
1708 910 1968 971 bonitate,
2000 923 2091 963 re-

503 997 764 1053 ctitudine
784 1039 798 1062 ,
831 998 1092 1062 sanitate,
1120 999 1436 1068 iustitiaque
1465 1000 1720 1063 liberum,
1750 1008 1901 1055 tanto
1924 1001 2096 1068 magis

501 1089 720 1143 malitia:
745 1130 761 1155 ,
803 1091 1170 1158 perversitatis
1192 1131 1206 1155 ,
1248 1089 1570 1144 infirmitatis
1609 1101 1770 1159 atque
1799 1091 2094 1160 iniquitatis

501 1179 780 1234 mortifera
825 1181 1082 1237 servitute
1110 1182 1400 1252 captivum.
1443 1181 1545 1246 Qui
1574 1184 1716 1236 enim
1755 1184 1880 1253 facit
1907 1201 2091 1252 pecca-

503 1280 611 1323 tum
640 1286 814 1324 servus
842 1280 919 1324 est
947 1275 1142 1342 peccati
1184 1273 1362 1345 (Joan.
1394 1289 1486 1328 vni
1504 1315 1518 1336 ,
1546 1273 1668 1343 54);
1712 1283 1768 1330 et
1795 1291 1826 1326 α
1855 1293 1952 1346 quo
1980 1277 2092 1345 quis

502 1365 732 1418 devictus
760 1374 838 1418 est
861 1407 874 1430 ,
909 1366 1026 1419 huic
1055 1376 1104 1420 et
1139 1383 1313 1421 servus
1342 1367 1578 1420 addictus
1605 1376 1682 1421 est
1729 1366 1832 1436 (II
1861 1367 2002 1421 Petr.
2033 1385 2092 1436 n,

501 1456 614 1524 l9).
651 1456 929 1525 Regnante
957 1459 1120 1526 igitur
1144 1467 1402 1528 peccato,
1431 1459 1594 1514 habet
1621 1459 1836 1529 quidem
1867 1460 2094 1515 liberum

460 1571 463 1576 λ
504 1547 826 1611 arbitrium,
859 1549 952 1602 sed
996 1549 1223 1603 liberum
1264 1550 1381 1604 sine
1409 1549 1521 1604 Deo
1545 1588 1561 1613 ,
1597 1565 1704 1604 non
1741 1551 1967 1606 liberum
1996 1551 2095 1606 sub

502 1635 637 1701 Deo,
667 1637 720 1691 id
748 1634 852 1705 (ist,
883 1639 1107 1696 liberum
1133 1640 1361 1707 justitia,
1402 1655 1508 1694 non
1532 1639 1756 1694 liberum
1783 1641 1884 1695 sub
1903 1642 2093 1708 gratia,

501 1737 560 1783 et
587 1729 658 1783 ob
687 1730 790 1784 hoc
820 1730 1051 1798 pessime
1079 1738 1242 1798 atque
1271 1731 1538 1784 serviliter
1564 1731 1809 1794 liberum,
1837 1732 1961 1800 quia
1989 1747 2095 1786 non

2191 539 2296 593 luci
2341 554 2504 606 quam
2547 538 2658 607 jam
2700 537 3025 593 formaverat
3068 537 3210 593 Deus
3235 581 3248 604 ,
3292 541 3396 593 alio
3437 540 3557 596 loco
3591 541 3774 597 dixit;

2194 628 2372 682 Eratis
2411 630 2546 682 enim
2594 628 2874 699 aliquando
2913 629 3133 683 tenebrte
3156 669 3172 694 ,
3210 647 3345 684 nunc
3382 642 3552 684 autent
3595 633 3694 710 luat
3721 637 3778 688 in

2193 720 2417 775 Domino
2457 718 2674 791 (Ephes.
2706 736 2757 786 v,
2788 719 2864 791 6).
2915 721 3239 786 Quibusdam
3269 737 3399 776 vero
3429 737 3497 777 ex
3527 723 3615 777 ilia
3642 725 3779 779 lucis

2194 809 2517 865 formatione
2563 810 2816 864 laudabili
2864 811 2931 865 ad
2976 812 3383 882 vituperabilem
3434 815 3780 870 tenebrarum

2193 896 2846 969 informitatem'relapsis,
2865 899 3113 958 allectum
3134 902 3234 971 pia:
3257 903 3452 957 mentis
3467 904 3786 970 ostendens,

2194 991 2268 1046 ita
2298 992 2537 1061 loquitur
2565 1011 2577 1046 :
2613 991 2791 1047 Filioli
2829 995 2960 1058 mei,
2996 1011 3122 1066 quos
3148 996 3333 1048 iterum
3361 996 3594 1066 parturio
3619 999 3786 1052 donec

2196 1085 2447 1154 formetur
2472 1081 2707 1137 Christus
2735 1085 2788 1137 in
2817 1085 2958 1138 vobis
3009 1083 3208 1154 (Colat.
3239 1101 3310 1152 tv,
3347 1084 3452 1155 l9).
3501 1085 3787 1152 Quomodo

2197 1181 2376 1228 autem
2407 1172 2653 1228 Christus
2681 1175 2733 1228 in
2761 1174 2874 1229 suis
2901 1174 3119 1228 formari
3147 1183 3356 1244 potest,
3380 1177 3479 1231 nisu
3511 1178 3788 1245 quomodo

2197 1265 2250 1319 in
2274 1265 2350 1321 eis
2376 1265 2621 1320 habitare
2651 1265 2854 1334 incipit,
2881 1265 2931 1319 id
2961 1274 3044 1320 est
3066 1281 3166 1336 per
3193 1267 3386 1322 fidem?
3414 1269 3567 1334 Quod
3595 1269 3791 1324 beatus

2198 1350 2394 1408 Paulus
2424 1355 2494 1407 ita
2525 1354 2807 1408 confirmat
2841 1373 2852 1407 :
2889 1354 2954 1409 In
2982 1357 3248 1426 interiore,
3279 1359 3542 1426 inquiens,
3581 1360 3792 1414 homine

2198 1443 2433 1497 habitare
2481 1443 2738 1498 Christum
2785 1461 2876 1513 per
2912 1447 3067 1515 [idem
3096 1450 3149 1502 in
3177 1449 3414 1504 cordibus
3443 1452 3622 1505 vestris
3668 1450 3685 1522 [
3710 1452 3785 1505 al.

2199 1535 2408 1606 nostris]
2441 1533 2654 1606 (Epiros.
2689 1552 2778 1599 Ill,
2807 1536 2920 1606 16).
2966 1538 3100 1593 Dum
3137 1554 3267 1609 ergo
3293 1542 3671 1611 reformamnr,
3701 1561 3790 1601 re-

2200 1640 2494 1690 novamur;
2523 1633 2576 1680 et
2610 1626 2662 1680 in
2689 1641 2756 1681 eo
2783 1642 2892 1696 quo
2919 1645 3259 1697 renovantur,
3292 1634 3644 1692 vivificamnr.

2269 1718 2398 1774 Car.
2427 1737 2520 1774 xx.
2563 1719 2678 1773 Vita
2707 1732 2888 1774 sancta
2912 1738 2944 1773 a
2967 1723 3072 1789 ﬁde
3102 1726 3256 1777 sumit
3277 1727 3498 1780 initium.
3533 1727 3638 1782 Per
3665 1747 3795 1800 gra-

504 1818 737 1886 gratuito
767 1819 1070 1874 miserantis
1097 1818 1193 1874 Dei
1222 1834 1445 1874 munere
1473 1820 1776 1875 liberatum.
1809 1821 1923 1876 Hoc
1951 1823 2098 1891 Αρο-
2130 1826 2178 1884 Β
2205 1811 2331 1863 tiam
2367 1825 2470 1864 non
2499 1811 2735 1880 aufertur
2765 1810 2978 1865 liberum
3008 1812 3302 1868 arbitrium.
3323 1847 3394 1856 —
3421 1817 3508 1872 40.
3541 1818 3662 1872 Vita
3692 1837 3792 1873 an-

503 1908 676 1963 stolus
705 1907 983 1962 evidenter
1022 1909 1285 1977 insinuat,
1325 1909 1508 1964 dicens
1540 1909 1565 1947 b
1602 1929 1614 1962 :
1645 1909 1772 1963 Cum
1805 1913 1942 1964 enim
1969 1913 2100 1966 servi

449 2005 456 2010 ’
505 2000 682 2053 essetis
731 2001 963 2068 peccati,
1005 2000 1153 2054 liberi
1195 2003 1366 2072 fuistis
1409 2003 1631 2072 justitiw
1678 2001 1853 2069 (Rom.
1880 2019 1955 2069 vt,
1984 2002 2096 2074 9.0).

507 2086 722 2143 Servire
771 2089 931 2156 igitur
969 2091 1193 2158 justitia:
1239 2107 1344 2145 non
1389 2100 1568 2160 potest
1600 2093 1690 2162 qui
1717 2093 1936 2162 justititn
1966 2095 2103 2150 liber

507 2189 592 2233 est
623 2198 636 2232 :
669 2181 793 2249 quia
823 2181 1058 2250 quandiu
1108 2191 1191 2236 est
1239 2183 1446 2252 peccati
1494 2199 1717 2250 servus,
1772 2187 1983 2239 nonnisi
2030 2185 2100 2239 ad

505 2273 843 2327 serviendum
874 2281 1100 2342 peccato
1128 2275 1396 2343 reperitur
1421 2274 1666 2330 idoneus.
1693 2275 1773 2330 Ab
1803 2277 1903 2331 ista
1931 2277 2101 2331 servi-

505 2370 624 2417 tute
653 2364 857 2432 peccati
888 2380 1047 2418 nemo
1075 2364 1213 2418 liber
1240 2363 1469 2419 eflicitur
1489 2404 1502 2427 ,
1541 2351 1643 2420 nisi
1673 2368 1766 2435 qni
1800 2367 2103 2423 liberatoris

506 2451 708 2505 Christi
754 2453 924 2518 gratia
973 2452 1257 2518 liberatur,
1297 2462 1357 2507 ut
1395 2454 1602 2509 scilicet
1630 2455 1888 2510 liberatus
1917 2473 1948 2510 a
1976 2472 2103 2526 pec-

507 2549 672 2608 cato,
721 2555 907 2595 servus
945 2541 1036 2595 fiat
1083 2541 1212 2596 Deo.
1268 2541 1385 2597 Hoc
1430 2551 1612 2597 autem
1652 2545 2102 2612 quemadmodum

508 2629 622 2694 fiat,
652 2630 766 2700 ipse
795 2631 1054 2686 liberator
1081 2640 1268 2686 noster
1295 2631 1530 2686 ostendit
1562 2650 1574 2686 :
1606 2631 1667 2687 Si
1694 2649 1800 2697 vos,
1834 2634 2100 2702 inquiens,

508 2719 558 2774 F
563 2721 684 2775 ilius
723 2720 1056 2787 liberaverit,
1086 2739 1203 2776 vere
1244 2722 1392 2776 liberi
1421 2725 1566 2776 eritis
1615 2721 1795 2793 (Joan.
1828 2741 1917 2778 vm
1939 2766 1953 2787 ,
1985 2723 2100 2794 55).

505 2809 635 2865 Ideo
661 2811 767 2866 Vas
796 2812 1076 2867 electionis
1104 2813 1418 2868 beneficium
1467 2813 1621 2868 nobis
1669 2815 1854 2881 gratia:
1903 2815 2101 2869 libera-

440 2882 453 2892 .
506 2902 659 2957 tricis
682 2903 978 2968 insinuans,
1004 2920 1113 2959 non
1141 2905 1316 2960 solum
1342 2905 1560 2971 liberos,
1586 2905 1681 2960 sed
1707 2906 1869 2960 etiam
1901 2907 2100 2961 libera-

508 3001 596 3046 tos
625 3007 724 3046 nos
749 3009 870 3047 esse
900 3001 1129 3049 testatur
1154 2995 1235 3050 his
1263 2995 1442 3050 verbis
1473 3013 1485 3047 :
1519 2993 1672 3048 Nunc
1701 3005 1873 3049 autem
1899 2995 2102 3050 liberati

508 3101 542 3136 a
568 3094 806 3152 peccato,
841 3088 973 3140 servi
1000 3097 1172 3140 autem
1200 3088 1326 3158 facti
1366 3087 1474 3142 Deo
1493 3127 1506 3151 ,
1538 3087 1737 3140 habetis
1763 3089 1986 3158 fructum
2014 3105 2100 3142 ve-

2202 1911 2309 1954 tem
2344 1909 2524 1954 nostra
2554 1915 2584 1954 a
2615 1899 2717 1955 fide
2744 1903 2907 1955 sumit
2935 1903 3144 1956 initium
3170 1943 3186 1966 ,
3225 1907 3349 1974 quia
3386 1907 3559 1976 justus
3596 1927 3659 1963 ea
3689 1913 3797 1980 [ide

2201 1991 2319 2043 vivit
2360 1989 2536 2058 (llam.
2572 2005 2620 2054 ι,
2658 1991 2777 2060 i7).
2826 1990 2997 2056 Quam
3050 1991 3205 2048 fidem
3249 2013 3353 2051 non
3401 2012 3469 2052 ex
3518 2000 3798 2054 voluntate

2202 2090 2383 2134 nostra
2431 2081 2618 2145 nasci,
2665 2082 2758 2136 sed
2802 2098 2899 2151 per
2939 2082 3196 2153 Spiritum
3236 2095 3475 2142 sanctum
3507 2089 3798 2158 unicuique

2204 2170 2358 2235 dari,
2401 2171 2589 2224 beatus
2627 2169 2825 2226 Paulus
2865 2173 3139 2239 ostendit,
3176 2175 3360 2230 dicens
3402 2195 3415 2229 :
3455 2179 3558 2232 Alii
3591 2180 3806 2247 quidem

2204 2260 2359 2313 datur
2388 2278 2478 2330 per
2507 2261 2762 2330 Spiritum
2789 2260 2958 2316 sermo
2985 2265 3278 2333 supientitv,
3309 2267 3398 2321 alii
3428 2277 3598 2322 autem
3625 2287 3806 2324 sermo

2203 2354 2434 2406 scientia:
2469 2354 2748 2406 secundum
2777 2355 3006 2408 eumdem
3039 2355 3329 2424 Spiritum,
3367 2359 3517 2413 alteri
3559 2361 3652 2428 (al.
3683 2363 3802 2430 alii)

2207 2446 2338 2514 ﬁdes
2375 2446 2429 2498 in
2469 2445 2647 2499 eodem
2688 2445 2888 2515 Spiritu
2937 2446 2989 2516 (I
3022 2447 3140 2501 Cor.
3176 2466 3264 2512 xn,
3292 2444 3348 2516 8°,
3376 2451 3454 2520 9).
3504 2451 3622 2506 Non
3668 2470 3812 2522 ergo-

2207 2535 2466 2604 Spiritum
2505 2543 2780 2600 sanctum,
2810 2535 2934 2605 quia
2961 2536 3286 2592 credidimus
3318 2549 3372 2606 ο,
3404 2539 3496 2594 sed
3519 2548 3578 2594 ut
3608 2542 3804 2596 crede-

2205 2643 2385 2684 remus
2407 2669 2421 2692 ,
2454 2629 2779 2698 accepimus.
2830 2629 3026 2684 Forma
3073 2631 3215 2685 enim
3254 2633 3524 2702 prtecessit
3553 2633 3607 2688 in
3637 2649 3808 2690 carne

2205 2718 2433 2784 Christi,
2466 2734 2628 2787 quam
2657 2720 2709 2773 in
2741 2729 2922 2791 nostra
2951 2721 3053 2776 fide
3080 2723 3392 2790 spiritaliter
3420 2739 3807 2794 agnoscamus.

2205 2807 2338 2862 Nam
2377 2808 2624 2865 Christus
2661 2809 2827 2865 Filius
2872 2810 2967 2866 Dei
2997 2812 3292 2867 secundum
3335 2829 3550 2870 carnem
3580 2816 3647 2870 de
3676 2817 3806 2887 Spi-

2204 2899 2311 2954 ritu
2356 2909 2546 2956 sancto
2595 2911 2890 2972 conceptus
2924 2911 2980 2958 et
3016 2912 3170 2959 natus
3205 2913 3310 2961 est;
3358 2905 3589 2962 Carnem
3617 2917 3804 2963 autem

2207 2988 2352 3042 illam
2382 3004 2482 3045 nec
2511 2991 2800 3060 concipere
2835 2991 2999 3061 Virgo
3025 3002 3210 3062 posset
3236 2994 3543 3063 aliquando,
3575 3011 3678 3050 nec
3706 3013 3809 3067 pa-

2205 3096 2348 3146 rere,
2379 3081 2481 3136 nisi
2509 3081 2747 3150 ejusdem
2774 3083 2954 3138 carnis
2981 3078 3212 3152 Spiritus
3237 3094 3454 3141 sanctus
3481 3097 3808 3156 operaretur

506 3183 671 3227 stram
699 3175 752 3228 in
782 3177 1241 3246 sanctiﬁcationem
1270 3220 1284 3244 ,
1321 3178 1477 3246 finem
1511 3193 1628 3230 vero
1665 3177 1822 3230 vitam
1849 3186 2096 3232 aeternam

2207 3178 2471 3232 exortum.
2501 3171 2591 3227 Sic
2620 3185 2749 3241 ergo
2773 3173 2826 3226 in
2847 3174 3077 3229 hominis
3108 3174 3272 3230 corde
3301 3191 3399 3231 nec
3426 3178 3637 3246 concipi
3670 3178 3807 3233 ﬁdes

512 3264 690 3334 (Rom.
723 3283 795 3331 v1,
828 3265 942 3335 22).

583 3354 669 3410 ‘59.
712 3355 838 3413 Hme
865 3373 993 3413 vero
1023 3359 1273 3422 libertas,
1301 3373 1421 3426 quae
1451 3373 1558 3412 non
1597 3373 1666 3413 ex
1693 3359 1931 3415 humano
1961 3361 2106 3415 arbi-

509 3445 613 3501 trio
640 3449 899 3511 nascitur,
932 3450 1027 3504 sed
1051 3451 1282 3523 gratuita
1314 3449 1407 3504 Dei
1429 3450 1777 3506 miseratione
1805 3453 2100 3520 confertur,

507 3551 541 3590 a
590 3536 733 3592 bona
776 3539 1054 3594 voluntate
1100 3540 1263 3593 sumit
1307 3541 1627 3606 exordium,
1660 3550 1715 3596 et
1753 3558 1848 3612 per
1873 3542 2103 3599 fructum

507 3628 953 3684 sanctificationis
997 3631 1051 3684 in
1097 3629 1208 3684 vita
1249 3639 1450 3686 mterna
1496 3633 1713 3702 plenum
1760 3635 1842 3688 sui
1880 3635 2105 3690 sortitur

507 3719 782 3776 effectum.
827 3721 934 3776 Sed
967 3722 1106 3776 sicut
1135 3722 1187 3775 in
1219 3723 1500 3778 nativitate
1528 3725 1730 3780 carnali
1757 3741 1970 3780 omnem
2005 3741 2102 3780 na—

507 3812 711 3866 scentis
752 3812 985 3866 hominis
1031 3813 1364 3868 voluntatem
1412 3815 1668 3883 prtecedit
1711 3818 1891 3885 aperis
1937 3817 2104 3872 divini

508 3901 794 3965 formatio;
837 3902 915 3957 sic
945 3903 998 3956 in
1029 3903 1255 3970 spiritali
1286 3905 1595 3970 nativitate,
1627 3921 1731 3974 qua
1762 3917 1977 3960 veterem
2007 3907 2103 3961 ho-

510 3991 719 4055 minem,
769 3994 854 4060 qui
901 3995 1246 4063 corrumpitur
1285 3995 1564 4048 secundum
1587 3997 1845 4050 desideria
1890 4000 2110 4070 erroris,

509 4081 785 4150 deponere
821 4083 1136 4152 incipimus,
1169 4093 1228 4138 ut
1256 4103 1440 4139 novum
1470 4087 1556 4156 qui
1584 4089 1637 4140 in
1663 4088 1871 4154 iustitia
1902 4096 1954 4141 et
1983 4105 2107 4142 san-

510 4159 686 4226 ctitate
711 4173 940 4226 veritatis
964 4183 1163 4229 creatus
1187 4185 1263 4230 est
1303 4175 1514 4247 (Ep/tes.
1549 4193 1619 4240 tv,
1646 4176 1736 4245 22)
1793 4179 2101 4245 induamus,

512 4277 670 4318 nemo
693 4271 872 4332 potest
892 4265 1090 4321 habere
1111 4268 1307 4323 bonam
1335 4268 1663 4322 voluntatem
1687 4277 1835 4324 motu
1859 4274 2081 4342 proprio

511 4354 615 4408 nisi
645 4369 797 4409 mens
826 4355 969 4424 ipsa,
1002 4356 1057 4410 id
1085 4365 1169 4412 est
1198 4359 1424 4412 interior
1451 4359 1614 4413 homo
1645 4369 1848 4424 noster,
1877 4377 2104 4416 renove-

511 4451 600 4498 tur
626 4459 691 4499 ac
727 4443 1048 4501 reformetur
1089 4465 1158 4502 ex
1198 4448 1332 4503 Deo.
1385 4448 1509 4503 Ideo
1556 4450 1719 4521 308
1766 4466 1866 4504 nos
1917 4455 2108 4508 beatus

2206 3262 2439 3332 poterit,
2472 3278 2573 3318 nec
2600 3265 2807 3332 augeri,
2836 3265 2939 3320 nisi
2965 3280 3084 3319 eam
3115 3265 3346 3335 Spiritus
3372 3276 3592 3323 sanctus
3622 3269 3808 3325 infun-

2207 3351 2298 3406 dat
2325 3349 2350 3388 ί¹
2381 3361 2438 3406 et
2467 3354 2687 3408 nutriat.
2737 3352 2818 3407 Ex
2864 3355 3056 3409 eodem
3103 3363 3335 3426 namque
3377 3357 3582 3428 Spiritu
3627 3370 3791 3414 renat

2207 3459 2394 3499 sumus
2416 3485 2431 3507 ,
2463 3459 2529 3498 ex
2556 3459 2664 3512 quo
2691 3454 2850 3500 natus
2878 3454 2961 3501 est
3003 3447 3247 3502 Christus
3293 3458 3350 3501 θ.
3400 3448 3599 3503 Eodem
3641 3453 3810 3521 igitur

2210 3536 2410 3602 Spiritu
2438 3535 2685 3592 Christus
2714 3537 2977 3592 formatur
3005 3540 3298 3594 secundum
3347 3541 3502 3595 fidem
3544 3544 3596 3596 in
3635 3545 3809 3599 corde

2208 3625 2628 3696 uniuscujusque
2653 3627 2954 3694 credentis,
2984 3646 3093 3698 quo
3121 3629 3322 3700 Spiritu
3349 3633 3642 3688 secundum
3671 3651 3808 3689 ear-

2208 3731 2332 3770 nem
2364 3715 2626 3772 formatus
2652 3726 2735 3772 est
2784 3719 2836 3772 in
2881 3728 3036 3774 utero
3076 3720 3329 3789 Virginis.
3376 3723 3504 3777 Ideo
3537 3725 3807 3794 propheta

2210 3823 2278 3862 ex
2317 3823 2547 3878 persona
2595 3807 2832 3863 fidelium
2865 3809 3064 3864 clamat
3105 3811 3170 3865 ad
3215 3811 3496 3866 Dominum
3530 3831 3542 3866 :
3577 3813 3810 3882 Propter

2210 3901 2442 3954 timorem
2465 3909 2625 3961 tuum,
2653 3899 2892 3966 Domine,
2915 3902 2968 3953 in
2994 3911 3137 3956 utero
3157 3905 3482 3973 concepimus
3501 3915 3550 3958 et
3569 3909 3810 3975 parturi-

2214 3989 2374 4043 rimus
2401 3989 2657 4059 Spiritum
2679 3991 2862 4044 salutis
2884 4000 3016 4055 tute;
3031 3993 3286 4061 justitiam
3305 4010 3406 4047 non
3437 3995 3691 4065 rfecimus
3715 4013 3809 4050 su-

2210 4097 2300 4152 per
2320 4090 2510 4135 terram
2528 4079 2934 4150 (Isa.xxvr,l8).
2949 4069 3100 4136 Sicut
3113 4092 3290 4137 autem
3309 4099 3414 4138 non
3431 4085 3604 4139 solum
3620 4086 3808 4155 prius-

2207 4188 2369 4244 quam
2417 4171 2576 4239 Virgo
2619 4170 2784 4225 Maria
2811 4170 3082 4227 Christum
3111 4175 3457 4243 conciperet;
3513 4176 3607 4230 sed
3632 4177 3810 4231 etiam

2209 4279 2520 4334 priusquam
2557 4281 2616 4322 se
2646 4276 3026 4338 conceptnram
3059 4277 3394 4338 agnosceret,
3428 4271 3601 4339 gratia
3640 4271 3812 4339 plena

2211 4355 2385 4422 angeli
2407 4371 2540 4410 voce
2557 4366 2861 4426 nuncupata
2879 4366 2983 4424 est,
2997 4373 3118 4412 cum
3137 4358 3280 4412 nulla
3300 4359 3417 4427 ejus
3433 4362 3816 4428 pnrcessisset

2212 4443 2304 4513 (al.
2331 4445 2681 4517 praecederet)
2702 4447 3038 4518 concipiendi
3060 4447 3100 4500 F
3106 4449 3179 4502 iiii
3202 4449 3293 4503 Dei
3317 4451 3399 4504 vel
3421 4450 3685 4519 cognitio,
3720 4451 3815 4507 vel

510 4532 709 4591 Paulus
738 4538 978 4608 praecipit
1017 4541 1034 4608 (
1064 4538 1212 4593 Rom.
1243 4556 1336 4604 xn,
1363 4540 1398 4592 2
1422 4542 1438 4610 )
1482 4556 1587 4594 non
1628 4541 1952 4597 conformari
1979 4544 2105 4599 huic
2132 4561 2186 4620 Β
2211 4537 2480 4605 voluntas,
2502 4549 2561 4592 ut
2587 4549 2970 4607 agnosceretur
2996 4555 3063 4595 ex
3086 4542 3258 4608 gratia
3286 4542 3378 4596 Dei
3407 4557 3526 4597 esse
3551 4552 3660 4596 tam
3687 4545 3817 4614 ipsa

504 4629 732 4696 "steculo,
761 4630 854 4685 sed
877 4630 1156 4685 reformari
1179 4633 1232 4686 in
1255 4633 1496 4688 novitate
1517 4649 1706 4689 sensus
1727 4636 1916 4690 nostri.
1939 4635 2105 4705 Cujus

509 4717 912 4776 reformationis
941 4721 1150 4776 initium
1199 4738 1267 4778 ne
1315 4718 1512 4780 nostra:
1549 4724 1786 4780 facultati
1831 4728 2106 4796 assignare

511 4812 849 4883 aliquatenus
869 4816 1187 4871 deberemus
1203 4859 1217 4882 ,
1251 4817 1506 4872 Dominus
1530 4833 1629 4888 per
1652 4820 1970 4888 prophetam
2019 4835 2106 4875 se-

514 4901 688 4969 ipsum
736 4903 1084 4959 formatorem
1109 4905 1241 4960 lucis
1268 4907 1540 4970 ostendit,
1579 4907 1763 4962 dicens
1803 4926 1814 4960 :
1850 4908 1963 4978 Ego
1996 4908 2104 4962 Do-

514 4994 683 5046 minus
707 4995 939 5063 formans
971 4995 1134 5050 lucem
1167 5006 1216 5051 et
1235 5014 1419 5052 creans
1445 4998 1678 5052 tenebras
1708 4998 1839 5068 (Isa.
1875 5013 1999 5058 xcv,
2025 4999 2104 5068 7).

513 5083 670 5148 Quod
692 5093 748 5139 et
767 5085 955 5142 beatus
976 5088 1265 5158 Apostolus
1283 5106 1377 5145 sua
1399 5091 1780 5158 praedicatione
1799 5089 2102 5154 confirmat,

514 5172 700 5229 dicens
725 5193 736 5226 :
762 5174 920 5242 Deus,
943 5181 1027 5249 qui
1049 5180 1182 5234 dixit
1206 5179 1271 5234 de
1292 5180 1512 5233 tenebris
1537 5173 1699 5234 lucem
1731 5181 2104 5251 splendescere,

591 5357 616 5425 f
649 5349 821 5425 Locus
849 5354 942 5425 hic
971 5355 1104 5408 alias
1129 5355 1388 5411 obscurus
1422 5357 1701 5411 restitutus
1731 5366 1813 5409 est
1854 5372 1956 5425 ope
1985 5371 2110 5418 ms.,

519 5420 621 5502 qui.
667 5423 880 5506 prmfert
936 5424 1053 5477 haec
1085 5425 1305 5506 “verba,
1357 5429 1429 5480 ita
1483 5428 1638 5480 crevit
1688 5420 2006 5496 infirmitas,
2055 5436 2110 5478 ut

541 5507 644 5548 1181.
677 5507 805 5548 αις..
837 5507 1020 5546 ιαμ...
1053 5507 1233 5548 ὅπη...
1268 5507 1371 5548 etc.

523 5507 644 5557 nm,
677 5501 805 5558 etc.,
837 5501 1020 5546 sit.....
1053 5501 1233 5548 sit.....
1268 5505 1371 5550 etc.

523 5561 622 5682 doli
674 5560 792 5626 Ms.,
831 5565 1103 5617 insinuans
1146 5566 1248 5629 ait;
1306 5566 1433 5621 editi
1474 5567 1828 5629 uniformiter,
1878 5568 2113 5620 insinua:

560 5647 715 5682 ιειειιδ.

560 5647 666 5683 scen
674 5647 696 5681 s
705 5670 715 5680 .

526 5771 580 5822 ὀ.
602 5713 620 5734 ε
655 5699 778 5752 Ant.
811 5709 859 5755 et
887 5701 1034 5770 ima,
1064 5707 1181 5776 qui:
1212 5707 1500 5776 credimus;
1531 5725 1630 5766 ms.
1657 5718 1709 5764 et
1736 5705 1920 5773 Basi|.,
1944 5707 2109 5761 credi-

561 5785 711 5822 intus.

561 5785 693 5823 smus
708 5818 711 5820 _

2207 4628 2464 4684 obediens
2491 4631 2742 4688 voluntas
2776 4631 3010 4700 Virginis
3030 4673 3044 4697 ,
3083 4647 3244 4700 quam
3273 4635 3556 4703 conceptio
3584 4633 3825 4693 Domini

2207 4718 2503 4775 Salvatoris
2529 4739 2542 4787 ;
2594 4725 2672 4777 sic
2702 4723 2868 4777 homo
2899 4724 3206 4793 priusquam
3236 4724 3457 4779 credere
3484 4725 3624 4780 velle
3659 4727 3824 4782 inci-

2205 4811 2347 4880 piat,
2379 4813 2550 4880 gratia
2579 4813 2829 4869 donantis
2857 4814 3155 4870 infunditur
3181 4815 3361 4880 cordi,
3399 4826 3457 4870 nt
3486 4817 3716 4886 incipiat
3761 4819 3825 4876 in

2206 4905 2425 4962 homine
2445 4923 2542 4978 per
2563 4909 2718 4964 fidem
2739 4908 2984 4965 Christus
3005 4911 3241 4968 formari.
3269 4911 3405 4965 Cum
3435 4921 3614 4966 autem
3637 4912 3789 4968 Cliri
3805 4939 3835 4960 -

2210 5002 2326 5050 stus
2354 4998 2406 5050 in
2437 5013 2764 5068 unoquoque
2803 4999 3100 5066 formatur,
3149 5002 3262 5071 ipse
3298 5017 3356 5057 se
3398 5001 3625 5064 format;
3678 5005 3830 5074 quia

2211 5090 2326 5159 ipse
2369 5089 2526 5144 tidem
2557 5091 2608 5145 in
2639 5092 2800 5148 corde
2838 5093 3253 5164 uniuscujusque
3293 5095 3560 5149 credentis
3599 5095 3829 5152 initiat.

2212 5177 2594 5250 Propterea'ir.
2641 5182 2878 5254 Epistola
2927 5201 3045 5255 quae
3090 5186 3158 5242 ad
3205 5186 3458 5242 llebneos
3485 5187 3690 5257 scripta
3735 5203 3836 5246 est

2285 5359 2309 5397 ἀ
2338 5359 2431 5435 _S_ic
2453 5360 2649 5435 Basilr;
2681 5371 2736 5415 at
2767 5362 2894 5435 ᾖον.
2927 5374 2982 5418 et
3008 5365 3163 5429 Ant,
3189 5367 3446 5435 eﬂicnd‘at.

2289 5442 2312 5469 ο
2338 5431 2457 5494 Ms.,
2485 5431 2736 5487 Dominus
2761 5433 3013 5490 Christus.

2293 5502 2309 5539 ί
2327 5502 2425 5576 Sic
2447 5503 2636 5563 Basil.;
2667 5510 2721 5554 at
2745 5501 2872 5576 ξιον.
2899 5515 2954 5558 et
2977 5508 3100 5560 Ant.
3127 5522 3230 5560 non
3259 5507 3456 5562 habent
3477 5509 3590 5562 hare
3613 5513 3838 5576 verba,

2207 5573 2464 5640 justitiam
2496 5589 2630 5647 rion;
2673 5571 2778 5647 sed
2792 5589 2878 5647 sic
2900 5577 3188 5644 pnnferunt
3223 5577 3395 5631 locum
3427 5596 3438 5630 :
3471 5571 3843 5647 concepimus

2213 5653 2260 5694 et
2307 5644 2685 5711 parturirimus.
2739 5641 2990 5712 Spiritum
3033 5649 3215 5700 salutis
3265 5658 3365 5701 tute
3408 5641 3845 5721 fecimus'supes-

2213 5722 2421 5768 terram.
