4066 6346
302 375 402 429 877

1666 365 1995 423 EPISTOLA
2033 365 2191 423 XVII.

3419 416 3424 420 -
3452 381 3560 438 478

302 491 659 546 admonemur
703 493 763 541 ut
786 485 947 556 309
973 485 1281 555 aspiciamus
1309 484 1364 535 in
1391 489 1649 536 auctorem
1677 482 1801 550 ﬁdei
1829 489 1878 534 et
1910 484 1953 542 Α
1982 495 2155 535 aecus
2180 480 2297 547 fuit,
2326 481 2378 537 in
2407 497 2475 538 eo
2502 485 2730 555 accipiat
2757 487 2970 553 lumen;
3000 497 3055 544 et
3083 491 3171 546 ubi
3202 492 3298 547 fuit
3325 494 3558 565 iniquus,

302 589 763 638 consummatorem
785 578 961 632 Iesum
991 575 1176 645 (Hebr.
1199 590 1293 641 ιιι,
1319 573 1373 644 2)
1405 591 1418 626 :
1447 573 1538 643 qui
1564 573 1750 642 procul
1778 571 1878 626 du-
1898 616 1916 631 .

298 674 391 730 hio
415 671 495 726 sic
520 679 605 725 est
630 676 820 724 auctor
849 666 969 721 ﬁdei
995 674 1193 721 nostrae
1217 703 1233 729 ,
1275 678 1396 718 cum
1439 663 1553 732 ipse
1582 661 1740 717 tidem
1771 677 1879 716 non

299 762 622 818 habentibus
647 760 832 823 donat,
863 757 1002 813 sicut
1028 763 1112 811 est
1132 755 1372 824 ejusdem
1399 753 1519 808 ﬁdei
1543 767 1882 808 consumma-

297 861 405 915 tor,
437 867 563 906 cum
589 864 710 905 eam
739 849 793 902 in
822 845 1142 902 habentibus
1179 843 1422 914 augendo
1459 842 1794 912 multiplicat,
1827 849 1883 896 et

296 949 487 997 sancta
533 937 848 1008 operatione
893 941 1248 989 consummat.
1315 932 1453 988 Dicit
1503 931 1644 987 enim
1691 932 1884 986 beatus

297 1030 577 1101 apostolus
603 1026 838 1082 Jacobus
867 1024 990 1093 quia
1019 1023 1148 1079 ﬁdes
1175 1022 1404 1078 Abrahae
1426 1022 1594 1092 patris
1619 1021 1788 1076 nostri
1817 1038 1883 1076 ex

295 1119 538 1191 operibus
564 1122 918 1171 consummata
946 1123 1023 1166 est
1060 1113 1195 1182 (Jac.
1221 1128 1276 1177 ιι,
1310 1111 1422 1182 i2).

268 1265 270 1268 ,
366 1211 459 1265 41.
491 1209 693 1263 Auctor
715 1214 798 1260 est
825 1217 954 1270 ergo
983 1202 1106 1257 ﬁdei
1135 1211 1350 1267 nostra,
1376 1209 1883 1270 consummatorque

295 1303 455 1358 Jesus
477 1341 492 1364 ,
527 1299 653 1370 quia
690 1298 806 1366 ipse
839 1301 1095 1364 operatur
1124 1293 1177 1347 in
1208 1294 1362 1348 nobis
1389 1301 1444 1346 et
1469 1293 1608 1347 velle
1636 1300 1691 1347 et
1719 1291 1881 1361 perfi-

297 1410 458 1456 cere,
489 1407 588 1462 pro
616 1391 758 1444 bona
785 1386 1083 1440 voluntate.
1133 1383 1290 1450 Quod
1317 1384 1362 1437 si
1389 1383 1443 1436 in
1470 1397 1536 1438 eo
1565 1389 1772 1436 tantum
1801 1388 1884 1436 est

297 1494 492 1540 auctor
519 1481 641 1535 ﬁdei
668 1487 884 1540 nostrae,
915 1475 1039 1544 quia
1069 1483 1310 1529 nostram
1335 1473 1666 1528 voluntatem
1691 1486 1884 1541 exspe-

297 1582 448 1641 ctat,
479 1580 539 1626 ut
565 1587 632 1625 ex
662 1567 814 1622 nobis
843 1581 962 1621 esse
1001 1563 1130 1618 ﬁdes
1165 1563 1415 1632 incipiat,
1444 1576 1775 1631 consequens
1801 1568 1884 1616 est

297 1675 359 1720 ut
381 1667 545 1719 etiam
567 1665 967 1718 consummator
991 1655 1114 1709 ﬁdei
1142 1662 1338 1709 nostra:
1359 1652 1483 1707 ideo
1505 1652 1736 1715 dicatur,
1759 1652 1883 1720 quia

1981 572 2222 628 serviens
2249 573 2596 630 immunditize
2624 585 2680 630 et
2702 577 2967 646 iniquitati
2995 581 3063 636 ad
3089 582 3457 653 iniquitatem,
3488 588 3564 643 ibi

1979 664 2151 731 gratia
2197 672 2500 732 prazventus
2547 676 2707 738 atque
2747 669 2961 738 adjutus
3001 675 3202 729 serviat
3241 675 3462 744 justitia:
3508 680 3566 734 in

1979 754 2478 812 sanctiﬁcationem.

2051 841 2180 898 Car.
2211 861 2320 899 ιιι.
2354 846 2514 911 Deus,
2545 849 2666 902 dum
2691 867 2816 922 quos
2849 854 2952 907 vult
2979 856 3240 911 credentes
3265 860 3411 928 facit,
3443 877 3564 931 per-

1980 950 2227 989 sonarum
2258 948 2493 1006 acceptor
2513 955 2616 994 non
2645 950 2741 994 est.
2783 939 2954 997 Nemo
2982 961 3014 997 a
3039 961 3095 999 se
3118 946 3269 1000 habet
3295 949 3420 1003 velle
3448 965 3566 1005 cre-

1981 1024 2121 1078 dere.
2168 1057 2238 1068 —
2271 1025 2362 1081 42.
2409 1026 2666 1084 Miramur
2710 1040 2889 1086 autem
2929 1034 3187 1100 quosdam
3228 1037 3408 1092 dicere
3451 1058 3463 1093 :
3508 1040 3567 1095 Si

1981 1115 2228 1170 nolentes
2257 1126 2282 1155 ο
2303 1116 2444 1171 Deus
2474 1116 2600 1172 facit
2627 1127 2686 1172 ut
2715 1121 2882 1174 velint
2913 1124 3164 1187 credere,
3191 1126 3365 1180 nullus
3385 1135 3567 1182 autem

1982 1213 2066 1258 est
2087 1205 2179 1273 qui
2207 1207 2520 1262 naturaliter
2547 1209 2716 1276 possit
2741 1210 2961 1265 credere
2992 1213 3042 1266 in
3077 1213 3268 1268 Filium
3297 1216 3391 1272 Dei
3416 1257 3432 1281 ,
3474 1227 3568 1272 aut

1984 1295 2184 1366 aliquid
2216 1297 2343 1353 boui
2370 1298 2509 1353 velle
2539 1300 2682 1368 quod
2725 1303 2959 1370 pertinet
2990 1304 3056 1358 ad
3096 1307 3261 1360 vitam
3289 1317 3566 1374 aeternam,

1982 1402 2080 1442 cur
2115 1403 2242 1456 ergo
2282 1391 2445 1460 310
2481 1406 2588 1444 non
2618 1391 2744 1446 facit
2775 1409 2962 1448 omnes
2994 1397 3151 1461 velle,
3193 1413 3311 1452 cum
3354 1416 3458 1454 non
3499 1402 3568 1456 sit

1983 1492 2335 1546 personarum
2381 1489 2633 1549 acceptor
2676 1481 2852 1536 Deus?
2903 1483 2982 1539 Ex
3010 1487 3202 1555 quibus
3229 1490 3424 1553 Verbis,
3448 1505 3567 1559 qum

1983 1567 2177 1621 vestris
2205 1564 2396 1624 litteris
2423 1569 2590 1625 indita
2618 1582 2769 1638 sunt,
2801 1585 3024 1644 apparet
3059 1592 3154 1631 eos
3180 1579 3355 1634 minus
3383 1581 3568 1635 consi-

1985 1654 2176 1710 derare
2227 1658 2370 1726 quod
2417 1659 2618 1716 dicunt.
2673 1662 3030 1720 Personarum
3074 1669 3282 1738 quippe
3325 1671 3566 1739 acceptio

297 1761 580 1824 exspectat
615 1759 674 1805 ut
708 1757 894 1804 nostro
933 1754 1140 1800 tantum
1177 1751 1376 1798 conatu
1422 1741 1490 1796 ad
1545 1756 1886 1797 consumma-
1986 1748 2127 1816 apud
2151 1748 2317 1802 Deum
2347 1759 2473 1806 tunc
2493 1761 2654 1817 esset,
2680 1755 2725 1808 si
2756 1757 3226 1825 (quemadmodum
3249 1760 3335 1815 isti
3355 1761 3564 1832 volunt)

298 1849 509 1904 tionem
537 1843 670 1900 ﬁdes
694 1856 814 1914 qua:
849 1843 882 1894 a
912 1838 1068 1894 nobis
1120 1843 1308 1891 exorta
1345 1843 1428 1890 est
1473 1833 1780 1904 perveniat;
1819 1849 1884 1890 ac
1914 1832 1961 1890 B
1987 1839 2041 1892 in
2064 1841 2304 1907 quolibet
2332 1843 2606 1899 hominum
2646 1847 2860 1915 aliquod
2901 1850 3165 1906 inveniret
3191 1852 3346 1907 bona:
3372 1854 3566 1908 volun-

297 1939 382 1995 sic
408 1945 582 1993 totum
624 1935 735 1990 Deo
762 1932 1014 1987 adimitur
1031 1970 1047 1997 ,
1075 1929 1122 1984 si
1148 1937 1204 1983 et
1232 1928 1440 1982 initium
1467 1935 1522 1981 et
1545 1941 1884 1981 consumma-

298 2030 380 2084 tio
409 2027 534 2082 ﬁdei
579 2032 776 2081 nostra:
812 2021 1035 2077 humani
1063 2017 1269 2092 arbitrii
1313 2016 1517 2070 viribus
1565 2016 1880 2085 applicetur.

297 2119 457 2187 Quod
484 2117 610 2185 quia
643 2111 802 2168 vaidc
837 2111 1056 2181 impium
1087 2117 1201 2174 est,
1242 2108 1287 2163 si
1325 2108 1721 2176 Scripturar-um
1761 2122 1884 2161 san-

298 2219 510 2265 ctarum
544 2205 770 2273 eloquiis
797 2201 1118 2258 salutaribus
1155 2214 1260 2254 non
1289 2198 1588 2253 resistimus
1619 2206 1673 2263 ⁸,
1705 2197 1883 2250 omnia

297 2314 424 2369 qum
460 2296 733 2368 pertinent
768 2292 835 2347 ad
866 2291 1023 2345 bona:
1051 2288 1340 2344 voluntatis
1368 2287 1577 2341 initium
1641 2285 1725 2340 vel
1756 2300 1884 2354 pro-

299 2396 501 2447 tectum
519 2431 535 2456 ,
565 2388 734 2442 Deum
764 2385 817 2438 iu
845 2383 1000 2438 nobis
1026 2389 1082 2436 et
1109 2380 1348 2449 incipere
1399 2387 1456 2434 et
1483 2376 1743 2449 perﬁcere
1769 2378 1886 2432 sine

299 2484 480 2552 aliqua
509 2479 842 2534 htesitatione
878 2474 1180 2531 credamus.
1222 2471 1339 2542 [pse
1367 2477 1450 2526 est
1477 2470 1619 2525 enim
1646 2469 1738 2538 qui
1765 2485 1886 2539 ape-

299 2585 450 2630 ratur
476 2573 532 2626 in
559 2570 706 2625 nobis
735 2579 784 2623 et
810 2567 936 2622 velle
963 2577 1009 2620 et
1047 2566 1312 2635 perﬁcere,
1343 2579 1436 2633 pro
1467 2561 1601 2616 bona
1627 2561 1888 2616 voluntate

299 2663 528 2732 (Philip.
549 2677 609 2725 ιι,
634 2659 744 2728 15).
775 2655 1080 2711 Clamemus
1100 2654 1262 2722 igitur
1283 2652 1337 2706 in
1368 2651 1670 2706 humilitate
1708 2651 1887 2705 cordis

297 2765 357 2810 et
381 2752 612 2808 veritate
641 2747 763 2803 ﬁdei
785 2763 908 2802 cum
935 2744 1198 2815 propheta
1231 2760 1245 2796 :
1278 2743 1401 2796 Scio
1428 2783 1442 2806 ,
1475 2739 1698 2795 Domine
1722 2780 1738 2805 ,
1766 2742 1886 2811 quia

297 2865 405 2905 non
429 2856 508 2900 est
532 2847 590 2899 in
629 2843 836 2898 homine
863 2841 944 2895 via
979 2840 1122 2910 ejus,
1156 2854 1315 2908 neque
1347 2838 1442 2891 viri
1472 2845 1546 2890 est
1577 2845 1633 2890 ut
1660 2837 1889 2906 corrigat

297 2939 440 2992 viam
467 2951 618 2990 suam
647 2931 701 3002 (Ι
705 2949 779 2988 er.
804 2947 862 2999 ι,
883 2929 998 2999 23).
1022 2928 1138 2985 Non
1167 2936 1252 2984 est
1279 2929 1460 2996 itaque
1490 2928 1541 2981 in
1566 2927 1785 2982 homine
1800 2927 1885 2980 via

298 3029 421 3098 ejus
447 3041 610 3096 quam
636 3024 800 3080 habet
828 3038 896 3077 ex
920 3023 1030 3076 Deo
1048 3061 1062 3085 ,
1087 3035 1262 3089 neque
1292 3020 1393 3074 viri
1433 3027 1516 3074 est
1553 3026 1614 3072 ut
1655 3019 1888 3086 corrigat

291 3120 442 3174 viam
457 3133 613 3175 suam
626 3129 787 3185 quam
804 3114 967 3168 habet
979 3126 1044 3166 ex
1061 3113 1259 3182 seipso.
1286 3111 1442 3166 Viam
1460 3123 1588 3178 ergo
1605 3126 1756 3166 suam
1778 3125 1887 3165 non

1982 1931 2109 1986 tatis
2134 1932 2360 1987 initium.
2394 1933 2527 1990 Cum
2551 1946 2729 1993 autem
2759 1941 2811 1993 in
2843 1943 2988 1997 nullo
3009 1943 3204 1998 bonam
3235 1946 3566 2001 voluntatem

1983 2022 2207 2089 invenit,
2236 2022 2330 2077 sed
2359 2039 2475 2078 eam
2510 2027 2676 2094 gratis
2715 2030 2800 2082 cui
2832 2031 3062 2085 voluerit
3092 2031 3117 2068 ἀ
3149 2033 3264 2102 ipse
3292 2035 3563 2101 concedit,

1984 2113 2293 2179 agnoscitur
2322 2115 2468 2168 nulla
2498 2130 2618 2171 esse
2646 2132 2996 2184 personarum
3047 2124 3317 2192 acceptio,
3347 2123 3566 2192 quando

1983 2201 2214 2268 gratuita
2259 2209 2342 2256 est
2389 2203 2642 2260 donantis
2678 2207 2730 2260 in
2771 2224 3094 2278 unoquoque
3132 2212 3363 2280 largitio.
3412 2212 3566 2279 Quod

1985 2299 2164 2346 autem
2190 2292 2393 2359 dicunt,
2420 2310 2518 2350 cur
2543 2312 2648 2351 non
2677 2298 2804 2352 facit
2827 2315 3016 2358 omnes
3039 2302 3213 2356 velle?
3257 2302 3406 2358 Itane
3433 2319 3566 2360 vero

1985 2385 2040 2439 in
2066 2386 2280 2440 nemine
2305 2387 2407 2442 hoc
2434 2387 2584 2456 facit,
2614 2391 2739 2458 quia
2768 2407 2876 2445 non
2916 2393 2970 2446 in
2999 2395 3246 2449 omnibus
3264 2395 3438 2450 facit?
3484 2395 3566 2448 An

1985 2490 2088 2528 non
2128 2475 2280 2530 habet
2317 2484 2618 2546 potestatem
2668 2481 2858 2550 figulus
2897 2484 2992 2536 luti
3017 2525 3032 2550 ,
3073 2501 3138 2537 ex
3176 2485 3354 2539 eadem
3392 2501 3567 2539 massa

1987 2567 2158 2635 facere
2179 2567 2322 2624 aliud
2348 2568 2552 2637 quidem
2579 2587 2668 2625 vas
2693 2573 2748 2624 in
2779 2573 3042 2638 honorem,
3067 2577 3212 2630 aliud
3231 2593 3346 2630 vero
3366 2579 3421 2630 in
3443 2593 3567 2631 con-

1987 2657 2248 2737 tumeliam
2296 2657 2472 2728 (Rom.
2505 2676 2580 2725 ιι,
2610 2661 2750 2733 2|)?
2795 2673 2889 2718 aut
2927 2667 3132 2736 culpari
3161 2675 3340 2736 potest
3361 2669 3568 2737 justitia

1989 2745 2041 2799 in
2073 2734 2214 2802 vasis
2243 2748 2364 2812 iraz,
2396 2764 2516 2818 qua:
2537 2750 2682 2820 juste
2711 2768 2810 2823 pro
2847 2734 3051 2810 meritis
3072 2734 3276 2825 aptavit
3303 2734 3569 2812 invinteri-

1989 2843 2136 2901 tum;
2186 2837 2272 2892 vel
2318 2839 2682 2898 misericordia
2735 2843 2788 2898 in
2839 2844 2981 2899 vasis
3027 2846 3424 2912 misericordiae,
3451 2860 3572 2915 qua

1988 2928 2105 2982 sine
2130 2928 2251 2984 ullis
2278 2931 2485 2986 meritis
2512 2933 2628 2988 solo
2657 2934 2841 3002 gratize
2867 2935 3012 2991 dono
3040 2937 3360 3006 prmparavit
3383 2938 3435 2992 in
3455 2938 3572 3006 glo—

1989 3018 2145 3072 riam.
2206 3018 2408 3086 Quibus
2457 3022 2630 3092 ipsam
2679 3040 2896 3096 quoque
2935 3028 3221 3096 praeparari
3269 3043 3300 3081 a
3346 3027 3573 3084 Domino

1990 3107 2321 3164 voluntatem
2349 3111 2626 3181 Scriptura
2667 3121 2807 3181 teste
2833 3114 3130 3170 docuimus.
3179 3116 3307 3182 Quae
3331 3117 3376 3170 si
3407 3132 3514 3171 non
3541 3131 3573 3171 a

295 3210 468 3265 habet
489 3209 546 3263 in
570 3221 666 3270 se,
697 3219 799 3259 nec
822 3204 964 3258 viam
991 3217 1142 3258 suam
1170 3201 1411 3269 corrigit,
1445 3200 1547 3256 nisi
1574 3216 1696 3256 cum
1725 3200 1886 3255 recti-
1909 3198 1958 3262 ο
1989 3197 2100 3281 Deo
2130 3199 2303 3265 datur,
2336 3201 2431 3255 sed
2460 3201 2512 3255 in
2543 3203 2762 3259 homine
2789 3205 3075 3270 invenitur,
3104 3206 3295 3262 falsum
3323 3215 3404 3261 est
3430 3205 3573 3277 quod

295 3301 490 3358 tudine
511 3299 688 3355 cordis
715 3297 917 3352 donum
943 3295 1130 3364 gratim
1157 3294 1410 3364 spiritalis
1437 3293 1726 3362 acceperit.
1756 3291 1881 3346 ideo

294 3392 556 3448 Salomon
583 3388 712 3444 dicit
744 3405 758 3443 :
789 3385 983 3456 Dirigit
1020 3393 1191 3440 autem
1216 3371 1376 3438 corda
1405 3382 1659 3437 Dominus
1699 3380 1879 3452 (Prov.

292 3501 424 3548 ιιι,
454 3483 535 3549 2).
584 3482 781 3536 Beatus
833 3492 1049 3547 quoque
1087 3476 1364 3546 apostolus
1394 3473 1628 3530 Jacobus
1655 3480 1884 3529 testatur

289 3576 422 3644 quia
449 3589 599 3628 omne
628 3571 804 3624 datum
829 3569 1079 3638 optimum
1115 3575 1164 3620 et
1195 3582 1346 3620 omne
1382 3565 1573 3619 donum
1600 3565 1882 3635 perrectum

291 3667 566 3720 desursum
587 3671 663 3716 est
682 3660 993 3715 descendens
1014 3674 1047 3710 α
1067 3656 1228 3711 Patre
1249 3656 1494 3712 luminum
1525 3655 1664 3723 (Jac.
1689 3671 1726 3719 ι,
1750 3653 1836 3723 i7)
1863 3672 1878 3708 :

289 3772 486 3812 eorum
511 3754 714 3810 scilicet
751 3751 1011 3808 luminum
1048 3748 1241 3817 quibus
1273 3762 1370 3817 per
1396 3745 1729 3801 Ezechielem
1759 3744 1882 3800 novi

289 3847 476 3904 cordis
507 3845 734 3914 gratiam
772 3840 1133 3912 repromittit,
1163 3839 1348 3894 dicens
1381 3855 1394 3890 :
1428 3835 1576 3891 Dabo
1617 3835 1755 3891 vobis
1792 3852 1882 3890 cor

288 3955 479 3994 nouum
496 3979 511 4002 ,
540 3947 591 3990 et
619 3936 874 4005 Spiritum
901 3949 1088 3989 novum
1115 3947 1306 4001 ponam
1332 3931 1389 3984 in
1417 3929 1586 3983 medio
1619 3929 1773 3982 vestri
1790 3968 1805 3993 ,
1831 3935 1883 3980 et

286 4033 562 4102 auferetur
590 4045 678 4082 cor
716 4025 974 4096 lapideum
1003 4025 1068 4078 de
1097 4039 1254 4076 carne
1279 4031 1476 4086 uestra,
1505 4029 1555 4075 et
1581 4019 1714 4074 dabo
1743 4018 1882 4074 vobis

285 4140 381 4178 cor
403 4137 672 4186 curacum,
686 4127 736 4173 et
757 4118 1011 4188 Spiritum
1027 4131 1197 4169 meum
1217 4113 1349 4168 dabo
1368 4114 1425 4167 in
1445 4110 1605 4177 vobis,
1623 4111 1881 4182 etfaciam

283 4225 344 4268 ut
371 4215 428 4266 in
457 4207 917 4282 justificationibus
945 4208 1070 4261 meis
1109 4205 1406 4268 ambuletis,
1449 4212 1498 4258 et
1533 4203 1737 4273 judicia
1767 4218 1882 4256 mea

282 4306 586 4368 observetis,
614 4312 661 4357 et
692 4302 896 4373 faciatis
926 4297 1139 4369 (Eucti.
1174 4313 1355 4359 sum,
1379 4294 1493 4365 26),
1526 4294 1724 4349 Beatus
1748 4309 1882 4363 quo-

282 4411 396 4466 que
423 4394 622 4448 Paulus
658 4393 904 4446 humanae
933 4387 1296 4456 comprimens
1323 4384 1754 4454 praesumptionis
1781 4398 1878 4436 au.

282 4485 498 4540 daciam
527 4481 660 4537 dicit
691 4500 704 4534 :
737 4479 864 4544 Quis
884 4479 1022 4532 enim
1046 4487 1093 4530 te
1117 4476 1402 4530 discernit?
1437 4475 1558 4546 quid
1583 4483 1754 4528 autem
1783 4474 1878 4526 Ita-

1985 3305 2106 3345 eam
2137 3291 2418 3362 Scriptura
2461 3297 2752 3364 praeparari
2799 3297 2932 3352 dicit
2964 3307 2987 3336 °
3027 3313 3057 3352 a
3098 3299 3344 3354 Domino.
3391 3299 3575 3354 Omnis

1985 3387 2165 3435 autem
2187 3382 2463 3452 Scriptura
2485 3385 2738 3441 divinitus
2759 3387 3015 3458 inspirata
3029 3427 3046 3452 ,
3073 3399 3263 3444 cuncta
3285 3405 3402 3458 qua:
3421 3389 3568 3454 dicit,

1984 3484 2112 3524 vera
2142 3471 2289 3538 dicit,
2315 3475 2441 3542 quia
2469 3491 2537 3530 ex
2567 3478 2794 3531 veritate
2821 3487 2946 3532 sunt
2973 3479 3220 3534 universa
3247 3495 3366 3548 quae
3392 3481 3522 3536 dicit
3553 3499 3569 3535 :

1984 3559 2209 3632 Eloquia
2228 3563 2372 3617 enim
2395 3562 2630 3631 Domini,
2652 3567 2853 3636 eloquia
2874 3577 3017 3620 casta
3041 3567 3216 3635 (Psal.
3239 3585 3312 3633 ιι,
3329 3568 3405 3638 7).
3432 3570 3572 3626 Deus

1984 3665 2133 3720 ergo,
2159 3654 2251 3720 qui
2279 3654 2610 3710 voluntatem
2640 3665 2904 3724 prreparat
2926 3697 2941 3722 ,
2973 3658 3088 3727 ipse
3113 3657 3297 3712 donat.
3331 3659 3500 3724 Quam
3525 3661 3570 3717 si

1984 3741 2128 3796 Deus
2152 3757 2250 3811 per
2268 3758 2419 3797 suam
2442 3745 2669 3810 gratiam
2696 3745 2902 3800 homini
2921 3762 3028 3802 non
3049 3747 3272 3810 dederit.
3297 3764 3570 3817 nunquam

1983 3839 2163 3901 potest
2190 3833 2353 3888 homo
2381 3833 2436 3888 in
2464 3833 2633 3888 Deum
2661 3835 2800 3890 velle
2827 3836 3047 3893 credere
3070 3877 3085 3902 ,
3115 3839 3239 3906 quia
3269 3840 3439 3908 ipsam
3468 3856 3569 3895 vo-

1985 3922 2244 3978 luntatem
2267 3924 2436 3992 gratia
2459 3940 2566 3979 non
2591 3925 2814 3990 invenit,
2837 3927 2932 3982 sed
2951 3937 3208 3997 operatur
3227 3931 3282 3984 in
3303 3930 3541 3986 homine.

2053 4013 2181 4068 CAP.
2215 4031 2345 4073 nn.
2404 4013 2662 4071 Credendi
2693 4018 2916 4088 facultas
2943 4019 3187 4075 humana:
3211 4029 3376 4087 potest
3403 4023 3570 4077 inesse

1983 4114 2202 4170 natum,
2225 4107 2347 4176 quia
2379 4104 2514 4160 Deus
2543 4116 2708 4177 potest
2732 4125 2846 4162 eam
2870 4125 3080 4163 sanare.
3113 4111 3281 4164 Adam
3309 4111 3569 4177 peccando

1981 4197 2206 4268 perdidit
2215 4196 2695 4266 fidem.—43.Cum
2707 4207 2884 4254 autem
2895 4199 3123 4256 dicimus
3136 4201 3400 4256 neminem
3413 4215 3572 4271 posse

1983 4288 2036 4341 in
2071 4288 2234 4342 Deum
2266 4289 2509 4355 credere,
2540 4289 2640 4343 nisi
2672 4304 2768 4357 per
2805 4290 3031 4357 gratiam
3057 4292 3150 4346 Dei
3184 4307 3278 4347 cor
3298 4293 3570 4348 illumine-

1985 4386 2091 4446 tur,
2123 4387 2182 4432 ut
2207 4379 2426 4442 credat,
2460 4394 2564 4433 non
2594 4378 2848 4434 credendi
2879 4382 3288 4449 possibilitatem
3321 4384 3569 4438 humana:

1982 4478 2186 4524 natura:
2212 4472 2434 4525 omnino
2463 4471 2637 4526 inesse
2666 4487 2773 4525 non
2806 4487 2964 4540 posse
2993 4473 3234 4538 dicimus,
3261 4475 3355 4528 sed
3386 4483 3445 4528 ut
3467 4476 3567 4529 ha-

284 4579 378 4631 bes
406 4574 544 4645 quod
569 4589 674 4627 non
701 4568 983 4639 accepisti?
1029 4567 1075 4620 si
1107 4574 1277 4619 autem
1305 4565 1580 4634 accepisti,
1615 4565 1737 4631 quid
1767 4563 1879 4633 glo-
1907 4569 1960 4629 D
1985 4559 2110 4614 beat
2144 4560 2317 4628 ipsum
2347 4576 2536 4630 posse,
2571 4561 2711 4616 unde
2748 4560 2943 4615 debeat
2971 4578 3191 4632 sperare
3235 4579 3297 4619 ac
3335 4580 3564 4634 poscere

281 4669 448 4722 riaris
485 4663 634 4736 quasi
669 4677 772 4716 non
811 4658 1067 4727 acceperis
1122 4655 1175 4726 (Ι
1205 4654 1325 4714 Cor.
1358 4671 1431 4719 tv,
1461 4655 1556 4723 7)?
1595 4653 1729 4708 Cum
1771 4669 1880 4722 quo

289 4773 396 4811 nos
421 4762 638 4825 oportet
661 4751 932 4806 humiliter
957 4748 1348 4816 salubriterque
1379 4761 1704 4816 cognoscere
1730 4747 1878 4816 pari-

282 4855 372 4900 ter
403 4852 460 4898 et
488 4841 641 4895 fateri
668 4882 683 4906 ,
712 4839 882 4908 gratia
931 4836 1028 4892 Dei
1075 4851 1174 4892 nos
1202 4850 1322 4890 esse
1356 4835 1499 4904 quod
1539 4849 1726 4891 sumus
1755 4833 1804 4898 δ,
1835 4836 1878 4891 si

281 4945 474 4988 tamen
500 4929 701 4998 aliquid
729 4943 932 4983 sumus.
974 4925 1088 4992 Qua
1125 4928 1296 4997 gratia
1324 4926 1604 4980 humanum
1643 4943 1748 4981 non
1785 4943 1880 4980 au.

282 5028 474 5093 fertur,
495 5020 588 5075 sed
607 5029 851 5082 sanatur;
882 5033 988 5072 non
1011 5016 1284 5081 adimitur,
1307 5016 1404 5072 sed
1422 5017 1736 5084 corrigitur;
1772 5033 1878 5076 non

280 5119 632 5174 removetur,
662 5108 758 5163 sed
785 5107 1145 5169 illuminatur;
1184 5120 1291 5160 non
1319 5114 1628 5169 evacuatur,
1661 5107 1755 5161 sed
1784 5107 1880 5161 ad-

274 5203 505 5270 juvatur
527 5208 688 5269 atque
715 5205 958 5252 servatur
985 5194 1262 5250 arbitrium
1293 5213 1304 5246 :
1340 5203 1398 5248 ut
1425 5194 1477 5250 in
1519 5211 1626 5265 quo
1655 5195 1878 5251 inﬁrmi-

279 5301 456 5346 tatem
485 5291 648 5344 homo
676 5287 880 5351 habuit,
908 5287 960 5340 in
985 5301 1052 5341 eo
1081 5286 1282 5340 habere
1309 5285 1530 5354 incipiat
1557 5287 1872 5355 sanitatem;

275 5397 395 5450 quo
416 5380 648 5444 errabat,
677 5377 866 5435 eodem
890 5379 942 5434 in
958 5377 1095 5431 viam
1121 5376 1214 5446 (al.
1239 5376 1290 5430 in
1315 5376 1423 5437 via)
1448 5375 1658 5440 redeat;
1690 5376 1742 5432 iu
1769 5392 1876 5447 quo

358 5568 381 5592 ι
413 5557 501 5613 Sic
519 5573 653 5621 ms.;
696 5564 752 5610 at
777 5556 935 5610 Basil.
959 5599 972 5622 ,
1005 5573 1098 5610 nos
1124 5557 1428 5611 insistimus.
1471 5553 1599 5610 Lov.
1632 5563 1686 5610 et
1713 5554 1866 5624 Ant.,

273 5645 378 5682 nos
407 5629 710 5691 resistimus,
739 5625 834 5682 sed
861 5627 1019 5680 male.

358 5699 382 5734 δ
423 5697 549 5766 Lov.
583 5706 636 5751 et
663 5697 818 5759 Ant.,
850 5696 985 5766 quod
1014 5703 1062 5748 et
1092 5713 1286 5750 sumus.

363 5779 381 5804 ε
416 5765 573 5832 Lov.,
605 5767 728 5820 Aut.
760 5775 814 5821 et
846 5765 1029 5830 Basil.,
1062 5768 1104 5819 si
1127 5767 1363 5821 volentes.

1983 4648 2430 4705 demonstramus.
2462 4651 2596 4705 Nam
2625 4652 2810 4720 utique
2846 4653 3164 4708 naturaliter
3191 4655 3412 4722 homini,
3445 4672 3566 4710 cum

1983 4742 2209 4812 coeperit
2247 4741 2299 4796 in
2339 4741 2436 4795 Dei
2478 4741 2667 4796 Filium
2698 4743 2920 4798 credere
2945 4783 2960 4808 ,
2991 4745 3035 4800 si
3064 4761 3221 4815 posse
3261 4747 3482 4800 credere
3511 4749 3565 4803 in

1985 4833 2292 4900 conditione
2320 4834 2477 4903 primi
2505 4834 2737 4890 hominis
2761 4835 2943 4890 datum
2967 4853 3074 4891 non
3104 4847 3268 4903 esset,
3291 4853 3562 4906 nunquam

1983 4934 2262 4995 peccatum
2297 4924 2364 4980 de
2393 4925 2706 4981 inﬁdelitate
2735 4928 3106 4994 contraheret;
3146 4944 3322 4996 neque
3353 4928 3446 4982 ulli
3469 4943 3565 4982 ua-

1985 5023 2118 5072 tura:
2160 5015 2416 5072 credendi
2445 5015 2670 5072 facultas
2699 5019 2858 5074 insita
2896 5028 3012 5084 est,
3046 5035 3206 5089 quam
3243 5020 3564 5076 rationalem

1985 5120 2089 5158 non
2122 5104 2243 5160 fecit
2271 5106 2430 5162 Deus.
2464 5106 2715 5188 Nunquid
2741 5111 2876 5164 enim
2914 5111 2977 5164 de
3006 5109 3162 5166 bobus
3191 5127 3316 5165 cura
3343 5120 3419 5166 est
3452 5110 3564 5166 Deo

1984 5198 2039 5270 (1
2062 5197 2181 5254 Cor.
2211 5217 2262 5255 ix
2288 5240 2303 5264 ,
2335 5200 2429 5271 9)?
2472 5201 2528 5256 ln
2557 5203 2750 5270 quibus
2781 5219 2881 5259 nec
2921 5204 3138 5274 punitur
3166 5205 3433 5276 impietas,
3465 5217 3566 5259 nec

1980 5291 2152 5359 pietas
2179 5301 2488 5347 coronatur.
2539 5293 2614 5348 De
2642 5294 2948 5350 hominibus
2986 5306 3165 5351 autem
3196 5297 3444 5352 omnibus
3472 5311 3565 5350 cu-

1979 5397 2093 5440 ram
2123 5398 2240 5439 esse
2272 5384 2380 5438 Deo
2419 5385 2727 5440 cmlestibus
2753 5386 2982 5455 eloquiis
3010 5387 3318 5445 edoccmur.

2051 5559 2076 5596 ἀ
2107 5561 2193 5615 Sic
2221 5578 2355 5625 ms.;
2397 5572 2447 5615 at
2479 5564 2626 5626 editi,
2653 5581 2765 5617 cum
2795 5565 3026 5619 voluerit.

2051 5641 2072 5666 ο
2104 5631 2339 5705 Ita_m_s.;
2381 5641 2436 5705 at
2472 5634 2521 5687 in
2556 5634 2713 5688 Basil.
2738 5676 2752 5697 ,
2781 5635 2917 5704 quod
2944 5652 3004 5688 ea
3036 5635 3087 5686 in
3119 5634 3388 5702 Scriptura
3419 5655 3555 5705 pra!-

1974 5703 2150 5771 parari
2171 5702 2378 5766 dicitur;
2413 5704 2559 5769 Ant.,
2581 5721 2640 5757 ca
2669 5702 2940 5773 Scriptura
2958 5707 3249 5775 prwparari
3280 5702 3486 5762 dicitur.
