4066 6346
512 363 622 422 479

1502 367 1556 422 S.
1599 366 1960 422 FULGENTI‘I
1999 363 2303 421 EPlSCUPl
2343 363 2715 420 BUSPENSIS

3675 363 3783 418 ιω

581 482 667 537 ΔΛ.
710 483 925 540 Natura:
962 485 1121 554 igitur
1151 485 1401 538 humanm
1436 481 1695 552 competit
1736 482 1866 537 ﬁdes
1888 523 1902 546 ,
1943 481 2095 550 cujus
2124 482 2175 541 Α
2201 479 2492 547 Apostolus
2513 478 2672 532 dicit:
2697 478 2834 532 Deus
2857 490 2984 545 ergo
3011 478 3281 548 unicuique
3301 477 3471 532 divisit
3492 495 3786 536 mensuram

511 582 716 629 tantam
743 592 926 631 curam
951 576 1176 632 Creator
1200 576 1400 629 habere
1424 575 1692 641 dignatur,
1723 583 1783 628 ut
1812 575 1973 628 etiam
2003 589 2097 627 ca-

511 667 670 736 pillos
688 670 879 738 capitis
896 669 1061 722 nostri
1084 677 1392 721 numeratos
1413 681 1533 720 esse
1548 666 1760 720 Veritas
1775 666 1918 720 dicat
1945 664 2096 733 (Luc.

2156 608 2173 623 .
2202 569 2326 638 ﬁdei
2354 569 2529 639 (Rem.
2557 585 2650 632 ςιι,
2682 569 2759 636 δ).

2270 659 2400 713 Car.
2421 675 2574 714 nul.
2608 657 2782 714 Potest
2808 660 2957 712 homo
2987 661 3295 714 naturaliter
3322 662 3549 728 credere,
3584 663 3703 717 licet
3741 679 3802 716 es

510 771 603 820 xu,
631 755 718 825 l7)
755 775 767 809 :
801 767 859 810 ut
883 757 1113 820 scilicet,
1141 755 1267 809 dum
1297 771 1356 809 se
1389 763 1593 808 tantum
1622 770 1652 808 a
1682 755 1795 808 Deo
1823 754 1970 822 diligi
1998 755 2099 808 hu.
2199 749 2443 803 divinitus
2473 750 2692 803 donetur
2717 759 2773 801 ut
2798 750 2992 802 credat.
3023 781 3096 792 —
3119 749 3208 803 45.
3232 749 3350 803 Non
3379 763 3510 818 ergo
3539 760 3764 821 propter

510 867 670 904 mana
699 859 888 904 natura
918 850 1227 918 cognoscit,
1255 849 1564 917 diligentem
1595 864 1655 902 se
1694 849 1859 902 Deum
1888 846 2097 916 diligat,

511 942 668 1008 eique
697 955 792 1008 per
817 938 972 994 ﬁdem
1004 940 1122 1008 puri
1149 939 1325 994 cordis
1355 938 1630 1001 inhaereat,
1656 938 1741 991 cui
1768 937 1835 990 ad
1862 937 2096 990 beatitu~

511 1032 689 1084 dinem
719 1029 850 1085 ﬁdes
870 1039 952 1084 est
973 1031 1079 1094 via,
1105 1031 1192 1084 cui
1217 1029 1502 1083 inﬁdelitas
1523 1035 1605 1082 est
1624 1042 1814 1096 magna
1839 1027 2053 1080 miseria
2081 1045 2092 1078 :

509 1125 561 1171 et
595 1116 715 1170 ideo
742 1116 901 1183 digne
928 1118 1168 1186 punitur,
1195 1132 1316 1170 cum
1348 1117 1402 1170 in
1425 1115 1520 1170 Dei
1551 1115 1740 1168 Filium
1765 1129 1871 1168 non
1901 1114 2096 1180 credit,

507 1207 635 1274 quia
663 1208 851 1262 vitium
880 1217 964 1262 est
989 1208 1104 1277 ejus
1135 1207 1439 1268 inﬁdelitas,
1471 1207 1609 1261 sicut
1635 1207 1805 1260 virtus
1832 1212 1914 1260 est.
1941 1206 2093 1268 ﬁdes,

508 1314 619 1352 non
647 1299 820 1366 qualis
848 1301 900 1352 in
930 1299 1264 1354 daemonibus
1289 1299 1574 1361 invenitur,
1604 1297 1699 1352 sed
1720 1297 1934 1367 qualem
1958 1297 2097 1351 Deus

508 1391 710 1444 sanctis
737 1393 848 1446 suis
874 1392 1060 1458 donat,
1091 1407 1228 1460 quos
1257 1407 1325 1446 ex
1357 1390 1936 1460 impietatejustilicat.
1978 1390 2095 1458 lpsa

513 1491 596 1537 est
628 1482 760 1539 ﬁdes
797 1499 917 1552 quae
965 1485 1368 1563 per‘caritatem
1401 1491 1673 1552 operatur.
1718 1480 1861 1534 Nam
1898 1490 1947 1533 et
1986 1481 2096 1534 dae-

459 1587 462 1591 ‘
506 1589 686 1626 mones
708 1573 941 1637 credunt,
963 1582 1010 1626 et
1034 1575 1436 1627 contremiscunt
1476 1572 1616 1640 (Jac.
1641 1589 1699 1636 ιι,
1727 1570 1846 1639 i9);
1873 1571 1966 1625 sed
1987 1587 2096 1623 non

505 1664 737 1731 diligunt
782 1679 903 1718 eum
935 1679 964 1716 a
993 1679 1100 1731 quo
1143 1679 1240 1732 per
1278 1663 1582 1732 superbiam
1629 1669 1988 1716 recesserunt.
2038 1661 2095 1715 in

505 1771 667 1823 quam
691 1756 996 1824 superbiam
1023 1755 1146 1821 quia
1171 1755 1374 1823 primus
1400 1755 1562 1808 homo
1585 1753 1846 1806 diabolica
1870 1759 1950 1806 est
1974 1767 2100 1820 per-

2195 855 2259 894 ea
2308 855 2415 894 non
2444 835 2623 908 potest
2651 839 2814 894 homo
2846 840 3163 894 naturaliter
3193 840 3446 906 credere,
3475 841 3599 910 quia
3645 840 3788 896 divi-

2202 931 2346 984 nitus
2372 930 2422 984 ei
2445 929 2678 983 donatur
2706 937 2764 983 ut
2794 926 2978 983 credat
2998 941 3019 966 ο
3043 947 3057 994 ;
3083 931 3189 984 imo
3237 931 3290 984 in
3327 931 3433 986 hoc
3460 932 3692 986 maxime
3721 933 3788 984 ad

2201 1018 2502 1073 habendam
2532 1017 2692 1072 ﬁdem
2732 1019 2895 1072 homo
2924 1026 3138 1072 creatus
3175 1019 3505 1087 agnoscitur,
3535 1021 3660 1090 quia
3692 1036 3790 1089 per

2202 1108 2360 1162 ﬁdem
2407 1107 2642 1162 humana
2693 1117 2886 1162 natura
2911 1123 2977 1161 ex
3021 1115 3288 1163 vetustate
3334 1118 3644 1166 renovatur.
3695 1110 3789 1168 Sic

2201 1200 2342 1254 enim
2370 1207 2455 1255 est
2475 1199 2650 1253 omnis
2685 1199 2848 1253 homo
2874 1199 3178 1254 voluntario
3221 1209 3457 1268 peccato.
3479 1202 3638 1271 primi
3682 1201 3790 1255 ho-

2200 1291 2361 1345 minis
2391 1291 2631 1357 vitiatus,
2662 1298 2720 1344 ut
2749 1289 2890 1345 Deus
2913 1291 3194 1346 voluntate
3219 1307 3314 1347 sua
3359 1293 3502 1348 bona
3533 1295 3786 1349 volunta-

2200 1390 2311 1435 tem
2357 1381 2590 1435 hominis
2627 1382 2797 1450 possit
2837 1397 3030 1436 sanare
3081 1383 3126 1436 si
3169 1383 3334 1437 velit..
3366 1382 3568 1438 Creavit
3624 1387 3784 1448 enim,

2197 1471 2340 1526 sicut
2367 1471 2626 1540 scriptum
2655 1479 2758 1535 est,
2787 1479 2842 1523 ut
2869 1477 3040 1525 essent
3066 1475 3259 1536 omnia,
3290 1482 3338 1526 et
3367 1474 3626 1528 sanabiles
3666 1478 3790 1547 fecit

2200 1563 2434 1616 nationes
2463 1561 2604 1617 orbis
2627 1572 2884 1616 terrarum
2917 1562 3068 1633 (Sap.
3102 1580 3139 1628 ι,
3174 1564 3284 1637 Η).
3311 1565 3690 1622 Verumtamen
3716 1584 3789 1624 ne

2203 1651 2408 1706 homini
2447 1669 2514 1708 ex
2557 1653 2736 1722 seipso
2782 1662 3064 1723 putaretur
3095 1669 3215 1709 esse
3260 1656 3506 1710 sanitatis
3549 1657 3786 1725 initium,

2203 1758 2331 1796 mox
2365 1758 2544 1798 sermo
2571 1743 3005 1812 divinusadjecit
3031 1763 3043 1797 :
3075 1743 3145 1798 Et
3167 1761 3270 1799 non
3291 1759 3367 1800 est
3405 1747 3460 1798 in
3487 1747 3592 1800 illis
3620 1749 3786 1802 medi-

504 1843 757 1896 suasione
789 1843 880 1913 (al.
913 1843 1184 1911 suasione)
1215 1843 1474 1911 dejectus,
1508 1843 1559 1895 in
1590 1858 1697 1911 quo
1725 1841 1957 1910 perdidit
1993 1842 2094 1894 hu-
2125 1847 2172 1906 Β
2198 1842 2486 1886 cuniculum
2523 1834 2814 1886 exterminii
2845 1832 3056 1903 (Ιὺὶάο).
3082 1833 3335 1900 Quamvis
3374 1835 3534 1902 igitur
3578 1837 3784 1896 homini

504 1933 809 1996 militatem,
825 1933 1056 2000 perdidit
1073 1935 1122 2002 3
1136 1938 1174 2002 ι
1190 1937 1230 2001 ι
1254 1933 1410 1986 ﬁdem
1432 1949 1446 1984 :
1465 1933 1696 2001 perdens
1717 1941 1894 1985 autem
1914 1931 2092 1996 fidem,

505 2023 736 2092 perdidit
764 2024 997 2078 divinam
1029 2026 1441 2094 protectionem.
1496 2024 1766 2093 Scriptum
1793 2033 1875 2077 est
1903 2025 2046 2078 enim
2080 2042 2093 2076 :

506 2113 608 2179 Qui
636 2133 739 2169 non
769 2117 931 2169 credit
969 2117 1107 2180 Deo,
1148 2134 1180 2169 a
1210 2116 1319 2170 Deo
1349 2134 1452 2171 non
1492 2119 1774 2187 protegitur
1817 2116 2003 2185 (Eccli.
2037 2134 2094 2182 ll,

506 2205 615 2276 15).
649 2206 854 2261 Exinde
875 2209 1039 2276 cmpit
1059 2208 1322 2278 superbire
1344 2217 1500 2271 terra,
1525 2217 1574 2260 et
1597 2209 1747 2273 cinis,
1774 2209 1895 2278 quia
1918 2209 1972 2266 in
1994 2209 2098 2261 vita

504 2313 598 2349 sua
627 2298 842 2367 profecit
873 2300 1052 2351 intima
1079 2315 1174 2351 sua
1217 2297 1404 2369 (Eccli.
1439 2315 1494 2364 ι,
1518 2297 1570 2360 9,
1605 2297 1714 2367 10).
1764 2298 1842 2352 Ad
1874 2299 1990 2368 ipsa
2016 2299 2101 2352 in-

511 2388 639 2440 tima
682 2397 740 2440 ut
769 2388 1013 2442 homines
1039 2389 1282 2455 redeant,
1318 2388 1532 2442 divinus
1561 2404 1668 2443 non
1695 2388 1892 2441 desinit
1919 2403 2098 2443 sermo

477 2469 759 2544 'ciamare,
797 2479 979 2532 dicens
1004 2497 1016 2531 :
1065 2479 1265 2542 Redite,
1289 2481 1734 2549 praevaricatores,
1759 2480 1829 2532 ad
1848 2497 1937 2534 cor
1961 2479 2095 2549 (lea.

504 2585 646 2633 XLVI,
675 2567 752 2637 8).
787 2568 981 2622 Verum
1002 2611 1016 2635 ,
1049 2571 1170 2640 quia
1201 2570 1281 2622 illi
1310 2586 1432 2622 caro
1461 2577 1582 2622 sunt
1601 2611 1616 2635 ,
1643 2569 1854 2637 spiritus
1883 2569 2094 2633 vadens,

502 2668 552 2710 et
578 2675 679 2712 non
701 2660 904 2712 rediens
927 2660 1153 2728 (l’sat’m.
1178 2675 1376 2723 Lxxvn,
1393 2657 1482 2728 39)
1503 2655 1526 2723 ;’
1546 2675 1645 2714 nec
1667 2675 1901 2728 unquam
1923 2660 2098 2714 redire

506 2751 642 2805 velle
669 2738 850 2820 potest
878 2753 994 2806 ovis
1023 2767 1235 2815 errans,
1270 2752 1370 2805 nisi
1401 2751 1563 2805 fuerit
1592 2752 1718 2806 boni
1751 2751 1991 2807 Pastoris
2017 2753 2100 2806 in-

503 2843 795 2910 quisitione
821 2852 1090 2912 prmventa
1119 2853 1174 2898 et
1198 2843 1438 2897 humeris
1462 2851 1736 2912 reportata
1773 2861 1784 2895 :
1813 2851 2098 2913 propterea

502 2943 690 3004 pastor
717 2935 892 2990 bonus
937 2937 1086 2990 venit
1135 2950 1379 3003 qurerere
1417 2944 1472 2989 et
1501 2936 1704 2989 salvam
1736 2935 1913 2990 facere
1940 2951 2097 2990 ovem

500 3024 796 3091 perditam,
827 3039 945 3092 qua:
974 3033 1247 3092 pastorem
1292 3040 1446 3079 suum
1487 3039 1728 3094 qumrere
1758 3041 1864 3079 non
1896 3035 2095 3095 potest,

502 3114 809 3182 priusquam
836 3114 902 3166 ab
929 3130 994 3168 eo
1017 3121 1308 3182 quaeratur,
1341 3114 1435 3169 sed
1467 3131 1495 3168 a
1527 3119 2098 3185 quaerente-praeveni-

2199 1923 2375 1991 primo
2401 1921 2649 1976 diabolus
2669 1921 2954 1976 abstulerit
2971 1921 3150 1990 ﬁdem,
3176 1925 3288 1979 Deo
3319 1933 3494 1980 tamen
3523 1925 3784 1981 reddendi

2199 2013 2342 2082 quod
2371 2013 2595 2069 dederat
2622 2029 2730 2067 non
2760 2014 2979 2090 abstulit
3005 2024 3469 2084 potestatem,nec
3496 2018 3784 2072 humanam

2198 2113 2444 2158 naturam
2472 2104 2716 2160 diabolus
2744 2106 2920 2175 potuit
2948 2121 3116 2174 usque
3145 2107 3282 2162 adeo
3311 2108 3518 2172 vitiare,
3549 2115 3610 2162 ut
3635 2108 3783 2163 dein-

2198 2209 2326 2264 ceps
2355 2210 2461 2248 non
2487 2206 2672 2264 posset
2695 2195 2839 2264 quod
2865 2196 3140 2260 amiserat,
3159 2197 3271 2254 Deo
3287 2214 3474 2253 rursus
3493 2199 3783 2268 largiente,

2198 2287 2457 2356 recipere.
2525 2287 2880 2358 Omnipotens
2933 2290 3076 2344 enim
3115 2291 3207 2360 qui
3257 2293 3431 2360 potuit
3493 2293 3784 2347 humanam

2199 2377 2453 2447 formare,
2487 2389 2664 2450 potest
2689 2383 2850 2436 etiam
2873 2382 3138 2439 inlirmam
3169 2384 3406 2439 sanando
3433 2399 3530 2454 per
3555 2386 3785 2454 gratiam

2197 2473 2494 2527 reformare
2515 2480 2572 2526 et
2607 2473 2881 2529 custodire
2923 2482 3190 2528 naturam.
3225 2479 3269 2528 Α
3297 2490 3405 2544 quo
3445 2477 3558 2545 ipsa
3593 2485 3785 2531 natura

2198 2563 2337 2618 sicut
2365 2564 2416 2617 in
2448 2564 2624 2634 primo
2661 2565 2880 2619 homine
2918 2565 3074 2620 fidem
3096 2566 3164 2620 ad
3213 2566 3445 2620 salutem
3479 2577 3784 2636 acceperat,

2199 2656 2273 2710 ita
2300 2671 2443 2711 nunc
2476 2657 2528 2710 in
2567 2657 2790 2724 singulis
2845 2672 3069 2713 munere
3107 2657 3300 2712 divina:
3336 2658 3594 2714 bonitatis
3640 2661 3785 2714 acci-

2198 2748 2278 2818 pit
2309 2748 2402 2818 (al.
2428 2746 2658 2816 accepit)
2711 2748 2870 2818 312
2895 2762 3032 2816 quos
3075 2747 3218 2802 idem
3252 2749 3394 2803 Deus
3437 2748 3782 2818 praedestina-

2201 2849 2286 2896 tos
2309 2848 2366 2896 et
2385 2855 2483 2910 per
2512 2840 2668 2894 ﬁdem
2693 2840 2981 2895 salvandos
3001 2856 3069 2895 ex
3093 2842 3408 2910 parentibus
3441 2849 3612 2896 creat.

2271 2933 2361 2986 46.
2395 2931 2582 2987 Potest
2609 2933 2772 3000 igitur
2792 2931 2902 2986 Deo
2929 2932 3166 2987 donante
3195 2933 3356 2988 homo
3397 2933 3450 2987 in
3480 2933 3649 2987 Deum
3691 2949 3785 2987 na-

2201 3025 2447 3079 turaliter
2493 3023 2732 3078 credere.
2781 3022 2984 3078 Contra
3026 3031 3270 3078 naturam
3309 3025 3506 3093 quippe
3552 3024 3787 3078 hominis

2200 3125 2283 3169 est
2311 3115 2456 3183 quod
2505 3116 2558 3170 in
2607 3116 2772 3171 Deum
2811 3131 2918 3170 non
2945 3117 3141 3181 credit;
3181 3117 3306 3186 quia
3355 3116 3787 3172 incredulitatem

500 3218 620 3267 tur,
653 3213 712 3257 ut
740 3213 960 3273 qumrat.
999 3203 1189 3259 Pastor
1228 3216 1406 3261 autem
1435 3222 1555 3261 eum
1589 3206 1781 3262 frustra
1807 3219 2092 3276 quaereret,
2122 3221 2168 3283 ε
2201 3219 2308 3258 non
2338 3206 2500 3258 habet
2526 3221 2593 3259 ex
2622 3206 2897 3260 crealione
2923 3207 3039 3270 Dei.
3071 3209 3165 3261 59d
3207 3221 3274 3261 ex
3311 3207 3616 3262 VOIIImal'ia
3645 3222 3788 3276 μηδ’

499 3298 544 3350 si
573 3312 814 3366 qumrere
843 3298 956 3366 ipsa
988 3306 1260 3366 pastorem
1291 3299 1512 3366 quaesita
1564 3314 1668 3353 non
1701 3307 1883 3368 posset
1905 3308 1952 3353 ι.
1985 3301 2093 3354 Sed

498 3385 602 3439 hoc
623 3386 672 3439 ei
696 3387 986 3455 quaerentis
1006 3388 1239 3455 pastoris
1262 3389 1475 3441 bonitas
1497 3387 1684 3452 donat,
1709 3396 1768 3441 ut
1793 3389 1952 3442 etiam
1977 3389 2091 3457 ipsa

497 3475 775 3544 qumrendi
797 3478 1027 3545 pastoris
1047 3477 1242 3530 habeat
1256 3478 1607 3532 voluntatem.
1628 3476 1894 3543 Qumritur
1907 3486 2088 3531 autem

496 3574 555 3619 ut
583 3574 790 3636 quaarat
814 3607 828 3632 ,
861 3567 1075 3636 quando
1108 3567 1440 3622 illuminatur
1470 3575 1529 3621 ut
1560 3568 1766 3622 credat.
1817 3567 1932 3623 l-loc
1961 3583 2090 3637 ergo

496 3655 550 3709 in
585 3656 803 3710 homine
833 3655 1092 3710 divinitus
1121 3657 1299 3724 agitur
1320 3699 1335 3722 ,
1366 3657 1454 3711 cui
1487 3655 1644 3710 fidem
1677 3655 1822 3710 Deus
1863 3657 2093 3712 infundit

494 3755 553 3801 ut
569 3747 754 3815 gratia:
769 3747 910 3801 dono
929 3748 1178 3801 virtutem
1199 3746 1450 3801 credendi
1470 3755 1660 3800 natura
1682 3749 1910 3816 recipiat
1928 3763 2088 3816 quam

494 3841 703 3904 amisit,
739 3847 794 3894 et
821 3839 966 3907 quod
997 3855 1103 3893 non
1142 3846 1356 3906 poterat
1382 3839 1568 3891 vitiata
1601 3853 1697 3906 per
1724 3839 1966 3909 culpam,
1997 3842 2086 3894 in-

493 3935 656 4003 cipiat
691 3948 918 4003 poscere
949 3933 1177 3987 formata
1214 3947 1314 4002 per
1340 3933 1591 4000 gratiam,
1623 3948 1685 3986 ac
1714 3933 1792 3988 sic
1827 3942 2086 4003 operante

492 4024 586 4078 illo
616 4024 825 4078 medico
851 4025 942 4091 qui
975 4039 1081 4077 non
1111 4031 1194 4078 est
1222 4027 1358 4092 bpus
1387 4024 1552 4086 sanis,
1585 4024 1678 4077 sed
1708 4025 1848 4079 male
1876 4025 2081 4079 haben-

491 4116 665 4180 tibus,
696 4113 978 4168 inﬁrmitas
1021 4115 1348 4183 expellatur,
1382 4123 1575 4169 natura
1618 4124 1857 4170 sanetur.
1911 4116 2082 4181 Quam

490 4207 776 4261 sanitatem
805 4208 1064 4275 poscebat
1103 4208 1194 4276 qui
1224 4208 1436 4262 dicebat
1470 4226 1482 4260 :
1516 4207 1629 4278 Ego
1649 4211 1760 4262 dixi
1787 4226 1805 4262 :
1833 4209 2078 4277 Domine,

490 4313 736 4351 miserere
769 4299 895 4359 mei,
939 4315 1070 4352 sana
1114 4300 1344 4352 animam
1381 4316 1576 4362 meam,
1609 4301 1729 4370 quia
1757 4303 1962 4369 peccavi
1991 4301 2082 4355 tibi

489 4387 715 4450 (Psalm.
749 4405 834 4452 χι,
868 4387 940 4458 5).
995 4388 1178 4443 Nullus
1217 4399 1395 4443 autem
1443 4400 1753 4446 sanctorum
1795 4391 2079 4445 sanitatem

489 4459 772 4549 posceret:
792 4481 835 4534 si
862 4481 1092 4534 humana
1118 4491 1306 4534 natura
1332 4496 1459 4534 sana
1485 4492 1656 4546 esset;
1689 4490 1744 4536 et
1771 4480 1965 4536 frustra
1993 4497 2082 4535 sa-

2196 3296 2527 3350 varicatione
2565 3295 2834 3357 mandati;
2866 3312 2966 3366 per
3005 3311 3166 3365 quam
3196 3298 3425 3352 sanitate
3453 3298 3714 3366 privatus.
3735 3305 3791 3352 et

2196 3386 2420 3453 lumine,
2449 3387 2553 3442 hoc
2583 3401 2680 3456 per
2705 3387 2940 3456 seipsum
2970 3395 3170 3456 potest,
3201 3395 3257 3440 ut
3287 3388 3580 3442 ancitatem
3624 3390 3790 3456 amne

2196 3479 2558 3532 inlirmitatem
2590 3493 2740 3532 suam
2764 3479 2984 3549 proprio
3005 3479 3228 3534 arbitrio
3256 3492 3452 3547 augere
3480 3479 3674 3548 possit,
3701 3494 3790 3533 re-

2195 3584 2415 3624 movere
2455 3585 2564 3624 non
2594 3571 2784 3638 possit.
2827 3569 2992 3638 Cujus
3041 3577 3216 3625 tamen
3259 3569 3578 3626 illuminatio
3623 3579 3788 3640 atque

2191 3663 2401 3717 sanatio
2429 3663 2480 3716 in
2513 3669 2716 3716 tantum
2741 3669 2823 3717 est
2848 3663 3204 3732 omnipotenti
3225 3661 3467 3716 Creatori
3493 3661 3785 3730 possibilis,

2193 3761 2249 3806 ut
2275 3753 2340 3807 ad
2370 3754 2593 3822 gloriam
2628 3755 2860 3810 nominis
2881 3754 3017 3824 ejus,
3038 3755 3156 3825 ipso
3181 3754 3438 3818 donante,
3471 3770 3579 3810 non
3599 3755 3777 3811 solum

2192 3845 2362 3914 possit
2390 3845 2620 3899 inﬁdelis
2644 3845 2888 3912 credere,
2919 3860 3105 3900 verum
3137 3846 3300 3900 etiam
3325 3845 3391 3899 ad
3421 3844 3785 3899 immortalem

2190 3946 2353 4004 atque
2380 3937 2839 4006 incorruptibilem
2870 3939 2993 3992 vitae
3020 3946 3224 3993 statum
3268 3953 3368 4006 per
3398 3936 3521 3992 ﬁdei
3552 3938 3782 4006 gratiam

2189 4027 2506 4097 pervenire:
2539 4028 2938 4096 ubi,accipiens
2964 4028 3189 4096 gratiam
3217 4036 3315 4097 pro
3345 4027 3534 4095 gratia,
3552 4040 3784 4096 peccare

2191 4117 2411 4172 omnino
2451 4133 2559 4172 non
2585 4119 2791 4186 possit,
2829 4127 2885 4172 et
2931 4119 3102 4188 possit
3136 4117 3364 4174 feliciter
3406 4118 3590 4173 videre
3635 4123 3783 4188 quod

2193 4207 2436 4261 credidit.
2496 4207 2649 4263 Unde
2687 4225 2811 4263 vox.
2848 4209 2934 4263 illa
2983 4207 3104 4264 ﬁdei
3141 4211 3366 4264 resultat
3413 4210 3466 4264 in
3515 4209 3776 4263 Psalmis:

2189 4297 2354 4353 Credo
2382 4299 2552 4353 videre
2592 4299 2725 4354 bona
2765 4299 2976 4356 Domini
3019 4304 3074 4355 in
3115 4312 3250 4355 terra
3281 4302 3554 4356 viventium
3602 4301 3774 4369 (Psal.

2193 4407 2337 4455 xxvi,
2372 4391 2480 4462 15).
2515 4393 2655 4447 Deus
2681 4393 2842 4462 igitur
2869 4393 2994 4447 licet
3017 4409 3120 4446 non
3147 4393 3214 4447 ad
3238 4395 3347 4447 hoc
3374 4393 3665 4446 humanam
3683 4407 3781 4446 na-

2191 4489 2366 4534 turam
2399 4481 2606 4545 fecerit,
2639 4491 2697 4536 ut
2737 4483 3018 4548 vitiaretur
3051 4496 3148 4550 per
3175 4483 3411 4551 culpam,
3456 4482 3572 4550 ipse
3599 4490 3777 4535 tamen

489 4573 709 4628 nitatem
741 4575 967 4642 quisque
1006 4583 1295 4644 posceret,
1340 4575 1384 4628 si
1416 4577 1593 4629 sanari
1626 4577 1854 4628 humana
1886 4584 2076 4630 natura
2111 4596 2164 4655 D
2191 4572 2548 4641 omnipotenti
2583 4573 2826 4627 bonitate
2857 4581 3036 4642 potest
3057 4573 3297 4626 vitiatam
3321 4587 3514 4627 sanare
3538 4587 3636 4642 per
3662 4586 3780 4639 gra-

490 4683 596 4721 non
621 4675 820 4735 posset.
868 4667 1064 4720 Natura
1098 4666 1257 4734 igitur
1283 4667 1513 4721 humana
1545 4669 1722 4747 sanari
1752 4677 1956 4738 potest;
1988 4670 2082 4724 sed

489 4756 629 4810 illius
655 4757 823 4824 gratia
854 4755 1099 4809 sanitatis
1127 4743 1336 4825 accipit.
1371 4743 1567 4812 donum
1613 4773 1678 4812 ex
1709 4775 1816 4828 quo
1847 4761 2079 4814 creatio-

489 4850 570 4902 nis
607 4848 834 4915 sumpsit
865 4845 1092 4899 initium.
1127 4845 1256 4899 Nam
1287 4847 1331 4900 si
1361 4848 1521 4901 homo
1555 4849 1872 4903 naturaliter
1899 4849 2078 4902 sanari

487 4937 796 4992 nullatenus
823 4944 1022 5005 posset,
1057 4937 1120 4989 ad
1155 4937 1451 4991 sanandum
1480 4953 1600 4991 eum
1637 4938 1873 4993 cmlestis
1905 4938 2075 4991 medi-

487 5044 582 5084 cus
613 5043 719 5082 non
747 5027 982 5082 venisset
1011 5027 1054 5079 δ.
1098 5027 1301 5083 Rursus
1333 5029 1376 5081 si
1405 5042 1464 5080 se
1493 5028 1608 5096 ipse
1637 5042 1830 5080 sanare
1873 5035 2072 5094 posset,

486 5120 692 5174 cmlesti
723 5119 931 5174 medico
963 5137 1067 5175 non
1098 5129 1298 5188 egeret.
1333 5119 1568 5178 Sanatur
1595 5119 1737 5172 enim
1770 5134 1867 5188 per
1899 5118 2076 5183 fidem,

484 5227 646 5279 quam
676 5211 721 5266 si
761 5227 828 5265 ex
861 5213 1039 5282 seipso
1079 5212 1271 5278 aliquis
1302 5210 1502 5264 habere
1542 5219 1754 5279 posset,
1791 5211 1927 5264 Deus
1957 5226 2076 5264 eam

486 5302 690 5356 homini
721 5318 827 5357 non
858 5305 1103 5358 donaret.
1153 5303 1328 5354 Donat
1367 5310 1583 5364 autem,
1629 5302 1884 5369 quoniam
1928 5303 2079 5355 alteri

482 5395 638 5447 datur
681 5396 812 5465 ﬁdes
858 5399 912 5449 in
961 5393 1140 5446 eodem
1173 5393 1371 5463 Spiritu
1423 5391 1476 5461 (1
1507 5391 1626 5446 Cor.
1665 5408 1734 5446 xu
1761 5433 1774 5454 ,
1808 5391 1902 5462 9),
1941 5394 2080 5447 sicut

554 5667 576 5693 “
605 5658 693 5714 Sic
722 5661 876 5724 ciliti;
912 5669 963 5712 at
1008 5677 1130 5725 llis...
1182 5661 1224 5713 si
1263 5676 1489 5729 qna’rcrc
1529 5659 1640 5730 ipsa
1671 5669 1926 5728 pastorem
1970 5675 2070 5710 non

483 5733 694 5798 qnwsita
727 5739 916 5797 posset.

553 5802 578 5839 ι’
603 5799 723 5863 31s.,
759 5816 858 5851 non
887 5802 1094 5853 veniret.

2191 4663 2340 4716 tiam.
2371 4663 2662 4717 Arbitrium
2693 4664 2875 4731 itaque
2903 4663 3134 4717 hominis
3163 4672 3318 4717 sanat
3347 4663 3489 4718 Deus
3524 4671 3688 4730 atque
3716 4663 3778 4716 il-

2186 4751 2430 4816 luminat,
2464 4762 2523 4805 ut
2553 4753 2714 4806 homo
2743 4753 2795 4806 in
2821 4751 2988 4806 Deum
3027 4753 3343 4806 naturaliter
3372 4750 3577 4806 credat.
3608 4749 3687 4804 ita
3721 4750 3780 4803 lit

2188 4849 2246 4894 ut
2275 4841 2437 4895 homo
2469 4840 2624 4894 tidem
2657 4841 2856 4895 habere
2886 4840 3076 4910 possit,
3107 4841 3201 4895 sed
3228 4856 3345 4895 eam
3375 4841 3479 4896 nisi
3525 4855 3591 4895 ex
3629 4839 3776 4894 dono

2187 4935 2280 4988 Dei
2303 4935 2502 4988 habere
2523 4949 2631 4988 non
2658 4934 2849 5002 possit.

2255 5025 2383 5078 Car.
2416 5026 2560 5079 xxiv.
2610 5023 2736 5078 Non
2783 5027 2959 5080 omnia
2995 5041 3110 5094 qua,-
3151 5023 3339 5078 habere
3386 5039 3656 5092 possumus
3711 5037 3780 5075 ex

2187 5115 2334 5169 nobis
2363 5115 2552 5170 habere
2579 5132 2869 5185 possumus.
2893 5147 2964 5158 -——
2993 5115 3108 5169 Non
3139 5115 3281 5170 enim
3312 5129 3651 5182 consequens
3691 5122 3782 5166 est

2185 5218 2244 5261 ut
2273 5208 2450 5262 omnia
2477 5223 2596 5276 qua:
2626 5210 2824 5264 habere
2857 5224 2954 5263 nos
2984 5223 3288 5278 possumus,
3334 5208 3494 5261 etiam
3520 5222 3586 5261 ex
3619 5205 3782 5261 nobis

2184 5299 2386 5354 habere
2415 5301 2698 5369 possimus.
2733 5301 2865 5354 Nam
2895 5309 2951 5354 et
2977 5315 3102 5355 caro
3133 5307 3314 5355 nostra
3345 5299 3425 5354 sic
3449 5313 3479 5352 a
3507 5298 3620 5353 Deo
3636 5297 3781 5350 facta

2185 5399 2284 5456 ρει,
2315 5399 2374 5445 ut
2405 5393 2572 5462 possit
2618 5393 2934 5447 naturaliter
2979 5393 3185 5458 vivere,
3236 5393 3339 5448 hoc
3380 5392 3557 5460 ipsum
3593 5400 3785 5443 tamen
3831 5430 3833 5432 .

2255 5663 2399 5783 δαεὶς
2429 5658 2584 5720 editi;
2633 5664 2686 5710 at
2733 5672 2860 5726 ms.,
2892 5661 3011 5730 quia
3054 5661 3297 5712 (lii-initus
3329 5661 3372 5712 ei
3405 5677 3504 5712 non
3537 5659 3687 5710 datur
3723 5665 3796 5709 ut

2255 5749 2269 5781 τ
2309 5743 2380 5783 αι.

2187 5743 2380 5785 credat.
