4014 6340
233 369 330 423 ιδι

1607 364 1931 423 EPISTOLA
1972 365 2127 423 XVII.

3388 376 3500 431 I8!

143 526 146 529 Α
232 494 336 535 non
363 496 432 536 ex
462 494 545 546 se,
575 481 668 535 sed
692 495 762 535 ex
788 480 965 535 anima
993 482 1160 551 possit
1187 481 1406 535 habere.
1440 480 1556 533 Vita
1580 481 1739 547 igitur
1762 488 1812 544 ι,
1846 482 1892 539 Α
1921 479 2156 548 operibus
2186 480 2343 551 legis,
2386 480 2485 533 nisi
2515 498 2604 549 per
2643 476 2797 557 ﬁdem
2828 481 2951 536 Jesu
2980 478 3204 548 Christi;
3228 493 3283 537 et
3319 501 3412 539 nos
3448 490 3502 539 in

232 580 289 625 ut
315 573 493 626 inesse
524 570 671 626 carni
702 566 1016 625 naturaliter
1056 572 1292 641 incipiat,
1347 570 1686 625 manifestum
1737 578 1821 624 est

228 663 447 718 eamab
475 663 654 717 anima
685 662 1005 727 ministrari;
1036 678 1100 718 ac
1126 664 1204 717 sic
1229 661 1445 731 quidem
1487 669 1664 732 potest
1692 675 1819 715 caro

230 767 415 812 nostra
468 755 670 822 vivere,
727 755 821 810 sed
867 756 913 810 si
968 756 1022 810 in
1071 770 1135 810 ea
1189 757 1260 810 sit
1310 756 1506 820 anima,
1552 769 1671 823 quae
1709 753 1819 806 vita

230 846 347 914 ejus
368 854 473 900 est.
1504 851 1512 858 '

240 972 243 977 ς
301 937 393 993 47.
416 938 804 993 Verumtamen
851 938 903 992 in
960 938 1136 993 anima
1186 944 1366 992 nostra
1416 947 1470 992 et
1496 952 1659 992 carne
1711 951 1817 989 non

228 1044 454 1099 parvum
483 1029 637 1083 nobis
662 1028 846 1097 gratim
871 1027 966 1082 Dei
989 1036 1315 1082 monstratur
1337 1026 1662 1096 exemplum.
1686 1024 1816 1077 Nam

225 1122 367 1176 sicut
389 1134 457 1174 ex
484 1119 661 1188 seipsa
692 1134 820 1173 caro
849 1120 1016 1173 vitam
1045 1134 1153 1173 non
1185 1118 1368 1180 habet,
1393 1117 1487 1171 sed
1529 1118 1596 1170 ab
1643 1117 1817 1170 anima

229 1211 462 1280 accipit;
494 1210 572 1263 sic
601 1210 764 1263 homo
791 1225 897 1264 non
931 1217 1109 1279 potest
1130 1208 1327 1262 habere
1357 1205 1534 1269 ﬁdem,
1578 1206 1679 1260 nisi
1710 1221 1822 1259 mu-

226 1316 361 1357 nere
390 1301 484 1354 Dei
507 1298 756 1353 donantis
802 1299 1093 1368 acceperit.
1130 1297 1290 1351 Sicut
1337 1299 1497 1352 etiam
1531 1298 1625 1366 (at.
1650 1296 1816 1366 enim)

228 1403 291 1447 ut
314 1408 445 1449 caro
473 1392 637 1455 vivat,
668 1391 834 1445 solius
864 1406 1000 1461 Opus
1034 1400 1118 1443 est
1155 1391 1368 1454 animm,
1413 1389 1487 1442 ita
1518 1402 1732 1458 quoque
1762 1394 1819 1441 ut

227 1484 393 1535 homo
421 1480 626 1544 credat,
651 1479 816 1534 solius
846 1494 982 1548 opus
1029 1487 1111 1533 est
1146 1480 1361 1545 gratim;
1414 1486 1470 1532 et
1512 1479 1651 1532 sicut
1690 1492 1819 1532 caro

230 1575 365 1630 nihil
392 1573 607 1643 operari
635 1581 835 1642 potest,
865 1573 908 1626 si
939 1586 1058 1626 eam
1090 1570 1358 1625 vivilicare
1388 1570 1563 1624 anima
1590 1569 1816 1633 desinat,

229 1666 308 1719 sic
336 1665 501 1718 homo
526 1662 656 1716 nihil
684 1661 821 1715 bene
846 1661 982 1715 velle
1010 1670 1209 1737 potest,
1240 1661 1285 1714 si
1324 1660 1392 1713 ab
1415 1674 1481 1714 eo
1510 1660 1696 1726 gratim
1727 1657 1819 1727 ju—

230 1768 427 1808 vamen
457 1752 732 1807 abscedat.
779 1750 844 1804 Ut
890 1764 1019 1819 ergo
1070 1766 1197 1805 caro
1244 1758 1300 1804 et
1335 1750 1514 1803 vivere
1552 1749 1726 1818 possit
1764 1757 1819 1803 et

1926 568 2184 624 Christum
2230 569 2407 625 Iesum
2454 582 2473 606 ε
2518 571 2789 635 credimus,
2821 581 2876 624 ut
2913 572 3260 642 justiﬁcemur
3299 589 3363 626 ea:
3399 574 3506 642 ﬁde

1924 660 2133 727 Christi,
2157 671 2206 715 et
2226 680 2328 717 non
2355 679 2420 717 ea:
2447 663 2685 731 operibus
2713 663 2860 734 legis.
2889 662 3109 734 PrOpter
3132 665 3267 734 quod
3291 680 3357 718 ea:
3378 682 3502 734 ope-

1921 752 2060 807 ribus
2089 756 2216 825 legis
2237 770 2339 807 non
2355 753 2728 823 justiﬁcabitur
2748 754 2915 806 omnis
2939 769 3059 806 caro
3085 749 3281 822 (Calat.
3311 769 3364 818 ιι,
3387 752 3500 820 l6).

1922 843 1988 898 Et
2017 844 2178 912 paulo
2205 852 2326 912 post
2354 842 2475 897 ﬁdei
2504 843 2731 910 gratiam
2760 843 3175 909 commendans,
3207 859 3306 913 per
3336 859 3503 912 quam

1921 950 2046 987 vera
2077 933 2353 988 confertur
2382 933 2668 1000 unicuique
2686 933 2911 1002 iustitia,
2946 932 3023 986 sic
3050 933 3124 986 ait
3156 951 3167 984 :
3205 928 3329 985 Non
3361 930 3503 1003 abji-

1922 1026 2000 1077 cio
2027 1026 2251 1094 gratiam
2276 1022 2374 1077 Dei
2398 1040 2415 1077 :
2445 1025 2489 1077 si
2517 1023 2653 1077 enim
2682 1041 2770 1093 per
2795 1024 2955 1094 legem
2968 1022 3205 1092 justitia,
3227 1038 3348 1093 ergo
3374 1039 3501 1093 gra-

1923 1117 1988 1168 tis
2017 1114 2248 1168 Christus
2279 1123 2507 1168 mortuus
2528 1124 2603 1167 est
2627 1113 2814 1181 (lbid.,
2843 1112 2954 1184 21).
2979 1113 3109 1166 Item
3138 1128 3258 1167 cum
3294 1120 3502 1183 patrem

1923 1215 2166 1260 nostrum
2198 1205 2465 1260 Abraham
2491 1221 2595 1259 non
2629 1220 2697 1259 ex
2718 1205 2971 1274 operibus
2991 1204 3155 1271 legis,
3183 1203 3278 1257 sed
3306 1218 3374 1257 ex
3402 1201 3506 1257 ﬁde

1917 1294 2266 1363 justiﬁcatum
2299 1301 2585 1357 assereret,
2610 1294 2794 1348 dicens
2824 1311 2834 1344 :
2872 1293 3017 1348 Sicut
3048 1290 3314 1345 Abraham
3337 1290 3505 1345 credi-

1922 1386 1998 1439 dit
2021 1385 2150 1449 Deo,
2193 1395 2243 1439 et
2275 1393 2566 1456 reputatnm
2607 1392 2683 1437 est
2712 1384 2790 1436 illi
2818 1383 2886 1436 ad
2903 1384 3164 1452 justitiam
3195 1381 3393 1451 (Colat.
3426 1398 3504 1446 ιιι,

1922 1477 2009 1547 ϐ);
2043 1485 2101 1532 ut
2138 1477 2300 1531 etiam
2353 1487 2542 1546 gentes
2589 1491 2724 1545 quas
2777 1474 2969 1529 semini
3019 1474 3245 1527 Abrahae
3293 1472 3506 1527 divinus

1925 1585 2105 1625 sermo
2129 1569 2371 1639 promisit
2402 1584 2470 1622 ex
2492 1567 2593 1622 ﬁde
2613 1566 2892 1636 justiﬁcari
2922 1565 3231 1621 ostenderet
3250 1562 3299 1625 ά,
3346 1579 3505 1618 secu-

1922 1669 2008 1715 tus
2030 1660 2271 1729 adjunxit
2301 1679 2312 1712 :
2344 1657 2646 1729 Cognoscite
2691 1675 2813 1728 ergo
2842 1658 2963 1728 quia
2993 1656 3088 1726 qui
3129 1670 3194 1709 ea:
3222 1654 3325 1723 ﬁde
3363 1661 3503 1714 sunt,

1924 1753 1975 1806 hi
2004 1761 2123 1805 sunt
2151 1748 2248 1820 ﬁlii
2272 1749 2514 1803 Abralue.
2545 1748 2834 1804 Provideus
2882 1756 3052 1799 autem
3083 1746 3357 1814 Scriptura
3386 1744 3507 1813 quia

230 1848 465 1919 operari,
491 1846 771 1917 prmsentis
788 1846 979 1899 anima:
1001 1836 1361 1898 viviﬁcatione
1382 1841 1627 1907 fulcitur;
1654 1841 1819 1896 homo
1852 1844 1898 1902 B
1924 1861 1989 1897 ex
2010 1844 2114 1914 ﬁde
2126 1838 2483 1921 justiﬁeantur
2510 1849 2706 1911 gentes,
2739 1839 2878 1892 Deus
2898 1836 3261 1907 prtenuntiavit
3283 1833 3507 1886 Abrahae

230 1956 450 2011 qtioque
479 1946 537 1993 ut
562 1940 759 1993 bonum
789 1937 1031 1991 velitaut
1058 1935 1239 2000 faciat,
1283 1935 1469 2003 gratiae
1506 1932 1826 1988 vivitieantis

230 2033 472 2087 subsidio
514 2029 714 2099 iugiter
757 2027 1063 2096 adjuvatur.
1094 2025 1324 2080 Interest
1362 2034 1539 2078 autem
1586 2032 1641 2077 ut
1694 2038 1824 2077 caro

233 2131 418 2179 nostra
457 2128 714 2191 quantum
739 2121 895 2190 (forte
923 2116 1179 2187 quandiu)
1216 2114 1511 2170 viviﬁcatur
1533 2114 1601 2169 ab
1624 2114 1822 2179 anima,

233 2230 341 2269 non
370 2213 545 2267 solum
569 2212 722 2275 bene,
754 2208 845 2263 sed
869 2209 1028 2264 etiam
1044 2207 1185 2262 male
1213 2205 1469 2276 operandi
1497 2204 1725 2273 accipiat
1749 2204 1826 2256 la-

233 2307 510 2361 cultatem.
543 2305 676 2359 Cum
700 2312 874 2357 autem
904 2316 1004 2355 nos
1024 2300 1191 2367 gratia
1207 2298 1457 2362 vivitlcat,
1484 2313 1591 2351 non
1629 2295 1727 2350 nisi
1757 2293 1824 2348 ad

231 2400 373 2453 bene
400 2393 690 2452 volendum
711 2435 725 2457 ,
758 2408 858 2447 nec
882 2391 985 2445 nisi
1015 2390 1081 2444 ad
1117 2390 1256 2445 bene
1300 2386 1632 2458 operandum
1671 2384 1825 2439 nobis

233 2490 565 2559 adiutorium
591 2485 975 2541 subministrat.
1004 2490 1276 2551 Agnoscat
1303 2480 1465 2547 igitur
1484 2479 1647 2533 homo
1678 2478 1730 2530 in
1756 2492 1824 2531 eo

232 2597 291 2636 se
321 2579 640 2635 naturaliter
665 2576 885 2631 crelere
916 2588 1093 2643 posse,
1136 2572 1190 2626 in
1217 2586 1326 2640 quo
1369 2577 1615 2625 naturam
1662 2568 1823 2622 habet

232 2669 569 2726 credulitatis
598 2683 662 2722 ae
686 2665 809 2720 ﬁdei
836 2678 1091 2733 capacem
1122 2662 1288 2732 (quod
1328 2660 1647 2716 animalibus
1688 2659 1823 2713 irra-

232 2765 528 2821 tionalibus
573 2760 758 2815 datum
803 2757 1057 2811 divinitus
1086 2770 1195 2810 non
1224 2752 1370 2824 est);
1402 2767 1509 2807 non
1547 2759 1727 2805 tamen
1764 2764 1823 2804 se

234 2866 386 2928 putet
410 2856 437 2893 δ
462 2852 529 2907 ad
550 2849 852 2907 habendam
875 2848 1033 2902 ﬁdem
1057 2860 1224 2914 usque
1247 2844 1384 2900 adeo
1404 2858 1523 2898 esse
1545 2842 1820 2905 idoneam,

235 2959 295 3004 ut
321 2965 389 3002 ex
433 2946 711 3001 voluntate
739 2957 834 2998 sua
863 2949 1112 2996 constare
1150 2935 1272 2992 ﬁdei
1319 2936 1611 2990 arbitretur
1657 2947 1820 2987 exor-

234 3038 401 3093 dium.
431 3034 631 3097 Nolens
660 3032 801 3087 enim
831 3031 995 3085 homo
1022 3028 1189 3082 habet
1215 3025 1402 3091 ﬁdem;
1428 3025 1522 3079 sed
1544 3023 1683 3078 Deus
1727 3022 1819 3091 qui

233 3130 393 3187 ﬁdem
422 3129 607 3191 donat,
642 3126 755 3194 ipse
783 3122 1015 3179 hominis
1051 3128 1223 3175 mutat
1261 3127 1316 3173 et
1345 3117 1526 3186 dirigit
1570 3115 1818 3169 volunta-

1925 1934 2100 1988 dicens
2130 1936 2289 2004 :quia
2317 1932 2677 1985 benedicentur
2702 1932 2756 1984 in
2789 1939 2835 1983 te
2872 1946 3049 1983 omnes
3074 1936 3246 1997 gentes
3293 1923 3503 1994 (Cenes.

1924 2040 2017 2089 xu,
2048 2024 2124 2094 3).
2163 1996 2330 2093 igitur
2353 2023 2439 2093 qui
2467 2038 2533 2076 ea:
2553 2021 2657 2091 ﬁde
2685 2030 2803 2074 sunt
2848 1996 3209 2072 benedicentur
3230 2032 3343 2069 cum
3364 2014 3507 2084 ﬁdeli
3544 1996 3548 2002 i

1924 2115 2186 2170 Abraham
2228 2112 2426 2185 (Galat.
2470 2128 2551 2179 ιιι,
2575 2113 2623 2177 7,
2658 2108 2713 2176 8,
2739 2111 2816 2180 9).
2874 2109 3030 2163 Hunc
3085 2114 3265 2161 autem
3294 2113 3506 2175 patrem

1928 2215 2168 2262 nostrum
2198 2204 2468 2258 Abraham
2497 2219 2605 2258 non
2634 2218 2703 2257 ex
2731 2201 3003 2272 operibus,
3035 2198 3128 2253 sed
3151 2213 3219 2252 ex
3262 2195 3367 2249 ﬁde
3391 2194 3508 2264 jus-

1925 2295 2182 2351 tiﬁcatum
2209 2311 2329 2375 esse
2357 2292 2713 2356 conﬁrmans,
2742 2292 2848 2347 alio
2872 2292 2992 2346 loco
3021 2290 3101 2345 sic
3131 2288 3368 2358 loquitur
3398 2304 3410 2338 :
3445 2284 3507 2339 Si

1923 2388 2059 2440 enim
2085 2386 2349 2440 Abraham
2387 2401 2453 2437 ea:
2478 2380 2715 2452 aperibus
2738 2382 3057 2454 justiﬁcatus
3082 2388 3177 2444 est,
3209 2378 3359 2432 habet
3387 2375 3504 2447 glo-

1924 2475 2078 2541 riam,
2109 2475 2199 2528 sed
2220 2491 2329 2527 non
2357 2474 2498 2543 apud
2526 2473 2709 2528 Deam.
2743 2470 2881 2538 Quid
2912 2472 3056 2525 enim
3109 2468 3384 2536 Scriptura
3425 2465 3507 2518 di-

1923 2563 2041 2618 cit?
2070 2561 2298 2616 Credidit
2336 2560 2596 2614 Abraham
2644 2560 2775 2627 Deo,
2824 2569 2874 2614 et
2912 2568 3203 2627 reputatum
3229 2565 3305 2609 est
3332 2555 3412 2608 illi
3437 2553 3507 2607 ad
3550 2577 3554 2581 <

1915 2656 2173 2726 justitiam
2205 2652 2359 2725 (Gen.
2384 2670 2469 2717 xv,
2496 2652 2549 2723 6)
2578 2672 2589 2705 :
2619 2651 2667 2706 ei
2704 2661 2873 2705 autem
2901 2650 2985 2722 qui
3025 2657 3287 2719 o‘peratar,
3312 2660 3506 2700 merces

1925 2760 2027 2797 non
2058 2745 2342 2814 imputatur
2367 2751 2649 2795 secundum
2678 2744 2924 2812 gratiam,
2952 2739 3043 2793 sed
3063 2738 3343 2792 secundum
3365 2736 3507 2790 debi-

1926 2845 2051 2903 tum,
2074 2836 2121 2889 ei
2144 2852 2259 2890 vero
2300 2837 2386 2905 qui
2432 2850 2534 2887 non
2565 2843 2830 2903 operatur,
2854 2830 3083 2885 credenti
3111 2836 3280 2883 autem
3308 2829 3362 2882 in
3391 2844 3506 2881 eum

1923 2926 2011 2997 qui
2025 2925 2280 2996 justiﬁcat
2314 2924 2553 2992 impium,
2578 2932 2843 2992 reputatur
2876 2922 3006 2992 ﬁdes
3028 2920 3138 2991 ejus
3163 2919 3232 2973 ad
3243 2919 3504 2989 justitiam

1925 3014 2103 3088 (Rom.
2136 3032 2207 3081 ιν,
2239 3014 2292 3077 2,
2326 3014 2378 3079 5,
2411 3013 2463 3076 4,
2494 3012 2569 3087 5).
3010 3000 3017 3007 ’

1997 3107 2083 3162 49.
2110 3106 2242 3162 Cum
2273 3120 2402 3175 ergo
2431 3104 2721 3175 Apostolus
2744 3103 2812 3158 de
2857 3104 2941 3157 his
2992 3100 3237 3171 gentibus
3278 3099 3508 3166 loquens

234 3235 364 3279 tem.
400 3222 648 3275 Dominus
676 3217 819 3273 enim
851 3215 996 3269 dabit
1021 3215 1340 3275 suavitatem,
1371 3220 1422 3265 et
1462 3221 1600 3264 terra
1644 3216 1822 3262 nostra
1849 3201 1894 3264 C
1926 3215 2063 3271 qum,
2088 3199 2393 3253 naturaliter
2410 3215 2473 3252 ea
2501 3212 2613 3269 qua:
2634 3198 2760 3268 legis
2789 3206 2909 3250 sunt
2928 3195 3202 3250 lacientes.
3235 3190 3508 3246 ostendunt

232 3315 379 3368 dabit
404 3314 626 3378 fructum
654 3324 801 3362 suum
831 3305 1003 3376 (Psal.
1029 3319 1248 3365 Lxxxtv,
1278 3301 1388 3369 l5).

304 3405 465 3476 313
488 3401 619 3456 Car.
662 3415 788 3454 xxv.
813 3395 999 3452 Gentes
1026 3410 1140 3468 qua:
1166 3392 1475 3448 naturaliter
1502 3407 1563 3444 ea
1592 3405 1704 3459 qua:
1734 3389 1814 3443 ιε-

228 3500 315 3569 gis
338 3505 459 3551 sunt
489 3494 706 3566 faciunt,
733 3490 942 3545 nonnisi
980 3485 1267 3543 Christiani
1292 3483 1470 3555 ﬁdeles
1497 3480 1823 3552 intelligendi

240 3596 376 3642 sunt.
404 3617 479 3629 —-
501 3582 591 3637 48.
620 3581 697 3636 De
718 3580 803 3634 his
828 3580 990 3647 igitur
1011 3577 1065 3631 in
1092 3575 1285 3646 quibus
1316 3581 1505 3627 natura
1535 3571 1716 3625 divino
1746 3585 1825 3623 sa-

238 3686 395 3731 natur
416 3688 656 3738 munere,
687 3679 747 3726 ut
775 3671 829 3725 in
875 3669 1046 3723 Deum
1075 3664 1390 3720 naturaliter
1417 3660 1667 3729 credant,
1697 3660 1820 3729 qui-

238 3783 342 3836 que
370 3767 538 3836 gratis
565 3779 662 3834 per
689 3761 846 3817 ﬁdem
869 3757 1171 3831 iustiﬁcati,
1207 3756 1372 3812 etiam
1400 3753 1466 3808 ad
1509 3754 1648 3807 bene
1693 3765 1824 3821 ope-

235 3856 466 3913 randum
486 3854 740 3909 auxilium
760 3851 944 3920 gratim
962 3846 1339 3916 subsequentis
1363 3843 1652 3913 accipiunt,
1676 3841 1824 3910 Apa-

236 3949 407 4004 stolus
431 3946 563 4001 dicit
587 3962 600 3997 :
633 3944 762 3997 Cum
788 3942 926 3995 enim
950 3948 1123 4011 gentes
1154 3952 1268 4008 qua:
1286 3936 1450 4006 legem
1481 3949 1583 3987 non
1611 3932 1819 3995 habent,

236 4038 545 4093 naturaliter
573 4051 686 4107 qua:
709 4034 837 4103 legis
863 4042 980 4086 sunt
1003 4030 1222 4102 faciunt,
1253 4025 1507 4097 ejusmodi
1528 4024 1691 4094 legem
1716 4039 1820 4076 non

237 4130 478 4185 habentes
533 4130 631 4198 ipsi
672 4124 769 4179 sibi
795 4132 914 4178 sunt
961 4123 1062 4186 lex,
1109 4122 1194 4192 qui
1225 4118 1501 4173 ostendunt
1532 4131 1660 4185 opus
1691 4114 1819 4184 legis
1880 4164 1883 4165 ,

236 4223 486 4292 scriptum
507 4221 561 4280 in
582 4215 822 4271 cordibus
849 4216 956 4269 suis
980 4212 1155 4287 (Rom.
1182 4228 1237 4275 ιι,
1262 4206 1573 4277 l4).‘Quetn
1598 4205 1816 4275 quidem

238 4312 483 4384 Apostuli
514 4313 691 4366 locum
735 4309 788 4363 hi
811 4324 896 4371 om
924 4320 1133 4362 GRATLE
1151 4316 1554 4358 CONTBADICUNT
1576 4299 1825 4368 gentibus

237 4403 529 4461 incredulis
581 4401 855 4467 assignare
901 4394 1257 4458 contendunt,
1301 4406 1370 4446 ex
1417 4391 1522 4445 hoc
1569 4388 1820 4443 videlicet

236 4498 381 4570 quod
408 4497 575 4551 etiam
600 4494 673 4548 illi
699 4493 791 4561 qui
834 4489 960 4545 ﬁdei
1010 4489 1236 4559 gratiam
1268 4501 1375 4541 non
1423 4484 1695 4554 recipiunt
1732 4484 1823 4537 illa

1922 3308 2053 3362 opus
2106 3292 2233 3361 legis
2278 3291 2528 3360 scriptum
2580 3290 2634 3342 in
2664 3286 2899 3341 cordibus
2928 3286 3035 3339 suis
3068 3283 3241 3353 (Rom.
3284 3298 3339 3346 ιι,
3395 3278 3507 3350 Η),

1923 3382 1992 3437 de
2018 3380 2103 3436 his
2131 3397 2190 3435 se
2236 3380 2384 3449 loqui
2432 3386 2661 3434 testetur
2702 3378 2795 3445 qui
2820 3372 3508 3445 justilicantur,-Abraham

1924 3479 2103 3526 autem
2129 3478 2338 3540 patrem
2363 3462 2607 3523 nostrum
2639 3483 2743 3522 non
2771 3483 2840 3521 ex
2867 3465 3148 3536 Operihus,
3181 3463 3274 3517 sed
3305 3477 3370 3515 ex
3403 3460 3505 3514 ﬁde

1919 3561 2267 3631 justilieatum
2296 3575 2414 3615 esse
2452 3567 2868 3622 commemoret,
2891 3557 3011 3626 quis
3058 3556 3253 3609 auleat
3307 3553 3423 3606 illas
3453 3552 3508 3605 in

1925 3652 2029 3705 hoc
2077 3650 2197 3704 loco
2239 3657 2428 3719 gentes
2486 3649 2731 3717 accipere
2789 3661 2925 3715 quas
2969 3648 3182 3700 constat
3230 3659 3337 3697 non
3385 3656 3508 3696 esse

1919 3738 2235 3810 jtistlﬁcatas
2263 3755 2327 3794 ex
2356 3738 2477 3806 ﬁde,
2518 3755 2638 3794 cum
2667 3740 2782 3809 ipse
2805 3745 3031 3792 testetur
3044 3734 3333 3805 Apostolus
3382 3734 3508 3801 quia

1924 3850 2074 3888 omne
2101 3833 2236 3904 quod
2283 3836 2386 3886 no‘n
2414 3840 2491 3885 est
2535 3848 2601 3885 ea:
2643 3830 2746 3901 ﬁde
2771 3837 3033 3901 peccatum
3060 3835 3134 3881 est
3192 3824 3370 3896 (Rom.
3397 3840 3504 3888 .\'Iv,

1924 3925 2049 3995 25),
2079 3933 2134 3979 et
2177 3924 2301 3993 quia
2353 3924 2465 3977 sine
2513 3922 2618 3992 ﬁde
2662 3918 2978 3991 impossibile
3025 3927 3101 3972 est
3149 3916 3354 3987 placere
3400 3915 3505 3967 Deo

1927 4016 2114 4091 (Hebr.
2144 4032 2216 4082 ιιι,
2246 4014 2340 4085 6)?
2368 4012 2521 4080 Quod
2542 4013 2586 4067 si
2616 4012 2884 4067 Abraham
2928 4024 2997 4063 ex
3036 4008 3135 4061 lide
3156 4004 3503 4075 justiﬁcatum

1926 4125 2046 4164 esse
2074 4114 2304 4168 constat,
2346 4105 2500 4173 cujus
2551 4104 2741 4158 semini
2770 4101 2934 4173 3m,
2977 4109 3163 4168 gentes
3211 4096 3504 4167 Apostqlus

1924 4200 2216 4271 promissas
2242 4211 2358 4252 esse
2387 4202 2791 4258 commemorat,
2823 4191 3063 4261 quisquis
3098 4188 3291 4245 asserit
3317 4194 3508 4256 gentes

1927 4307 2031 4347 non
2060 4306 2129 4346 ex
2157 4289 2280 4357 ﬁde,
2321 4288 2415 4343 sed
2445 4302 2511 4342 ex
2558 4285 2812 4355 operibus
2835 4281 3115 4352 justitieari
3145 4294 3342 4349 posse,
3373 4276 3502 4346 quid

1926 4388 2191 4452 superest,
2224 4379 2324 4433 nisi
2378 4385 2437 4430 ut
2487 4390 2578 4430 eas
2625 4380 2784 4441 neget
2811 4373 2877 4425 ad
2905 4369 3130 4424 Abrahae
3179 4381 3387 4429 semen,
3418 4364 3504 4419 cui

1927 4481 2114 4541 gentes
2139 4469 2416 4540 promissa:
2443 4474 2587 4529 sunt,
2615 4462 2922 4533 pertinere?
2945 4476 3068 4515 cum
3088 4457 3356 4511 Abraham
3379 4456 3510 4526 (sic-

236 4549 355 4662 qua:
374 4588 443 4643 ad
470 4549 805 4641 honestatem
827 4549 1040 4636 morum
1063 4588 1118 4635 et
1136 4580 1381 4633 humana:
1401 4549 1681 4632 societatis
1702 4575 1822 4628 vin-
1850 4577 1904 4636 D
1929 4572 1988 4619 ut
2016 4561 2302 4633 Apostolus
2331 4558 2481 4628 dicit)
2528 4565 2676 4627 pater
2699 4557 2765 4609 sit
2795 4552 3021 4662 omnium
3046 4549 3393 4662 .credentiuln;
3417 4563 3509 4616 per

235 4680 417 4735 culum
463 4676 736 4746 pertinent
769 4670 997 4726 naturali
1027 4668 1255 4738 quadam
1306 4667 1425 4734 lege
1453 4666 1533 4721 sic
1582 4671 1820 4729 servant,

235 4777 295 4825 ut
315 4770 483 4824 etiam
513 4780 610 4820 eos
634 4764 728 4833 qui
756 4762 845 4816 illa
873 4759 1077 4814 violare
1124 4755 1458 4812 contendunt
1497 4753 1821 4823 judiciorum

234 4862 489 4931 aequitate
517 4872 583 4911 ac
618 4854 909 4910 severitate
934 4841 1241 4906 coerceant.
1271 4846 1371 4901 Ubi
1424 4846 1602 4900 minus
1648 4850 1825 4899 atten-

238 4954 376 5007 dunt
421 4948 722 5019 apostolico
755 4959 908 4999 suam
954 4941 1279 4997 sententiam
1310 4953 1532 5008 prorsus
1577 4936 1824 4991 enervari

238 5058 509 5106 sermone,
537 5052 696 5108 quem
725 5036 972 5106 superius
995 5030 1254 5103 praemisit
1281 5030 1464 5085 dicens
1497 5046 1510 5082 :
1541 5025 1665 5082 Non
1687 5029 1822 5081 enim

241 5134 503 5205 auditores
523 5130 651 5202 legis
672 5127 805 5198 justi
825 5134 944 5181 sunt
972 5122 1110 5194 apud
1135 5120 1316 5185 Deum,
1340 5120 1431 5173 sed
1450 5122 1675 5191 factores
1698 5118 1825 5189 legis

242 5221 665 5296 iustiﬁcabuntur
688 5215 874 5287 (Ibid.,
908 5213 1031 5279 l5);
1058 5210 1339 5282 justiﬁeari
1362 5215 1542 5263 autem
1573 5208 1691 5262 sine
1720 5205 1827 5259 ﬁde

247 5316 512 5369 neminem
534 5323 695 5380 posse
715 5307 855 5362 idem
902 5307 1094 5359 beatus
1134 5299 1413 5372 apostolus
1440 5297 1706 5363 ostendit,
1746 5296 1827 5351 di-

247 5418 373 5460 cens
403 5423 415 5454 :
450 5402 684 5459 Scientes
703 5408 874 5454 autem
901 5396 1037 5470 quod
1060 5412 1164 5450 non
1186 5390 1562 5466 justiﬁeabitur
1582 5390 1732 5444 homo
1758 5404 1824 5443 ex

321 5636 344 5663 ι
373 5623 511 5678 Editi
539 5622 627 5677 hic
653 5620 855 5675 addunt
882 5619 1016 5689 quod
1046 5619 1180 5671 vivit.
1231 5613 1329 5668 Ms.
1374 5629 1483 5671 non
1512 5610 1678 5678 addit,
1726 5625 1826 5666 nec

256 5697 318 5750 ad
340 5711 551 5751 sensum
582 5691 891 5759 requiritur.

325 5769 347 5804 δ
371 5767 429 5821 ιιι
456 5764 632 5827 editis,
656 5770 712 5813 ut
740 5777 794 5813 se
820 5765 980 5829 putet.

327 5849 347 5876 ε
377 5837 463 5892 Sic
505 5821 629 5888 msf
648 5821 1082 5901 justa'Grzceum
1105 5834 1312 5901 textum
1359 5824 1416 5882 S.
1474 5822 1661 5893 Pauli;
1694 5821 1825 5882 editi

1926 4656 2231 4727 prazputium
2263 4661 2317 4717 °,
2348 4659 2404 4703 ut
2436 4656 2698 4718 reputetur
2733 4655 2781 4700 et
2804 4645 2909 4698 illis
2939 4643 3010 4695 ad
3029 4642 3293 4712 justitiam
3324 4636 3507 4711 (Rom.

1926 4765 1999 4816 tv,
2033 4746 2141 4815 ll).
2174 4743 2439 4811 Quoniam
2462 4740 2621 4809 igitur
2648 4753 2779 4791 unus
2808 4735 2966 4801 Deus,
2996 4734 3081 4802 qui
3121 4730 3379 4803 justiﬁcat
3412 4729 3513 4780 cir—

1926 4838 2286 4892 cumcisionem
2311 4849 2376 4886 ea:
2413 4831 2535 4901 ﬁde,
2584 4837 2633 4882 et
2661 4826 2970 4899 praeputium
3014 4839 3105 4892 per
3143 4820 3300 4890 ﬁdem
3323 4816 3502 4889 (Rom.

1925 4948 2003 4998 ιιι,
2035 4928 2147 5000 30),
2178 4924 2467 4996 Apostolus
2495 4929 2675 4976 autem
2727 4919 2789 4973 de
2814 4918 2894 4971 his
2922 4915 3009 4987 qui
3053 4911 3418 4984 justiﬁcantur
3455 4925 3514 4963 se

1928 5021 2073 5091 loqui
2100 5018 2439 5084 monstravit,
2477 5029 2598 5071 cum
2626 5013 2693 5068 de
2733 5009 2979 5081 gentibus
3034 5005 3347 5061 naturaliter
3390 5017 3512 5071 qua:

1929 5106 2062 5183 legis
2089 5118 2215 5167 sunt
2237 5108 2550 5164 facientibus
2583 5112 2639 5159 et
2665 5117 2800 5173 opus
2829 5099 2963 5169 legis
2990 5099 3042 5151 in
3084 5112 3186 5151 suo
3217 5095 3381 5150 corde
3410 5093 3507 5146 ha-

1927 5203 2177 5260 bentibus
2205 5201 2500 5271 disputaret
2533 5215 2546 5250 :
2575 5196 2664 5250 ille
2700 5207 2888 5248 sensus
2935 5199 3018 5245 est
3044 5189 3263 5243 veritati
3308 5199 3512 5241 conve-

1884 5310 1891 5317 °
1929 5295 2100 5361 niens,
2132 5291 2277 5363 quod
2305 5292 2397 5355 (at.
2423 5288 2552 5359 quo)
2580 5297 2767 5356 gentes
2786 5285 2841 5338 in
2862 5282 3052 5338 eodem
3074 5280 3194 5335 loco
3242 5277 3509 5347 accipiun-

1932 5396 2021 5443 tur
2068 5398 2201 5454 quas
2229 5382 2370 5438 Deus
2393 5379 2514 5436 ﬁdei
2536 5378 2679 5432 dono
2702 5373 2979 5446 justiﬁcat,
3012 5380 3068 5427 et
3095 5371 3147 5425 in
3171 5384 3236 5425 eo
3258 5366 3404 5438 quod
3426 5366 3508 5422 eis

1932 5623 2082 5672 vero,
2113 5609 2167 5661 in
2197 5608 2402 5664 Christo
2428 5604 2573 5661 Jesu.

2004 5676 2028 5713 ά
2056 5667 2215 5745 Editi,
2251 5679 2441 5732 Paulus
2471 5675 2795 5739 ostenderet;
2823 5672 2917 5745 sed
2944 5671 3097 5745 abest
3126 5667 3325 5745 Paulus
3354 5679 3516 5745 a'ms.

2008 5759 2030 5785 ο
2062 5749 2150 5803 Sic
2176 5737 2337 5814 editi;
2390 5759 2443 5801 at
2484 5764 2608 5808 ms.,
2632 5737 2783 5816 pater
2813 5744 2879 5816 sit
2900 5743 3128 5816 omnium
3182 5737 3517 5800 creduntur»,

1932 5830 1988 5873 ut
2018 5828 2272 5889 reputetur
2294 5830 2340 5872 et
2372 5818 2472 5872 illis
2504 5814 2640 5888 ﬁdes
2663 5814 2731 5868 ad
2746 5814 3027 5885 jus'itiam.
