4048 6342
472 385 576 441 485

1538 374 1594 428 S.
1635 369 1995 426 FULGENTII
2035 366 2333 424 EPISCOPI
2374 356 2738 424 RUSPENSIS

3627 365 3734 429 ιει

468 496 592 551 ﬁdei
618 468 844 565 gratiam
875 493 1078 556 tribuit,
1109 504 1243 560 opus
1271 487 1403 557 legis
1426 500 1535 542 suae
1565 485 1617 539 in
1641 499 1830 539 eorum
1860 481 2040 538 cordi-
2069 483 2118 542 Λ
2149 481 2277 550 ligat
2303 482 2395 551 qui
2424 482 2478 535 in
2507 469 2674 536 Deum
2703 495 2809 535 non
2839 480 3028 547 credit,
3048 481 3162 536 ﬁeri
3186 482 3491 539 nullatenus
3514 494 3732 554 potest:

477 598 568 640 ous
594 585 788 638 donata
814 579 1198 650 justiﬁcatione
1244 575 1572 641 conscribit,
1598 582 1657 628 ut
1700 574 1816 627 sine
1856 571 2047 626 Testa—

469 676 636 730 menti
669 673 871 728 Veteris
925 672 1105 724 littera
1154 683 1254 738 per
1299 667 1432 721 Novi
1471 665 1800 720 Testamenti
1825 663 2052 731 gratiam

472 773 660 820 natura
684 771 939 818 renovata
965 775 1101 830 opus
1138 759 1272 828 legis
1320 758 1387 814 ad
1415 759 1521 813 hoc
1547 758 1806 826 scriptum
1835 755 2051 820 habeat,

471 843 533 910 ut
561 858 624 908 ad
656 852 906 924 populum
938 851 1051 916 Dei,
1079 866 1186 905 non
1216 864 1442 920 operum
1489 846 1910 918 praecedentium
1938 859 2054 899 me-

471 948 594 1010 rito,
623 944 716 998 sed
732 941 1135 1010 justilicationis
1157 940 1393 1009 gratuito
1415 952 1637 992 munere
1678 935 1904 1005 incipiat
1930 949 2055 1004 per-

471 1036 644 1088 tinere
689 1032 845 1098 Quod
875 1031 1030 1086 nobis
1053 1046 1149 1086 ore
1187 1030 1506 1101 prophetico
1554 1028 1791 1084 cmlestis
1838 1026 2056 1094 dignata

471 1132 554 1179 est
581 1123 800 1191 vulgare
827 1122 1094 1186 doctrina,
1120 1129 1308 1176 sancto
1339 1119 1608 1174 Hieremia
1637 1117 1850 1173 dicente
1883 1134 1896 1168 :
1920 1115 2058 1168 Ecce

473 1217 580 1268 dies
613 1215 812 1268 venient
835 1213 926 1283 (al.
955 1211 1220 1283 veniunt),
1251 1212 1376 1265 dicit
1416 1211 1690 1274 Dominus,
1725 1219 1774 1262 et
1819 1223 2058 1262 consum-

471 1306 623 1360 mabo
656 1323 809 1374 super
841 1305 1047 1359 domum
1090 1303 1278 1370 Israel,
1302 1313 1349 1357 et
1372 1319 1526 1371 super
1549 1301 1754 1356 domum
1785 1299 1928 1353 Juda
1959 1299 2058 1354 Te-

473 1403 781 1448 stamentum
830 1411 1014 1448 novum
1043 1392 1175 1463 (Jer.
1229 1409 1385 1459 xxxi,
1417 1391 1529 1460 51).
1575 1390 1642 1444 Ει
1679 1389 1837 1459 paulo
1886 1398 2054 1458 post:

477 1484 613 1548 Quia
667 1487 763 1539 hoc
823 1494 898 1538 est
959 1485 1337 1538 Testamentum
1385 1484 1520 1554 quod
1569 1483 1844 1552 disponam
1885 1478 2059 1533 domui

477 1574 666 1640 Israel,
690 1585 803 1646 post
834 1577 941 1628 dies
968 1577 1091 1628 istos
1122 1574 1213 1644 (al.
1238 1575 1378 1642 illos)
1400 1613 1414 1636 ,
1463 1574 1584 1626 dicit
1616 1573 1888 1638 Dominus,
1929 1567 2059 1623 dabo

474 1665 613 1736 leges
645 1683 785 1718 meas
831 1666 885 1717 in
925 1664 1083 1719 corda
1126 1681 1320 1728 eorum,
1352 1674 1398 1716 et
1426 1665 1480 1716 in
1502 1662 1733 1716 sensibus
1769 1678 1942 1716 eorum
1970 1677 2060 1714 sun

475 1754 790 1827 perscribam
815 1772 924 1821 eas,
954 1765 1001 1808 et
1041 1772 1126 1808 ero
1149 1755 1220 1808 eis
1241 1757 1293 1808 in
1325 1754 1509 1816 Deum,
1544 1763 1593 1807 et
1617 1754 1717 1822 ipsi
1764 1762 1912 1805 erunt
1937 1750 2064 1805 mihi

2154 574 2288 640 Quia
2321 589 2519 629 roras'r
2550 588 2903 636 unusqmsous
2933 589 3175 628 casusne
3205 574 3408 644 aliquid
3435 590 3556 632 esse
3590 577 3744 646 quod

2155 683 2263 722 non
2293 667 2482 736 diligit,
2507 651 2739 735 diligere
2767 681 2896 721 vero
2925 682 3084 722 nemo
3109 674 3288 736 potest
3315 668 3459 737 quod
3481 683 3599 725 esse
3627 686 3744 730 non

2154 757 2344 812 credit.
2375 758 2661 827 Apostolus
2699 766 2880 811 autem
2929 757 3057 812 dicit
3105 758 3222 813 sine
3277 760 3506 815 caritate
3553 761 3739 827 ﬁdem,

2155 856 2458 917 cmteraque
2485 848 2628 902 bona
2661 862 2824 916 Opera
2851 847 3100 917 cuiquam
3128 849 3386 916 prodesse
3415 866 3520 906 non
3546 867 3742 921 posse;

2154 937 2284 992 dicit
2311 937 2452 991 enim
2481 954 2493 989 :
2528 936 2588 990 Si
2617 937 2844 992 habuero
2895 954 3098 991 omnem
3127 938 3301 1007 ﬁdem,
3335 940 3410 993 ita
3437 950 3493 994 ut
3537 953 3744 1000 montes

2158 1027 2500 1096 transferam;
2530 1035 2579 1079 et
2604 1027 2648 1079 si
2679 1026 2986 1080 distribuero
3008 1027 3061 1079 in
3089 1025 3231 1082 cibos
3257 1045 3540 1098 pauperum
3565 1049 3750 1088 omnes

2159 1117 2435 1189 facultates
2464 1134 2623 1182 meas,
2664 1126 2713 1170 et
2743 1118 3006 1172 tradidero
3028 1134 3211 1188 corpus
3236 1136 3400 1174 meum
3420 1130 3476 1175 ut
3503 1125 3749 1193 ardeant,

2159 1210 2428 1262 caritatem
2455 1217 2626 1262 autem
2652 1225 2752 1263 non
2773 1208 3010 1274 habeam,
3030 1210 3160 1263 nihil
3183 1211 3310 1264 mihi
3323 1213 3530 1280 prodest
3549 1213 3604 1285 (I
3621 1215 3749 1271 Cor.

2159 1315 2274 1363 xm,
2303 1297 2357 1365 2,
2387 1298 2475 1369 5).
2510 1299 2566 1354 Si
2596 1314 2724 1368 ergo
2754 1315 2918 1369 opera
2947 1317 3068 1354 cum
3101 1300 3205 1355 ﬁde
3225 1302 3341 1356 sine
3366 1305 3593 1360 caritate
3615 1323 3753 1376 pro-

2161 1390 2317 1444 desse
2345 1405 2452 1444 non
2484 1399 2731 1461 possunt,
2757 1391 3030 1460 quomodo
3078 1391 3373 1461 proderunt
3418 1410 3582 1465 opera
3625 1413 3755 1468 qua:

2163 1482 2215 1536 in
2245 1482 2348 1536 ﬁde
2379 1498 2487 1537 non
2517 1479 2682 1536 ﬁunt?
2716 1479 2868 1537 Unde
2900 1499 3007 1537 non
3054 1484 3322 1540 immerito
3365 1486 3555 1542 beatus
3598 1489 3754 1558 Apo-

2166 1571 2338 1625 stolus
2375 1586 2474 1640 pro
2507 1569 3074 1627 Thessalonicensibus
3103 1582 3223 1627 erat
3251 1583 3310 1628 ut
3349 1575 3427 1629 eis
3473 1575 3613 1631 Deus
3646 1581 3754 1633 imo

2164 1663 2302 1730 pleat
2358 1680 2558 1717 omnem
2587 1664 2900 1718 voluntatem
2930 1664 3205 1730 bonitatis,
3235 1676 3284 1719 et
3329 1684 3456 1737 Opus
3510 1670 3641 1739 ﬁdei
3697 1674 3754 1726 in

2167 1756 2350 1808 virtute
2378 1752 2468 1826 (II
2494 1753 2670 1807 Thess.
2705 1769 2740 1817 ι,
2776 1754 2886 1824 11).
2918 1753 3055 1808 Nam
3084 1763 3139 1810 et
3182 1756 3232 1810 in
3264 1755 3455 1810 eodem
3485 1759 3630 1825 loco,
3663 1763 3756 1817 ubi

474 1849 530 1900 in
573 1847 847 1918 populum;
892 1857 939 1899 et
994 1863 1097 1899 non
1142 1845 1337 1899 docebit
1382 1847 1723 1916 unusquisque
1774 1844 2063 1914 proximum
2095 1845 2233 1905 Bde
2261 1846 2507 1913 gentibus
2536 1845 2707 1912 legem
2737 1845 3050 1899 naturaliter
3070 1844 3384 1903 facientibus
3404 1847 3754 1918 loquebatur.

478 1955 644 2004 suum,
669 1947 716 1992 et
745 1940 1089 2008 unusquisque
1118 1941 1330 2009 fratrem
1359 1955 1503 1992 suum
1536 1939 1708 1991 dicens
1753 1954 1770 1992 :
1801 1935 2064 2007 Cognosce

479 2031 646 2085 Deum
669 2047 685 2084 :
708 2033 948 2102 quoniam
979 2048 1153 2084 omnes
1192 2033 1354 2085 scient
1384 2047 1463 2083 me
1491 2048 1522 2082 α
1570 2031 1771 2100 majore
1799 2045 1956 2097 usque
1996 2027 2064 2080 ad

479 2123 731 2174 minorem
770 2137 976 2184 eorum,
1010 2121 1128 2190 quia
1173 2120 1423 2189 propitius
1459 2135 1545 2172 ero
1590 2117 1945 2188 iniquitatibus
1974 2132 2064 2170 eo-

479 2227 635 2275 rum,
688 2221 739 2264 et
779 2219 1104 2280 peccatorum
1150 2210 1356 2264 illorum
1407 2211 1521 2281 jam
1579 2227 1682 2266 non
1739 2207 2065 2263 memorabor

481 2300 669 2373 (Ibid.,
703 2301 792 2365 ss,
824 2300 934 2370 54).

551 2391 680 2447 CAP.
708 2408 852 2445 xxvr.
887 2390 1126 2462 Cognitio
1176 2390 1273 2445 Dei
1321 2393 1432 2445 sine
1457 2392 1729 2446 dilectione
1783 2391 1913 2444 nihil
1942 2406 2068 2460 pro-

483 2483 615 2537 dest.
641 2481 801 2536 Fides
824 2485 936 2536 sine
983 2485 1201 2536 caritate
1227 2492 1394 2552 potest
1422 2501 1554 2549 esse,
1577 2501 1679 2538 non
1706 2484 1967 2552 prodesse.
1997 2512 2069 2523 —

483 2574 571 2629 50.
604 2573 731 2630 llaec
753 2584 931 2630 autem
954 2576 1176 2630 scientia
1209 2576 1261 2629 in
1283 2591 1389 2645 qua
1435 2577 1513 2632 sic
1541 2576 1683 2631 Deus
1736 2577 2064 2646 agnoscitur,

484 2673 543 2721 ut
570 2675 913 2736 peccatorum
934 2667 1181 2721 remissio
1203 2666 1396 2721 divina:
1425 2667 1826 2738 propitiationis
1847 2682 2071 2722 munere

483 2758 769 2824 tribuatur,
795 2757 952 2827 longe
975 2759 1078 2812 alia
1113 2767 1196 2812 est
1239 2759 1305 2812 ab
1361 2759 1449 2812 illa
1498 2760 1808 2828 cognitione
1855 2759 2070 2814 illorum

481 2847 595 2918 qui,
644 2857 1008 2919 cognoscentes
1046 2848 1232 2915 Deum,
1266 2866 1368 2904 non
1390 2852 1522 2904 sicut
1553 2850 1718 2904 Deum
1743 2851 2071 2922 gloriﬁcare-

482 2950 625 3010 runt,
654 2951 744 2994 aut
761 2944 960 3013 gratias
979 2951 1208 3013 egerunt,
1237 2943 1327 2996 sed
1347 2953 1662 2997 evanuerunt
1701 2944 1755 2996 in
1797 2945 2072 3014 sagitatio-

483 3032 633 3086 nibus
659 3034 800 3096 suis;
831 3033 922 3103 qui
950 3033 1176 3087 dicentes
1204 3050 1260 3086 se
1303 3050 1415 3087 esse
1452 3035 1739 3104 sapientes,
1771 3035 1916 3088 stulti
1947 3037 2073 3104 facti

482 3132 622 3189 sunt,
647 3133 696 3176 et
719 3133 1039 3178 mutaverunt
1069 3125 1289 3196 gloriam
1311 3123 1714 3194 incorruptibilis
1744 3125 1841 3179 Dei
1861 3128 1914 3179 in
1936 3127 2074 3179 simi-

2165 1944 2291 1991 ante
2339 1936 2668 2006 praemiserat
2714 1935 2936 1990 dicens:
2967 1935 3148 1990 Gloria
3193 1948 3382 2006 autem,
3409 1947 3459 1991 et
3485 1940 3678 2009 honor,
3705 1952 3758 1996 et

2165 2042 2271 2096 pax
2300 2028 2438 2080 omni
2469 2037 2704 2096 aperanti
2734 2028 2952 2090 bonum,
2983 2026 3168 2082 Judwo
3215 2030 3461 2098 primum,
3485 2041 3536 2084 et
3566 2031 3754 2089 Gm’co

2169 2113 2346 2184 (Rom.
2381 2129 2439 2180 ιι,
2464 2113 2572 2182 10).
2599 2113 2880 2179 Quomodo
2903 2123 3082 2169 autem
3112 2115 3413 2171 inlidelibus
3435 2126 3615 2188 potest
3635 2138 3761 2176 esse

2167 2203 2357 2271 gloria,
2386 2218 2502 2272 qua:
2559 2219 2666 2256 non
2717 2202 2873 2256 datur
2902 2203 3003 2257 nisi
3050 2201 3390 2272 justiﬁcatis?
3421 2203 3562 2269 Quos
3610 2211 3762 2266 enim

2168 2293 2310 2347 Deus
2332 2293 2661 2363 justificarit,
2690 2292 2808 2346 illos
2837 2301 2886 2345 et
2913 2292 3221 2362 gloriﬁcavit
3265 2292 3442 2363 (Rom.
3468 2311 3581 2360 vm,
3616 2297 3708 2365 50)
3746 2317 3761 2351 :

2169 2383 2388 2436 Iustitia
2417 2392 2588 2436 autem
2619 2381 2715 2436 Dei
2743 2401 2835 2456 per
2853 2383 3010 2452 fidem
3036 2383 3163 2436 Iesu
3179 2381 3369 2438 Christi
3399 2402 3557 2457 super
3583 2406 3766 2444 omnes

2171 2472 2254 2542 qui
2286 2471 2499 2524 credunt
2525 2469 2699 2540 (Rom.
2735 2487 2810 2536 ιιι,
2839 2469 2962 2540 9.2);
2997 2481 3090 2525 aut
3128 2473 3247 2540 quis
3277 2474 3452 2529 honor
3468 2476 3765 2534 incredulis

2173 2563 2406 2629 dabitur,
2431 2578 2551 2617 cum
2577 2562 2718 2616 hunc
2749 2577 2854 2614 non
2887 2562 2988 2615 nisi
3012 2562 3353 2618 credentibus
3381 2565 3544 2619 tribui
3574 2568 3766 2623 beatus

2173 2652 2366 2708 Petrus
2388 2652 2633 2717 edoceat,
2653 2652 2836 2707 dicens
2868 2669 2881 2705 :
2912 2651 3067 2707 Vobis
3083 2655 3237 2724 igitur
3252 2657 3416 2710 honor
3436 2659 3768 2716 credentibus

2177 2742 2231 2815 (1
2264 2743 2407 2797 Petr.
2442 2759 2498 2807 ιι,
2533 2742 2622 2810 '7)?
2645 2742 2742 2796 Vel
2764 2743 3036 2811 quomodo
3065 2745 3168 2797 erit
3196 2760 3301 2814 pax
3332 2747 3381 2800 ei
3407 2763 3493 2810 QUI
3524 2765 3626 2805 non
3664 2768 3767 2808 εει·

2175 2849 2490 2889 unusunus
2518 2832 2777 2901 sanguine
2800 2831 2924 2887 Jesu
2956 2830 3175 2898 Christi,
3193 2835 3254 2913 in
3278 2850 3386 2904 quo
3413 2837 3556 2893 Deus
3585 2841 3772 2909 paciﬁ-

2176 2925 2333 2989 cavit,
2369 2925 2472 2977 sive
2499 2939 2612 2994 qua:
2640 2924 2694 2976 in
2726 2924 2875 2976 terris
2914 2934 3033 2977 sunt
3056 2923 3275 2996 (Ep/tes.
3306 2943 3341 2992 ι,
3374 2926 3485 2997 10),
3515 2930 3627 2984 sive
3655 2949 3774 3003 qua:

2175 3026 2229 3078 iu
2259 3023 2434 3077 ctelis?
2474 3021 2594 3092 Ipse
2620 3032 2694 3076 est
2725 3023 2862 3074 enim
2912 3039 3018 3092 paa:
3056 3031 3260 3088 nostra,
3289 3026 3377 3095 qui
3404 3028 3528 3096 fecit
3553 3039 3776 3102 utraque

2176 3129 2333 3166 unum
2358 3110 2574 3182 (Ep/tes.
2609 3127 2665 3175 ιι,
2701 3109 2811 3179 id).
2833 3109 2958 3164 Hmc
2990 3125 3167 3164 autem
3195 3127 3297 3182 pax
3327 3114 3443 3168 sine
3465 3118 3700 3173 caritate
3722 3129 3778 3174 et

483 3212 754 3267 litudinem
779 3216 1020 3285 imaginis
1061 3215 1410 3284 corruptibilis
1439 3215 1661 3269 hominis
1711 3214 1888 3286 (Rom.
1915 3234 1949 3281 ι,
1977 3216 2062 3282 ‘21,

2177 3203 2279 3258 ﬁde
2309 3202 2508 3258 Christi
2537 3217 2644 3255 non
2687 3209 2870 3270 potest
2913 3201 3196 3270 possideri,
3227 3203 3352 3273 quia
3377 3205 3668 3275 justiﬁcati
3711 3226 3778 3262 ea:

484 3301 574 3369 9.2,
601 3302 714 3374 33).
738 3302 828 3357 Isti
858 3303 998 3358 enim
1033 3304 1158 3373 quia
1186 3305 1302 3360 sine
1335 3305 1505 3375 gratia
1535 3303 1678 3370 ﬁdei,
1708 3322 1827 3376 qua:
1857 3323 1952 3376 per
1973 3323 2064 3362 ca-

484 3395 698 3450 ritatem
748 3405 1021 3466 operatur,
1075 3396 1240 3450 Deum
1290 3405 1677 3466 cognoverunt,
1705 3399 1818 3468 ipsa
1849 3415 1944 3455 sua
1973 3415 2066 3455 co-

486 3489 727 3554 gnitione
749 3489 1149 3544 inexcusabiles
1179 3487 1304 3544 lacti
1331 3497 1489 3554 sunt;
1523 3490 1575 3543 bi
1611 3505 1737 3545 vero
1777 3492 1868 3560 qui
1898 3491 2066 3546 Deum

486 3576 612 3632 ﬁdei
657 3578 1005 3647 perceptione
1053 3588 1418 3647 cognoscunt,
1469 3581 1858 3636 inaccusabiles
1914 3580 2070 3638 ﬁunt.

490 3666 619 3733 Quis
647 3671 783 3722 enim
807 3669 1266 3724 accusabitelectos
1289 3670 1384 3724 Dei
1409 3670 1584 3742 (Rom.
1620 3688 1728 3737 vui,
1752 3672 1840 3740 55)
1861 3673 1884 3726 ?
1905 3671 2071 3728 Nemo

489 3758 672 3827 utique
703 3777 714 3811 :
743 3758 1087 3830 Diligentibus
1116 3761 1258 3814 cnim
1283 3762 1362 3816 eis
1390 3761 1555 3815 Deunt
1576 3765 1755 3817 omnia
1784 3780 2071 3833 cooperan-

492 3857 576 3902 tur
602 3850 656 3901 in
682 3852 867 3902 bonum
891 3849 1078 3922 (Ibid.,
1105 3850 1216 3920 28).
1243 3851 1311 3905 Et
1357 3853 1480 3907 ideo
1506 3869 1600 3908 eos
1626 3855 1805 3910 nullus
1835 3864 2072 3918 accusat,

491 3936 617 4006 quia
643 3936 783 3992 Deus
809 3952 902 3992 eos
947 3939 1240 3994 secundum
1295 3943 1630 4011 propositum
1686 3946 1993 4012 pmscitos,
2023 3954 2078 4001 et

491 4027 920 4096 prtedestinatos,
948 4040 1277 4100 vocatosque
1294 4033 1575 4101 justiﬁcat,
1607 4044 1771 4104 atque
1791 4038 2077 4106 gloriﬁcat;

494 4126 554 4171 ut
581 4117 899 4185 gloriatione
926 4120 1056 4188 legis
1085 4121 1347 4175 factorum
1377 4140 1482 4193 qua
1512 4140 1570 4179 se
1599 4125 1765 4181 homo
1815 4129 2083 4197 supedms

496 4207 705 4260 extollit
729 4208 964 4274 exclusa,
989 4225 1088 4279 per
1115 4211 1287 4279 legem
1309 4211 1451 4278 ﬁdei,
1483 4231 1603 4283 qua:
1651 4230 1750 4284 per
1795 4218 2077 4274 caritatem

497 4306 791 4367 operatur,
839 4287 924 4372 qui
973 4302 1262 4372 gloriatur,
1315 4304 1369 4356 in
1423 4303 1650 4359 Domino
1707 4306 1957 4377 glorietur
2009 4307 2084 4380 (I

497 4388 618 4445 Cor.
651 4407 690 4459 ι,
715 4391 826 4460 51).

567 4483 655 4537 51.
682 4482 834 4550 Quod
862 4485 906 4540 si
934 4485 1252 4555 quibusdam
1276 4490 1730 4556 cognoscentibus
1751 4489 1956 4553 Deum,
1985 4508 2086 4548 nec

2171 3295 2275 3364 ﬁde
2304 3309 2480 3365 pacem
2510 3291 2754 3345 habemus
2785 3292 2853 3344 ad
2874 3289 3040 3345 Deum
3068 3309 3161 3360 per
3199 3291 3481 3348 Dominum
3525 3307 3776 3352 nostrum

2168 3383 2346 3438 Iesum
2371 3382 2650 3450 Christum,
2682 3399 2772 3452 per
2828 3399 2976 3452 quem
3025 3392 3073 3436 et
3102 3400 3366 3439 accessum
3401 3386 3655 3443 habemus
3687 3409 3782 3460 per

2172 3474 2325 3544 ﬁdem
2357 3475 2407 3526 in
2432 3473 2599 3544 gratia
2622 3473 2745 3536 ista,
2775 3471 2829 3524 in
2861 3487 2959 3542 qua
2987 3481 3181 3526 stamus
3203 3483 3252 3526 et
3280 3474 3567 3544 gloriamur
3606 3481 3664 3532 in
3689 3497 3784 3550 spe

2172 3564 2594 3636 gloria'filiorum
2621 3561 2713 3614 Dei
2738 3561 2914 3632 (Rom.
2931 3561 3146 3632 v,i,2).
3175 3561 3306 3629 Quae
3331 3582 3447 3634 spes
3474 3578 3494 3605 ο
3515 3567 3643 3623 ideo
3668 3587 3775 3624 non

2176 3656 2468 3726 confundit,
2501 3656 2619 3725 quia
2650 3655 2841 3707 caritas
2871 3653 2969 3708 Dei
2998 3655 3191 3724 diffusa
3212 3667 3287 3710 est
3307 3658 3361 3711 in
3391 3660 3637 3716 cordibus
3684 3682 3782 3718 no-

2177 3747 2296 3800 stris
2313 3745 2671 3822 perSpiritum
2692 3753 2946 3810 sanctum,
2963 3747 3048 3816 qui
3073 3746 3226 3800 datus
3243 3757 3316 3801 est
3334 3750 3480 3803 nobis
3493 3749 3662 3822 (Ibid.
3675 3754 3732 3820 ,5
3736 3764 3776 3823 ).

2180 3837 2499 3906 Accepimus
2541 3836 2682 3890 enim
2714 3836 2949 3905 spiritum
2980 3836 3274 3907 adaptionis
3297 3840 3557 3909 ﬁliorum,
3583 3844 3641 3896 in
3674 3863 3776 3916 quo

2180 3929 2486 3992 clamamus,
2529 3927 2673 3980 Abba
2709 3923 2866 3980 Pater
2891 3925 3069 3997 (Rom.
3096 3945 3206 3995 VIII,
3240 3929 3345 3999 16).
3381 3930 3449 3985 Ut
3478 3933 3644 4000 igitur
3678 3937 3780 3992 ho-

2184 4020 2354 4074 mines
2384 4019 2476 4073 ﬁlii
2509 4019 2603 4074 Dei
2635 4017 2781 4082 ﬁant,
2808 4017 3000 4071 Filium
3033 4019 3127 4074 Dei
3159 4021 3373 4076 unicum
3397 4038 3492 4093 per
3512 4023 3685 4080 ﬁdem
3703 4044 3786 4084 re-

2185 4110 2409 4179 cipiunt,
2429 4116 2482 4164 et
2506 4109 2880 4178 ipsoudonante
2908 4109 3048 4164 hanc
3071 4110 3342 4180 accipiunt
3362 4112 3386 4149 ι¹
3421 4124 3780 4182 potestatem,

2185 4211 2245 4258 ut
2271 4212 2325 4258 et
2354 4204 2407 4256 in
2437 4217 2558 4257 eum
2587 4202 2829 4266 credant,
2879 4211 2933 4257 et
2970 4203 3035 4258 ad
3087 4220 3366 4260 numerum
3412 4206 3651 4264 ﬁliorum
3690 4213 3788 4269 Dei

2187 4295 2494 4363 pertineant
2527 4312 2538 4346 :
2575 4291 2831 4364 Quotquot
2863 4294 3004 4348 enim
3029 4306 3328 4366 receperunt
3358 4315 3491 4361 eum.
3528 4300 3682 4355 dedit
3713 4307 3786 4359 eis

2189 4401 2490 4461 potestatem
2517 4392 2655 4462 ﬁlios
2705 4391 2803 4445 Dei
2832 4393 2969 4462 ﬁeri,
3001 4393 3079 4447 Itis
3127 4396 3213 4464 qui
3242 4397 3458 4450 credunt
3484 4400 3536 4452 in
3570 4405 3790 4457 nomine

2191 4488 2302 4556 ejus
2350 4485 2539 4558 (Joan.
2584 4501 2618 4549 ι,
2656 4483 2865 4554 12).1ιι
2915 4500 3102 4540 eorum
3153 4487 3405 4544 cordibus
3458 4491 3550 4545 dat
3598 4493 3786 4564 legem

499 4584 677 4630 tamen
709 4576 848 4631 sicut
906 4578 1072 4632 Deum
1101 4577 1523 4645 glorilicantibus
1542 4620 1557 4644 ,
1605 4583 1842 4649 cognitio
1872 4584 1962 4638 illa
2003 4586 2084 4639 ni-
2114 4593 2164 4654 ι)
2190 4592 2361 4641 suam,
2395 4585 2449 4629 οι
2477 4576 2528 4629 in
2558 4574 2802 4629 SBﬂSibUS
2830 4591 3016 4630 eorum
3039 4577 3224 4631 scribit
3245 4594 3383 4645 eam.
3417 4581 3468 4635 id
3490 4591 3576 4636 est
3605 4584 3790 4655 legem

499 4667 575 4721 hil
638 4669 836 4738 proluit
890 4669 956 4722 ad
1003 4670 1269 4736 salutem,
1319 4672 1592 4740 quomodo
1649 4673 1703 4726 hi
1752 4683 2010 4744 poterunt
2059 4688 2087 4716 ει

500 4759 627 4827 justi
649 4774 767 4813 esse
807 4759 948 4832 apud
975 4759 1176 4826 Deum,
1208 4762 1300 4830 qui
1353 4762 1434 4818 sic
1483 4764 1536 4817 in
1587 4764 1698 4818 suis
1729 4766 1968 4822 moribus
2015 4777 2094 4822 at-

502 4864 610 4918 que
651 4850 903 4919 operibus
949 4851 1207 4907 bonitatis
1259 4853 1462 4922 aliquid
1503 4864 1747 4922 servant,
1781 4865 1840 4911 ut
1892 4859 1995 4914 hoc
2023 4861 2091 4915 ad

505 4940 666 4996 ﬁnem
711 4941 1028 4997 Christiana:
1077 4943 1199 4998 ﬁdei
1247 4946 1594 5016 caritatisque
1651 4964 1758 5003 non
1810 4950 2092 5006 referant?

504 5034 698 5104 quibus
719 5035 893 5104 aliqua
915 5036 1130 5104 quidem
1153 5038 1314 5105 bona,
1337 5052 1456 5107 qua:
1473 5039 1539 5093 ad
1556 5039 1832 5095 societatis
1844 5041 2090 5098 humanae

508 5125 670 5196 315
696 5127 965 5194 pertinent
988 5129 1317 5196 aequitatem,
1351 5129 1527 5185 inesse
1556 5138 1814 5200 possunt;
1840 5132 1934 5186 sed
1963 5134 2088 5202 quia

511 5231 620 5270 non
645 5215 745 5270 lide
773 5224 827 5271 et
854 5217 1076 5273 caritate
1098 5218 1123 5256 ι’
1149 5219 1243 5273 Dei
1262 5219 1414 5285 ﬁunt,
1441 5221 1694 5290 prodesse
1715 5238 1822 5276 non
1845 5234 2093 5292 possunt.

513 5304 720 5362 Etenim
752 5305 865 5363 ﬁeri
897 5315 1078 5378 potest
1126 5318 1185 5364 ut
1213 5311 1491 5381 quisquam
1523 5312 1690 5366 Deum
1739 5329 1857 5368 esse
1885 5314 2090 5380 credat,

514 5399 604 5466 qui
632 5397 797 5452 Deum
839 5415 944 5454 non
977 5398 1179 5468 diligit;
1211 5408 1263 5454 ut
1294 5410 1470 5455 autem
1501 5403 1782 5471 quisquam
1813 5405 1981 5460 Deum
2009 5406 2093 5460 di-

588 5587 610 5647 ξ’
644 5575 801 5647 ξὰἰιί,
831 5587 1122 5647 potuerunt.
1148 5576 1268 5639 Ms,
1299 5585 1557 5647 poterunt.

587 5645 613 5682 ιι
643 5644 802 5712 Editi,
830 5644 950 5716 quia
999 5665 1102 5701 non
1156 5644 1393 5701 caritate.
1428 5646 1546 5709 Ms.,
1580 5646 1700 5713 quia
1746 5663 1846 5700 non
1895 5647 1999 5711 ﬁde
2045 5657 2094 5702 et

515 5718 754 5775 caritate.

589 5797 611 5855 (ὲ
646 5783 701 5837 In
725 5785 867 5847 edd.,
891 5805 1015 5853 quos
1053 5803 1168 5855 spes
1194 5788 1324 5848 ideo,
1350 5796 1456 5841 etc.

584 5854 611 5893 τί
641 5855 699 5908 in
723 5858 932 5910 excusis
961 5853 1187 5910 habetur
1219 5859 1476 5924 accipiunt
1507 5873 1536 5908 (ι
1578 5853 1824 5921 Domino,
1870 5855 1926 5910 in
1967 5871 2092 5924 ωε..

2193 4675 2339 4742 ﬁdei,
2361 4690 2481 4743 quac
2511 4674 2770 4743 inspirata
2803 4673 3061 4742 justiﬁcat
3081 4718 3095 4741 ,
3125 4692 3231 4730 non
3280 4677 3453 4746 legem
3484 4679 3790 4752 factorum,

2193 4781 2311 4834 quae
2336 4766 2500 4821 etiam
2529 4765 2905 4820 observatores
2931 4782 3058 4821 suos
3088 4777 3110 4804 ε
3141 4768 3258 4822 sine
3278 4768 3618 4828 dubitatione
3649 4791 3794 4830 cono

2193 4860 2430 4915 demnat.

2269 4948 2398 5003 CAP.
2426 4963 2588 5001 xxvu.
2621 4945 2732 5000 Lex
2760 4948 3040 5018 factorum,
3064 4965 3179 5020 quce
3207 4953 3517 5006 naturaliter
3542 4970 3663 5010 esse
3691 4975 3790 5026 po-

2196 5052 2291 5096 test
2319 5043 2373 5094 in
2411 5039 2652 5094 cordibus
2675 5040 2986 5109 infidelium,
3017 5041 3081 5095 ab
3112 5043 3378 5111 impietate
3407 5061 3511 5099 non
3560 5047 3784 5106 liberat.

2196 5133 2366 5187 —52.
2398 5132 2530 5187 Nam
2559 5133 2649 5186 illa
2678 5147 2796 5202 qua:
2824 5133 2911 5188 lex
2940 5134 3204 5188 factorum
3233 5142 3334 5198 est,
3358 5151 3478 5205 quae
3507 5139 3794 5196 hominem

2197 5226 2491 5298 justiﬁeare
2518 5241 2628 5281 non
2651 5232 2849 5296 potest,
2887 5225 3013 5294 quia
3039 5242 3103 5280 ex
3123 5227 3361 5297 operibus
3383 5228 3514 5298 legis
3560 5247 3672 5286 non
3695 5235 3795 5305 ju-

2199 5317 2507 5390 stificabitur
2522 5319 2689 5372 omnis
2718 5330 2860 5382 caro,
2881 5324 3060 5386 potest
3078 5317 3293 5385 quidem
3316 5321 3640 5375 naturaliter
3665 5339 3792 5377 esse

2202 5420 2256 5467 et
2300 5413 2351 5465 in
2396 5410 2558 5467 corde
2586 5409 2824 5480 gentium
2852 5417 2907 5464 et
2935 5409 2989 5463 in
3036 5409 3199 5464 corde
3229 5410 3522 5466 inlidelium
3562 5412 3782 5470 Judzcoo

2237 5589 2637 5660 on'nabeturga
2683 5586 2936 5660 Domino,
2977 5588 3169 5660 melius
3212 5587 3466 5660 quidem:
3500 5592 3629 5660 quia
3659 5609 3788 5648 cum

2200 5660 2396 5741 dicitur
2419 5661 2529 5728 ipso
2560 5658 2786 5711 donante
2829 5658 3110 5727 accipiunt,
3140 5657 3336 5714 fruétra
3367 5657 3584 5716 additur
3611 5681 3643 5715 α
3678 5663 3796 5717 Do-

2201 5746 2360 5784 mmo.

2277 5809 2300 5836 ε·
2323 5797 2443 5865 Ms.,
2471 5801 2692 5870 factores
2716 5813 2852 5852 suos.
