  <div class='ocr_page' id='page_1' title='image "/cluster/home/n/w/nwhite01/storage/ocr_20150623/65/hvd.32044054128558/248.png"; bbox 0 0 4066 6346; ppageno 0'>
   <div class='ocr_carea' id='block_1_1' title="bbox 295 406 394 462">
    <p class='ocr_par' dir='ltr' id='par_1_1' title="bbox 295 406 394 462">
     <span class='ocr_line' id='line_1_1' title="bbox 295 406 394 462; baseline 0 0"><span class='ocrx_word' id='word_1_1' title='bbox 295 406 394 462; x_wconf 69' lang='grc' dir='ltr'><strong>ωε</strong></span> 
     </span>
    </p>
   </div>
   <div class='ocr_carea' id='block_1_2' title="bbox 1671 403 2193 463">
    <p class='ocr_par' dir='ltr' id='par_1_2' title="bbox 1671 403 2193 463">
     <span class='ocr_line' id='line_1_2' title="bbox 1671 403 2193 463; baseline 0.004 -4"><span class='ocrx_word' id='word_1_2' title='bbox 1671 403 1998 462; x_wconf 83' lang='lat' dir='ltr'><strong>EPISTOLA</strong></span> <span class='ocrx_word' id='word_1_3' title='bbox 2039 405 2193 463; x_wconf 83' lang='lat' dir='ltr'><strong>XVH.</strong></span> 
     </span>
    </p>
   </div>
   <div class='ocr_carea' id='block_1_3' title="bbox 3453 418 3559 473">
    <p class='ocr_par' dir='ltr' id='par_1_3' title="bbox 3453 418 3559 473">
     <span class='ocr_line' id='line_1_3' title="bbox 3453 418 3559 473; baseline 0.028 -3"><span class='ocrx_word' id='word_1_4' title='bbox 3453 418 3559 473; x_wconf 61' lang='lat'><strong>4.56</strong></span> 
     </span>
    </p>
   </div>
   <div class='ocr_carea' id='block_1_4' title="bbox 285 514 3560 589">
    <p class='ocr_par' dir='ltr' id='par_1_4' title="bbox 285 514 3560 589">
     <span class='ocr_line' id='line_1_4' title="bbox 285 514 3560 589; baseline -0.002 -13"><span class='ocrx_word' id='word_1_5' title='bbox 285 539 406 580; x_wconf 85' lang='lat' dir='ltr'><strong>rum</strong></span> <span class='ocrx_word' id='word_1_6' title='bbox 437 531 461 558; x_wconf 80' lang='grc' dir='ltr'><strong>ι</strong></span> <span class='ocrx_word' id='word_1_7' title='bbox 489 538 502 574; x_wconf 91' lang='lat'><strong>:</strong></span> <span class='ocrx_word' id='word_1_8' title='bbox 534 533 654 589; x_wconf 70' lang='lat' dir='ltr'><strong>qua:</strong></span> <span class='ocrx_word' id='word_1_9' title='bbox 683 526 859 573; x_wconf 89' lang='lat' dir='ltr'><strong>tamen</strong></span> <span class='ocrx_word' id='word_1_10' title='bbox 874 517 998 573; x_wconf 89' lang='lat' dir='ltr'><strong>sine</strong></span> <span class='ocrx_word' id='word_1_11' title='bbox 1021 516 1123 572; x_wconf 98' lang='lat' dir='ltr'><strong>ﬁde</strong></span> <span class='ocrx_word' id='word_1_12' title='bbox 1161 514 1360 572; x_wconf 78' lang='lat' dir='ltr'><strong>Christi</strong></span> <span class='ocrx_word' id='word_1_13' title='bbox 1385 516 1688 571; x_wconf 78' lang='lat' dir='ltr'><strong>nullatenus</strong></span> <span class='ocrx_word' id='word_1_14' title='bbox 1711 517 1875 586; x_wconf 86' lang='lat' dir='ltr'><strong>justi-</strong></span> <span class='ocrx_word' id='word_1_15' title='bbox 1911 518 1954 576; x_wconf 83' lang='lat' dir='ltr'><strong>A</strong></span> <span class='ocrx_word' id='word_1_16' title='bbox 1986 519 2110 573; x_wconf 87' lang='lat' dir='ltr'><strong>licat</strong></span> <span class='ocrx_word' id='word_1_17' title='bbox 2148 527 2336 588; x_wconf 86' lang='lat' dir='ltr'><strong>gentes</strong></span> <span class='ocrx_word' id='word_1_18' title='bbox 2377 520 2534 582; x_wconf 84' lang='lat' dir='ltr'><strong>Deus,</strong></span> <span class='ocrx_word' id='word_1_19' title='bbox 2567 527 2626 573; x_wconf 88' lang='lat' dir='ltr'><strong>ut</strong></span> <span class='ocrx_word' id='word_1_20' title='bbox 2672 519 2850 574; x_wconf 76' lang='lat' dir='ltr'><strong>dando</strong></span> <span class='ocrx_word' id='word_1_21' title='bbox 2879 522 3106 589; x_wconf 77' lang='lat' dir='ltr'><strong>gratiam</strong></span> <span class='ocrx_word' id='word_1_22' title='bbox 3137 533 3361 579; x_wconf 63' lang='lat' dir='ltr'><strong>renovet</strong></span> <span class='ocrx_word' id='word_1_23' title='bbox 3401 535 3560 580; x_wconf 54' lang='lat' dir='ltr'><strong>natu-</strong></span> 
     </span>
    </p>
   </div>
   <div class='ocr_carea' id='block_1_5' title="bbox 282 607 1866 680">
    <p class='ocr_par' dir='ltr' id='par_1_5' title="bbox 282 607 1866 680">
     <span class='ocr_line' id='line_1_5' title="bbox 282 607 1866 680; baseline -0.006 -11"><span class='ocrx_word' id='word_1_24' title='bbox 282 614 412 670; x_wconf 65' lang='lat' dir='ltr'><strong>ﬂeat</strong></span> <span class='ocrx_word' id='word_1_25' title='bbox 432 619 730 667; x_wconf 86' lang='lat' dir='ltr'><strong>sectatores</strong></span> <span class='ocrx_word' id='word_1_26' title='bbox 752 610 914 680; x_wconf 79' lang='lat'><strong>316</strong></span> <span class='ocrx_word' id='word_1_27' title='bbox 941 624 1086 672; x_wconf 86' lang='lat' dir='ltr'><strong>suos,</strong></span> <span class='ocrx_word' id='word_1_28' title='bbox 1117 609 1210 662; x_wconf 82' lang='lat' dir='ltr'><strong>sed</strong></span> <span class='ocrx_word' id='word_1_29' title='bbox 1240 623 1334 662; x_wconf 89' lang='lat' dir='ltr'><strong>eos</strong></span> <span class='ocrx_word' id='word_1_30' title='bbox 1363 615 1509 661; x_wconf 91' lang='lat' dir='ltr'><strong>tenet</strong></span> <span class='ocrx_word' id='word_1_31' title='bbox 1529 607 1743 661; x_wconf 90' lang='lat' dir='ltr'><strong>vinculo</strong></span> <span class='ocrx_word' id='word_1_32' title='bbox 1764 607 1866 660; x_wconf 85' lang='lat' dir='ltr'><strong>im-</strong></span> 
     </span>
    </p>
   </div>
   <div class='ocr_carea' id='block_1_6' title="bbox 285 696 1864 777">
    <p class='ocr_par' dir='ltr' id='par_1_6' title="bbox 285 696 1864 777">
     <span class='ocr_line' id='line_1_6' title="bbox 285 696 1864 777; baseline -0.006 -19"><span class='ocrx_word' id='word_1_33' title='bbox 285 705 502 777; x_wconf 73' lang='lat' dir='ltr'><strong>pietatis</strong></span> <span class='ocrx_word' id='word_1_34' title='bbox 531 701 839 756; x_wconf 89' lang='lat' dir='ltr'><strong>obstrictos.</strong></span> <span class='ocrx_word' id='word_1_35' title='bbox 873 699 994 752; x_wconf 76' lang='lat' dir='ltr'><strong>Ilaec</strong></span> <span class='ocrx_word' id='word_1_36' title='bbox 1037 699 1221 767; x_wconf 90' lang='lat' dir='ltr'><strong>utique</strong></span> <span class='ocrx_word' id='word_1_37' title='bbox 1259 698 1356 750; x_wconf 90' lang='lat' dir='ltr'><strong>luit</strong></span> <span class='ocrx_word' id='word_1_38' title='bbox 1387 698 1440 751; x_wconf 89' lang='lat' dir='ltr'><strong>in</strong></span> <span class='ocrx_word' id='word_1_39' title='bbox 1489 697 1651 751; x_wconf 91' lang='lat' dir='ltr'><strong>corde</strong></span> <span class='ocrx_word' id='word_1_40' title='bbox 1693 696 1864 763; x_wconf 83' lang='lat' dir='ltr'><strong>Pauli,</strong></span> 
     </span>
    </p>
   </div>
   <div class='ocr_carea' id='block_1_7' title="bbox 284 781 1868 865">
    <p class='ocr_par' dir='ltr' id='par_1_7' title="bbox 284 781 1868 865">
     <span class='ocr_line' id='line_1_7' title="bbox 284 781 1868 865; baseline -0.006 -16"><span class='ocrx_word' id='word_1_41' title='bbox 284 781 504 865; x_wconf 65' lang='lat' dir='ltr'><strong>quando</strong></span> <span class='ocrx_word' id='word_1_42' title='bbox 529 792 628 845; x_wconf 79' lang='lat' dir='ltr'><strong>fuit</strong></span> <span class='ocrx_word' id='word_1_43' title='bbox 655 789 977 853; x_wconf 88' lang='lat' dir='ltr'><strong>incredulus,</strong></span> <span class='ocrx_word' id='word_1_44' title='bbox 1010 788 1288 841; x_wconf 87' lang='lat' dir='ltr'><strong>secundum</strong></span> <span class='ocrx_word' id='word_1_45' title='bbox 1343 787 1722 841; x_wconf 83' lang='lat' dir='ltr'><strong>cemulationem</strong></span> <span class='ocrx_word' id='word_1_46' title='bbox 1751 803 1868 856; x_wconf 91' lang='lat' dir='ltr'><strong>per-</strong></span> 
     </span>
    </p>
   </div>
   <div class='ocr_carea' id='block_1_8' title="bbox 285 877 1867 958">
    <p class='ocr_par' dir='ltr' id='par_1_8' title="bbox 285 877 1867 958">
     <span class='ocr_line' id='line_1_8' title="bbox 285 877 1867 958; baseline -0.008 -18"><span class='ocrx_word' id='word_1_47' title='bbox 285 902 502 958; x_wconf 86' lang='lat' dir='ltr'><strong>sequens</strong></span> <span class='ocrx_word' id='word_1_48' title='bbox 525 881 811 936; x_wconf 87' lang='lat' dir='ltr'><strong>Ecclesiam</strong></span> <span class='ocrx_word' id='word_1_49' title='bbox 837 878 954 944; x_wconf 86' lang='lat' dir='ltr'><strong>Dei,</strong></span> <span class='ocrx_word' id='word_1_50' title='bbox 992 889 1045 932; x_wconf 92' lang='lat' dir='ltr'><strong>et</strong></span> <span class='ocrx_word' id='word_1_51' title='bbox 1065 878 1344 931; x_wconf 87' lang='lat' dir='ltr'><strong>secundum</strong></span> <span class='ocrx_word' id='word_1_52' title='bbox 1366 877 1646 946; x_wconf 80' lang='lat' dir='ltr'><strong>justitiam,</strong></span> <span class='ocrx_word' id='word_1_53' title='bbox 1679 893 1792 947; x_wconf 72' lang='lat' dir='ltr'><strong>qua:</strong></span> <span class='ocrx_word' id='word_1_54' title='bbox 1814 878 1867 929; x_wconf 87' lang='lat' dir='ltr'><strong>in</strong></span> 
     </span>
    </p>
   </div>
   <div class='ocr_carea' id='block_1_9' title="bbox 287 965 1862 1045">
    <p class='ocr_par' dir='ltr' id='par_1_9' title="bbox 287 965 1862 1045">
     <span class='ocr_line' id='line_1_9' title="bbox 287 965 1862 1045; baseline -0.006 -17"><span class='ocrx_word' id='word_1_55' title='bbox 287 980 398 1045; x_wconf 89' lang='lat' dir='ltr'><strong>lege</strong></span> <span class='ocrx_word' id='word_1_56' title='bbox 450 983 545 1038; x_wconf 85' lang='lat' dir='ltr'><strong>est,</strong></span> <span class='ocrx_word' id='word_1_57' title='bbox 596 979 925 1025; x_wconf 76' lang='lat' dir='ltr'><strong>conversatus</strong></span> <span class='ocrx_word' id='word_1_58' title='bbox 973 970 1087 1022; x_wconf 89' lang='lat' dir='ltr'><strong>sine</strong></span> <span class='ocrx_word' id='word_1_59' title='bbox 1143 968 1350 1038; x_wconf 87' lang='lat' dir='ltr'><strong>querela</strong></span> <span class='ocrx_word' id='word_1_60' title='bbox 1399 967 1576 1034; x_wconf 83' lang='lat' dir='ltr'><strong>(Rom.</strong></span> <span class='ocrx_word' id='word_1_61' title='bbox 1628 983 1704 1028; x_wconf 85' lang='grc' dir='ltr'><strong>ιιι,</strong></span> <span class='ocrx_word' id='word_1_62' title='bbox 1749 965 1862 1035; x_wconf 68' lang='grc'><strong>20).</strong></span> 
     </span>
    </p>
   </div>
   <div class='ocr_carea' id='block_1_10' title="bbox 289 1057 1865 1130">
    <p class='ocr_par' dir='ltr' id='par_1_10' title="bbox 289 1057 1865 1130">
     <span class='ocr_line' id='line_1_10' title="bbox 289 1057 1865 1130; baseline -0.006 -12"><span class='ocrx_word' id='word_1_63' title='bbox 289 1065 462 1130; x_wconf 88' lang='lat' dir='ltr'><strong>Quam</strong></span> <span class='ocrx_word' id='word_1_64' title='bbox 496 1071 672 1116; x_wconf 90' lang='lat' dir='ltr'><strong>tamen</strong></span> <span class='ocrx_word' id='word_1_65' title='bbox 719 1060 840 1129; x_wconf 85' lang='lat' dir='ltr'><strong>quia</strong></span> <span class='ocrx_word' id='word_1_66' title='bbox 873 1075 939 1112; x_wconf 81' lang='lat' dir='ltr'><strong>ex</strong></span> <span class='ocrx_word' id='word_1_67' title='bbox 971 1059 1080 1111; x_wconf 90' lang='lat' dir='ltr'><strong>Deo</strong></span> <span class='ocrx_word' id='word_1_68' title='bbox 1128 1073 1233 1112; x_wconf 91' lang='lat' dir='ltr'><strong>non</strong></span> <span class='ocrx_word' id='word_1_69' title='bbox 1282 1057 1486 1122; x_wconf 85' lang='lat' dir='ltr'><strong>habuit,</strong></span> <span class='ocrx_word' id='word_1_70' title='bbox 1521 1057 1641 1112; x_wconf 87' lang='lat' dir='ltr'><strong>ideo</strong></span> <span class='ocrx_word' id='word_1_71' title='bbox 1687 1057 1819 1111; x_wconf 87' lang='lat' dir='ltr'><strong>dicit</strong></span> <span class='ocrx_word' id='word_1_72' title='bbox 1854 1075 1865 1109; x_wconf 92' lang='lat'>:</span> 
     </span>
    </p>
   </div>
   <div class='ocr_carea' id='block_1_11' title="bbox 290 1148 1872 1223">
    <p class='ocr_par' dir='ltr' id='par_1_11' title="bbox 290 1148 1872 1223">
     <span class='ocr_line' id='line_1_11' title="bbox 290 1148 1872 1223; baseline -0.005 -15"><span class='ocrx_word' id='word_1_73' title='bbox 290 1155 420 1220; x_wconf 77' lang='lat' dir='ltr'><strong>Qua:</strong></span> <span class='ocrx_word' id='word_1_74' title='bbox 447 1154 570 1207; x_wconf 86' lang='lat' dir='ltr'><strong>mihi</strong></span> <span class='ocrx_word' id='word_1_75' title='bbox 603 1155 810 1223; x_wconf 88' lang='lat' dir='ltr'><strong>fuerunt</strong></span> <span class='ocrx_word' id='word_1_76' title='bbox 859 1150 1026 1215; x_wconf 87' lang='lat' dir='ltr'><strong>lucra,</strong></span> <span class='ocrx_word' id='word_1_77' title='bbox 1059 1149 1165 1200; x_wconf 74' lang='lat' dir='ltr'><strong>haec</strong></span> <span class='ocrx_word' id='word_1_78' title='bbox 1194 1148 1474 1201; x_wconf 81' lang='lat' dir='ltr'><strong>arbitratus</strong></span> <span class='ocrx_word' id='word_1_79' title='bbox 1524 1164 1634 1200; x_wconf 86' lang='lat' dir='ltr'><strong>sum</strong></span> <span class='ocrx_word' id='word_1_80' title='bbox 1664 1156 1872 1216; x_wconf 83' lang='lat' dir='ltr'><strong>propter</strong></span> 
     </span>
    </p>
   </div>
   <div class='ocr_carea' id='block_1_12' title="bbox 285 1239 1870 1309">
    <p class='ocr_par' dir='ltr' id='par_1_12' title="bbox 285 1239 1870 1309">
     <span class='ocr_line' id='line_1_12' title="bbox 285 1239 1870 1309; baseline -0.006 -10"><span class='ocrx_word' id='word_1_81' title='bbox 285 1246 550 1299; x_wconf 74' lang='lat' dir='ltr'><strong>Christum</strong></span> <span class='ocrx_word' id='word_1_82' title='bbox 606 1242 962 1309; x_wconf 83' lang='lat' dir='ltr'><strong>detrimenta:</strong></span> <span class='ocrx_word' id='word_1_83' title='bbox 1008 1247 1356 1292; x_wconf 82' lang='lat' dir='ltr'><strong>verumtamen</strong></span> <span class='ocrx_word' id='word_1_84' title='bbox 1404 1239 1640 1290; x_wconf 74' lang='lat' dir='ltr'><strong>existimo</strong></span> <span class='ocrx_word' id='word_1_85' title='bbox 1697 1239 1870 1290; x_wconf 82' lang='lat' dir='ltr'><strong>omnia</strong></span> 
     </span>
    </p>
   </div>
   <div class='ocr_carea' id='block_1_13' title="bbox 288 1327 1870 1399">
    <p class='ocr_par' dir='ltr' id='par_1_13' title="bbox 288 1327 1870 1399">
     <span class='ocr_line' id='line_1_13' title="bbox 288 1327 1870 1399; baseline -0.005 -10"><span class='ocrx_word' id='word_1_86' title='bbox 288 1337 651 1390; x_wconf 82' lang='lat' dir='ltr'><strong>detrimentum</strong></span> <span class='ocrx_word' id='word_1_87' title='bbox 695 1347 807 1384; x_wconf 88' lang='lat' dir='ltr'><strong>esse</strong></span> <span class='ocrx_word' id='word_1_88' title='bbox 843 1339 1052 1399; x_wconf 81' lang='lat' dir='ltr'><strong>propter</strong></span> <span class='ocrx_word' id='word_1_89' title='bbox 1079 1330 1382 1381; x_wconf 85' lang='lat' dir='ltr'><strong>eminentem</strong></span> <span class='ocrx_word' id='word_1_90' title='bbox 1432 1329 1702 1382; x_wconf 78' lang='lat' dir='ltr'><strong>scientiam</strong></span> <span class='ocrx_word' id='word_1_91' title='bbox 1746 1327 1870 1381; x_wconf 88' lang='lat' dir='ltr'><strong>Jesu</strong></span> 
     </span>
    </p>
   </div>
   <div class='ocr_carea' id='block_1_14' title="bbox 283 1417 1870 1487">
    <p class='ocr_par' dir='ltr' id='par_1_14' title="bbox 283 1417 1870 1487">
     <span class='ocr_line' id='line_1_14' title="bbox 283 1417 1870 1487; baseline -0.004 -11"><span class='ocrx_word' id='word_1_92' title='bbox 283 1424 484 1477; x_wconf 75' lang='lat' dir='ltr'><strong>Christi</strong></span> <span class='ocrx_word' id='word_1_93' title='bbox 511 1421 717 1474; x_wconf 86' lang='lat' dir='ltr'><strong>Domini</strong></span> <span class='ocrx_word' id='word_1_94' title='bbox 745 1419 867 1484; x_wconf 89' lang='lat' dir='ltr'><strong>mei,</strong></span> <span class='ocrx_word' id='word_1_95' title='bbox 895 1426 1102 1487; x_wconf 84' lang='lat' dir='ltr'><strong>propter</strong></span> <span class='ocrx_word' id='word_1_96' title='bbox 1134 1433 1280 1486; x_wconf 88' lang='lat' dir='ltr'><strong>quem</strong></span> <span class='ocrx_word' id='word_1_97' title='bbox 1309 1419 1482 1469; x_wconf 85' lang='lat' dir='ltr'><strong>omnia</strong></span> <span class='ocrx_word' id='word_1_98' title='bbox 1510 1417 1870 1472; x_wconf 86' lang='lat' dir='ltr'><strong>detrimentum</strong></span> 
     </span>
    </p>
   </div>
   <div class='ocr_carea' id='block_1_15' title="bbox 288 1504 1872 1584">
    <p class='ocr_par' dir='ltr' id='par_1_15' title="bbox 288 1504 1872 1584">
     <span class='ocr_line' id='line_1_15' title="bbox 288 1504 1872 1584; baseline -0.005 -18"><span class='ocrx_word' id='word_1_99' title='bbox 288 1515 388 1584; x_wconf 88' lang='lat' dir='ltr'><strong>feci</strong></span> <span class='ocrx_word' id='word_1_100' title='bbox 413 1522 462 1566; x_wconf 90' lang='lat' dir='ltr'><strong>et</strong></span> <span class='ocrx_word' id='word_1_101' title='bbox 490 1511 714 1572; x_wconf 79' lang='lat' dir='ltr'><strong>arbitror</strong></span> <span class='ocrx_word' id='word_1_102' title='bbox 732 1517 787 1561; x_wconf 88' lang='lat' dir='ltr'><strong>ut</strong></span> <span class='ocrx_word' id='word_1_103' title='bbox 815 1517 1067 1570; x_wconf 77' lang='lat' dir='ltr'><strong>stercora,</strong></span> <span class='ocrx_word' id='word_1_104' title='bbox 1100 1514 1153 1558; x_wconf 90' lang='lat' dir='ltr'><strong>ut</strong></span> <span class='ocrx_word' id='word_1_105' title='bbox 1185 1504 1443 1559; x_wconf 78' lang='lat' dir='ltr'><strong>Christum</strong></span> <span class='ocrx_word' id='word_1_106' title='bbox 1473 1507 1799 1577; x_wconf 87' lang='lat' dir='ltr'><strong>lucrifaciam</strong></span> <span class='ocrx_word' id='word_1_107' title='bbox 1823 1515 1872 1559; x_wconf 90' lang='lat' dir='ltr'><strong>et</strong></span> 
     </span>
    </p>
   </div>
   <div class='ocr_carea' id='block_1_16' title="bbox 286 1595 1872 1667">
    <p class='ocr_par' dir='ltr' id='par_1_16' title="bbox 286 1595 1872 1667">
     <span class='ocr_line' id='line_1_16' title="bbox 286 1595 1872 1667; baseline -0.007 -8"><span class='ocrx_word' id='word_1_108' title='bbox 286 1606 526 1659; x_wconf 79' lang='lat' dir='ltr'><strong>inveniar</strong></span> <span class='ocrx_word' id='word_1_109' title='bbox 556 1603 607 1654; x_wconf 89' lang='lat' dir='ltr'><strong>in</strong></span> <span class='ocrx_word' id='word_1_110' title='bbox 653 1601 742 1653; x_wconf 90' lang='lat' dir='ltr'><strong>illo</strong></span> <span class='ocrx_word' id='word_1_111' title='bbox 779 1615 881 1651; x_wconf 90' lang='lat' dir='ltr'><strong>non</strong></span> <span class='ocrx_word' id='word_1_112' title='bbox 912 1595 1104 1649; x_wconf 88' lang='lat' dir='ltr'><strong>habens</strong></span> <span class='ocrx_word' id='word_1_113' title='bbox 1135 1613 1302 1649; x_wconf 89' lang='lat' dir='ltr'><strong>meam</strong></span> <span class='ocrx_word' id='word_1_114' title='bbox 1345 1596 1622 1666; x_wconf 81' lang='lat' dir='ltr'><strong>justitiam,</strong></span> <span class='ocrx_word' id='word_1_115' title='bbox 1654 1613 1766 1667; x_wconf 76' lang='lat' dir='ltr'><strong>qua:</strong></span> <span class='ocrx_word' id='word_1_116' title='bbox 1807 1611 1872 1648; x_wconf 77' lang='lat' dir='ltr'><strong>ea:</strong></span> 
     </span>
    </p>
   </div>
   <div class='ocr_carea' id='block_1_17' title="bbox 283 1683 1871 1766">
    <p class='ocr_par' dir='ltr' id='par_1_17' title="bbox 283 1683 1871 1766">
     <span class='ocr_line' id='line_1_17' title="bbox 283 1683 1871 1766; baseline -0.006 -17"><span class='ocrx_word' id='word_1_117' title='bbox 283 1699 400 1766; x_wconf 82' lang='lat' dir='ltr'><strong>lege</strong></span> <span class='ocrx_word' id='word_1_118' title='bbox 425 1704 518 1757; x_wconf 87' lang='lat' dir='ltr'><strong>est,</strong></span> <span class='ocrx_word' id='word_1_119' title='bbox 545 1692 633 1746; x_wconf 92' lang='lat' dir='ltr'><strong>sed</strong></span> <span class='ocrx_word' id='word_1_120' title='bbox 661 1691 805 1743; x_wconf 82' lang='lat' dir='ltr'><strong>illam</strong></span> <span class='ocrx_word' id='word_1_121' title='bbox 827 1704 940 1759; x_wconf 72' lang='lat' dir='ltr'><strong>qua:</strong></span> <span class='ocrx_word' id='word_1_122' title='bbox 960 1695 1035 1740; x_wconf 89' lang='lat' dir='ltr'><strong>est</strong></span> <span class='ocrx_word' id='word_1_123' title='bbox 1057 1701 1119 1738; x_wconf 77' lang='lat' dir='ltr'><strong>ex</strong></span> <span class='ocrx_word' id='word_1_124' title='bbox 1147 1686 1251 1754; x_wconf 79' lang='lat' dir='ltr'><strong>[ide</strong></span> <span class='ocrx_word' id='word_1_125' title='bbox 1281 1683 1504 1751; x_wconf 87' lang='lat' dir='ltr'><strong>Christi,</strong></span> <span class='ocrx_word' id='word_1_126' title='bbox 1534 1703 1648 1754; x_wconf 66' lang='lat' dir='ltr'><strong>quae</strong></span> <span class='ocrx_word' id='word_1_127' title='bbox 1671 1703 1734 1740; x_wconf 77' lang='lat' dir='ltr'><strong>ea:</strong></span> <span class='ocrx_word' id='word_1_128' title='bbox 1762 1683 1871 1739; x_wconf 89' lang='lat' dir='ltr'><strong>Deo</strong></span> 
     </span>
    </p>
   </div>
   <div class='ocr_carea' id='block_1_18' title="bbox 291 1775 1868 1855">
    <p class='ocr_par' dir='ltr' id='par_1_18' title="bbox 291 1775 1868 1855">
     <span class='ocr_line' id='line_1_18' title="bbox 291 1775 1868 1855; baseline -0.006 -16"><span class='ocrx_word' id='word_1_129' title='bbox 291 1788 489 1855; x_wconf 76' lang='lat' dir='ltr'><strong>iustitia</strong></span> <span class='ocrx_word' id='word_1_130' title='bbox 519 1801 582 1838; x_wconf 73' lang='lat' dir='ltr'><strong>ex</strong></span> <span class='ocrx_word' id='word_1_131' title='bbox 605 1784 706 1852; x_wconf 83' lang='lat' dir='ltr'><strong>[ide</strong></span> <span class='ocrx_word' id='word_1_132' title='bbox 739 1781 807 1833; x_wconf 90' lang='lat' dir='ltr'><strong>ad</strong></span> <span class='ocrx_word' id='word_1_133' title='bbox 849 1778 1257 1850; x_wconf 88' lang='lat' dir='ltr'><strong>cognoscendum</strong></span> <span class='ocrx_word' id='word_1_134' title='bbox 1293 1779 1438 1830; x_wconf 90' lang='lat' dir='ltr'><strong>illum</strong></span> <span class='ocrx_word' id='word_1_135' title='bbox 1463 1777 1680 1849; x_wconf 86' lang='lat' dir='ltr'><strong>(Philip.</strong></span> <span class='ocrx_word' id='word_1_136' title='bbox 1710 1793 1786 1842; x_wconf 91' lang='grc' dir='ltr'>ιιι,</span> <span class='ocrx_word' id='word_1_137' title='bbox 1816 1775 1868 1842; x_wconf 87' lang='grc'><strong>6,</strong></span> 
     </span>
    </p>
   </div>
   <div class='ocr_carea' id='block_1_19' title="bbox 283 1875 662 1944">
    <p class='ocr_par' dir='ltr' id='par_1_19' title="bbox 283 1875 662 1944">
     <span class='ocr_line' id='line_1_19' title="bbox 283 1875 662 1944; baseline -0.021 -12"><span class='ocrx_word' id='word_1_138' title='bbox 283 1877 420 1943; x_wconf 82' lang='lat'><strong>7,8,</strong></span> <span class='ocrx_word' id='word_1_139' title='bbox 451 1875 502 1940; x_wconf 84' lang='lat'><strong>9,</strong></span> <span class='ocrx_word' id='word_1_140' title='bbox 549 1875 662 1944; x_wconf 83' lang='grc' dir='ltr'><strong>ιο).</strong></span> 
     </span>
    </p>
   </div>
   <div class='ocr_carea' id='block_1_20' title="bbox 362 1959 1875 2031">
    <p class='ocr_par' dir='ltr' id='par_1_20' title="bbox 362 1959 1875 2031">
     <span class='ocr_line' id='line_1_20' title="bbox 362 1959 1875 2031; baseline -0.005 -12"><span class='ocrx_word' id='word_1_141' title='bbox 362 1966 447 2019; x_wconf 79' lang='lat'><strong>53.</strong></span> <span class='ocrx_word' id='word_1_142' title='bbox 481 1964 608 2031; x_wconf 87' lang='lat' dir='ltr'><strong>Quis</strong></span> <span class='ocrx_word' id='word_1_143' title='bbox 639 1978 743 2017; x_wconf 93' lang='lat' dir='ltr'><strong>non</strong></span> <span class='ocrx_word' id='word_1_144' title='bbox 772 1961 859 2016; x_wconf 90' lang='lat' dir='ltr'><strong>his</strong></span> <span class='ocrx_word' id='word_1_145' title='bbox 885 1961 1064 2015; x_wconf 80' lang='lat' dir='ltr'><strong>verbis</strong></span> <span class='ocrx_word' id='word_1_146' title='bbox 1089 1959 1396 2030; x_wconf 85' lang='lat' dir='ltr'><strong>apostolicis</strong></span> <span class='ocrx_word' id='word_1_147' title='bbox 1416 1959 1875 2028; x_wconf 88' lang='lat' dir='ltr'><strong>videatjustitiam</strong></span> 
     </span>
    </p>
   </div>
   <div class='ocr_carea' id='block_1_21' title="bbox 286 2049 1876 2132">
    <p class='ocr_par' dir='ltr' id='par_1_21' title="bbox 286 2049 1876 2132">
     <span class='ocr_line' id='line_1_21' title="bbox 286 2049 1876 2132; baseline -0.008 -19"><span class='ocrx_word' id='word_1_148' title='bbox 286 2074 414 2132; x_wconf 69' lang='lat' dir='ltr'><strong>quae</strong></span> <span class='ocrx_word' id='word_1_149' title='bbox 441 2073 506 2111; x_wconf 79' lang='lat' dir='ltr'><strong>ex</strong></span> <span class='ocrx_word' id='word_1_150' title='bbox 555 2057 672 2123; x_wconf 83' lang='lat' dir='ltr'><strong>lege</strong></span> <span class='ocrx_word' id='word_1_151' title='bbox 701 2061 782 2108; x_wconf 91' lang='lat' dir='ltr'><strong>est</strong></span> <span class='ocrx_word' id='word_1_152' title='bbox 812 2067 932 2107; x_wconf 90' lang='lat' dir='ltr'><strong>esse</strong></span> <span class='ocrx_word' id='word_1_153' title='bbox 962 2067 1029 2105; x_wconf 84' lang='lat' dir='ltr'><strong>ex</strong></span> <span class='ocrx_word' id='word_1_154' title='bbox 1055 2051 1292 2114; x_wconf 89' lang='lat' dir='ltr'><strong>homine,</strong></span> <span class='ocrx_word' id='word_1_155' title='bbox 1319 2049 1581 2119; x_wconf 88' lang='lat' dir='ltr'><strong>justitiam</strong></span> <span class='ocrx_word' id='word_1_156' title='bbox 1607 2065 1733 2103; x_wconf 87' lang='lat' dir='ltr'><strong>vero</strong></span> <span class='ocrx_word' id='word_1_157' title='bbox 1759 2063 1876 2118; x_wconf 66' lang='lat' dir='ltr'><strong>quae</strong></span> 
     </span>
    </p>
   </div>
   <div class='ocr_carea' id='block_1_22' title="bbox 293 2137 1877 2206">
    <p class='ocr_par' dir='ltr' id='par_1_22' title="bbox 293 2137 1877 2206">
     <span class='ocr_line' id='line_1_22' title="bbox 293 2137 1877 2206; baseline -0.006 -5"><span class='ocrx_word' id='word_1_158' title='bbox 293 2164 363 2202; x_wconf 82' lang='lat' dir='ltr'><strong>ex</strong></span> <span class='ocrx_word' id='word_1_159' title='bbox 387 2145 490 2198; x_wconf 85' lang='lat' dir='ltr'><strong>ﬁde</strong></span> <span class='ocrx_word' id='word_1_160' title='bbox 519 2142 717 2197; x_wconf 82' lang='lat' dir='ltr'><strong>Christi</strong></span> <span class='ocrx_word' id='word_1_161' title='bbox 749 2150 830 2195; x_wconf 89' lang='lat' dir='ltr'><strong>est</strong></span> <span class='ocrx_word' id='word_1_162' title='bbox 874 2156 982 2194; x_wconf 89' lang='lat' dir='ltr'><strong>non</strong></span> <span class='ocrx_word' id='word_1_163' title='bbox 1013 2155 1130 2193; x_wconf 87' lang='lat' dir='ltr'><strong>esse</strong></span> <span class='ocrx_word' id='word_1_164' title='bbox 1153 2139 1252 2192; x_wconf 90' lang='lat' dir='ltr'><strong>nisi</strong></span> <span class='ocrx_word' id='word_1_165' title='bbox 1283 2155 1348 2192; x_wconf 87' lang='lat' dir='ltr'><strong>ex</strong></span> <span class='ocrx_word' id='word_1_166' title='bbox 1379 2138 1522 2193; x_wconf 86' lang='lat' dir='ltr'><strong>Deo?</strong></span> <span class='ocrx_word' id='word_1_167' title='bbox 1553 2137 1644 2191; x_wconf 93' lang='lat' dir='ltr'><strong>llla</strong></span> <span class='ocrx_word' id='word_1_168' title='bbox 1673 2146 1754 2193; x_wconf 88' lang='lat' dir='ltr'><strong>est</strong></span> <span class='ocrx_word' id='word_1_169' title='bbox 1777 2138 1877 2206; x_wconf 88' lang='lat' dir='ltr'><strong>igi-</strong></span> 
     </span>
    </p>
   </div>
   <div class='ocr_carea' id='block_1_23' title="bbox 289 2227 1879 2305">
    <p class='ocr_par' dir='ltr' id='par_1_23' title="bbox 289 2227 1879 2305">
     <span class='ocr_line' id='line_1_23' title="bbox 289 2227 1879 2305; baseline -0.007 -14"><span class='ocrx_word' id='word_1_170' title='bbox 289 2248 383 2291; x_wconf 83' lang='lat' dir='ltr'><strong>tur</strong></span> <span class='ocrx_word' id='word_1_171' title='bbox 406 2234 614 2305; x_wconf 88' lang='lat' dir='ltr'><strong>justilia</strong></span> <span class='ocrx_word' id='word_1_172' title='bbox 647 2247 743 2302; x_wconf 90' lang='lat' dir='ltr'><strong>per</strong></span> <span class='ocrx_word' id='word_1_173' title='bbox 770 2246 930 2301; x_wconf 86' lang='lat' dir='ltr'><strong>quam</strong></span> <span class='ocrx_word' id='word_1_174' title='bbox 961 2230 1156 2299; x_wconf 90' lang='lat' dir='ltr'><strong>impius</strong></span> <span class='ocrx_word' id='word_1_175' title='bbox 1179 2229 1402 2296; x_wconf 83' lang='lat' dir='ltr'><strong>erigitur</strong></span> <span class='ocrx_word' id='word_1_176' title='bbox 1422 2235 1480 2282; x_wconf 92' lang='lat' dir='ltr'><strong>ut</strong></span> <span class='ocrx_word' id='word_1_177' title='bbox 1506 2227 1662 2283; x_wconf 83' lang='lat' dir='ltr'><strong>cadat</strong></span> <span class='ocrx_word' id='word_1_178' title='bbox 1690 2229 1742 2282; x_wconf 90' lang='lat' dir='ltr'><strong>in</strong></span> <span class='ocrx_word' id='word_1_179' title='bbox 1772 2244 1879 2298; x_wconf 78' lang='lat' dir='ltr'><strong>pa:-</strong></span> 
     </span>
    </p>
   </div>
   <div class='ocr_carea' id='block_1_24' title="bbox 291 2317 1919 2393">
    <p class='ocr_par' dir='ltr' id='par_1_24' title="bbox 291 2317 1919 2393">
     <span class='ocr_line' id='line_1_24' title="bbox 291 2317 1919 2393; baseline -0.005 -14"><span class='ocrx_word' id='word_1_180' title='bbox 291 2340 446 2393; x_wconf 88' lang='lat' dir='ltr'><strong>nam,</strong></span> <span class='ocrx_word' id='word_1_181' title='bbox 477 2325 576 2377; x_wconf 84' lang='lat' dir='ltr'><strong>ista</strong></span> <span class='ocrx_word' id='word_1_182' title='bbox 598 2330 778 2376; x_wconf 89' lang='lat' dir='ltr'><strong>autem</strong></span> <span class='ocrx_word' id='word_1_183' title='bbox 800 2327 884 2375; x_wconf 90' lang='lat' dir='ltr'><strong>est</strong></span> <span class='ocrx_word' id='word_1_184' title='bbox 907 2335 1004 2388; x_wconf 90' lang='lat' dir='ltr'><strong>per</strong></span> <span class='ocrx_word' id='word_1_185' title='bbox 1024 2334 1184 2388; x_wconf 92' lang='lat' dir='ltr'><strong>quam</strong></span> <span class='ocrx_word' id='word_1_186' title='bbox 1227 2317 1545 2386; x_wconf 88' lang='lat' dir='ltr'><strong>justilicatus</strong></span> <span class='ocrx_word' id='word_1_187' title='bbox 1573 2319 1919 2384; x_wconf 81' lang='lat' dir='ltr'><strong>humiliatur,</strong></span> 
     </span>
    </p>
   </div>
   <div class='ocr_carea' id='block_1_25' title="bbox 293 2409 1879 2481">
    <p class='ocr_par' dir='ltr' id='par_1_25' title="bbox 293 2409 1879 2481">
     <span class='ocr_line' id='line_1_25' title="bbox 293 2409 1879 2481; baseline -0.004 -11"><span class='ocrx_word' id='word_1_188' title='bbox 293 2425 353 2471; x_wconf 91' lang='lat' dir='ltr'><strong>ut</strong></span> <span class='ocrx_word' id='word_1_189' title='bbox 382 2415 654 2470; x_wconf 84' lang='lat' dir='ltr'><strong>exaltetur</strong></span> <span class='ocrx_word' id='word_1_190' title='bbox 676 2412 742 2466; x_wconf 88' lang='lat' dir='ltr'><strong>ad</strong></span> <span class='ocrx_word' id='word_1_191' title='bbox 763 2412 1006 2481; x_wconf 81' lang='lat' dir='ltr'><strong>gloriam.</strong></span> <span class='ocrx_word' id='word_1_192' title='bbox 1034 2409 1160 2463; x_wconf 86' lang='lat' dir='ltr'><strong>Ideo</strong></span> <span class='ocrx_word' id='word_1_193' title='bbox 1190 2425 1310 2464; x_wconf 92' lang='lat' dir='ltr'><strong>cum</strong></span> <span class='ocrx_word' id='word_1_194' title='bbox 1338 2410 1390 2462; x_wconf 91' lang='lat' dir='ltr'><strong>in</strong></span> <span class='ocrx_word' id='word_1_195' title='bbox 1423 2409 1511 2462; x_wconf 92' lang='lat' dir='ltr'><strong>illa</strong></span> <span class='ocrx_word' id='word_1_196' title='bbox 1532 2424 1651 2477; x_wconf 72' lang='lat' dir='ltr'><strong>qua:</strong></span> <span class='ocrx_word' id='word_1_197' title='bbox 1675 2425 1742 2463; x_wconf 81' lang='lat' dir='ltr'><strong>ex</strong></span> <span class='ocrx_word' id='word_1_198' title='bbox 1763 2409 1879 2477; x_wconf 85' lang='lat' dir='ltr'><strong>lege</strong></span> 
     </span>
    </p>
   </div>
   <div class='ocr_carea' id='block_1_26' title="bbox 284 2497 1880 2573">
    <p class='ocr_par' dir='ltr' id='par_1_26' title="bbox 284 2497 1880 2573">
     <span class='ocr_line' id='line_1_26' title="bbox 284 2497 1880 2573; baseline -0.006 -11"><span class='ocrx_word' id='word_1_199' title='bbox 284 2515 380 2562; x_wconf 85' lang='lat' dir='ltr'><strong>est</strong></span> <span class='ocrx_word' id='word_1_200' title='bbox 435 2506 553 2561; x_wconf 87' lang='lat' dir='ltr'><strong>sine</strong></span> <span class='ocrx_word' id='word_1_201' title='bbox 582 2503 802 2573; x_wconf 85' lang='lat' dir='ltr'><strong>querela</strong></span> <span class='ocrx_word' id='word_1_202' title='bbox 831 2509 1244 2556; x_wconf 84' lang='lat' dir='ltr'><strong>conversaretur</strong></span> <span class='ocrx_word' id='word_1_203' title='bbox 1290 2498 1599 2568; x_wconf 85' lang='lat' dir='ltr'><strong>Apostolus,</strong></span> <span class='ocrx_word' id='word_1_204' title='bbox 1630 2497 1794 2552; x_wconf 79' lang='lat' dir='ltr'><strong>fuisse</strong></span> <span class='ocrx_word' id='word_1_205' title='bbox 1820 2513 1880 2553; x_wconf 90' lang='lat' dir='ltr'><strong>se</strong></span> 
     </span>
    </p>
   </div>
   <div class='ocr_carea' id='block_1_27' title="bbox 290 2589 1880 2668">
    <p class='ocr_par' dir='ltr' id='par_1_27' title="bbox 290 2589 1880 2668">
     <span class='ocr_line' id='line_1_27' title="bbox 290 2589 1880 2668; baseline -0.006 -14"><span class='ocrx_word' id='word_1_206' title='bbox 290 2597 518 2668; x_wconf 83' lang='lat' dir='ltr'><strong>impium</strong></span> <span class='ocrx_word' id='word_1_207' title='bbox 570 2611 677 2649; x_wconf 88' lang='lat' dir='ltr'><strong>non</strong></span> <span class='ocrx_word' id='word_1_208' title='bbox 707 2601 897 2662; x_wconf 83' lang='lat' dir='ltr'><strong>negat,</strong></span> <span class='ocrx_word' id='word_1_209' title='bbox 929 2593 1112 2647; x_wconf 89' lang='lat' dir='ltr'><strong>dicens</strong></span> <span class='ocrx_word' id='word_1_210' title='bbox 1146 2610 1157 2643; x_wconf 92' lang='lat'>:</span> <span class='ocrx_word' id='word_1_211' title='bbox 1195 2590 1267 2664; x_wconf 65' lang='lat' dir='ltr'><strong>Ut</strong></span> <span class='ocrx_word' id='word_1_212' title='bbox 1291 2591 1412 2662; x_wconf 82' lang='lat' dir='ltr'><strong>quid</strong></span> <span class='ocrx_word' id='word_1_213' title='bbox 1461 2592 1597 2643; x_wconf 88' lang='lat' dir='ltr'><strong>enim</strong></span> <span class='ocrx_word' id='word_1_214' title='bbox 1645 2589 1880 2644; x_wconf 82' lang='lat' dir='ltr'><strong>Christus</strong></span> 
     </span>
    </p>
   </div>
   <div class='ocr_carea' id='block_1_28' title="bbox 289 2683 1878 2758">
    <p class='ocr_par' dir='ltr' id='par_1_28' title="bbox 289 2683 1878 2758">
     <span class='ocr_line' id='line_1_28' title="bbox 289 2683 1878 2758; baseline -0.006 -13"><span class='ocrx_word' id='word_1_215' title='bbox 289 2709 409 2746; x_wconf 76' lang='lat' dir='ltr'><strong>cum</strong></span> <span class='ocrx_word' id='word_1_216' title='bbox 431 2689 599 2743; x_wconf 90' lang='lat' dir='ltr'><strong>adhuc</strong></span> <span class='ocrx_word' id='word_1_217' title='bbox 626 2687 825 2758; x_wconf 84' lang='lat' dir='ltr'><strong>inﬁrmi</strong></span> <span class='ocrx_word' id='word_1_218' title='bbox 864 2701 1085 2740; x_wconf 83' lang='lat' dir='ltr'><strong>essemus</strong></span> <span class='ocrx_word' id='word_1_219' title='bbox 1118 2683 1396 2738; x_wconf 85' lang='lat' dir='ltr'><strong>secundum</strong></span> <span class='ocrx_word' id='word_1_220' title='bbox 1428 2692 1619 2752; x_wconf 86' lang='lat' dir='ltr'><strong>tempus</strong></span> <span class='ocrx_word' id='word_1_221' title='bbox 1657 2699 1750 2754; x_wconf 91' lang='lat' dir='ltr'><strong>pro</strong></span> <span class='ocrx_word' id='word_1_222' title='bbox 1779 2685 1878 2736; x_wconf 85' lang='lat' dir='ltr'><strong>im-</strong></span> 
     </span>
    </p>
   </div>
   <div class='ocr_carea' id='block_1_29' title="bbox 291 2774 1880 2850">
    <p class='ocr_par' dir='ltr' id='par_1_29' title="bbox 291 2774 1880 2850">
     <span class='ocr_line' id='line_1_29' title="bbox 291 2774 1880 2850; baseline -0.003 -16"><span class='ocrx_word' id='word_1_223' title='bbox 291 2783 395 2850; x_wconf 87' lang='lat' dir='ltr'><strong>piis</strong></span> <span class='ocrx_word' id='word_1_224' title='bbox 427 2789 657 2832; x_wconf 88' lang='lat' dir='ltr'><strong>mortuus</strong></span> <span class='ocrx_word' id='word_1_225' title='bbox 686 2786 763 2830; x_wconf 86' lang='lat' dir='ltr'><strong>est</strong></span> <span class='ocrx_word' id='word_1_226' title='bbox 794 2775 970 2839; x_wconf 86' lang='lat' dir='ltr'><strong>(Rom.</strong></span> <span class='ocrx_word' id='word_1_227' title='bbox 1004 2792 1063 2841; x_wconf 93' lang='lat' dir='ltr'><strong>v,</strong></span> <span class='ocrx_word' id='word_1_228' title='bbox 1090 2774 1184 2842; x_wconf 85' lang='lat'><strong>6)?</strong></span> <span class='ocrx_word' id='word_1_229' title='bbox 1214 2774 1491 2830; x_wconf 83' lang='lat' dir='ltr'><strong>Inimicum</strong></span> <span class='ocrx_word' id='word_1_230' title='bbox 1540 2791 1755 2846; x_wconf 90' lang='lat' dir='ltr'><strong>quoque</strong></span> <span class='ocrx_word' id='word_1_231' title='bbox 1784 2775 1880 2831; x_wconf 91' lang='lat' dir='ltr'><strong>Dei</strong></span> 
     </span>
    </p>
   </div>
   <div class='ocr_carea' id='block_1_30' title="bbox 295 2864 1901 2933">
    <p class='ocr_par' dir='ltr' id='par_1_30' title="bbox 295 2864 1901 2933">
     <span class='ocr_line' id='line_1_30' title="bbox 295 2864 1901 2933; baseline -0.003 -9"><span class='ocrx_word' id='word_1_232' title='bbox 295 2886 356 2924; x_wconf 88' lang='lat' dir='ltr'><strong>se</strong></span> <span class='ocrx_word' id='word_1_233' title='bbox 385 2869 549 2923; x_wconf 81' lang='lat' dir='ltr'><strong>fuisse</strong></span> <span class='ocrx_word' id='word_1_234' title='bbox 596 2867 857 2921; x_wconf 71' lang='lat' dir='ltr'><strong>veraciter</strong></span> <span class='ocrx_word' id='word_1_235' title='bbox 899 2865 1185 2920; x_wconf 82' lang='lat' dir='ltr'><strong>conﬁtetur</strong></span> <span class='ocrx_word' id='word_1_236' title='bbox 1225 2864 1408 2918; x_wconf 88' lang='lat' dir='ltr'><strong>dicens</strong></span> <span class='ocrx_word' id='word_1_237' title='bbox 1440 2883 1452 2917; x_wconf 89' lang='lat'><strong>:</strong></span> <span class='ocrx_word' id='word_1_238' title='bbox 1486 2865 1547 2918; x_wconf 88' lang='lat' dir='ltr'><strong>Si</strong></span> <span class='ocrx_word' id='word_1_239' title='bbox 1576 2866 1731 2931; x_wconf 86' lang='lat' dir='ltr'><strong>enim,</strong></span> <span class='ocrx_word' id='word_1_240' title='bbox 1765 2882 1901 2933; x_wconf 34' lang='lat' dir='ltr'><strong>cum.</strong></span> 
     </span>
    </p>
   </div>
   <div class='ocr_carea' id='block_1_31' title="bbox 291 2956 1880 3028">
    <p class='ocr_par' dir='ltr' id='par_1_31' title="bbox 291 2956 1880 3028">
     <span class='ocr_line' id='line_1_31' title="bbox 291 2956 1880 3028; baseline -0.002 -12"><span class='ocrx_word' id='word_1_241' title='bbox 291 2963 498 3017; x_wconf 79' lang='lat' dir='ltr'><strong>inimici</strong></span> <span class='ocrx_word' id='word_1_242' title='bbox 524 2976 767 3014; x_wconf 65' lang='lat' dir='ltr'><strong>essemus.</strong></span> <span class='ocrx_word' id='word_1_243' title='bbox 804 2958 1124 3013; x_wconf 69' lang='lat' dir='ltr'><strong>reconciliati</strong></span> <span class='ocrx_word' id='word_1_244' title='bbox 1151 2973 1324 3012; x_wconf 89' lang='lat' dir='ltr'><strong>sumus</strong></span> <span class='ocrx_word' id='word_1_245' title='bbox 1371 2956 1482 3011; x_wconf 90' lang='lat' dir='ltr'><strong>Deo</strong></span> <span class='ocrx_word' id='word_1_246' title='bbox 1528 2975 1619 3028; x_wconf 91' lang='lat' dir='ltr'><strong>per</strong></span> <span class='ocrx_word' id='word_1_247' title='bbox 1664 2967 1880 3013; x_wconf 89' lang='lat' dir='ltr'><strong>mortem</strong></span> 
     </span>
    </p>
   </div>
   <div class='ocr_carea' id='block_1_32' title="bbox 295 3049 1881 3122">
    <p class='ocr_par' dir='ltr' id='par_1_32' title="bbox 295 3049 1881 3122">
     <span class='ocr_line' id='line_1_32' title="bbox 295 3049 1881 3122; baseline -0.001 -17"><span class='ocrx_word' id='word_1_248' title='bbox 295 3051 428 3106; x_wconf 76' lang='lat' dir='ltr'><strong>Filii</strong></span> <span class='ocrx_word' id='word_1_249' title='bbox 447 3068 578 3122; x_wconf 77' lang='lat' dir='ltr'><strong>ejus,</strong></span> <span class='ocrx_word' id='word_1_250' title='bbox 604 3049 762 3104; x_wconf 72' lang='lat' dir='ltr'><strong>multo</strong></span> <span class='ocrx_word' id='word_1_251' title='bbox 789 3053 950 3120; x_wconf 49' lang='lat' dir='ltr'><strong>stragis</strong></span> <span class='ocrx_word' id='word_1_252' title='bbox 974 3049 1292 3102; x_wconf 80' lang='lat' dir='ltr'><strong>reconciliati</strong></span> <span class='ocrx_word' id='word_1_253' title='bbox 1319 3049 1447 3102; x_wconf 81' lang='lat' dir='ltr'><strong>salvi</strong></span> <span class='ocrx_word' id='word_1_254' title='bbox 1470 3050 1658 3103; x_wconf 82' lang='lat' dir='ltr'><strong>erimus</strong></span> <span class='ocrx_word' id='word_1_255' title='bbox 1688 3051 1741 3104; x_wconf 88' lang='lat' dir='ltr'><strong>in</strong></span> <span class='ocrx_word' id='word_1_256' title='bbox 1777 3051 1881 3103; x_wconf 83' lang='lat' dir='ltr'><strong>vita</strong></span> 
     </span>
    </p>
   </div>
   <div class='ocr_carea' id='block_1_33' title="bbox 294 3138 1883 3216">
    <p class='ocr_par' dir='ltr' id='par_1_33' title="bbox 294 3138 1883 3216">
     <span class='ocr_line' id='line_1_33' title="bbox 294 3138 1883 3216; baseline -0.001 -20"><span class='ocrx_word' id='word_1_257' title='bbox 294 3146 460 3216; x_wconf 75' lang='lat' dir='ltr'><strong>ipsius</strong></span> <span class='ocrx_word' id='word_1_258' title='bbox 480 3143 542 3195; x_wconf 81' lang='lat' dir='ltr'><strong>ab</strong></span> <span class='ocrx_word' id='word_1_259' title='bbox 565 3149 644 3195; x_wconf 75' lang='lat' dir='ltr'><strong>ira</strong></span> <span class='ocrx_word' id='word_1_260' title='bbox 669 3159 757 3210; x_wconf 83' lang='lat' dir='ltr'><strong>per</strong></span> <span class='ocrx_word' id='word_1_261' title='bbox 775 3143 938 3211; x_wconf 70' lang='lat' dir='ltr'><strong>ipsum</strong></span> <span class='ocrx_word' id='word_1_262' title='bbox 955 3139 1140 3206; x_wconf 71' lang='lat' dir='ltr'><strong>(Ibid,</strong></span> <span class='ocrx_word' id='word_1_263' title='bbox 1160 3139 1271 3216; x_wconf 76' lang='lat'><strong>19).</strong></span> <span class='ocrx_word' id='word_1_264' title='bbox 1295 3138 1434 3206; x_wconf 87' lang='lat' dir='ltr'><strong>Quid</strong></span> <span class='ocrx_word' id='word_1_265' title='bbox 1455 3154 1583 3208; x_wconf 85' lang='lat' dir='ltr'><strong>ergo</strong></span> <span class='ocrx_word' id='word_1_266' title='bbox 1603 3140 1883 3210; x_wconf 86' lang='lat' dir='ltr'><strong>prodesset</strong></span> 
     </span>
    </p>
   </div>
   <div class='ocr_carea' id='block_1_34' title="bbox 1971 599 3562 683">
    <p class='ocr_par' dir='ltr' id='par_1_34' title="bbox 1971 599 3562 683">
     <span class='ocr_line' id='line_1_34' title="bbox 1971 599 3562 683; baseline 0.006 -23"><span class='ocrx_word' id='word_1_267' title='bbox 1971 623 2106 662; x_wconf 90' lang='lat' dir='ltr'><strong>ram.</strong></span> <span class='ocrx_word' id='word_1_268' title='bbox 2137 607 2427 662; x_wconf 88' lang='lat' dir='ltr'><strong>Caritatem</strong></span> <span class='ocrx_word' id='word_1_269' title='bbox 2458 599 2679 677; x_wconf 71' lang='lat' dir='ltr'><strong>quip&#39;pe,</strong></span> <span class='ocrx_word' id='word_1_270' title='bbox 2704 623 2823 677; x_wconf 71' lang='lat' dir='ltr'><strong>qua:</strong></span> <span class='ocrx_word' id='word_1_271' title='bbox 2842 610 3107 678; x_wconf 85' lang='lat' dir='ltr'><strong>plenitudo</strong></span> <span class='ocrx_word' id='word_1_272' title='bbox 3136 621 3210 665; x_wconf 79' lang='lat' dir='ltr'><strong>est</strong></span> <span class='ocrx_word' id='word_1_273' title='bbox 3238 612 3364 683; x_wconf 81' lang='lat' dir='ltr'><strong>legis</strong></span> <span class='ocrx_word' id='word_1_274' title='bbox 3383 613 3562 682; x_wconf 77' lang='lat' dir='ltr'><strong>(Rom.</strong></span> 
     </span>
    </p>
   </div>
   <div class='ocr_carea' id='block_1_35' title="bbox 1973 697 3560 768">
    <p class='ocr_par' dir='ltr' id='par_1_35' title="bbox 1973 697 3560 768">
     <span class='ocr_line' id='line_1_35' title="bbox 1973 697 3560 768; baseline 0.004 -17"><span class='ocrx_word' id='word_1_275' title='bbox 1973 714 2084 763; x_wconf 67' lang='grc' dir='ltr'>χιιι,</span> <span class='ocrx_word' id='word_1_276' title='bbox 2115 697 2224 768; x_wconf 83' lang='grc'><strong>10),</strong></span> <span class='ocrx_word' id='word_1_277' title='bbox 2256 698 2322 752; x_wconf 90' lang='lat' dir='ltr'><strong>ad</strong></span> <span class='ocrx_word' id='word_1_278' title='bbox 2351 698 2455 753; x_wconf 91' lang='lat' dir='ltr'><strong>hoc</strong></span> <span class='ocrx_word' id='word_1_279' title='bbox 2485 713 2580 767; x_wconf 90' lang='lat' dir='ltr'><strong>per</strong></span> <span class='ocrx_word' id='word_1_280' title='bbox 2608 697 2866 768; x_wconf 91' lang='lat' dir='ltr'><strong>Spiritum</strong></span> <span class='ocrx_word' id='word_1_281' title='bbox 2897 715 3050 754; x_wconf 92' lang='lat' dir='ltr'><strong>suum</strong></span> <span class='ocrx_word' id='word_1_282' title='bbox 3089 700 3359 768; x_wconf 79' lang='lat' dir='ltr'><strong>diﬁ‘undit,</strong></span> <span class='ocrx_word' id='word_1_283' title='bbox 3396 704 3560 757; x_wconf 86' lang='lat' dir='ltr'><strong>utl&#39;a-</strong></span> 
     </span>
    </p>
   </div>
   <div class='ocr_carea' id='block_1_36' title="bbox 1971 791 3558 863">
    <p class='ocr_par' dir='ltr' id='par_1_36' title="bbox 1971 791 3558 863">
     <span class='ocr_line' id='line_1_36' title="bbox 1971 791 3558 863; baseline 0.004 -19"><span class='ocrx_word' id='word_1_284' title='bbox 1971 791 2078 844; x_wconf 89' lang='lat' dir='ltr'><strong>ciat</strong></span> <span class='ocrx_word' id='word_1_285' title='bbox 2106 791 2313 859; x_wconf 91' lang='lat' dir='ltr'><strong>impleri</strong></span> <span class='ocrx_word' id='word_1_286' title='bbox 2335 791 2477 861; x_wconf 93' lang='lat' dir='ltr'><strong>quod</strong></span> <span class='ocrx_word' id='word_1_287' title='bbox 2509 791 2776 861; x_wconf 66' lang='lat' dir='ltr'><strong>praecipit;</strong></span> <span class='ocrx_word' id='word_1_288' title='bbox 2808 799 2864 846; x_wconf 90' lang='lat' dir='ltr'><strong>et</strong></span> <span class='ocrx_word' id='word_1_289' title='bbox 2892 792 3299 851; x_wconf 89' lang='lat' dir='ltr'><strong>illuminationis</strong></span> <span class='ocrx_word' id='word_1_290' title='bbox 3325 796 3558 863; x_wconf 78' lang='lat' dir='ltr'><strong>gratiam</strong></span> 
     </span>
    </p>
   </div>
   <div class='ocr_carea' id='block_1_37' title="bbox 1970 880 3559 954">
    <p class='ocr_par' dir='ltr' id='par_1_37' title="bbox 1970 880 3559 954">
     <span class='ocr_line' id='line_1_37' title="bbox 1970 880 3559 954; baseline 0.005 -21"><span class='ocrx_word' id='word_1_291' title='bbox 1970 896 2067 948; x_wconf 82' lang='lat' dir='ltr'><strong>per</strong></span> <span class='ocrx_word' id='word_1_292' title='bbox 2114 881 2357 948; x_wconf 87' lang='lat' dir='ltr'><strong>spiritum</strong></span> <span class='ocrx_word' id='word_1_293' title='bbox 2407 880 2529 936; x_wconf 89' lang='lat' dir='ltr'><strong>ﬁdei</strong></span> <span class='ocrx_word' id='word_1_294' title='bbox 2559 890 2844 950; x_wconf 88' lang='lat' dir='ltr'><strong>propterea</strong></span> <span class='ocrx_word' id='word_1_295' title='bbox 2876 882 3101 950; x_wconf 84' lang='lat' dir='ltr'><strong>largitur</strong></span> <span class='ocrx_word' id='word_1_296' title='bbox 3121 926 3135 949; x_wconf 91' lang='lat'><strong>,</strong></span> <span class='ocrx_word' id='word_1_297' title='bbox 3165 893 3224 937; x_wconf 92' lang='lat' dir='ltr'><strong>ut</strong></span> <span class='ocrx_word' id='word_1_298' title='bbox 3250 886 3393 954; x_wconf 90' lang='lat' dir='ltr'><strong>quod</strong></span> <span class='ocrx_word' id='word_1_299' title='bbox 3439 886 3559 940; x_wconf 89' lang='lat' dir='ltr'><strong>Deo</strong></span> 
     </span>
    </p>
   </div>
   <div class='ocr_carea' id='block_1_38' title="bbox 1971 971 3560 1044">
    <p class='ocr_par' dir='ltr' id='par_1_38' title="bbox 1971 971 3560 1044">
     <span class='ocr_line' id='line_1_38' title="bbox 1971 971 3560 1044; baseline 0.004 -20"><span class='ocrx_word' id='word_1_300' title='bbox 1971 973 2226 1040; x_wconf 86' lang='lat' dir='ltr'><strong>placitum</strong></span> <span class='ocrx_word' id='word_1_301' title='bbox 2283 981 2386 1039; x_wconf 90' lang='lat' dir='ltr'><strong>est,</strong></span> <span class='ocrx_word' id='word_1_302' title='bbox 2436 971 2568 1028; x_wconf 87' lang='lat' dir='ltr'><strong>ﬁdes</strong></span> <span class='ocrx_word' id='word_1_303' title='bbox 2622 989 2719 1043; x_wconf 89' lang='lat' dir='ltr'><strong>per</strong></span> <span class='ocrx_word' id='word_1_304' title='bbox 2765 975 3046 1030; x_wconf 85' lang='lat' dir='ltr'><strong>caritatem</strong></span> <span class='ocrx_word' id='word_1_305' title='bbox 3103 986 3376 1044; x_wconf 88' lang='lat' dir='ltr'><strong>operetur.</strong></span> <span class='ocrx_word' id='word_1_306' title='bbox 3427 978 3560 1043; x_wconf 84' lang='lat' dir='ltr'><strong>Quae</strong></span> 
     </span>
    </p>
   </div>
   <div class='ocr_carea' id='block_1_39' title="bbox 1971 1063 3565 1134">
    <p class='ocr_par' dir='ltr' id='par_1_39' title="bbox 1971 1063 3565 1134">
     <span class='ocr_line' id='line_1_39' title="bbox 1971 1063 3565 1134; baseline 0.004 -18"><span class='ocrx_word' id='word_1_307' title='bbox 1971 1063 2208 1132; x_wconf 85' lang='lat' dir='ltr'><strong>quandiu</strong></span> <span class='ocrx_word' id='word_1_308' title='bbox 2249 1063 2304 1118; x_wconf 90' lang='lat' dir='ltr'><strong>in</strong></span> <span class='ocrx_word' id='word_1_309' title='bbox 2335 1064 2552 1118; x_wconf 87' lang='lat' dir='ltr'><strong>homine</strong></span> <span class='ocrx_word' id='word_1_310' title='bbox 2583 1079 2689 1119; x_wconf 92' lang='lat' dir='ltr'><strong>non</strong></span> <span class='ocrx_word' id='word_1_311' title='bbox 2719 1073 2835 1130; x_wconf 89' lang='lat' dir='ltr'><strong>est;</strong></span> <span class='ocrx_word' id='word_1_312' title='bbox 2865 1065 3121 1134; x_wconf 90' lang='lat' dir='ltr'><strong>quidquid</strong></span> <span class='ocrx_word' id='word_1_313' title='bbox 3151 1066 3266 1121; x_wconf 90' lang='lat' dir='ltr'><strong>sine</strong></span> <span class='ocrx_word' id='word_1_314' title='bbox 3297 1067 3414 1134; x_wconf 71' lang='lat' dir='ltr'><strong>lege</strong></span> <span class='ocrx_word' id='word_1_315' title='bbox 3438 1067 3565 1122; x_wconf 91' lang='lat' dir='ltr'><strong>ﬁdei</strong></span> 
     </span>
    </p>
   </div>
   <div class='ocr_carea' id='block_1_40' title="bbox 1972 1153 3565 1224">
    <p class='ocr_par' dir='ltr' id='par_1_40' title="bbox 1972 1153 3565 1224">
     <span class='ocr_line' id='line_1_40' title="bbox 1972 1153 3565 1224; baseline 0.004 -18"><span class='ocrx_word' id='word_1_316' title='bbox 1972 1168 2069 1222; x_wconf 91' lang='lat' dir='ltr'><strong>per</strong></span> <span class='ocrx_word' id='word_1_317' title='bbox 2093 1153 2266 1222; x_wconf 82' lang='lat' dir='ltr'><strong>legem</strong></span> <span class='ocrx_word' id='word_1_318' title='bbox 2296 1154 2597 1209; x_wconf 83' lang='lat' dir='ltr'><strong>naturalem</strong></span> <span class='ocrx_word' id='word_1_319' title='bbox 2648 1156 2904 1224; x_wconf 91' lang='lat' dir='ltr'><strong>scriptum</strong></span> <span class='ocrx_word' id='word_1_320' title='bbox 2956 1158 3219 1210; x_wconf 80' lang='lat' dir='ltr'><strong>remansit</strong></span> <span class='ocrx_word' id='word_1_321' title='bbox 3249 1157 3302 1211; x_wconf 92' lang='lat' dir='ltr'><strong>in</strong></span> <span class='ocrx_word' id='word_1_322' title='bbox 3342 1158 3565 1214; x_wconf 90' lang='lat' dir='ltr'><strong>homine</strong></span> 
     </span>
    </p>
   </div>
   <div class='ocr_carea' id='block_1_41' title="bbox 1972 1244 3560 1316">
    <p class='ocr_par' dir='ltr' id='par_1_41' title="bbox 1972 1244 3560 1316">
     <span class='ocr_line' id='line_1_41' title="bbox 1972 1244 3560 1316; baseline 0.002 -18"><span class='ocrx_word' id='word_1_323' title='bbox 1972 1252 2289 1312; x_wconf 89' lang='lat' dir='ltr'><strong>operantem</strong></span> <span class='ocrx_word' id='word_1_324' title='bbox 2332 1244 2640 1299; x_wconf 88' lang='lat' dir='ltr'><strong>nullatenus</strong></span> <span class='ocrx_word' id='word_1_325' title='bbox 2683 1245 2877 1312; x_wconf 89' lang='lat' dir='ltr'><strong>salvat,</strong></span> <span class='ocrx_word' id='word_1_326' title='bbox 2907 1246 3032 1314; x_wconf 84' lang='lat' dir='ltr'><strong>quia</strong></span> <span class='ocrx_word' id='word_1_327' title='bbox 3078 1247 3234 1316; x_wconf 67' lang='lat'><strong>317</strong></span> <span class='ocrx_word' id='word_1_328' title='bbox 3285 1248 3560 1302; x_wconf 89' lang='lat' dir='ltr'><strong>neminem</strong></span> 
     </span>
    </p>
   </div>
   <div class='ocr_carea' id='block_1_42' title="bbox 1976 1334 3564 1407">
    <p class='ocr_par' dir='ltr' id='par_1_42' title="bbox 1976 1334 3564 1407">
     <span class='ocr_line' id='line_1_42' title="bbox 1976 1334 3564 1407; baseline 0.004 -19"><span class='ocrx_word' id='word_1_329' title='bbox 1976 1336 2118 1391; x_wconf 88' lang='lat' dir='ltr'><strong>Deus</strong></span> <span class='ocrx_word' id='word_1_330' title='bbox 2146 1337 2263 1392; x_wconf 88' lang='lat' dir='ltr'><strong>sine</strong></span> <span class='ocrx_word' id='word_1_331' title='bbox 2286 1335 2387 1390; x_wconf 92' lang='lat' dir='ltr'><strong>ﬁde</strong></span> <span class='ocrx_word' id='word_1_332' title='bbox 2411 1334 2691 1404; x_wconf 89' lang='lat' dir='ltr'><strong>justiﬁcat,</strong></span> <span class='ocrx_word' id='word_1_333' title='bbox 2724 1352 2825 1391; x_wconf 90' lang='lat' dir='ltr'><strong>nec</strong></span> <span class='ocrx_word' id='word_1_334' title='bbox 2854 1346 3031 1406; x_wconf 86' lang='lat' dir='ltr'><strong>potest</strong></span> <span class='ocrx_word' id='word_1_335' title='bbox 3056 1339 3301 1407; x_wconf 88' lang='lat' dir='ltr'><strong>operanti</strong></span> <span class='ocrx_word' id='word_1_336' title='bbox 3332 1340 3564 1394; x_wconf 88' lang='lat' dir='ltr'><strong>salutem</strong></span> 
     </span>
    </p>
   </div>
   <div class='ocr_carea' id='block_1_43' title="bbox 1973 1429 3562 1500">
    <p class='ocr_par' dir='ltr' id='par_1_43' title="bbox 1973 1429 3562 1500">
     <span class='ocr_line' id='line_1_43' title="bbox 1973 1429 3562 1500; baseline 0.004 -20"><span class='ocrx_word' id='word_1_337' title='bbox 1973 1429 2275 1496; x_wconf 89' lang='lat' dir='ltr'><strong>acquirere,</strong></span> <span class='ocrx_word' id='word_1_338' title='bbox 2306 1430 2430 1496; x_wconf 88' lang='lat' dir='ltr'><strong>quia</strong></span> <span class='ocrx_word' id='word_1_339' title='bbox 2476 1430 2589 1484; x_wconf 83' lang='lat' dir='ltr'><strong>sine</strong></span> <span class='ocrx_word' id='word_1_340' title='bbox 2625 1429 2730 1498; x_wconf 82' lang='lat' dir='ltr'><strong>ﬁde</strong></span> <span class='ocrx_word' id='word_1_341' title='bbox 2757 1430 3074 1500; x_wconf 85' lang='lat' dir='ltr'><strong>impossibile</strong></span> <span class='ocrx_word' id='word_1_342' title='bbox 3098 1441 3173 1485; x_wconf 89' lang='lat' dir='ltr'><strong>est</strong></span> <span class='ocrx_word' id='word_1_343' title='bbox 3203 1432 3405 1499; x_wconf 86' lang='lat' dir='ltr'><strong>placere</strong></span> <span class='ocrx_word' id='word_1_344' title='bbox 3448 1433 3562 1488; x_wconf 90' lang='lat' dir='ltr'><strong>Deo</strong></span> 
     </span>
    </p>
   </div>
   <div class='ocr_carea' id='block_1_44' title="bbox 1976 1517 3562 1600">
    <p class='ocr_par' dir='ltr' id='par_1_44' title="bbox 1976 1517 3562 1600">
     <span class='ocr_line' id='line_1_44' title="bbox 1976 1517 3562 1600; baseline 0.006 -32"><span class='ocrx_word' id='word_1_345' title='bbox 1976 1517 2164 1600; x_wconf 83' lang='lat' dir='ltr'><strong>(Hebr.</strong></span> <span class='ocrx_word' id='word_1_346' title='bbox 2194 1535 2268 1584; x_wconf 77' lang='grc' dir='ltr'>ιιι,</span> <span class='ocrx_word' id='word_1_347' title='bbox 2293 1518 2370 1588; x_wconf 87' lang='grc'><strong>6).</strong></span> <span class='ocrx_word' id='word_1_348' title='bbox 2412 1519 2582 1573; x_wconf 85' lang='lat' dir='ltr'><strong>Nemo</strong></span> <span class='ocrx_word' id='word_1_349' title='bbox 2617 1533 2744 1587; x_wconf 87' lang='lat' dir='ltr'><strong>ergo</strong></span> <span class='ocrx_word' id='word_1_350' title='bbox 2777 1521 3002 1574; x_wconf 89' lang='lat' dir='ltr'><strong>naturali</strong></span> <span class='ocrx_word' id='word_1_351' title='bbox 3034 1521 3136 1588; x_wconf 80' lang='lat' dir='ltr'><strong>legi</strong></span> <span class='ocrx_word' id='word_1_352' title='bbox 3165 1527 3390 1576; x_wconf 82' lang='lat' dir='ltr'><strong>eonetur</strong></span> <span class='ocrx_word' id='word_1_353' title='bbox 3420 1525 3562 1578; x_wconf 87' lang='lat' dir='ltr'><strong>assi-</strong></span> 
     </span>
    </p>
   </div>
   <div class='ocr_carea' id='block_1_45' title="bbox 1973 1612 3562 1682">
    <p class='ocr_par' dir='ltr' id='par_1_45' title="bbox 1973 1612 3562 1682">
     <span class='ocr_line' id='line_1_45' title="bbox 1973 1612 3562 1682; baseline 0.004 -19"><span class='ocrx_word' id='word_1_354' title='bbox 1973 1625 2138 1679; x_wconf 90' lang='lat' dir='ltr'><strong>gnare</strong></span> <span class='ocrx_word' id='word_1_355' title='bbox 2168 1612 2338 1680; x_wconf 81' lang='lat' dir='ltr'><strong>legem</strong></span> <span class='ocrx_word' id='word_1_356' title='bbox 2363 1627 2523 1680; x_wconf 91' lang='lat' dir='ltr'><strong>quam</strong></span> <span class='ocrx_word' id='word_1_357' title='bbox 2556 1612 2696 1666; x_wconf 91' lang='lat' dir='ltr'><strong>Deus</strong></span> <span class='ocrx_word' id='word_1_358' title='bbox 2724 1628 2830 1666; x_wconf 91' lang='lat' dir='ltr'><strong>non</strong></span> <span class='ocrx_word' id='word_1_359' title='bbox 2876 1613 3154 1668; x_wconf 90' lang='lat' dir='ltr'><strong>condendo</strong></span> <span class='ocrx_word' id='word_1_360' title='bbox 3178 1622 3445 1682; x_wconf 89' lang='lat' dir='ltr'><strong>naturam,</strong></span> <span class='ocrx_word' id='word_1_361' title='bbox 3465 1615 3562 1670; x_wconf 88' lang='lat' dir='ltr'><strong>sed</strong></span> 
     </span>
    </p>
   </div>
   <div class='ocr_carea' id='block_1_46' title="bbox 1973 1700 3564 1778">
    <p class='ocr_par' dir='ltr' id='par_1_46' title="bbox 1973 1700 3564 1778">
     <span class='ocr_line' id='line_1_46' title="bbox 1973 1700 3564 1778; baseline 0.003 -25"><span class='ocrx_word' id='word_1_362' title='bbox 1973 1700 2225 1756; x_wconf 90' lang='lat' dir='ltr'><strong>donando</strong></span> <span class='ocrx_word' id='word_1_363' title='bbox 2253 1703 2482 1778; x_wconf 75' lang='lat' dir='ltr'><strong>gratiam</strong></span> <span class='ocrx_word' id='word_1_364' title='bbox 2532 1703 2583 1756; x_wconf 93' lang='lat' dir='ltr'><strong>in</strong></span> <span class='ocrx_word' id='word_1_365' title='bbox 2613 1703 2775 1757; x_wconf 89' lang='lat' dir='ltr'><strong>corde</strong></span> <span class='ocrx_word' id='word_1_366' title='bbox 2821 1704 3059 1771; x_wconf 82' lang='lat' dir='ltr'><strong>gentium</strong></span> <span class='ocrx_word' id='word_1_367' title='bbox 3086 1705 3291 1758; x_wconf 87' lang='lat' dir='ltr'><strong>scribit.</strong></span> <span class='ocrx_word' id='word_1_368' title='bbox 3326 1705 3451 1761; x_wconf 82' lang='lat' dir='ltr'><strong>llaec</strong></span> <span class='ocrx_word' id='word_1_369' title='bbox 3479 1715 3564 1762; x_wconf 86' lang='lat' dir='ltr'><strong>est</strong></span> 
     </span>
    </p>
   </div>
   <div class='ocr_carea' id='block_1_47' title="bbox 1976 1793 3562 1862">
    <p class='ocr_par' dir='ltr' id='par_1_47' title="bbox 1976 1793 3562 1862">
     <span class='ocr_line' id='line_1_47' title="bbox 1976 1793 3562 1862; baseline 0.003 -16"><span class='ocrx_word' id='word_1_370' title='bbox 1976 1793 2118 1846; x_wconf 90' lang='lat' dir='ltr'><strong>enim</strong></span> <span class='ocrx_word' id='word_1_371' title='bbox 2145 1793 2252 1858; x_wconf 84' lang='lat' dir='ltr'><strong>lex,</strong></span> <span class='ocrx_word' id='word_1_372' title='bbox 2271 1809 2374 1847; x_wconf 92' lang='lat' dir='ltr'><strong>non</strong></span> <span class='ocrx_word' id='word_1_373' title='bbox 2405 1809 2510 1862; x_wconf 90' lang='lat' dir='ltr'><strong>qua</strong></span> <span class='ocrx_word' id='word_1_374' title='bbox 2541 1794 2704 1848; x_wconf 91' lang='lat' dir='ltr'><strong>homo</strong></span> <span class='ocrx_word' id='word_1_375' title='bbox 2727 1794 3000 1849; x_wconf 83' lang='lat' dir='ltr'><strong>societatis</strong></span> <span class='ocrx_word' id='word_1_376' title='bbox 3026 1795 3271 1849; x_wconf 67' lang='lat' dir='ltr'><strong>humanae</strong></span> <span class='ocrx_word' id='word_1_377' title='bbox 3290 1796 3562 1851; x_wconf 82' lang='lat' dir='ltr'><strong>vinculum</strong></span> 
     </span>
    </p>
   </div>
   <div class='ocr_carea' id='block_1_48' title="bbox 1909 1881 3621 1954">
    <p class='ocr_par' dir='ltr' id='par_1_48' title="bbox 1909 1881 3621 1954">
     <span class='ocr_line' id='line_1_48' title="bbox 1909 1881 3621 1954; baseline 0.002 -17"><span class='ocrx_word' id='word_1_378' title='bbox 1909 1881 1948 1937; x_wconf 86' lang='grc' dir='ltr'>Β</span> <span class='ocrx_word' id='word_1_379' title='bbox 1977 1885 2141 1938; x_wconf 91' lang='lat' dir='ltr'><strong>etiam</strong></span> <span class='ocrx_word' id='word_1_380' title='bbox 2186 1885 2303 1940; x_wconf 89' lang='lat' dir='ltr'><strong>sine</strong></span> <span class='ocrx_word' id='word_1_381' title='bbox 2342 1884 2446 1940; x_wconf 88' lang='lat' dir='ltr'><strong>ﬁde</strong></span> <span class='ocrx_word' id='word_1_382' title='bbox 2493 1885 2746 1948; x_wconf 88' lang='lat' dir='ltr'><strong>custodit,</strong></span> <span class='ocrx_word' id='word_1_383' title='bbox 2799 1884 2893 1939; x_wconf 89' lang='lat' dir='ltr'><strong>sed</strong></span> <span class='ocrx_word' id='word_1_384' title='bbox 2949 1900 3044 1954; x_wconf 90' lang='lat' dir='ltr'><strong>per</strong></span> <span class='ocrx_word' id='word_1_385' title='bbox 3086 1901 3247 1953; x_wconf 90' lang='lat' dir='ltr'><strong>quam</strong></span> <span class='ocrx_word' id='word_1_386' title='bbox 3295 1887 3563 1941; x_wconf 90' lang='lat' dir='ltr'><strong>credendo</strong></span> <span class='ocrx_word' id='word_1_387' title='bbox 3607 1915 3621 1932; x_wconf 61' lang='grc' dir='ltr'><strong>ι</strong></span> 
     </span>
    </p>
   </div>
   <div class='ocr_carea' id='block_1_49' title="bbox 1978 1974 3561 2044">
    <p class='ocr_par' dir='ltr' id='par_1_49' title="bbox 1978 1974 3561 2044">
     <span class='ocr_line' id='line_1_49' title="bbox 1978 1974 3561 2044; baseline 0.002 -17"><span class='ocrx_word' id='word_1_388' title='bbox 1978 1974 2144 2028; x_wconf 91' lang='lat' dir='ltr'><strong>Deum</strong></span> <span class='ocrx_word' id='word_1_389' title='bbox 2171 1976 2452 2043; x_wconf 86' lang='lat' dir='ltr'><strong>cognoscit</strong></span> <span class='ocrx_word' id='word_1_390' title='bbox 2481 1983 2536 2029; x_wconf 90' lang='lat' dir='ltr'><strong>et</strong></span> <span class='ocrx_word' id='word_1_391' title='bbox 2563 1975 2769 2042; x_wconf 84' lang='lat' dir='ltr'><strong>diligit;</strong></span> <span class='ocrx_word' id='word_1_392' title='bbox 2798 1990 2906 2029; x_wconf 85' lang='lat' dir='ltr'><strong>non</strong></span> <span class='ocrx_word' id='word_1_393' title='bbox 2935 1990 3032 2044; x_wconf 88' lang='lat' dir='ltr'><strong>per</strong></span> <span class='ocrx_word' id='word_1_394' title='bbox 3061 1991 3220 2044; x_wconf 91' lang='lat' dir='ltr'><strong>quam</strong></span> <span class='ocrx_word' id='word_1_395' title='bbox 3263 1977 3364 2030; x_wconf 85' lang='lat' dir='ltr'><strong>sibi</strong></span> <span class='ocrx_word' id='word_1_396' title='bbox 3395 1977 3561 2031; x_wconf 89' lang='lat' dir='ltr'><strong>etiam</strong></span> 
     </span>
    </p>
   </div>
   <div class='ocr_carea' id='block_1_50' title="bbox 1976 2067 3566 2136">
    <p class='ocr_par' dir='ltr' id='par_1_50' title="bbox 1976 2067 3566 2136">
     <span class='ocr_line' id='line_1_50' title="bbox 1976 2067 3566 2136; baseline 0 -15"><span class='ocrx_word' id='word_1_397' title='bbox 1976 2067 2118 2121; x_wconf 89' lang='lat' dir='ltr'><strong>bona</strong></span> <span class='ocrx_word' id='word_1_398' title='bbox 2140 2082 2305 2136; x_wconf 90' lang='lat' dir='ltr'><strong>opera</strong></span> <span class='ocrx_word' id='word_1_399' title='bbox 2331 2067 2415 2121; x_wconf 89' lang='lat' dir='ltr'><strong>vel</strong></span> <span class='ocrx_word' id='word_1_400' title='bbox 2443 2068 2610 2136; x_wconf 90' lang='lat' dir='ltr'><strong>ipsam</strong></span> <span class='ocrx_word' id='word_1_401' title='bbox 2657 2067 2815 2121; x_wconf 84' lang='lat' dir='ltr'><strong>tidem</strong></span> <span class='ocrx_word' id='word_1_402' title='bbox 2848 2067 3073 2134; x_wconf 90' lang='lat' dir='ltr'><strong>quisque</strong></span> <span class='ocrx_word' id='word_1_403' title='bbox 3102 2067 3365 2136; x_wconf 91' lang='lat' dir='ltr'><strong>superbus</strong></span> <span class='ocrx_word' id='word_1_404' title='bbox 3391 2067 3566 2121; x_wconf 88' lang='lat' dir='ltr'><strong>vindi-</strong></span> 
     </span>
    </p>
   </div>
   <div class='ocr_carea' id='block_1_51' title="bbox 1979 2156 3562 2226">
    <p class='ocr_par' dir='ltr' id='par_1_51' title="bbox 1979 2156 3562 2226">
     <span class='ocr_line' id='line_1_51' title="bbox 1979 2156 3562 2226; baseline 0 -16"><span class='ocrx_word' id='word_1_405' title='bbox 1979 2166 2084 2223; x_wconf 89' lang='lat' dir='ltr'><strong>cat,</strong></span> <span class='ocrx_word' id='word_1_406' title='bbox 2117 2157 2212 2211; x_wconf 92' lang='lat' dir='ltr'><strong>sed</strong></span> <span class='ocrx_word' id='word_1_407' title='bbox 2249 2173 2353 2226; x_wconf 92' lang='lat' dir='ltr'><strong>qua</strong></span> <span class='ocrx_word' id='word_1_408' title='bbox 2385 2157 2496 2212; x_wconf 92' lang='lat' dir='ltr'><strong>Deo</strong></span> <span class='ocrx_word' id='word_1_409' title='bbox 2537 2158 2591 2210; x_wconf 91' lang='lat' dir='ltr'><strong>in</strong></span> <span class='ocrx_word' id='word_1_410' title='bbox 2638 2172 2696 2210; x_wconf 90' lang='lat' dir='ltr'><strong>se</strong></span> <span class='ocrx_word' id='word_1_411' title='bbox 2725 2156 3151 2211; x_wconf 85' lang='lat' dir='ltr'><strong>misericorditer</strong></span> <span class='ocrx_word' id='word_1_412' title='bbox 3177 2157 3424 2226; x_wconf 82' lang='lat' dir='ltr'><strong>aperanti</strong></span> <span class='ocrx_word' id='word_1_413' title='bbox 3450 2163 3562 2210; x_wconf 89' lang='lat' dir='ltr'><strong>tam</strong></span> 
     </span>
    </p>
   </div>
   <div class='ocr_carea' id='block_1_52' title="bbox 1981 2247 3560 2317">
    <p class='ocr_par' dir='ltr' id='par_1_52' title="bbox 1981 2247 3560 2317">
     <span class='ocr_line' id='line_1_52' title="bbox 1981 2247 3560 2317; baseline 0.001 -17"><span class='ocrx_word' id='word_1_414' title='bbox 1981 2250 2136 2304; x_wconf 86' lang='lat' dir='ltr'><strong>ﬁdem</strong></span> <span class='ocrx_word' id='word_1_415' title='bbox 2165 2265 2317 2304; x_wconf 89' lang='lat' dir='ltr'><strong>suam</strong></span> <span class='ocrx_word' id='word_1_416' title='bbox 2359 2264 2519 2317; x_wconf 92' lang='lat' dir='ltr'><strong>quam</strong></span> <span class='ocrx_word' id='word_1_417' title='bbox 2563 2250 2704 2303; x_wconf 90' lang='lat' dir='ltr'><strong>bona</strong></span> <span class='ocrx_word' id='word_1_418' title='bbox 2751 2263 2920 2317; x_wconf 89' lang='lat' dir='ltr'><strong>opera</strong></span> <span class='ocrx_word' id='word_1_419' title='bbox 2965 2247 3240 2316; x_wconf 88' lang='lat' dir='ltr'><strong>subjectus</strong></span> <span class='ocrx_word' id='word_1_420' title='bbox 3285 2248 3560 2316; x_wconf 81' lang='lat' dir='ltr'><strong>assignat:</strong></span> 
     </span>
    </p>
   </div>
   <div class='ocr_carea' id='block_1_53' title="bbox 1979 2340 3563 2410">
    <p class='ocr_par' dir='ltr' id='par_1_53' title="bbox 1979 2340 3563 2410">
     <span class='ocr_line' id='line_1_53' title="bbox 1979 2340 3563 2410; baseline -0.001 -14"><span class='ocrx_word' id='word_1_421' title='bbox 1979 2342 2094 2396; x_wconf 76' lang='lat' dir='ltr'><strong>hzcc</strong></span> <span class='ocrx_word' id='word_1_422' title='bbox 2114 2343 2256 2396; x_wconf 90' lang='lat' dir='ltr'><strong>enim</strong></span> <span class='ocrx_word' id='word_1_423' title='bbox 2287 2358 2382 2396; x_wconf 90' lang='lat' dir='ltr'><strong>cor</strong></span> <span class='ocrx_word' id='word_1_424' title='bbox 2404 2343 2637 2396; x_wconf 86' lang='lat' dir='ltr'><strong>hominis</strong></span> <span class='ocrx_word' id='word_1_425' title='bbox 2667 2343 2739 2395; x_wconf 87' lang='lat' dir='ltr'><strong>ita</strong></span> <span class='ocrx_word' id='word_1_426' title='bbox 2760 2341 3038 2410; x_wconf 90' lang='lat' dir='ltr'><strong>componit</strong></span> <span class='ocrx_word' id='word_1_427' title='bbox 3065 2349 3118 2394; x_wconf 82' lang='lat' dir='ltr'><strong>ct</strong></span> <span class='ocrx_word' id='word_1_428' title='bbox 3142 2340 3338 2410; x_wconf 84' lang='lat' dir='ltr'><strong>dirigit,</strong></span> <span class='ocrx_word' id='word_1_429' title='bbox 3361 2349 3420 2394; x_wconf 94' lang='lat' dir='ltr'><strong>ut</strong></span> <span class='ocrx_word' id='word_1_430' title='bbox 3439 2356 3563 2395; x_wconf 89' lang='lat' dir='ltr'><strong>cum</strong></span> 
     </span>
    </p>
   </div>
   <div class='ocr_carea' id='block_1_54' title="bbox 1980 2429 3562 2502">
    <p class='ocr_par' dir='ltr' id='par_1_54' title="bbox 1980 2429 3562 2502">
     <span class='ocr_line' id='line_1_54' title="bbox 1980 2429 3562 2502; baseline -0.001 -16"><span class='ocrx_word' id='word_1_431' title='bbox 1980 2433 2142 2486; x_wconf 88' lang='lat' dir='ltr'><strong>homo</strong></span> <span class='ocrx_word' id='word_1_432' title='bbox 2174 2441 2440 2502; x_wconf 69' lang='lat' dir='ltr'><strong>praecepta</strong></span> <span class='ocrx_word' id='word_1_433' title='bbox 2472 2433 2567 2487; x_wconf 90' lang='lat' dir='ltr'><strong>Dei</strong></span> <span class='ocrx_word' id='word_1_434' title='bbox 2589 2432 2753 2493; x_wconf 91' lang='lat' dir='ltr'><strong>audit,</strong></span> <span class='ocrx_word' id='word_1_435' title='bbox 2782 2432 2834 2486; x_wconf 94' lang='lat' dir='ltr'><strong>id</strong></span> <span class='ocrx_word' id='word_1_436' title='bbox 2862 2431 3051 2486; x_wconf 86' lang='lat' dir='ltr'><strong>donari</strong></span> <span class='ocrx_word' id='word_1_437' title='bbox 3081 2430 3179 2484; x_wconf 87' lang='lat' dir='ltr'><strong>sibi</strong></span> <span class='ocrx_word' id='word_1_438' title='bbox 3202 2429 3344 2498; x_wconf 89' lang='lat' dir='ltr'><strong>quod</strong></span> <span class='ocrx_word' id='word_1_439' title='bbox 3370 2431 3562 2499; x_wconf 69' lang='lat' dir='ltr'><strong>prmci-</strong></span> 
     </span>
    </p>
   </div>
   <div class='ocr_carea' id='block_1_55' title="bbox 1981 2520 3564 2592">
    <p class='ocr_par' dir='ltr' id='par_1_55' title="bbox 1981 2520 3564 2592">
     <span class='ocr_line' id='line_1_55' title="bbox 1981 2520 3564 2592; baseline -0.001 -16"><span class='ocrx_word' id='word_1_440' title='bbox 1981 2524 2126 2592; x_wconf 87' lang='lat' dir='ltr'><strong>pitur</strong></span> <span class='ocrx_word' id='word_1_441' title='bbox 2152 2531 2361 2592; x_wconf 89' lang='lat' dir='ltr'><strong>poscat,</strong></span> <span class='ocrx_word' id='word_1_442' title='bbox 2386 2531 2441 2576; x_wconf 87' lang='lat' dir='ltr'><strong>et</strong></span> <span class='ocrx_word' id='word_1_443' title='bbox 2487 2538 2609 2576; x_wconf 92' lang='lat' dir='ltr'><strong>cum</strong></span> <span class='ocrx_word' id='word_1_444' title='bbox 2648 2522 2700 2574; x_wconf 91' lang='lat' dir='ltr'><strong>in</strong></span> <span class='ocrx_word' id='word_1_445' title='bbox 2731 2520 2834 2575; x_wconf 89' lang='lat' dir='ltr'><strong>ﬁde</strong></span> <span class='ocrx_word' id='word_1_446' title='bbox 2864 2529 3137 2589; x_wconf 89' lang='lat' dir='ltr'><strong>operatur,</strong></span> <span class='ocrx_word' id='word_1_447' title='bbox 3168 2520 3337 2586; x_wconf 87' lang='lat' dir='ltr'><strong>gratia</strong></span> <span class='ocrx_word' id='word_1_448' title='bbox 3379 2520 3472 2574; x_wconf 88' lang='lat' dir='ltr'><strong>Dei</strong></span> <span class='ocrx_word' id='word_1_449' title='bbox 3502 2534 3564 2574; x_wconf 83' lang='lat' dir='ltr'><strong>se</strong></span> 
     </span>
    </p>
   </div>
   <div class='ocr_carea' id='block_1_56' title="bbox 1976 2611 2856 2682">
    <p class='ocr_par' dir='ltr' id='par_1_56' title="bbox 1976 2611 2856 2682">
     <span class='ocr_line' id='line_1_56' title="bbox 1976 2611 2856 2682; baseline -0.006 -15"><span class='ocrx_word' id='word_1_450' title='bbox 1976 2614 2173 2682; x_wconf 85' lang='lat' dir='ltr'><strong>jugiter</strong></span> <span class='ocrx_word' id='word_1_451' title='bbox 2194 2611 2437 2679; x_wconf 83' lang='lat' dir='ltr'><strong>adjuvari</strong></span> <span class='ocrx_word' id='word_1_452' title='bbox 2468 2628 2573 2666; x_wconf 88' lang='lat' dir='ltr'><strong>non</strong></span> <span class='ocrx_word' id='word_1_453' title='bbox 2599 2611 2856 2678; x_wconf 87' lang='lat' dir='ltr'><strong>ambigat.</strong></span> 
     </span>
    </p>
   </div>
   <div class='ocr_carea' id='block_1_57' title="bbox 2047 2697 3561 2768">
    <p class='ocr_par' dir='ltr' id='par_1_57' title="bbox 2047 2697 3561 2768">
     <span class='ocr_line' id='line_1_57' title="bbox 2047 2697 3561 2768; baseline -0.004 -13"><span class='ocrx_word' id='word_1_454' title='bbox 2047 2701 2176 2756; x_wconf 68' lang='lat' dir='ltr'><strong>Car.</strong></span> <span class='ocrx_word' id='word_1_455' title='bbox 2206 2717 2390 2756; x_wconf 80' lang='lat' dir='ltr'><strong>xxvm.</strong></span> <span class='ocrx_word' id='word_1_456' title='bbox 2450 2699 2598 2764; x_wconf 89' lang='lat' dir='ltr'><strong>Quod</strong></span> <span class='ocrx_word' id='word_1_457' title='bbox 2631 2699 2772 2752; x_wconf 88' lang='lat' dir='ltr'><strong>Deus</strong></span> <span class='ocrx_word' id='word_1_458' title='bbox 2815 2715 2917 2752; x_wconf 87' lang='lat' dir='ltr'><strong>non</strong></span> <span class='ocrx_word' id='word_1_459' title='bbox 2947 2699 3109 2768; x_wconf 89' lang='lat' dir='ltr'><strong>faciat</strong></span> <span class='ocrx_word' id='word_1_460' title='bbox 3149 2714 3326 2752; x_wconf 90' lang='lat' dir='ltr'><strong>omnes</strong></span> <span class='ocrx_word' id='word_1_461' title='bbox 3355 2697 3561 2750; x_wconf 87' lang='lat' dir='ltr'><strong>credere</strong></span> 
     </span>
    </p>
   </div>
   <div class='ocr_carea' id='block_1_58' title="bbox 1981 2777 3581 2864">
    <p class='ocr_par' dir='ltr' id='par_1_58' title="bbox 1981 2777 3581 2864">
     <span class='ocr_line' id='line_1_58' title="bbox 1981 2777 3581 2864; baseline -0.004 -16"><span class='ocrx_word' id='word_1_462' title='bbox 1981 2794 2126 2861; x_wconf 73' lang='lat' dir='ltr'><strong>uelle,</strong></span> <span class='ocrx_word' id='word_1_463' title='bbox 2156 2795 2371 2864; x_wconf 81' lang='lat' dir='ltr'><strong>pertinet</strong></span> <span class='ocrx_word' id='word_1_464' title='bbox 2400 2792 2468 2844; x_wconf 89' lang='lat' dir='ltr'><strong>ad</strong></span> <span class='ocrx_word' id='word_1_465' title='bbox 2497 2800 2691 2845; x_wconf 82' lang='lat' dir='ltr'><strong>secreta</strong></span> <span class='ocrx_word' id='word_1_466' title='bbox 2712 2791 2821 2860; x_wconf 88' lang='lat' dir='ltr'><strong>ejus</strong></span> <span class='ocrx_word' id='word_1_467' title='bbox 2844 2787 3249 2860; x_wconf 80' lang='lat' dir='ltr'><strong>judicia.—55.</strong></span> <span class='ocrx_word' id='word_1_468' title='bbox 3279 2787 3433 2853; x_wconf 82' lang='lat' dir='ltr'><strong>Quod</strong></span> <span class='ocrx_word' id='word_1_469' title='bbox 3462 2777 3581 2842; x_wconf 65' lang='grc' dir='ltr'><strong>διι-¹</strong></span> 
     </span>
    </p>
   </div>
   <div class='ocr_carea' id='block_1_59' title="bbox 1981 2877 3565 2951">
    <p class='ocr_par' dir='ltr' id='par_1_59' title="bbox 1981 2877 3565 2951">
     <span class='ocr_line' id='line_1_59' title="bbox 1981 2877 3565 2951; baseline -0.004 -13"><span class='ocrx_word' id='word_1_470' title='bbox 1981 2893 2088 2938; x_wconf 87' lang='lat' dir='ltr'><strong>tem</strong></span> <span class='ocrx_word' id='word_1_471' title='bbox 2115 2883 2447 2951; x_wconf 89' lang='lat' dir='ltr'><strong>interrogant</strong></span> <span class='ocrx_word' id='word_1_472' title='bbox 2473 2882 2562 2936; x_wconf 87' lang='lat' dir='ltr'><strong>isti</strong></span> <span class='ocrx_word' id='word_1_473' title='bbox 2587 2881 2655 2935; x_wconf 91' lang='lat' dir='ltr'><strong>de</strong></span> <span class='ocrx_word' id='word_1_474' title='bbox 2687 2881 2795 2935; x_wconf 90' lang='lat' dir='ltr'><strong>Deo</strong></span> <span class='ocrx_word' id='word_1_475' title='bbox 2843 2880 3110 2934; x_wconf 90' lang='lat' dir='ltr'><strong>dicentes:</strong></span> <span class='ocrx_word' id='word_1_476' title='bbox 3161 2877 3271 2932; x_wconf 90' lang='lat' dir='ltr'><strong>Cur</strong></span> <span class='ocrx_word' id='word_1_477' title='bbox 3300 2892 3430 2945; x_wconf 82' lang='lat' dir='ltr'><strong>ergo</strong></span> <span class='ocrx_word' id='word_1_478' title='bbox 3456 2893 3565 2932; x_wconf 87' lang='lat' dir='ltr'><strong>non</strong></span> 
     </span>
    </p>
   </div>
   <div class='ocr_carea' id='block_1_60' title="bbox 1983 2968 3566 3038">
    <p class='ocr_par' dir='ltr' id='par_1_60' title="bbox 1983 2968 3566 3038">
     <span class='ocr_line' id='line_1_60' title="bbox 1983 2968 3566 3038; baseline -0.004 -10"><span class='ocrx_word' id='word_1_479' title='bbox 1983 2974 2108 3029; x_wconf 80' lang='lat' dir='ltr'><strong>fecit</strong></span> <span class='ocrx_word' id='word_1_480' title='bbox 2128 2989 2316 3029; x_wconf 90' lang='lat' dir='ltr'><strong>omnes</strong></span> <span class='ocrx_word' id='word_1_481' title='bbox 2337 2973 2584 3028; x_wconf 88' lang='lat' dir='ltr'><strong>homines</strong></span> <span class='ocrx_word' id='word_1_482' title='bbox 2611 2971 2749 3026; x_wconf 86' lang='lat' dir='ltr'><strong>velle</strong></span> <span class='ocrx_word' id='word_1_483' title='bbox 2777 2968 3018 3033; x_wconf 80' lang='lat' dir='ltr'><strong>credere,</strong></span> <span class='ocrx_word' id='word_1_484' title='bbox 3040 2984 3163 3024; x_wconf 91' lang='lat' dir='ltr'><strong>cum</strong></span> <span class='ocrx_word' id='word_1_485' title='bbox 3192 2983 3301 3023; x_wconf 91' lang='lat' dir='ltr'><strong>non</strong></span> <span class='ocrx_word' id='word_1_486' title='bbox 3330 2969 3400 3023; x_wconf 91' lang='lat' dir='ltr'><strong>sit</strong></span> <span class='ocrx_word' id='word_1_487' title='bbox 3439 2983 3566 3038; x_wconf 87' lang='lat' dir='ltr'><strong>per-</strong></span> 
     </span>
    </p>
   </div>
   <div class='ocr_carea' id='block_1_61' title="bbox 1986 3060 3571 3134">
    <p class='ocr_par' dir='ltr' id='par_1_61' title="bbox 1986 3060 3571 3134">
     <span class='ocr_line' id='line_1_61' title="bbox 1986 3060 3571 3134; baseline -0.004 -13"><span class='ocrx_word' id='word_1_488' title='bbox 1986 3081 2239 3121; x_wconf 88' lang='lat' dir='ltr'><strong>sonarum</strong></span> <span class='ocrx_word' id='word_1_489' title='bbox 2287 3064 2534 3134; x_wconf 86' lang='lat' dir='ltr'><strong>acceptio</strong></span> <span class='ocrx_word' id='word_1_490' title='bbox 2582 3065 2726 3132; x_wconf 91' lang='lat' dir='ltr'><strong>apud</strong></span> <span class='ocrx_word' id='word_1_491' title='bbox 2762 3061 2932 3118; x_wconf 90' lang='lat' dir='ltr'><strong>Deum</strong></span> <span class='ocrx_word' id='word_1_492' title='bbox 2963 3063 2994 3116; x_wconf 62' lang='grc' dir='ltr'><strong>’ἔ</strong></span> <span class='ocrx_word' id='word_1_493' title='bbox 3035 3060 3175 3116; x_wconf 79' lang='lat' dir='ltr'><strong>sciie</strong></span> <span class='ocrx_word' id='word_1_494' title='bbox 3221 3060 3420 3115; x_wconf 87' lang='lat' dir='ltr'><strong>debent</strong></span> <span class='ocrx_word' id='word_1_495' title='bbox 3465 3060 3571 3115; x_wconf 84' lang='lat' dir='ltr'><strong>hoc</strong></span> 
     </span>
    </p>
   </div>
   <div class='ocr_carea' id='block_1_62' title="bbox 1988 3146 3570 3220">
    <p class='ocr_par' dir='ltr' id='par_1_62' title="bbox 1988 3146 3570 3220">
     <span class='ocr_line' id='line_1_62' title="bbox 1988 3146 3570 3220; baseline -0.006 -10"><span class='ocrx_word' id='word_1_496' title='bbox 1988 3157 2041 3210; x_wconf 89' lang='lat' dir='ltr'><strong>in</strong></span> <span class='ocrx_word' id='word_1_497' title='bbox 2098 3156 2201 3210; x_wconf 88' lang='lat' dir='ltr'><strong>illis</strong></span> <span class='ocrx_word' id='word_1_498' title='bbox 2248 3155 2526 3209; x_wconf 88' lang='lat' dir='ltr'><strong>altioribus</strong></span> <span class='ocrx_word' id='word_1_499' title='bbox 2573 3153 2807 3220; x_wconf 90' lang='lat' dir='ltr'><strong>positum</strong></span> <span class='ocrx_word' id='word_1_500' title='bbox 2868 3167 2898 3205; x_wconf 86' lang='lat' dir='ltr'><strong>a</strong></span> <span class='ocrx_word' id='word_1_501' title='bbox 2951 3151 3144 3218; x_wconf 85' lang='lat' dir='ltr'><strong>quibus</strong></span> <span class='ocrx_word' id='word_1_502' title='bbox 3188 3150 3370 3205; x_wconf 84' lang='lat' dir='ltr'><strong>sancta</strong></span> <span class='ocrx_word' id='word_1_503' title='bbox 3421 3146 3570 3202; x_wconf 86' lang='lat' dir='ltr'><strong>Scri-</strong></span> 
     </span>
    </p>
   </div>
   <div class='ocr_carea' id='block_1_63' title="bbox 298 3210 1882 3316">
    <p class='ocr_par' dir='ltr' id='par_1_63' title="bbox 298 3210 1878 3298">
     <span class='ocr_line' id='line_1_63' title="bbox 298 3210 1878 3298; baseline 0.001 -14"><span class='ocrx_word' id='word_1_504' title='bbox 298 3210 469 3287; x_wconf 64' lang='lat' dir='ltr'><strong>i’aulo</strong></span> <span class='ocrx_word' id='word_1_505' title='bbox 497 3234 612 3285; x_wconf 83' lang='lat' dir='ltr'><strong>sine</strong></span> <span class='ocrx_word' id='word_1_506' title='bbox 645 3210 946 3297; x_wconf 36' lang='lat' dir='ltr'><strong>cognstionc</strong></span> <span class='ocrx_word' id='word_1_507' title='bbox 984 3210 1355 3282; x_wconf 52' lang='lat' dir='ltr'><strong>Christi‘illam</strong></span> <span class='ocrx_word' id='word_1_508' title='bbox 1382 3244 1501 3298; x_wconf 76' lang='lat' dir='ltr'><strong>qua:</strong></span> <span class='ocrx_word' id='word_1_509' title='bbox 1540 3231 1593 3284; x_wconf 90' lang='lat' dir='ltr'><strong>in</strong></span> <span class='ocrx_word' id='word_1_510' title='bbox 1625 3230 1739 3298; x_wconf 83' lang='lat' dir='ltr'><strong>lege</strong></span> <span class='ocrx_word' id='word_1_511' title='bbox 1766 3229 1878 3286; x_wconf 78' lang='lat' dir='ltr'><strong>iac-</strong></span> 
     </span>
    </p>
   </div>
   <div class='ocr_carea' id='block_1_64' title="bbox 1984 3210 3566 3316">
    <p class='ocr_par' dir='ltr' id='par_1_64' title="bbox 1985 3238 3566 3316">
     <span class='ocr_line' id='line_1_64' title="bbox 1985 3238 3566 3316; baseline -0.006 -16"><span class='ocrx_word' id='word_1_512' title='bbox 1985 3255 2139 3316; x_wconf 90' lang='lat' dir='ltr'><strong>ptura</strong></span> <span class='ocrx_word' id='word_1_513' title='bbox 2162 3246 2407 3299; x_wconf 74' lang='lat' dir='ltr'><strong>humana:</strong></span> <span class='ocrx_word' id='word_1_514' title='bbox 2429 3243 2753 3299; x_wconf 88' lang='lat' dir='ltr'><strong>curiositatis</strong></span> <span class='ocrx_word' id='word_1_515' title='bbox 2779 3249 2996 3304; x_wconf 85' lang='lat' dir='ltr'><strong>coercet</strong></span> <span class='ocrx_word' id='word_1_516' title='bbox 3023 3240 3301 3294; x_wconf 85' lang='lat' dir='ltr'><strong>audaciam</strong></span> <span class='ocrx_word' id='word_1_517' title='bbox 3317 3249 3338 3276; x_wconf 71' lang='grc' dir='ltr'><strong><em>ο</em></strong></span> <span class='ocrx_word' id='word_1_518' title='bbox 3353 3238 3566 3292; x_wconf 87' lang='lat' dir='ltr'><strong>dicens:</strong></span> 
     </span>
    </p>
   </div>
   <div class='ocr_carea' id='block_1_65' title="bbox 302 3318 1881 3388">
    <p class='ocr_par' dir='ltr' id='par_1_65' title="bbox 302 3318 1881 3388">
     <span class='ocr_line' id='line_1_65' title="bbox 302 3318 1881 3388; baseline -0.003 -9"><span class='ocrx_word' id='word_1_519' title='bbox 302 3334 484 3379; x_wconf 86' lang='lat' dir='ltr'><strong>torum</strong></span> <span class='ocrx_word' id='word_1_520' title='bbox 505 3329 606 3386; x_wconf 77' lang='lat' dir='ltr'><strong>est,</strong></span> <span class='ocrx_word' id='word_1_521' title='bbox 628 3333 844 3374; x_wconf 55' lang='lat' dir='ltr'><strong>servare</strong></span> <span class='ocrx_word' id='word_1_522' title='bbox 869 3318 1130 3387; x_wconf 68' lang='lat' dir='ltr'><strong>justitiam</strong></span> <span class='ocrx_word' id='word_1_523' title='bbox 1155 3335 1166 3370; x_wconf 93' lang='lat'>:</span> <span class='ocrx_word' id='word_1_524' title='bbox 1200 3333 1324 3372; x_wconf 91' lang='lat' dir='ltr'><strong>cum</strong></span> <span class='ocrx_word' id='word_1_525' title='bbox 1355 3318 1468 3388; x_wconf 89' lang='lat' dir='ltr'><strong>ipse</strong></span> <span class='ocrx_word' id='word_1_526' title='bbox 1498 3318 1746 3373; x_wconf 87' lang='lat' dir='ltr'><strong>Salvator</strong></span> <span class='ocrx_word' id='word_1_527' title='bbox 1783 3335 1881 3374; x_wconf 85' lang='lat' dir='ltr'><strong>no-</strong></span> 
     </span>
    </p>
   </div>
   <div class='ocr_carea' id='block_1_66' title="bbox 294 3411 1884 3484">
    <p class='ocr_par' dir='ltr' id='par_1_66' title="bbox 294 3411 1884 3484">
     <span class='ocr_line' id='line_1_66' title="bbox 294 3411 1884 3484; baseline -0.003 -11"><span class='ocrx_word' id='word_1_528' title='bbox 294 3427 417 3473; x_wconf 78' lang='lat' dir='ltr'><strong>ster</strong></span> <span class='ocrx_word' id='word_1_529' title='bbox 439 3415 630 3470; x_wconf 66' lang='lat' dir='ltr'><strong>Judaeis</strong></span> <span class='ocrx_word' id='word_1_530' title='bbox 651 3414 792 3469; x_wconf 81' lang='lat' dir='ltr'><strong>dicat</strong></span> <span class='ocrx_word' id='word_1_531' title='bbox 817 3430 829 3465; x_wconf 89' lang='lat'>:</span> <span class='ocrx_word' id='word_1_532' title='bbox 856 3411 977 3465; x_wconf 78' lang='lat' dir='ltr'><strong>Nisi</strong></span> <span class='ocrx_word' id='word_1_533' title='bbox 1005 3414 1336 3483; x_wconf 80' lang='lat' dir='ltr'><strong>cognoreritis</strong></span> <span class='ocrx_word' id='word_1_534' title='bbox 1357 3415 1479 3483; x_wconf 87' lang='lat' dir='ltr'><strong>quia</strong></span> <span class='ocrx_word' id='word_1_535' title='bbox 1500 3431 1592 3484; x_wconf 87' lang='lat' dir='ltr'><strong>ego</strong></span> <span class='ocrx_word' id='word_1_536' title='bbox 1619 3431 1752 3481; x_wconf 90' lang='lat' dir='ltr'><strong>sum,</strong></span> <span class='ocrx_word' id='word_1_537' title='bbox 1779 3431 1884 3468; x_wconf 89' lang='lat' dir='ltr'><strong>mo-</strong></span> 
     </span>
    </p>
   </div>
   <div class='ocr_carea' id='block_1_67' title="bbox 297 3501 1881 3578">
    <p class='ocr_par' dir='ltr' id='par_1_67' title="bbox 297 3501 1881 3578">
     <span class='ocr_line' id='line_1_67' title="bbox 297 3501 1881 3578; baseline -0.002 -16"><span class='ocrx_word' id='word_1_538' title='bbox 297 3509 509 3564; x_wconf 74' lang='lat' dir='ltr'><strong>riemini</strong></span> <span class='ocrx_word' id='word_1_539' title='bbox 537 3509 592 3560; x_wconf 83' lang='lat' dir='ltr'><strong>in</strong></span> <span class='ocrx_word' id='word_1_540' title='bbox 632 3506 856 3578; x_wconf 88' lang='lat' dir='ltr'><strong>peccatis</strong></span> <span class='ocrx_word' id='word_1_541' title='bbox 885 3504 1065 3556; x_wconf 85' lang='lat' dir='ltr'><strong>vestris</strong></span> <span class='ocrx_word' id='word_1_542' title='bbox 1098 3501 1278 3574; x_wconf 85' lang='lat' dir='ltr'><strong>(Joan.</strong></span> <span class='ocrx_word' id='word_1_543' title='bbox 1305 3520 1413 3567; x_wconf 76' lang='lat' dir='ltr'><strong>vin,</strong></span> <span class='ocrx_word' id='word_1_544' title='bbox 1439 3503 1552 3573; x_wconf 73' lang='lat'><strong>24).</strong></span> <span class='ocrx_word' id='word_1_545' title='bbox 1592 3503 1734 3573; x_wconf 85' lang='lat' dir='ltr'><strong>Ergo</strong></span> <span class='ocrx_word' id='word_1_546' title='bbox 1757 3505 1881 3574; x_wconf 85' lang='lat' dir='ltr'><strong>quia</strong></span> 
     </span>
    </p>
   </div>
   <div class='ocr_carea' id='block_1_68' title="bbox 298 3590 1882 3671">
    <p class='ocr_par' dir='ltr' id='par_1_68' title="bbox 298 3590 1882 3671">
     <span class='ocr_line' id='line_1_68' title="bbox 298 3590 1882 3671; baseline -0.006 -14"><span class='ocrx_word' id='word_1_547' title='bbox 298 3594 563 3671; x_wconf 78' lang='lat' dir='ltr'><strong>justitiam</strong></span> <span class='ocrx_word' id='word_1_548' title='bbox 593 3612 710 3662; x_wconf 70' lang='lat' dir='ltr'><strong>qua:</strong></span> <span class='ocrx_word' id='word_1_549' title='bbox 751 3603 834 3650; x_wconf 80' lang='lat' dir='ltr'><strong>cst</strong></span> <span class='ocrx_word' id='word_1_550' title='bbox 876 3609 943 3647; x_wconf 83' lang='lat' dir='ltr'><strong>ex</strong></span> <span class='ocrx_word' id='word_1_551' title='bbox 974 3592 1077 3646; x_wconf 85' lang='lat' dir='ltr'><strong>lide</strong></span> <span class='ocrx_word' id='word_1_552' title='bbox 1122 3590 1319 3647; x_wconf 91' lang='lat' dir='ltr'><strong>Christi</strong></span> <span class='ocrx_word' id='word_1_553' title='bbox 1345 3592 1410 3646; x_wconf 92' lang='lat' dir='ltr'><strong>ad</strong></span> <span class='ocrx_word' id='word_1_554' title='bbox 1453 3593 1882 3660; x_wconf 83' lang='lat' dir='ltr'><strong>cognoscendum</strong></span> 
     </span>
    </p>
   </div>
   <div class='ocr_carea' id='block_1_69' title="bbox 300 3682 1881 3753">
    <p class='ocr_par' dir='ltr' id='par_1_69' title="bbox 300 3682 1881 3753">
     <span class='ocr_line' id='line_1_69' title="bbox 300 3682 1881 3753; baseline -0.006 -6"><span class='ocrx_word' id='word_1_555' title='bbox 300 3693 452 3748; x_wconf 83' lang='lat' dir='ltr'><strong>illum</strong></span> <span class='ocrx_word' id='word_1_556' title='bbox 484 3704 602 3744; x_wconf 75' lang='lat' dir='ltr'><strong>esse</strong></span> <span class='ocrx_word' id='word_1_557' title='bbox 641 3694 865 3741; x_wconf 87' lang='lat' dir='ltr'><strong>testatur</strong></span> <span class='ocrx_word' id='word_1_558' title='bbox 896 3683 1201 3753; x_wconf 83' lang='lat' dir='ltr'><strong>Apostolus,</strong></span> <span class='ocrx_word' id='word_1_559' title='bbox 1235 3682 1577 3738; x_wconf 80' lang='lat' dir='ltr'><strong>manifestum</strong></span> <span class='ocrx_word' id='word_1_560' title='bbox 1607 3693 1688 3738; x_wconf 92' lang='lat' dir='ltr'><strong>est</strong></span> <span class='ocrx_word' id='word_1_561' title='bbox 1711 3685 1881 3752; x_wconf 84' lang='lat' dir='ltr'><strong>legem</strong></span> 
     </span>
    </p>
   </div>
   <div class='ocr_carea' id='block_1_70' title="bbox 303 3774 1883 3848">
    <p class='ocr_par' dir='ltr' id='par_1_70' title="bbox 303 3774 1883 3848">
     <span class='ocr_line' id='line_1_70' title="bbox 303 3774 1883 3848; baseline -0.007 -9"><span class='ocrx_word' id='word_1_562' title='bbox 303 3785 430 3839; x_wconf 80' lang='lat' dir='ltr'><strong>ﬁdei</strong></span> <span class='ocrx_word' id='word_1_563' title='bbox 457 3796 597 3846; x_wconf 82' lang='lat' dir='ltr'><strong>esse,</strong></span> <span class='ocrx_word' id='word_1_564' title='bbox 628 3793 784 3848; x_wconf 86' lang='lat' dir='ltr'><strong>quam</strong></span> <span class='ocrx_word' id='word_1_565' title='bbox 807 3791 865 3830; x_wconf 89' lang='lat' dir='ltr'><strong>se</strong></span> <span class='ocrx_word' id='word_1_566' title='bbox 887 3775 1030 3830; x_wconf 90' lang='lat' dir='ltr'><strong>Deus</strong></span> <span class='ocrx_word' id='word_1_567' title='bbox 1056 3775 1110 3828; x_wconf 91' lang='lat' dir='ltr'><strong>in</strong></span> <span class='ocrx_word' id='word_1_568' title='bbox 1126 3774 1293 3829; x_wconf 88' lang='lat' dir='ltr'><strong>corde</strong></span> <span class='ocrx_word' id='word_1_569' title='bbox 1313 3790 1532 3829; x_wconf 92' lang='lat' dir='ltr'><strong>suorum</strong></span> <span class='ocrx_word' id='word_1_570' title='bbox 1561 3776 1883 3844; x_wconf 90' lang='lat' dir='ltr'><strong>scripturum</strong></span> 
     </span>
    </p>
   </div>
   <div class='ocr_carea' id='block_1_71' title="bbox 301 3865 1884 3944">
    <p class='ocr_par' dir='ltr' id='par_1_71' title="bbox 301 3865 1884 3944">
     <span class='ocr_line' id='line_1_71' title="bbox 301 3865 1884 3944; baseline -0.008 -12"><span class='ocrx_word' id='word_1_571' title='bbox 301 3891 424 3931; x_wconf 87' lang='lat' dir='ltr'><strong>esse</strong></span> <span class='ocrx_word' id='word_1_572' title='bbox 453 3872 717 3944; x_wconf 89' lang='lat' dir='ltr'><strong>promisit.</strong></span> <span class='ocrx_word' id='word_1_573' title='bbox 744 3867 898 3936; x_wconf 91' lang='lat' dir='ltr'><strong>Quod</strong></span> <span class='ocrx_word' id='word_1_574' title='bbox 933 3865 1174 3935; x_wconf 89' lang='lat' dir='ltr'><strong>ejusdem</strong></span> <span class='ocrx_word' id='word_1_575' title='bbox 1202 3873 1358 3920; x_wconf 87' lang='lat' dir='ltr'><strong>tenor</strong></span> <span class='ocrx_word' id='word_1_576' title='bbox 1388 3865 1669 3921; x_wconf 90' lang='lat' dir='ltr'><strong>evidenter</strong></span> <span class='ocrx_word' id='word_1_577' title='bbox 1698 3875 1884 3921; x_wconf 89' lang='lat' dir='ltr'><strong>osten-</strong></span> 
     </span>
    </p>
   </div>
   <div class='ocr_carea' id='block_1_72' title="bbox 301 3955 1885 4028">
    <p class='ocr_par' dir='ltr' id='par_1_72' title="bbox 301 3955 1885 4028">
     <span class='ocr_line' id='line_1_72' title="bbox 301 3955 1885 4028; baseline -0.008 -6"><span class='ocrx_word' id='word_1_578' title='bbox 301 3968 400 4022; x_wconf 86' lang='lat' dir='ltr'><strong>dit.</strong></span> <span class='ocrx_word' id='word_1_579' title='bbox 430 3965 507 4020; x_wconf 85' lang='lat' dir='ltr'><strong>lbi</strong></span> <span class='ocrx_word' id='word_1_580' title='bbox 538 3965 679 4018; x_wconf 87' lang='lat' dir='ltr'><strong>enim</strong></span> <span class='ocrx_word' id='word_1_581' title='bbox 709 3961 838 4016; x_wconf 89' lang='lat' dir='ltr'><strong>dicit</strong></span> <span class='ocrx_word' id='word_1_582' title='bbox 877 3958 1017 4012; x_wconf 87' lang='lat' dir='ltr'><strong>Deus</strong></span> <span class='ocrx_word' id='word_1_583' title='bbox 1044 3975 1056 4009; x_wconf 91' lang='lat'><strong>:</strong></span> <span class='ocrx_word' id='word_1_584' title='bbox 1089 3955 1158 4010; x_wconf 83' lang='lat' dir='ltr'><strong>Et</strong></span> <span class='ocrx_word' id='word_1_585' title='bbox 1187 3973 1291 4010; x_wconf 89' lang='lat' dir='ltr'><strong>non</strong></span> <span class='ocrx_word' id='word_1_586' title='bbox 1314 3956 1514 4010; x_wconf 86' lang='lat' dir='ltr'><strong>docebit</strong></span> <span class='ocrx_word' id='word_1_587' title='bbox 1541 3959 1885 4028; x_wconf 82' lang='lat' dir='ltr'><strong>unusquisque</strong></span> 
     </span>
    </p>
   </div>
   <div class='ocr_carea' id='block_1_73' title="bbox 301 4048 1883 4129">
    <p class='ocr_par' dir='ltr' id='par_1_73' title="bbox 301 4048 1883 4129">
     <span class='ocr_line' id='line_1_73' title="bbox 301 4048 1883 4129; baseline -0.009 -15"><span class='ocrx_word' id='word_1_588' title='bbox 301 4061 597 4129; x_wconf 78' lang='lat' dir='ltr'><strong>proximum</strong></span> <span class='ocrx_word' id='word_1_589' title='bbox 622 4070 790 4117; x_wconf 90' lang='lat' dir='ltr'><strong>suum,</strong></span> <span class='ocrx_word' id='word_1_590' title='bbox 814 4061 862 4105; x_wconf 89' lang='lat' dir='ltr'><strong>et</strong></span> <span class='ocrx_word' id='word_1_591' title='bbox 889 4053 1234 4122; x_wconf 88' lang='lat' dir='ltr'><strong>unusquisque</strong></span> <span class='ocrx_word' id='word_1_592' title='bbox 1259 4051 1468 4121; x_wconf 89' lang='lat' dir='ltr'><strong>fratrem</strong></span> <span class='ocrx_word' id='word_1_593' title='bbox 1485 4064 1650 4112; x_wconf 89' lang='lat' dir='ltr'><strong>suum,</strong></span> <span class='ocrx_word' id='word_1_594' title='bbox 1675 4048 1849 4100; x_wconf 89' lang='lat' dir='ltr'><strong>dicens</strong></span> <span class='ocrx_word' id='word_1_595' title='bbox 1865 4064 1883 4101; x_wconf 90' lang='lat'><strong><em>:</em></strong></span> 
     </span>
    </p>
   </div>
   <div class='ocr_carea' id='block_1_74' title="bbox 301 4139 1888 4222">
    <p class='ocr_par' dir='ltr' id='par_1_74' title="bbox 301 4139 1888 4222">
     <span class='ocr_line' id='line_1_74' title="bbox 301 4139 1888 4222; baseline -0.009 -16"><span class='ocrx_word' id='word_1_596' title='bbox 301 4151 570 4222; x_wconf 81' lang='lat' dir='ltr'><strong>Cognosce</strong></span> <span class='ocrx_word' id='word_1_597' title='bbox 599 4146 907 4208; x_wconf 89' lang='lat' dir='ltr'><strong>Dominum;</strong></span> <span class='ocrx_word' id='word_1_598' title='bbox 937 4144 1058 4213; x_wconf 90' lang='lat' dir='ltr'><strong>quia</strong></span> <span class='ocrx_word' id='word_1_599' title='bbox 1107 4157 1282 4196; x_wconf 89' lang='lat' dir='ltr'><strong>omnes</strong></span> <span class='ocrx_word' id='word_1_600' title='bbox 1312 4142 1476 4194; x_wconf 87' lang='lat' dir='ltr'><strong>scient</strong></span> <span class='ocrx_word' id='word_1_601' title='bbox 1520 4155 1601 4192; x_wconf 88' lang='lat' dir='ltr'><strong>me</strong></span> <span class='ocrx_word' id='word_1_602' title='bbox 1630 4155 1661 4192; x_wconf 90' lang='lat' dir='ltr'><strong>a</strong></span> <span class='ocrx_word' id='word_1_603' title='bbox 1689 4139 1888 4193; x_wconf 91' lang='lat' dir='ltr'><strong>minore</strong></span> 
     </span>
    </p>
   </div>
   <div class='ocr_carea' id='block_1_75' title="bbox 301 4228 1529 4309">
    <p class='ocr_par' dir='ltr' id='par_1_75' title="bbox 301 4228 1529 4309">
     <span class='ocr_line' id='line_1_75' title="bbox 301 4228 1529 4309; baseline -0.01 -15"><span class='ocrx_word' id='word_1_604' title='bbox 301 4257 467 4309; x_wconf 83' lang='lat' dir='ltr'><strong>usque</strong></span> <span class='ocrx_word' id='word_1_605' title='bbox 495 4239 563 4290; x_wconf 90' lang='lat' dir='ltr'><strong>ad</strong></span> <span class='ocrx_word' id='word_1_606' title='bbox 586 4238 838 4308; x_wconf 87' lang='lat' dir='ltr'><strong>majorem</strong></span> <span class='ocrx_word' id='word_1_607' title='bbox 868 4249 1044 4288; x_wconf 89' lang='lat' dir='ltr'><strong>eorum</strong></span> <span class='ocrx_word' id='word_1_608' title='bbox 1068 4230 1200 4303; x_wconf 80' lang='lat' dir='ltr'><strong>(Jer.</strong></span> <span class='ocrx_word' id='word_1_609' title='bbox 1235 4246 1386 4294; x_wconf 69' lang='grc' dir='ltr'>χχιι,</span> <span class='ocrx_word' id='word_1_610' title='bbox 1417 4228 1529 4299; x_wconf 74' lang='grc'><strong>54).</strong></span> 
     </span>
    </p>
   </div>
   <div class='ocr_carea' id='block_1_76' title="bbox 374 4319 1889 4393">
    <p class='ocr_par' dir='ltr' id='par_1_76' title="bbox 374 4319 1889 4393">
     <span class='ocr_line' id='line_1_76' title="bbox 374 4319 1889 4393; baseline -0.007 -9"><span class='ocrx_word' id='word_1_611' title='bbox 374 4329 466 4384; x_wconf 54' lang='lat' dir='ltr'><strong>Si.</strong></span> <span class='ocrx_word' id='word_1_612' title='bbox 500 4327 626 4381; x_wconf 69' lang='lat' dir='ltr'><strong>Hice</strong></span> <span class='ocrx_word' id='word_1_613' title='bbox 653 4334 735 4380; x_wconf 90' lang='lat' dir='ltr'><strong>est</strong></span> <span class='ocrx_word' id='word_1_614' title='bbox 754 4325 862 4389; x_wconf 76' lang='lat' dir='ltr'><strong>lex,</strong></span> <span class='ocrx_word' id='word_1_615' title='bbox 885 4338 1044 4393; x_wconf 91' lang='lat' dir='ltr'><strong>quam</strong></span> <span class='ocrx_word' id='word_1_616' title='bbox 1061 4321 1204 4376; x_wconf 92' lang='lat' dir='ltr'><strong>Deus</strong></span> <span class='ocrx_word' id='word_1_617' title='bbox 1233 4320 1418 4376; x_wconf 88' lang='lat' dir='ltr'><strong>scribit</strong></span> <span class='ocrx_word' id='word_1_618' title='bbox 1441 4319 1495 4374; x_wconf 90' lang='lat' dir='ltr'><strong>in</strong></span> <span class='ocrx_word' id='word_1_619' title='bbox 1525 4319 1776 4374; x_wconf 88' lang='lat' dir='ltr'><strong>cordibus</strong></span> <span class='ocrx_word' id='word_1_620' title='bbox 1795 4334 1889 4374; x_wconf 86' lang='lat' dir='ltr'><strong>eo-</strong></span> 
     </span>
    </p>
   </div>
   <div class='ocr_carea' id='block_1_77' title="bbox 301 4411 1892 4486">
    <p class='ocr_par' dir='ltr' id='par_1_77' title="bbox 301 4411 1892 4486">
     <span class='ocr_line' id='line_1_77' title="bbox 301 4411 1892 4486; baseline -0.008 -8"><span class='ocrx_word' id='word_1_621' title='bbox 301 4437 430 4479; x_wconf 83' lang='lat' dir='ltr'><strong>rum</strong></span> <span class='ocrx_word' id='word_1_622' title='bbox 461 4415 718 4485; x_wconf 86' lang='lat' dir='ltr'><strong>omnium,</strong></span> <span class='ocrx_word' id='word_1_623' title='bbox 743 4432 849 4471; x_wconf 92' lang='lat' dir='ltr'><strong>non</strong></span> <span class='ocrx_word' id='word_1_624' title='bbox 880 4431 977 4486; x_wconf 89' lang='lat' dir='ltr'><strong>per</strong></span> <span class='ocrx_word' id='word_1_625' title='bbox 1007 4413 1372 4469; x_wconf 88' lang='lat' dir='ltr'><strong>conditionem</strong></span> <span class='ocrx_word' id='word_1_626' title='bbox 1411 4419 1636 4478; x_wconf 76' lang='lat' dir='ltr'><strong>naturze,</strong></span> <span class='ocrx_word' id='word_1_627' title='bbox 1670 4411 1764 4466; x_wconf 91' lang='lat' dir='ltr'><strong>sed</strong></span> <span class='ocrx_word' id='word_1_628' title='bbox 1793 4427 1892 4481; x_wconf 90' lang='lat' dir='ltr'><strong>per</strong></span> 
     </span>
    </p>
   </div>
   <div class='ocr_carea' id='block_1_78' title="bbox 300 4503 1887 4584">
    <p class='ocr_par' dir='ltr' id='par_1_78' title="bbox 300 4503 1887 4584">
     <span class='ocr_line' id='line_1_78' title="bbox 300 4503 1887 4584; baseline -0.009 -15"><span class='ocrx_word' id='word_1_629' title='bbox 300 4515 612 4584; x_wconf 83' lang='lat' dir='ltr'><strong>largitatem</strong></span> <span class='ocrx_word' id='word_1_630' title='bbox 634 4509 853 4578; x_wconf 67' lang='lat' dir='ltr'><strong>gratiae;</strong></span> <span class='ocrx_word' id='word_1_631' title='bbox 887 4522 993 4561; x_wconf 91' lang='lat' dir='ltr'><strong>non</strong></span> <span class='ocrx_word' id='word_1_632' title='bbox 1021 4520 1119 4577; x_wconf 88' lang='lat' dir='ltr'><strong>per</strong></span> <span class='ocrx_word' id='word_1_633' title='bbox 1145 4505 1369 4559; x_wconf 87' lang='lat' dir='ltr'><strong>liberum</strong></span> <span class='ocrx_word' id='word_1_634' title='bbox 1395 4503 1674 4558; x_wconf 89' lang='lat' dir='ltr'><strong>arbitrium</strong></span> <span class='ocrx_word' id='word_1_635' title='bbox 1710 4503 1887 4557; x_wconf 90' lang='lat' dir='ltr'><strong>homi-</strong></span> 
     </span>
    </p>
   </div>
   <div class='ocr_carea' id='block_1_79' title="bbox 1988 3327 3573 3404">
    <p class='ocr_par' dir='ltr' id='par_1_79' title="bbox 1988 3327 3573 3404">
     <span class='ocr_line' id='line_1_79' title="bbox 1988 3327 3573 3404; baseline -0.005 -16"><span class='ocrx_word' id='word_1_636' title='bbox 1988 3337 2189 3388; x_wconf 82' lang='lat' dir='ltr'><strong>Altiora</strong></span> <span class='ocrx_word' id='word_1_637' title='bbox 2219 3342 2263 3386; x_wconf 91' lang='lat' dir='ltr'><strong>te</strong></span> <span class='ocrx_word' id='word_1_638' title='bbox 2292 3350 2355 3386; x_wconf 87' lang='lat' dir='ltr'><strong>ne</strong></span> <span class='ocrx_word' id='word_1_639' title='bbox 2375 3333 2636 3404; x_wconf 65' lang='lat' dir='ltr'><strong>quaesieris</strong></span> <span class='ocrx_word' id='word_1_640' title='bbox 2663 3340 2712 3385; x_wconf 90' lang='lat' dir='ltr'><strong>et</strong></span> <span class='ocrx_word' id='word_1_641' title='bbox 2742 3331 2961 3402; x_wconf 88' lang='lat' dir='ltr'><strong>fortiora</strong></span> <span class='ocrx_word' id='word_1_642' title='bbox 2983 3339 3028 3382; x_wconf 90' lang='lat' dir='ltr'><strong>te</strong></span> <span class='ocrx_word' id='word_1_643' title='bbox 3057 3346 3121 3383; x_wconf 87' lang='lat' dir='ltr'><strong>ne</strong></span> <span class='ocrx_word' id='word_1_644' title='bbox 3138 3337 3391 3383; x_wconf 84' lang='lat' dir='ltr'><strong>scrutatus</strong></span> <span class='ocrx_word' id='word_1_645' title='bbox 3415 3327 3573 3398; x_wconf 84' lang='lat' dir='ltr'><strong>fueris</strong></span> 
     </span>
    </p>
   </div>
   <div class='ocr_carea' id='block_1_80' title="bbox 1983 3407 3568 3494">
    <p class='ocr_par' dir='ltr' id='par_1_80' title="bbox 1983 3407 3568 3494">
     <span class='ocr_line' id='line_1_80' title="bbox 1983 3407 3568 3494; baseline -0.007 -15"><span class='ocrx_word' id='word_1_646' title='bbox 1983 3425 2072 3479; x_wconf 88' lang='lat' dir='ltr'><strong>sed</strong></span> <span class='ocrx_word' id='word_1_647' title='bbox 2099 3440 2212 3494; x_wconf 73' lang='lat' dir='ltr'><strong>qua:</strong></span> <span class='ocrx_word' id='word_1_648' title='bbox 2239 3423 2483 3493; x_wconf 78' lang='lat' dir='ltr'><strong>prwcepit</strong></span> <span class='ocrx_word' id='word_1_649' title='bbox 2523 3421 2611 3474; x_wconf 89' lang='lat' dir='ltr'><strong>tibi</strong></span> <span class='ocrx_word' id='word_1_650' title='bbox 2639 3419 2801 3486; x_wconf 88' lang='lat' dir='ltr'><strong>Deus,</strong></span> <span class='ocrx_word' id='word_1_651' title='bbox 2830 3420 2922 3473; x_wconf 85' lang='lat' dir='ltr'><strong>illa</strong></span> <span class='ocrx_word' id='word_1_652' title='bbox 2961 3407 3128 3490; x_wconf 87' lang='lat' dir='ltr'><strong>cogita</strong></span> <span class='ocrx_word' id='word_1_653' title='bbox 3155 3434 3353 3488; x_wconf 88' lang='lat' dir='ltr'><strong>semper</strong></span> <span class='ocrx_word' id='word_1_654' title='bbox 3383 3415 3568 3486; x_wconf 75' lang='lat' dir='ltr'><strong>(Eccii.</strong></span> 
     </span>
    </p>
   </div>
   <div class='ocr_carea' id='block_1_81' title="bbox 1984 3506 3572 3582">
    <p class='ocr_par' dir='ltr' id='par_1_81' title="bbox 1984 3506 3572 3582">
     <span class='ocr_line' id='line_1_81' title="bbox 1984 3506 3572 3582; baseline -0.008 -12"><span class='ocrx_word' id='word_1_655' title='bbox 1984 3513 2201 3582; x_wconf 70' lang='lat'><strong>111,22).</strong></span> <span class='ocrx_word' id='word_1_656' title='bbox 2236 3513 2358 3566; x_wconf 79' lang='lat' dir='ltr'><strong>llaec</strong></span> <span class='ocrx_word' id='word_1_657' title='bbox 2387 3512 2577 3566; x_wconf 87' lang='lat' dir='ltr'><strong>altiora</strong></span> <span class='ocrx_word' id='word_1_658' title='bbox 2609 3511 2698 3564; x_wconf 91' lang='lat' dir='ltr'><strong>ille</strong></span> <span class='ocrx_word' id='word_1_659' title='bbox 2725 3511 2815 3578; x_wconf 90' lang='lat' dir='ltr'><strong>qui</strong></span> <span class='ocrx_word' id='word_1_660' title='bbox 2852 3524 3021 3577; x_wconf 84' lang='lat' dir='ltr'><strong>usque</strong></span> <span class='ocrx_word' id='word_1_661' title='bbox 3051 3509 3104 3562; x_wconf 90' lang='lat' dir='ltr'><strong>in</strong></span> <span class='ocrx_word' id='word_1_662' title='bbox 3135 3506 3354 3562; x_wconf 78' lang='lat' dir='ltr'><strong>tertiur‘n</strong></span> <span class='ocrx_word' id='word_1_663' title='bbox 3377 3507 3572 3561; x_wconf 75' lang='lat' dir='ltr'><strong>cmlum</strong></span> 
     </span>
    </p>
   </div>
   <div class='ocr_carea' id='block_1_82' title="bbox 1984 3594 3568 3672">
    <p class='ocr_par' dir='ltr' id='par_1_82' title="bbox 1984 3594 3568 3672">
     <span class='ocr_line' id='line_1_82' title="bbox 1984 3594 3568 3672; baseline -0.008 -14"><span class='ocrx_word' id='word_1_664' title='bbox 1984 3611 2171 3672; x_wconf 87' lang='lat' dir='ltr'><strong>raptus</strong></span> <span class='ocrx_word' id='word_1_665' title='bbox 2196 3610 2298 3666; x_wconf 87' lang='lat' dir='ltr'><strong>est,</strong></span> <span class='ocrx_word' id='word_1_666' title='bbox 2330 3617 2395 3655; x_wconf 86' lang='lat' dir='ltr'><strong>eo</strong></span> <span class='ocrx_word' id='word_1_667' title='bbox 2426 3599 2595 3666; x_wconf 89' lang='lat' dir='ltr'><strong>magis</strong></span> <span class='ocrx_word' id='word_1_668' title='bbox 2625 3599 2841 3652; x_wconf 87' lang='lat' dir='ltr'><strong>territus</strong></span> <span class='ocrx_word' id='word_1_669' title='bbox 2869 3613 2977 3665; x_wconf 91' lang='lat' dir='ltr'><strong>quo</strong></span> <span class='ocrx_word' id='word_1_670' title='bbox 3002 3597 3172 3664; x_wconf 86' lang='lat' dir='ltr'><strong>magis</strong></span> <span class='ocrx_word' id='word_1_671' title='bbox 3220 3594 3568 3656; x_wconf 86' lang='lat' dir='ltr'><strong>illuminatus,</strong></span> 
     </span>
    </p>
   </div>
   <div class='ocr_carea' id='block_1_83' title="bbox 1985 3682 3572 3762">
    <p class='ocr_par' dir='ltr' id='par_1_83' title="bbox 1985 3682 3572 3762">
     <span class='ocr_line' id='line_1_83' title="bbox 1985 3682 3572 3762; baseline -0.006 -14"><span class='ocrx_word' id='word_1_672' title='bbox 1985 3693 2220 3762; x_wconf 83' lang='lat' dir='ltr'><strong>expavit.</strong></span> <span class='ocrx_word' id='word_1_673' title='bbox 2253 3691 2405 3746; x_wconf 88' lang='lat' dir='ltr'><strong>Unde</strong></span> <span class='ocrx_word' id='word_1_674' title='bbox 2444 3691 2612 3757; x_wconf 85' lang='lat' dir='ltr'><strong>magis</strong></span> <span class='ocrx_word' id='word_1_675' title='bbox 2641 3689 2875 3744; x_wconf 87' lang='lat' dir='ltr'><strong>clamare</strong></span> <span class='ocrx_word' id='word_1_676' title='bbox 2905 3704 3011 3740; x_wconf 92' lang='lat' dir='ltr'><strong>non</strong></span> <span class='ocrx_word' id='word_1_677' title='bbox 3044 3694 3240 3741; x_wconf 90' lang='lat' dir='ltr'><strong>cessat.</strong></span> <span class='ocrx_word' id='word_1_678' title='bbox 3275 3682 3318 3737; x_wconf 88' lang='lat'><em>0</em></span> <span class='ocrx_word' id='word_1_679' title='bbox 3350 3685 3572 3738; x_wconf 84' lang='lat' dir='ltr'><strong>altitudo</strong></span> 
     </span>
    </p>
   </div>
   <div class='ocr_carea' id='block_1_84' title="bbox 1985 3775 3570 3852">
    <p class='ocr_par' dir='ltr' id='par_1_84' title="bbox 1985 3775 3570 3852">
     <span class='ocr_line' id='line_1_84' title="bbox 1985 3775 3570 3852; baseline -0.008 -14"><span class='ocrx_word' id='word_1_680' title='bbox 1985 3785 2280 3838; x_wconf 87' lang='lat' dir='ltr'><strong>divitiarum</strong></span> <span class='ocrx_word' id='word_1_681' title='bbox 2307 3781 2572 3852; x_wconf 73' lang='lat' dir='ltr'><strong>sapientia:</strong></span> <span class='ocrx_word' id='word_1_682' title='bbox 2591 3789 2639 3834; x_wconf 87' lang='lat' dir='ltr'><strong>et</strong></span> <span class='ocrx_word' id='word_1_683' title='bbox 2667 3780 2895 3846; x_wconf 73' lang='lat' dir='ltr'><strong>scientiae</strong></span> <span class='ocrx_word' id='word_1_684' title='bbox 2922 3776 3017 3830; x_wconf 89' lang='lat' dir='ltr'><strong>Dei</strong></span> <span class='ocrx_word' id='word_1_685' title='bbox 3043 3779 3061 3830; x_wconf 93' lang='lat'><strong>.&#39;</strong></span> <span class='ocrx_word' id='word_1_686' title='bbox 3092 3775 3257 3840; x_wconf 87' lang='lat' dir='ltr'><strong>Quam</strong></span> <span class='ocrx_word' id='word_1_687' title='bbox 3278 3778 3570 3844; x_wconf 81' lang='lat' dir='ltr'><strong>incompre-</strong></span> 
     </span>
    </p>
   </div>
   <div class='ocr_carea' id='block_1_85' title="bbox 1986 3866 3571 3941">
    <p class='ocr_par' dir='ltr' id='par_1_85' title="bbox 1986 3866 3571 3941">
     <span class='ocr_line' id='line_1_85' title="bbox 1986 3866 3571 3941; baseline -0.007 -13"><span class='ocrx_word' id='word_1_688' title='bbox 1986 3872 2258 3928; x_wconf 88' lang='lat' dir='ltr'><strong>hensibilia</strong></span> <span class='ocrx_word' id='word_1_689' title='bbox 2288 3879 2406 3926; x_wconf 87' lang='lat' dir='ltr'><strong>sunt</strong></span> <span class='ocrx_word' id='word_1_690' title='bbox 2426 3871 2628 3941; x_wconf 89' lang='lat' dir='ltr'><strong>judicia</strong></span> <span class='ocrx_word' id='word_1_691' title='bbox 2665 3870 2775 3940; x_wconf 88' lang='lat' dir='ltr'><strong>ejus</strong></span> <span class='ocrx_word' id='word_1_692' title='bbox 2803 3879 2852 3923; x_wconf 90' lang='lat' dir='ltr'><strong>et</strong></span> <span class='ocrx_word' id='word_1_693' title='bbox 2891 3867 3273 3938; x_wconf 86' lang='lat' dir='ltr'><strong>investigabiles</strong></span> <span class='ocrx_word' id='word_1_694' title='bbox 3303 3867 3395 3920; x_wconf 79' lang='lat' dir='ltr'><strong>vice</strong></span> <span class='ocrx_word' id='word_1_695' title='bbox 3419 3866 3571 3936; x_wconf 86' lang='lat' dir='ltr'><strong>ejus!</strong></span> 
     </span>
    </p>
   </div>
   <div class='ocr_carea' id='block_1_86' title="bbox 1990 3955 3576 4033">
    <p class='ocr_par' dir='ltr' id='par_1_86' title="bbox 1990 3955 3576 4033">
     <span class='ocr_line' id='line_1_86' title="bbox 1990 3955 3576 4033; baseline -0.007 -14"><span class='ocrx_word' id='word_1_696' title='bbox 1990 3965 2116 4029; x_wconf 87' lang='lat' dir='ltr'><strong>Quis</strong></span> <span class='ocrx_word' id='word_1_697' title='bbox 2143 3966 2281 4018; x_wconf 88' lang='lat' dir='ltr'><strong>enim</strong></span> <span class='ocrx_word' id='word_1_698' title='bbox 2311 3963 2543 4033; x_wconf 86' lang='lat' dir='ltr'><strong>cognovit</strong></span> <span class='ocrx_word' id='word_1_699' title='bbox 2572 3977 2775 4015; x_wconf 89' lang='lat' dir='ltr'><strong>sensum</strong></span> <span class='ocrx_word' id='word_1_700' title='bbox 2806 3958 3057 4012; x_wconf 86' lang='lat' dir='ltr'><strong>Domini?</strong></span> <span class='ocrx_word' id='word_1_701' title='bbox 3077 3969 3166 4011; x_wconf 87' lang='lat' dir='ltr'><strong>aut</strong></span> <span class='ocrx_word' id='word_1_702' title='bbox 3187 3958 3302 4028; x_wconf 89' lang='lat' dir='ltr'><strong>quis</strong></span> <span class='ocrx_word' id='word_1_703' title='bbox 3331 3955 3576 4010; x_wconf 86' lang='lat' dir='ltr'><strong>consilia-</strong></span> 
     </span>
    </p>
   </div>
   <div class='ocr_carea' id='block_1_87' title="bbox 1987 4046 3577 4126">
    <p class='ocr_par' dir='ltr' id='par_1_87' title="bbox 1987 4046 3577 4126">
     <span class='ocr_line' id='line_1_87' title="bbox 1987 4046 3577 4126; baseline -0.008 -16"><span class='ocrx_word' id='word_1_704' title='bbox 1987 4058 2094 4110; x_wconf 84' lang='lat' dir='ltr'><strong>rius</strong></span> <span class='ocrx_word' id='word_1_705' title='bbox 2121 4057 2231 4126; x_wconf 89' lang='lat' dir='ltr'><strong>ejus</strong></span> <span class='ocrx_word' id='word_1_706' title='bbox 2263 4053 2405 4125; x_wconf 85' lang='lat' dir='ltr'><strong>fuit?</strong></span> <span class='ocrx_word' id='word_1_707' title='bbox 2432 4061 2521 4106; x_wconf 89' lang='lat' dir='ltr'><strong>aut</strong></span> <span class='ocrx_word' id='word_1_708' title='bbox 2549 4053 2662 4121; x_wconf 85' lang='lat' dir='ltr'><strong>quis</strong></span> <span class='ocrx_word' id='word_1_709' title='bbox 2710 4052 2855 4122; x_wconf 88' lang='lat' dir='ltr'><strong>prior</strong></span> <span class='ocrx_word' id='word_1_710' title='bbox 2885 4049 3024 4103; x_wconf 86' lang='lat' dir='ltr'><strong>dedit</strong></span> <span class='ocrx_word' id='word_1_711' title='bbox 3065 4050 3162 4113; x_wconf 85' lang='lat' dir='ltr'><strong>illi,</strong></span> <span class='ocrx_word' id='word_1_712' title='bbox 3193 4057 3242 4101; x_wconf 89' lang='lat' dir='ltr'><strong>et</strong></span> <span class='ocrx_word' id='word_1_713' title='bbox 3269 4046 3577 4100; x_wconf 86' lang='lat' dir='ltr'><strong>retribuetur</strong></span> 
     </span>
    </p>
   </div>
   <div class='ocr_carea' id='block_1_88' title="bbox 1988 4139 3580 4219">
    <p class='ocr_par' dir='ltr' id='par_1_88' title="bbox 1988 4139 3580 4219">
     <span class='ocr_line' id='line_1_88' title="bbox 1988 4139 3580 4219; baseline -0.009 -17"><span class='ocrx_word' id='word_1_714' title='bbox 1988 4149 2074 4202; x_wconf 82' lang='lat' dir='ltr'><strong>ei?</strong></span> <span class='ocrx_word' id='word_1_715' title='bbox 2106 4148 2350 4219; x_wconf 88' lang='lat' dir='ltr'><strong>quoniam</strong></span> <span class='ocrx_word' id='word_1_716' title='bbox 2387 4161 2452 4199; x_wconf 79' lang='lat' dir='ltr'><strong>ex</strong></span> <span class='ocrx_word' id='word_1_717' title='bbox 2489 4145 2633 4213; x_wconf 85' lang='lat' dir='ltr'><strong>ipso,</strong></span> <span class='ocrx_word' id='word_1_718' title='bbox 2677 4153 2725 4194; x_wconf 90' lang='lat' dir='ltr'><strong>et</strong></span> <span class='ocrx_word' id='word_1_719' title='bbox 2773 4157 2864 4212; x_wconf 89' lang='lat' dir='ltr'><strong>per</strong></span> <span class='ocrx_word' id='word_1_720' title='bbox 2902 4142 3091 4205; x_wconf 80' lang='lat' dir='ltr'><strong>ipsum,</strong></span> <span class='ocrx_word' id='word_1_721' title='bbox 3139 4139 3270 4192; x_wconf 88' lang='lat' dir='ltr'><strong>etin</strong></span> <span class='ocrx_word' id='word_1_722' title='bbox 3318 4139 3430 4207; x_wconf 89' lang='lat' dir='ltr'><strong>ipso</strong></span> <span class='ocrx_word' id='word_1_723' title='bbox 3457 4145 3580 4190; x_wconf 88' lang='lat' dir='ltr'><strong>sunt</strong></span> 
     </span>
    </p>
   </div>
   <div class='ocr_carea' id='block_1_89' title="bbox 1991 4226 3580 4308">
    <p class='ocr_par' dir='ltr' id='par_1_89' title="bbox 1991 4226 3580 4308">
     <span class='ocr_line' id='line_1_89' title="bbox 1991 4226 3580 4308; baseline -0.009 -14"><span class='ocrx_word' id='word_1_724' title='bbox 1991 4243 2210 4294; x_wconf 91' lang='lat' dir='ltr'><strong>omnia:</strong></span> <span class='ocrx_word' id='word_1_725' title='bbox 2265 4239 2363 4308; x_wconf 90' lang='lat' dir='ltr'><strong>ipsi</strong></span> <span class='ocrx_word' id='word_1_726' title='bbox 2403 4237 2570 4308; x_wconf 85' lang='lat' dir='ltr'><strong>gloria</strong></span> <span class='ocrx_word' id='word_1_727' title='bbox 2614 4237 2669 4288; x_wconf 89' lang='lat' dir='ltr'><strong>in</strong></span> <span class='ocrx_word' id='word_1_728' title='bbox 2729 4232 2920 4288; x_wconf 75' lang='lat' dir='ltr'><strong>stecula</strong></span> <span class='ocrx_word' id='word_1_729' title='bbox 2970 4230 3150 4301; x_wconf 86' lang='lat' dir='ltr'><strong>(Rom.</strong></span> <span class='ocrx_word' id='word_1_730' title='bbox 3183 4245 3269 4295; x_wconf 80' lang='grc' dir='ltr'>ιιι,</span> <span class='ocrx_word' id='word_1_731' title='bbox 3312 4228 3401 4288; x_wconf 74' lang='grc'><strong>55.</strong></span> <span class='ocrx_word' id='word_1_732' title='bbox 3435 4226 3502 4281; x_wconf 68' lang='grc'><strong>54</strong></span> <span class='ocrx_word' id='word_1_733' title='bbox 3531 4236 3580 4281; x_wconf 90' lang='lat' dir='ltr'><strong>et</strong></span> 
     </span>
    </p>
   </div>
   <div class='ocr_carea' id='block_1_90' title="bbox 1991 4322 3583 4403">
    <p class='ocr_par' dir='ltr' id='par_1_90' title="bbox 1991 4322 3583 4403">
     <span class='ocr_line' id='line_1_90' title="bbox 1991 4322 3583 4403; baseline -0.009 -17"><span class='ocrx_word' id='word_1_734' title='bbox 1991 4330 2265 4403; x_wconf 71' lang='lat' dir='ltr'><strong>seq.).S.rr</strong></span> <span class='ocrx_word' id='word_1_735' title='bbox 2297 4345 2393 4384; x_wconf 78' lang='lat' dir='ltr'><strong>esr</strong></span> <span class='ocrx_word' id='word_1_736' title='bbox 2420 4343 2555 4383; x_wconf 68' lang='lat' dir='ltr'><strong>unco</strong></span> <span class='ocrx_word' id='word_1_737' title='bbox 2579 4341 2746 4392; x_wconf 75' lang='lat' dir='ltr'><strong>nonis,</strong></span> <span class='ocrx_word' id='word_1_738' title='bbox 2769 4333 2823 4380; x_wconf 91' lang='lat' dir='ltr'><strong>et</strong></span> <span class='ocrx_word' id='word_1_739' title='bbox 2851 4324 2905 4377; x_wconf 92' lang='lat' dir='ltr'><strong>in</strong></span> <span class='ocrx_word' id='word_1_740' title='bbox 2933 4323 3017 4377; x_wconf 92' lang='lat' dir='ltr'><strong>his</strong></span> <span class='ocrx_word' id='word_1_741' title='bbox 3034 4322 3583 4392; x_wconf 7' lang='lat' dir='ltr'><strong>quiqsalvantur,gra-</strong></span> 
     </span>
    </p>
   </div>
   <div class='ocr_carea' id='block_1_91' title="bbox 1993 4411 3582 4480">
    <p class='ocr_par' dir='ltr' id='par_1_91' title="bbox 1993 4411 3582 4480">
     <span class='ocr_line' id='line_1_91' title="bbox 1993 4411 3582 4480; baseline -0.009 -4"><span class='ocrx_word' id='word_1_742' title='bbox 1993 4425 2181 4476; x_wconf 89' lang='lat' dir='ltr'><strong>tuitam</strong></span> <span class='ocrx_word' id='word_1_743' title='bbox 2205 4421 2299 4475; x_wconf 90' lang='lat' dir='ltr'><strong>Dei</strong></span> <span class='ocrx_word' id='word_1_744' title='bbox 2339 4417 2786 4480; x_wconf 87' lang='lat' dir='ltr'><strong>misericordiam,</strong></span> <span class='ocrx_word' id='word_1_745' title='bbox 2815 4422 2870 4468; x_wconf 92' lang='lat' dir='ltr'><strong>et</strong></span> <span class='ocrx_word' id='word_1_746' title='bbox 2893 4414 2945 4467; x_wconf 91' lang='lat' dir='ltr'><strong>in</strong></span> <span class='ocrx_word' id='word_1_747' title='bbox 2978 4412 3064 4466; x_wconf 92' lang='lat' dir='ltr'><strong>his</strong></span> <span class='ocrx_word' id='word_1_748' title='bbox 3096 4413 3187 4480; x_wconf 88' lang='lat' dir='ltr'><strong>qui</strong></span> <span class='ocrx_word' id='word_1_749' title='bbox 3216 4411 3582 4465; x_wconf 88' lang='lat' dir='ltr'><strong>condemnan-</strong></span> 
     </span>
    </p>
   </div>
   <div class='ocr_carea' id='block_1_92' title="bbox 1992 4501 3583 4578">
    <p class='ocr_par' dir='ltr' id='par_1_92' title="bbox 1992 4501 3583 4578">
     <span class='ocr_line' id='line_1_92' title="bbox 1992 4501 3583 4578; baseline -0.009 -10"><span class='ocrx_word' id='word_1_750' title='bbox 1992 4521 2080 4578; x_wconf 81' lang='lat' dir='ltr'><strong>tur</strong></span> <span class='ocrx_word' id='word_1_751' title='bbox 2107 4526 2289 4565; x_wconf 80' lang='lat' dir='ltr'><strong>veram</strong></span> <span class='ocrx_word' id='word_1_752' title='bbox 2321 4509 2415 4562; x_wconf 91' lang='lat' dir='ltr'><strong>Dei</strong></span> <span class='ocrx_word' id='word_1_753' title='bbox 2437 4507 2700 4578; x_wconf 90' lang='lat' dir='ltr'><strong>justitiam</strong></span> <span class='ocrx_word' id='word_1_754' title='bbox 2749 4505 2866 4559; x_wconf 89' lang='lat' dir='ltr'><strong>sine</strong></span> <span class='ocrx_word' id='word_1_755' title='bbox 2891 4503 3225 4557; x_wconf 88' lang='lat' dir='ltr'><strong>dubitatione</strong></span> <span class='ocrx_word' id='word_1_756' title='bbox 3255 4501 3494 4560; x_wconf 85' lang='lat' dir='ltr'><strong>credere.</strong></span> <span class='ocrx_word' id='word_1_757' title='bbox 3529 4510 3583 4554; x_wconf 88' lang='lat' dir='ltr'><strong>et</strong></span> 
     </span>
    </p>
   </div>
   <div class='ocr_carea' id='block_1_93' title="bbox 302 4590 1882 4673">
    <p class='ocr_par' dir='ltr' id='par_1_93' title="bbox 302 4593 1882 4673">
     <span class='ocr_line' id='line_1_93' title="bbox 302 4593 1882 4673; baseline -0.009 -11"><span class='ocrx_word' id='word_1_758' title='bbox 302 4609 412 4672; x_wconf 90' lang='lat' dir='ltr'><strong>nis,</strong></span> <span class='ocrx_word' id='word_1_759' title='bbox 439 4604 536 4660; x_wconf 88' lang='lat' dir='ltr'><strong>sed</strong></span> <span class='ocrx_word' id='word_1_760' title='bbox 575 4618 672 4673; x_wconf 92' lang='lat' dir='ltr'><strong>per</strong></span> <span class='ocrx_word' id='word_1_761' title='bbox 698 4599 1052 4655; x_wconf 89' lang='lat' dir='ltr'><strong>ministerium</strong></span> <span class='ocrx_word' id='word_1_762' title='bbox 1099 4595 1425 4664; x_wconf 79' lang='lat' dir='ltr'><strong>evangelicae</strong></span> <span class='ocrx_word' id='word_1_763' title='bbox 1467 4593 1882 4664; x_wconf 69' lang='lat' dir='ltr'><strong>praedicationis;</strong></span> 
     </span>
    </p>
   </div>
   <div class='ocr_carea' id='block_1_94' title="bbox 1984 4590 3580 4673">
    <p class='ocr_par' dir='ltr' id='par_1_94' title="bbox 1997 4590 3580 4668">
     <span class='ocr_line' id='line_1_94' title="bbox 1997 4590 3580 4668; baseline -0.008 -9"><span class='ocrx_word' id='word_1_764' title='bbox 1997 4604 2159 4659; x_wconf 92' lang='lat' dir='ltr'><strong>corde</strong></span> <span class='ocrx_word' id='word_1_765' title='bbox 2202 4601 2437 4657; x_wconf 90' lang='lat' dir='ltr'><strong>contrito</strong></span> <span class='ocrx_word' id='word_1_766' title='bbox 2483 4607 2646 4668; x_wconf 87' lang='lat' dir='ltr'><strong>atque</strong></span> <span class='ocrx_word' id='word_1_767' title='bbox 2699 4596 2980 4650; x_wconf 87' lang='lat' dir='ltr'><strong>bumiliato</strong></span> <span class='ocrx_word' id='word_1_768' title='bbox 3019 4593 3440 4651; x_wconf 87' lang='lat' dir='ltr'><strong>misericordiam</strong></span> <span class='ocrx_word' id='word_1_769' title='bbox 3471 4590 3580 4646; x_wconf 87' lang='lat' dir='ltr'><strong>Do-</strong></span> 
     </span>
    </p>
   </div>
   <div class='ocr_carea' id='block_1_95' title="bbox 302 4685 1896 4763">
    <p class='ocr_par' dir='ltr' id='par_1_95' title="bbox 302 4685 1896 4763">
     <span class='ocr_line' id='line_1_95' title="bbox 302 4685 1896 4763; baseline -0.009 -9"><span class='ocrx_word' id='word_1_770' title='bbox 302 4713 417 4754; x_wconf 87' lang='lat' dir='ltr'><strong>non</strong></span> <span class='ocrx_word' id='word_1_771' title='bbox 439 4697 493 4750; x_wconf 87' lang='lat' dir='ltr'><strong>in</strong></span> <span class='ocrx_word' id='word_1_772' title='bbox 521 4692 694 4763; x_wconf 76' lang='lat' dir='ltr'><strong>lapide</strong></span> <span class='ocrx_word' id='word_1_773' title='bbox 714 4707 812 4762; x_wconf 88' lang='lat' dir='ltr'><strong>per</strong></span> <span class='ocrx_word' id='word_1_774' title='bbox 838 4691 1074 4744; x_wconf 86' lang='lat' dir='ltr'><strong>litteram</strong></span> <span class='ocrx_word' id='word_1_775' title='bbox 1103 4687 1317 4742; x_wconf 81' lang='lat' dir='ltr'><strong>Veteris</strong></span> <span class='ocrx_word' id='word_1_776' title='bbox 1337 4685 1667 4741; x_wconf 85' lang='lat' dir='ltr'><strong>&#39;l&#39;estamenti</strong></span> <span class='ocrx_word' id='word_1_777' title='bbox 1685 4725 1700 4748; x_wconf 89' lang='lat'><strong>,</strong></span> <span class='ocrx_word' id='word_1_778' title='bbox 1725 4685 1817 4739; x_wconf 90' lang='lat' dir='ltr'><strong>sed</strong></span> <span class='ocrx_word' id='word_1_779' title='bbox 1842 4685 1896 4739; x_wconf 91' lang='lat' dir='ltr'><strong>in</strong></span> 
     </span>
    </p>
   </div>
   <div class='ocr_carea' id='block_1_96' title="bbox 302 4775 1901 4855">
    <p class='ocr_par' dir='ltr' id='par_1_96' title="bbox 302 4775 1901 4855">
     <span class='ocr_line' id='line_1_96' title="bbox 302 4775 1901 4855; baseline -0.009 -10"><span class='ocrx_word' id='word_1_780' title='bbox 302 4788 473 4844; x_wconf 88' lang='lat' dir='ltr'><strong>corde</strong></span> <span class='ocrx_word' id='word_1_781' title='bbox 493 4801 590 4855; x_wconf 88' lang='lat' dir='ltr'><strong>per</strong></span> <span class='ocrx_word' id='word_1_782' title='bbox 609 4783 867 4854; x_wconf 89' lang='lat' dir='ltr'><strong>Spiritum</strong></span> <span class='ocrx_word' id='word_1_783' title='bbox 898 4781 992 4835; x_wconf 91' lang='lat' dir='ltr'><strong>Dei</strong></span> <span class='ocrx_word' id='word_1_784' title='bbox 1013 4779 1138 4834; x_wconf 90' lang='lat' dir='ltr'><strong>vivi.</strong></span> <span class='ocrx_word' id='word_1_785' title='bbox 1165 4778 1320 4844; x_wconf 88' lang='lat' dir='ltr'><strong>Quod</strong></span> <span class='ocrx_word' id='word_1_786' title='bbox 1349 4778 1539 4832; x_wconf 89' lang='lat' dir='ltr'><strong>beatus</strong></span> <span class='ocrx_word' id='word_1_787' title='bbox 1567 4775 1764 4830; x_wconf 88' lang='lat' dir='ltr'><strong>Paulus</strong></span> <span class='ocrx_word' id='word_1_788' title='bbox 1786 4777 1901 4831; x_wconf 76' lang='lat' dir='ltr'><strong>evi-</strong></span> 
     </span>
    </p>
   </div>
   <div class='ocr_carea' id='block_1_97' title="bbox 223 4865 1898 4944">
    <p class='ocr_par' dir='ltr' id='par_1_97' title="bbox 223 4865 1898 4944">
     <span class='ocr_line' id='line_1_97' title="bbox 223 4865 1898 4944; baseline -0.008 -10"><span class='ocrx_word' id='word_1_789' title='bbox 223 4938 231 4944; x_wconf 59' lang='grc'><strong>,</strong></span> <span class='ocrx_word' id='word_1_790' title='bbox 304 4879 503 4933; x_wconf 88' lang='lat' dir='ltr'><strong>denter</strong></span> <span class='ocrx_word' id='word_1_791' title='bbox 550 4876 786 4930; x_wconf 85' lang='lat' dir='ltr'><strong>insinuat</strong></span> <span class='ocrx_word' id='word_1_792' title='bbox 813 4872 1038 4926; x_wconf 88' lang='lat' dir='ltr'><strong>dicens:</strong></span> <span class='ocrx_word' id='word_1_793' title='bbox 1075 4869 1312 4941; x_wconf 87' lang='lat' dir='ltr'><strong>Epistola</strong></span> <span class='ocrx_word' id='word_1_794' title='bbox 1337 4869 1462 4922; x_wconf 90' lang='lat' dir='ltr'><strong>estis</strong></span> <span class='ocrx_word' id='word_1_795' title='bbox 1509 4865 1701 4920; x_wconf 84' lang='lat' dir='ltr'><strong>Christi</strong></span> <span class='ocrx_word' id='word_1_796' title='bbox 1740 4868 1898 4921; x_wconf 89' lang='lat' dir='ltr'><strong>mini-</strong></span> 
     </span>
    </p>
   </div>
   <div class='ocr_carea' id='block_1_98' title="bbox 301 4957 1898 5032">
    <p class='ocr_par' dir='ltr' id='par_1_98' title="bbox 301 4957 1898 5032">
     <span class='ocr_line' id='line_1_98' title="bbox 301 4957 1898 5032; baseline -0.009 -7"><span class='ocrx_word' id='word_1_797' title='bbox 301 4979 476 5026; x_wconf 87' lang='lat' dir='ltr'><strong>strata</strong></span> <span class='ocrx_word' id='word_1_798' title='bbox 501 4985 533 5020; x_wconf 82' lang='grc' dir='ltr'><em>α</em></span> <span class='ocrx_word' id='word_1_799' title='bbox 563 4965 709 5021; x_wconf 86' lang='lat' dir='ltr'><strong>nobis</strong></span> <span class='ocrx_word' id='word_1_800' title='bbox 735 4964 785 5028; x_wconf 71' lang='grc' dir='ltr'>δ,</span> <span class='ocrx_word' id='word_1_801' title='bbox 805 4972 853 5017; x_wconf 90' lang='lat' dir='ltr'><strong>et</strong></span> <span class='ocrx_word' id='word_1_802' title='bbox 883 4963 1077 5032; x_wconf 85' lang='lat' dir='ltr'><strong>scripta</strong></span> <span class='ocrx_word' id='word_1_803' title='bbox 1106 4978 1209 5015; x_wconf 92' lang='lat' dir='ltr'><strong>non</strong></span> <span class='ocrx_word' id='word_1_804' title='bbox 1241 4967 1550 5022; x_wconf 85' lang='lat' dir='ltr'><strong>atramento,</strong></span> <span class='ocrx_word' id='word_1_805' title='bbox 1584 4959 1674 5012; x_wconf 89' lang='lat' dir='ltr'><strong>sed</strong></span> <span class='ocrx_word' id='word_1_806' title='bbox 1697 4957 1898 5029; x_wconf 80' lang='lat' dir='ltr'><strong>Spiritu</strong></span> 
     </span>
    </p>
   </div>
   <div class='ocr_carea' id='block_1_99' title="bbox 307 5049 1894 5123">
    <p class='ocr_par' dir='ltr' id='par_1_99' title="bbox 307 5049 1894 5123">
     <span class='ocr_line' id='line_1_99' title="bbox 307 5049 1894 5123; baseline -0.008 -7"><span class='ocrx_word' id='word_1_807' title='bbox 307 5061 407 5116; x_wconf 84' lang='lat' dir='ltr'><strong>Dei</strong></span> <span class='ocrx_word' id='word_1_808' title='bbox 435 5061 564 5123; x_wconf 79' lang='lat' dir='ltr'><strong>vivi;</strong></span> <span class='ocrx_word' id='word_1_809' title='bbox 597 5073 701 5111; x_wconf 91' lang='lat' dir='ltr'><strong>non</strong></span> <span class='ocrx_word' id='word_1_810' title='bbox 739 5056 796 5108; x_wconf 87' lang='lat' dir='ltr'><strong>in</strong></span> <span class='ocrx_word' id='word_1_811' title='bbox 825 5053 1010 5108; x_wconf 89' lang='lat' dir='ltr'><strong>tabulis</strong></span> <span class='ocrx_word' id='word_1_812' title='bbox 1034 5053 1274 5122; x_wconf 89' lang='lat' dir='ltr'><strong>lapideis,</strong></span> <span class='ocrx_word' id='word_1_813' title='bbox 1307 5050 1397 5104; x_wconf 88' lang='lat' dir='ltr'><strong>sed</strong></span> <span class='ocrx_word' id='word_1_814' title='bbox 1425 5053 1480 5104; x_wconf 89' lang='lat' dir='ltr'><strong>in</strong></span> <span class='ocrx_word' id='word_1_815' title='bbox 1510 5049 1697 5104; x_wconf 86' lang='lat' dir='ltr'><strong>tabulis</strong></span> <span class='ocrx_word' id='word_1_816' title='bbox 1726 5050 1894 5105; x_wconf 88' lang='lat' dir='ltr'><strong>cordis</strong></span> 
     </span>
    </p>
   </div>
   <div class='ocr_carea' id='block_1_100' title="bbox 303 5143 1900 5222">
    <p class='ocr_par' dir='ltr' id='par_1_100' title="bbox 303 5143 1900 5222">
     <span class='ocr_line' id='line_1_100' title="bbox 303 5143 1900 5222; baseline -0.006 -14"><span class='ocrx_word' id='word_1_817' title='bbox 303 5151 612 5208; x_wconf 86' lang='lat' dir='ltr'><strong>carnalibus</strong></span> <span class='ocrx_word' id='word_1_818' title='bbox 627 5148 680 5222; x_wconf 89' lang='grc'><strong>(1</strong></span> <span class='ocrx_word' id='word_1_819' title='bbox 687 5147 716 5203; x_wconf 86' lang='grc' dir='ltr'><em>Ι</em></span> <span class='ocrx_word' id='word_1_820' title='bbox 732 5147 852 5203; x_wconf 88' lang='lat' dir='ltr'><strong>Cor.</strong></span> <span class='ocrx_word' id='word_1_821' title='bbox 877 5163 955 5213; x_wconf 88' lang='grc' dir='ltr'>ιιι,</span> <span class='ocrx_word' id='word_1_822' title='bbox 979 5147 1057 5214; x_wconf 77' lang='grc'><strong>5).</strong></span> <span class='ocrx_word' id='word_1_823' title='bbox 1071 5143 1188 5199; x_wconf 84' lang='lat' dir='ltr'><strong>Hoc</strong></span> <span class='ocrx_word' id='word_1_824' title='bbox 1202 5158 1332 5213; x_wconf 85' lang='lat' dir='ltr'><strong>ergo</strong></span> <span class='ocrx_word' id='word_1_825' title='bbox 1354 5143 1496 5198; x_wconf 92' lang='lat' dir='ltr'><strong>Deus</strong></span> <span class='ocrx_word' id='word_1_826' title='bbox 1508 5144 1693 5198; x_wconf 90' lang='lat' dir='ltr'><strong>scribit</strong></span> <span class='ocrx_word' id='word_1_827' title='bbox 1714 5145 1767 5197; x_wconf 93' lang='lat' dir='ltr'><strong>in</strong></span> <span class='ocrx_word' id='word_1_828' title='bbox 1783 5159 1900 5198; x_wconf 82' lang='lat' dir='ltr'><strong>cor-</strong></span> 
     </span>
    </p>
   </div>
   <div class='ocr_carea' id='block_1_101' title="bbox 302 5235 1898 5312">
    <p class='ocr_par' dir='ltr' id='par_1_101' title="bbox 302 5235 1898 5312">
     <span class='ocr_line' id='line_1_101' title="bbox 302 5235 1898 5312; baseline -0.006 -12"><span class='ocrx_word' id='word_1_829' title='bbox 302 5247 464 5301; x_wconf 90' lang='lat' dir='ltr'><strong>dibus</strong></span> <span class='ocrx_word' id='word_1_830' title='bbox 489 5245 769 5298; x_wconf 84' lang='lat' dir='ltr'><strong>hominum</strong></span> <span class='ocrx_word' id='word_1_831' title='bbox 799 5256 894 5312; x_wconf 86' lang='lat' dir='ltr'><strong>per</strong></span> <span class='ocrx_word' id='word_1_832' title='bbox 921 5238 1179 5310; x_wconf 88' lang='lat' dir='ltr'><strong>Spiritum</strong></span> <span class='ocrx_word' id='word_1_833' title='bbox 1207 5251 1382 5302; x_wconf 89' lang='lat' dir='ltr'><strong>suum,</strong></span> <span class='ocrx_word' id='word_1_834' title='bbox 1407 5235 1549 5305; x_wconf 90' lang='lat' dir='ltr'><strong>quod</strong></span> <span class='ocrx_word' id='word_1_835' title='bbox 1570 5236 1764 5291; x_wconf 73' lang='lat' dir='ltr'><strong>exinde</strong></span> <span class='ocrx_word' id='word_1_836' title='bbox 1784 5236 1898 5291; x_wconf 89' lang='lat' dir='ltr'><strong>dia-</strong></span> 
     </span>
    </p>
   </div>
   <div class='ocr_carea' id='block_1_102' title="bbox 301 5328 1898 5402">
    <p class='ocr_par' dir='ltr' id='par_1_102' title="bbox 301 5328 1898 5402">
     <span class='ocr_line' id='line_1_102' title="bbox 301 5328 1898 5402; baseline -0.004 -11"><span class='ocrx_word' id='word_1_837' title='bbox 301 5336 418 5392; x_wconf 90' lang='lat' dir='ltr'><strong>boli</strong></span> <span class='ocrx_word' id='word_1_838' title='bbox 445 5334 646 5390; x_wconf 85' lang='lat' dir='ltr'><strong>delevit</strong></span> <span class='ocrx_word' id='word_1_839' title='bbox 672 5333 890 5398; x_wconf 86' lang='lat' dir='ltr'><strong>invidia,</strong></span> <span class='ocrx_word' id='word_1_840' title='bbox 910 5345 1006 5402; x_wconf 90' lang='lat' dir='ltr'><strong>per</strong></span> <span class='ocrx_word' id='word_1_841' title='bbox 1027 5345 1186 5399; x_wconf 78' lang='lat' dir='ltr'><strong>quam</strong></span> <span class='ocrx_word' id='word_1_842' title='bbox 1208 5343 1355 5384; x_wconf 89' lang='lat' dir='ltr'><strong>mors</strong></span> <span class='ocrx_word' id='word_1_843' title='bbox 1378 5328 1599 5382; x_wconf 85' lang='lat' dir='ltr'><strong>intravit</strong></span> <span class='ocrx_word' id='word_1_844' title='bbox 1623 5329 1678 5382; x_wconf 89' lang='lat' dir='ltr'><strong>in</strong></span> <span class='ocrx_word' id='word_1_845' title='bbox 1709 5328 1898 5384; x_wconf 86' lang='lat' dir='ltr'><strong>orbem</strong></span> 
     </span>
    </p>
   </div>
   <div class='ocr_carea' id='block_1_103' title="bbox 303 5418 1896 5490">
    <p class='ocr_par' dir='ltr' id='par_1_103' title="bbox 303 5418 1896 5490">
     <span class='ocr_line' id='line_1_103' title="bbox 303 5418 1896 5490; baseline -0.003 -9"><span class='ocrx_word' id='word_1_846' title='bbox 303 5435 596 5481; x_wconf 81' lang='lat' dir='ltr'><strong>terrarum.</strong></span> <span class='ocrx_word' id='word_1_847' title='bbox 625 5423 822 5478; x_wconf 90' lang='lat' dir='ltr'><strong>Scribit</strong></span> <span class='ocrx_word' id='word_1_848' title='bbox 842 5423 1022 5490; x_wconf 84' lang='lat' dir='ltr'><strong>itaque</strong></span> <span class='ocrx_word' id='word_1_849' title='bbox 1050 5421 1222 5489; x_wconf 84' lang='lat' dir='ltr'><strong>legem</strong></span> <span class='ocrx_word' id='word_1_850' title='bbox 1253 5419 1371 5474; x_wconf 89' lang='lat' dir='ltr'><strong>ﬁdei</strong></span> <span class='ocrx_word' id='word_1_851' title='bbox 1389 5457 1402 5482; x_wconf 88' lang='lat'><strong>,</strong></span> <span class='ocrx_word' id='word_1_852' title='bbox 1429 5433 1526 5488; x_wconf 89' lang='lat' dir='ltr'><strong>per</strong></span> <span class='ocrx_word' id='word_1_853' title='bbox 1553 5433 1713 5488; x_wconf 87' lang='lat' dir='ltr'><strong>quam</strong></span> <span class='ocrx_word' id='word_1_854' title='bbox 1734 5418 1896 5487; x_wconf 88' lang='lat' dir='ltr'><strong>justi-</strong></span> 
     </span>
    </p>
   </div>
   <div class='ocr_carea' id='block_1_104' title="bbox 388 5635 1894 5706">
    <p class='ocr_par' dir='ltr' id='par_1_104' title="bbox 388 5635 1894 5706">
     <span class='ocr_line' id='line_1_104' title="bbox 388 5635 1894 5706; baseline -0.006 -7"><span class='ocrx_word' id='word_1_855' title='bbox 388 5655 411 5682; x_wconf 72' lang='grc' dir='ltr'><strong>ι</strong></span> <span class='ocrx_word' id='word_1_856' title='bbox 438 5644 528 5699; x_wconf 90' lang='lat' dir='ltr'><strong>Sic</strong></span> <span class='ocrx_word' id='word_1_857' title='bbox 549 5658 651 5698; x_wconf 86' lang='lat' dir='ltr'><strong>ms.</strong></span> <span class='ocrx_word' id='word_1_858' title='bbox 679 5640 746 5694; x_wconf 79' lang='lat' dir='ltr'><strong>At</strong></span> <span class='ocrx_word' id='word_1_859' title='bbox 771 5639 922 5703; x_wconf 89' lang='lat' dir='ltr'><strong>editi,</strong></span> <span class='ocrx_word' id='word_1_860' title='bbox 947 5647 997 5693; x_wconf 90' lang='lat' dir='ltr'><strong>et</strong></span> <span class='ocrx_word' id='word_1_861' title='bbox 1017 5638 1072 5692; x_wconf 89' lang='lat' dir='ltr'><strong>in</strong></span> <span class='ocrx_word' id='word_1_862' title='bbox 1102 5637 1256 5692; x_wconf 87' lang='lat' dir='ltr'><strong>corde</strong></span> <span class='ocrx_word' id='word_1_863' title='bbox 1279 5635 1565 5706; x_wconf 74' lang='lat' dir='ltr'><strong>gentilium,</strong></span> <span class='ocrx_word' id='word_1_864' title='bbox 1590 5644 1641 5689; x_wconf 89' lang='lat' dir='ltr'><strong>et</strong></span> <span class='ocrx_word' id='word_1_865' title='bbox 1662 5637 1714 5690; x_wconf 87' lang='lat' dir='ltr'><strong>in</strong></span> <span class='ocrx_word' id='word_1_866' title='bbox 1741 5636 1894 5690; x_wconf 87' lang='lat' dir='ltr'><strong>corde</strong></span> 
     </span>
    </p>
   </div>
   <div class='ocr_carea' id='block_1_105' title="bbox 307 5711 888 5786">
    <p class='ocr_par' dir='ltr' id='par_1_105' title="bbox 307 5711 888 5786">
     <span class='ocr_line' id='line_1_105' title="bbox 307 5711 888 5786; baseline -0.014 -17"><span class='ocrx_word' id='word_1_867' title='bbox 307 5715 546 5786; x_wconf 70' lang='lat' dir='ltr'><strong>ﬁdelium</strong></span> <span class='ocrx_word' id='word_1_868' title='bbox 567 5711 596 5764; x_wconf 84' lang='lat' dir='ltr'><strong><em>J</em></strong></span> <span class='ocrx_word' id='word_1_869' title='bbox 605 5713 888 5786; x_wconf 74' lang='lat' dir='ltr'><strong>udceorum.</strong></span> 
     </span>
    </p>
   </div>
   <div class='ocr_carea' id='block_1_106' title="bbox 389 5783 1132 5848">
    <p class='ocr_par' dir='ltr' id='par_1_106' title="bbox 389 5783 1132 5848">
     <span class='ocr_line' id='line_1_106' title="bbox 389 5783 1132 5848; baseline -0.009 -11"><span class='ocrx_word' id='word_1_870' title='bbox 389 5788 411 5822; x_wconf 73' lang='grc' dir='ltr'><strong>ιι</strong></span> <span class='ocrx_word' id='word_1_871' title='bbox 437 5783 556 5845; x_wconf 64' lang='grc' dir='ltr'>Μιιη</span> <span class='ocrx_word' id='word_1_872' title='bbox 581 5783 877 5835; x_wconf 76' lang='lat' dir='ltr'><strong>ministrata</strong></span> <span class='ocrx_word' id='word_1_873' title='bbox 902 5796 991 5848; x_wconf 87' lang='lat' dir='ltr'><strong>per</strong></span> <span class='ocrx_word' id='word_1_874' title='bbox 1017 5794 1132 5832; x_wconf 90' lang='lat' dir='ltr'><strong>nos.</strong></span> 
     </span>
    </p>
   </div>
   <div class='ocr_carea' id='block_1_107' title="bbox 393 5845 1900 5916">
    <p class='ocr_par' dir='ltr' id='par_1_107' title="bbox 393 5845 1900 5916">
     <span class='ocr_line' id='line_1_107' title="bbox 393 5845 1900 5916; baseline -0.005 -8"><span class='ocrx_word' id='word_1_875' title='bbox 393 5864 412 5892; x_wconf 71' lang='grc' dir='ltr'><strong>ε</strong></span> <span class='ocrx_word' id='word_1_876' title='bbox 437 5852 526 5910; x_wconf 87' lang='lat' dir='ltr'><strong>Sic</strong></span> <span class='ocrx_word' id='word_1_877' title='bbox 545 5867 669 5916; x_wconf 84' lang='lat' dir='ltr'><strong>ms.;</strong></span> <span class='ocrx_word' id='word_1_878' title='bbox 699 5849 861 5905; x_wconf 82' lang='lat' dir='ltr'><strong>Busil.</strong></span> <span class='ocrx_word' id='word_1_879' title='bbox 884 5845 1032 5916; x_wconf 83' lang='lat' dir='ltr'><strong>vero,</strong></span> <span class='ocrx_word' id='word_1_880' title='bbox 1054 5857 1193 5903; x_wconf 89' lang='lat' dir='ltr'><strong>arcet</strong></span> <span class='ocrx_word' id='word_1_881' title='bbox 1219 5846 1508 5903; x_wconf 80' lang='lat' dir='ltr'><strong>audaciam.</strong></span> <span class='ocrx_word' id='word_1_882' title='bbox 1529 5845 1648 5904; x_wconf 78' lang='lat' dir='ltr'><strong>Ant.</strong></span> <span class='ocrx_word' id='word_1_883' title='bbox 1667 5853 1720 5903; x_wconf 86' lang='lat' dir='ltr'><strong>et</strong></span> <span class='ocrx_word' id='word_1_884' title='bbox 1744 5845 1900 5914; x_wconf 88' lang='lat' dir='ltr'><strong>Lov.,</strong></span> 
     </span>
    </p>
   </div>
   <div class='ocr_carea' id='block_1_108' title="bbox 2001 4683 3586 4762">
    <p class='ocr_par' dir='ltr' id='par_1_108' title="bbox 2001 4683 3586 4762">
     <span class='ocr_line' id='line_1_108' title="bbox 2001 4683 3586 4762; baseline -0.008 -13"><span class='ocrx_word' id='word_1_885' title='bbox 2001 4695 2146 4749; x_wconf 90' lang='lat' dir='ltr'><strong>mino</strong></span> <span class='ocrx_word' id='word_1_886' title='bbox 2171 4692 2539 4762; x_wconf 89' lang='lat' dir='ltr'><strong>judiciumque</strong></span> <span class='ocrx_word' id='word_1_887' title='bbox 2568 4696 2789 4744; x_wconf 88' lang='lat' dir='ltr'><strong>cantare</strong></span> <span class='ocrx_word' id='word_1_888' title='bbox 2815 4686 2986 4758; x_wconf 86' lang='lat' dir='ltr'><strong>(Psal.</strong></span> <span class='ocrx_word' id='word_1_889' title='bbox 3013 4685 3154 4752; x_wconf 84' lang='lat' dir='ltr'><strong>c,l),</strong></span> <span class='ocrx_word' id='word_1_890' title='bbox 3178 4683 3267 4754; x_wconf 91' lang='lat' dir='ltr'><strong>qui</strong></span> <span class='ocrx_word' id='word_1_891' title='bbox 3292 4691 3348 4737; x_wconf 90' lang='lat' dir='ltr'><strong>et</strong></span> <span class='ocrx_word' id='word_1_892' title='bbox 3371 4683 3422 4736; x_wconf 94' lang='lat' dir='ltr'><strong>in</strong></span> <span class='ocrx_word' id='word_1_893' title='bbox 3447 4683 3586 4737; x_wconf 88' lang='lat' dir='ltr'><strong>vasis</strong></span> 
     </span>
    </p>
   </div>
   <div class='ocr_carea' id='block_1_109' title="bbox 2000 4775 3585 4854">
    <p class='ocr_par' dir='ltr' id='par_1_109' title="bbox 2000 4775 3585 4854">
     <span class='ocr_line' id='line_1_109' title="bbox 2000 4775 3585 4854; baseline -0.009 -12"><span class='ocrx_word' id='word_1_894' title='bbox 2000 4789 2092 4842; x_wconf 71' lang='lat' dir='ltr'><strong>ine</strong></span> <span class='ocrx_word' id='word_1_895' title='bbox 2121 4795 2282 4854; x_wconf 86' lang='lat' dir='ltr'><strong>atque</strong></span> <span class='ocrx_word' id='word_1_896' title='bbox 2327 4783 2525 4853; x_wconf 89' lang='lat' dir='ltr'><strong>aptatis</strong></span> <span class='ocrx_word' id='word_1_897' title='bbox 2566 4782 2619 4835; x_wconf 93' lang='lat' dir='ltr'><strong>in</strong></span> <span class='ocrx_word' id='word_1_898' title='bbox 2650 4779 2923 4834; x_wconf 87' lang='lat' dir='ltr'><strong>interitum</strong></span> <span class='ocrx_word' id='word_1_899' title='bbox 2964 4777 3200 4831; x_wconf 90' lang='lat' dir='ltr'><strong>ostendit</strong></span> <span class='ocrx_word' id='word_1_900' title='bbox 3233 4775 3451 4843; x_wconf 66' lang='lat' dir='ltr'><strong>justitize</strong></span> <span class='ocrx_word' id='word_1_901' title='bbox 3475 4790 3585 4829; x_wconf 78' lang='lat' dir='ltr'><strong>sua:</strong></span> 
     </span>
    </p>
   </div>
   <div class='ocr_carea' id='block_1_110' title="bbox 2001 4868 3586 4944">
    <p class='ocr_par' dir='ltr' id='par_1_110' title="bbox 2001 4868 3586 4944">
     <span class='ocr_line' id='line_1_110' title="bbox 2001 4868 3586 4944; baseline -0.008 -12"><span class='ocrx_word' id='word_1_902' title='bbox 2001 4878 2204 4933; x_wconf 88' lang='lat' dir='ltr'><strong>nullam</strong></span> <span class='ocrx_word' id='word_1_903' title='bbox 2245 4875 2580 4944; x_wconf 88' lang='lat' dir='ltr'><strong>iniquitatem</strong></span> <span class='ocrx_word' id='word_1_904' title='bbox 2625 4873 2858 4942; x_wconf 86' lang='lat' dir='ltr'><strong>placere,</strong></span> <span class='ocrx_word' id='word_1_905' title='bbox 2909 4879 2964 4924; x_wconf 89' lang='lat' dir='ltr'><strong>et</strong></span> <span class='ocrx_word' id='word_1_906' title='bbox 3002 4869 3334 4922; x_wconf 90' lang='lat' dir='ltr'><strong>demonstrat</strong></span> <span class='ocrx_word' id='word_1_907' title='bbox 3364 4869 3416 4920; x_wconf 90' lang='lat' dir='ltr'><strong>in</strong></span> <span class='ocrx_word' id='word_1_908' title='bbox 3446 4868 3586 4922; x_wconf 84' lang='lat' dir='ltr'><strong>vasis</strong></span> 
     </span>
    </p>
   </div>
   <div class='ocr_carea' id='block_1_111' title="bbox 2003 4958 3587 5036">
    <p class='ocr_par' dir='ltr' id='par_1_111' title="bbox 2003 4958 3587 5036">
     <span class='ocr_line' id='line_1_111' title="bbox 2003 4958 3587 5036; baseline -0.009 -11"><span class='ocrx_word' id='word_1_909' title='bbox 2003 4967 2385 5025; x_wconf 71' lang='lat' dir='ltr'><strong>misericordia:</strong></span> <span class='ocrx_word' id='word_1_910' title='bbox 2414 4965 2538 5036; x_wconf 89' lang='lat' dir='ltr'><strong>quia</strong></span> <span class='ocrx_word' id='word_1_911' title='bbox 2567 4971 2750 5035; x_wconf 89' lang='lat' dir='ltr'><strong>potest</strong></span> <span class='ocrx_word' id='word_1_912' title='bbox 2787 4961 2904 5030; x_wconf 89' lang='lat' dir='ltr'><strong>ejus</strong></span> <span class='ocrx_word' id='word_1_913' title='bbox 2942 4959 3157 5014; x_wconf 91' lang='lat' dir='ltr'><strong>bonitas</strong></span> <span class='ocrx_word' id='word_1_914' title='bbox 3185 4959 3363 5014; x_wconf 89' lang='lat' dir='ltr'><strong>omnia</strong></span> <span class='ocrx_word' id='word_1_915' title='bbox 3393 4958 3587 5028; x_wconf 81' lang='lat' dir='ltr'><strong>quibus</strong></span> 
     </span>
    </p>
   </div>
   <div class='ocr_carea' id='block_1_112' title="bbox 2002 5053 2862 5128">
    <p class='ocr_par' dir='ltr' id='par_1_112' title="bbox 2002 5053 2862 5128">
     <span class='ocr_line' id='line_1_112' title="bbox 2002 5053 2862 5128; baseline -0.009 -13"><span class='ocrx_word' id='word_1_916' title='bbox 2002 5060 2234 5116; x_wconf 90' lang='lat' dir='ltr'><strong>voluerit</strong></span> <span class='ocrx_word' id='word_1_917' title='bbox 2263 5065 2482 5128; x_wconf 88' lang='lat' dir='ltr'><strong>peccata</strong></span> <span class='ocrx_word' id='word_1_918' title='bbox 2512 5056 2782 5111; x_wconf 88' lang='lat' dir='ltr'><strong>dimittere</strong></span> <span class='ocrx_word' id='word_1_919' title='bbox 2813 5053 2862 5107; x_wconf 73' lang='grc' dir='ltr'><strong>ά.</strong></span> 
     </span>
    </p>
   </div>
   <div class='ocr_carea' id='block_1_113' title="bbox 2075 5141 3590 5217">
    <p class='ocr_par' dir='ltr' id='par_1_113' title="bbox 2075 5141 3590 5217">
     <span class='ocr_line' id='line_1_113' title="bbox 2075 5141 3590 5217; baseline -0.009 -11"><span class='ocrx_word' id='word_1_920' title='bbox 2075 5152 2204 5206; x_wconf 74' lang='lat' dir='ltr'><strong>CAP.</strong></span> <span class='ocrx_word' id='word_1_921' title='bbox 2225 5167 2369 5204; x_wconf 76' lang='lat' dir='ltr'><strong>xxix.</strong></span> <span class='ocrx_word' id='word_1_922' title='bbox 2388 5147 2666 5202; x_wconf 77' lang='lat' dir='ltr'><strong>Falluntur</strong></span> <span class='ocrx_word' id='word_1_923' title='bbox 2687 5147 2772 5217; x_wconf 86' lang='lat' dir='ltr'><strong>qui</strong></span> <span class='ocrx_word' id='word_1_924' title='bbox 2792 5145 3092 5199; x_wconf 72' lang='lat' dir='ltr'><strong>existimant</strong></span> <span class='ocrx_word' id='word_1_925' title='bbox 3115 5144 3342 5197; x_wconf 86' lang='lat' dir='ltr'><strong>divinam</strong></span> <span class='ocrx_word' id='word_1_926' title='bbox 3363 5141 3590 5196; x_wconf 55' lang='lat' dir='ltr'><strong>uolunta.</strong></span> 
     </span>
    </p>
   </div>
   <div class='ocr_carea' id='block_1_114' title="bbox 2007 5231 3590 5312">
    <p class='ocr_par' dir='ltr' id='par_1_114' title="bbox 2007 5231 3590 5312">
     <span class='ocr_line' id='line_1_114' title="bbox 2007 5231 3590 5312; baseline -0.008 -17"><span class='ocrx_word' id='word_1_927' title='bbox 2007 5253 2104 5296; x_wconf 87' lang='lat' dir='ltr'><strong>tem</strong></span> <span class='ocrx_word' id='word_1_928' title='bbox 2121 5241 2303 5312; x_wconf 58' lang='lat' dir='ltr'><strong>arquali</strong></span> <span class='ocrx_word' id='word_1_929' title='bbox 2311 5252 2385 5293; x_wconf 80' lang='lat' dir='ltr'><strong>ter</strong></span> <span class='ocrx_word' id='word_1_930' title='bbox 2398 5255 2452 5293; x_wconf 90' lang='lat' dir='ltr'><strong>se</strong></span> <span class='ocrx_word' id='word_1_931' title='bbox 2463 5237 2649 5292; x_wconf 86' lang='lat' dir='ltr'><strong>habere</strong></span> <span class='ocrx_word' id='word_1_932' title='bbox 2668 5253 2791 5306; x_wconf 88' lang='lat' dir='ltr'><strong>erga</strong></span> <span class='ocrx_word' id='word_1_933' title='bbox 2812 5234 3090 5290; x_wconf 83' lang='lat' dir='ltr'><strong>salvandos</strong></span> <span class='ocrx_word' id='word_1_934' title='bbox 3105 5243 3153 5288; x_wconf 88' lang='lat' dir='ltr'><strong>et</strong></span> <span class='ocrx_word' id='word_1_935' title='bbox 3169 5231 3590 5288; x_wconf 74' lang='lat' dir='ltr'><strong>damnandos.—</strong></span> 
     </span>
    </p>
   </div>
   <div class='ocr_carea' id='block_1_115' title="bbox 2003 5319 3590 5400">
    <p class='ocr_par' dir='ltr' id='par_1_115' title="bbox 2003 5319 3590 5400">
     <span class='ocr_line' id='line_1_115' title="bbox 2003 5319 3590 5400; baseline -0.009 -13"><span class='ocrx_word' id='word_1_936' title='bbox 2003 5332 2091 5387; x_wconf 83' lang='lat'><strong>56.</strong></span> <span class='ocrx_word' id='word_1_937' title='bbox 2124 5332 2255 5386; x_wconf 90' lang='lat' dir='ltr'><strong>lllud</strong></span> <span class='ocrx_word' id='word_1_938' title='bbox 2281 5347 2408 5385; x_wconf 88' lang='lat' dir='ltr'><strong>vero</strong></span> <span class='ocrx_word' id='word_1_939' title='bbox 2436 5328 2806 5400; x_wconf 74' lang='lat' dir='ltr'><strong>Apostolicum</strong></span> <span class='ocrx_word' id='word_1_940' title='bbox 2834 5325 2926 5380; x_wconf 89' lang='lat' dir='ltr'><strong>ubi</strong></span> <span class='ocrx_word' id='word_1_941' title='bbox 2966 5325 3161 5381; x_wconf 86' lang='lat' dir='ltr'><strong>dicitur</strong></span> <span class='ocrx_word' id='word_1_942' title='bbox 3195 5324 3265 5379; x_wconf 85' lang='lat' dir='ltr'><strong>de</strong></span> <span class='ocrx_word' id='word_1_943' title='bbox 3305 5323 3454 5377; x_wconf 89' lang='lat' dir='ltr'><strong>Deo:</strong></span> <span class='ocrx_word' id='word_1_944' title='bbox 3490 5319 3590 5386; x_wconf 89' lang='lat' dir='ltr'><strong>Qui</strong></span> 
     </span>
    </p>
   </div>
   <div class='ocr_carea' id='block_1_116' title="bbox 2004 5413 3593 5488">
    <p class='ocr_par' dir='ltr' id='par_1_116' title="bbox 2004 5413 3593 5488">
     <span class='ocr_line' id='line_1_116' title="bbox 2004 5413 3593 5488; baseline -0.007 -12"><span class='ocrx_word' id='word_1_945' title='bbox 2004 5423 2109 5476; x_wconf 72' lang='lat' dir='ltr'><strong>uult</strong></span> <span class='ocrx_word' id='word_1_946' title='bbox 2129 5437 2303 5475; x_wconf 84' lang='lat' dir='ltr'><strong>omnes</strong></span> <span class='ocrx_word' id='word_1_947' title='bbox 2330 5421 2559 5475; x_wconf 88' lang='lat' dir='ltr'><strong>homines</strong></span> <span class='ocrx_word' id='word_1_948' title='bbox 2581 5418 2749 5472; x_wconf 79' lang='lat' dir='ltr'><strong>salvos</strong></span> <span class='ocrx_word' id='word_1_949' title='bbox 2780 5416 2915 5488; x_wconf 80' lang='lat' dir='ltr'><strong>fieri,</strong></span> <span class='ocrx_word' id='word_1_950' title='bbox 2946 5423 2998 5468; x_wconf 83' lang='lat' dir='ltr'><strong>et</strong></span> <span class='ocrx_word' id='word_1_951' title='bbox 3027 5416 3096 5470; x_wconf 87' lang='lat' dir='ltr'><strong>ad</strong></span> <span class='ocrx_word' id='word_1_952' title='bbox 3125 5417 3438 5487; x_wconf 85' lang='lat' dir='ltr'><strong>agnitionem</strong></span> <span class='ocrx_word' id='word_1_953' title='bbox 3469 5413 3593 5466; x_wconf 84' lang='lat' dir='ltr'><strong>veri-</strong></span> 
     </span>
    </p>
   </div>
   <div class='ocr_carea' id='block_1_117' title="bbox 2003 5648 2223 5692">
    <p class='ocr_par' dir='ltr' id='par_1_117' title="bbox 2003 5648 2223 5692">
     <span class='ocr_line' id='line_1_117' title="bbox 2003 5648 2223 5692; baseline -0.014 0"><span class='ocrx_word' id='word_1_954' title='bbox 2003 5648 2223 5692; x_wconf 72' lang='lat' dir='ltr'><strong>exercet.</strong></span> 
     </span>
    </p>
   </div>
   <div class='ocr_carea' id='block_1_118' title="bbox 2076 5701 3596 5777">
    <p class='ocr_par' dir='ltr' id='par_1_118' title="bbox 2076 5701 3596 5777">
     <span class='ocr_line' id='line_1_118' title="bbox 2076 5701 3596 5777; baseline -0.003 -17"><span class='ocrx_word' id='word_1_955' title='bbox 2076 5709 2100 5744; x_wconf 71' lang='grc'><strong>⁶¹</strong></span> <span class='ocrx_word' id='word_1_956' title='bbox 2150 5707 2248 5763; x_wconf 82' lang='lat' dir='ltr'><strong>Ms.</strong></span> <span class='ocrx_word' id='word_1_957' title='bbox 2268 5747 2286 5777; x_wconf 89' lang='lat'><strong>,</strong></span> <span class='ocrx_word' id='word_1_958' title='bbox 2333 5719 2382 5763; x_wconf 88' lang='lat' dir='ltr'><strong>et</strong></span> <span class='ocrx_word' id='word_1_959' title='bbox 2414 5710 2466 5761; x_wconf 86' lang='lat' dir='ltr'><strong>in</strong></span> <span class='ocrx_word' id='word_1_960' title='bbox 2500 5709 2632 5762; x_wconf 72' lang='lat' dir='ltr'><strong>vasis</strong></span> <span class='ocrx_word' id='word_1_961' title='bbox 2656 5707 3041 5768; x_wconf 64' lang='lat' dir='ltr'><strong>misericordiae,</strong></span> <span class='ocrx_word' id='word_1_962' title='bbox 3075 5721 3174 5776; x_wconf 87' lang='lat' dir='ltr'><strong>qua</strong></span> <span class='ocrx_word' id='word_1_963' title='bbox 3196 5705 3461 5777; x_wconf 76' lang='lat' dir='ltr'><strong>potestatis</strong></span> <span class='ocrx_word' id='word_1_964' title='bbox 3483 5701 3596 5777; x_wconf 80' lang='lat' dir='ltr'><strong>ejus</strong></span> 
     </span>
    </p>
   </div>
   <div class='ocr_carea' id='block_1_119' title="bbox 2017 5774 3594 5859">
    <p class='ocr_par' dir='ltr' id='par_1_119' title="bbox 2017 5774 3594 5859">
     <span class='ocr_line' id='line_1_119' title="bbox 2017 5774 3594 5859; baseline -0.002 -30"><span class='ocrx_word' id='word_1_965' title='bbox 2017 5777 2218 5859; x_wconf 69' lang='lat' dir='ltr'><strong>bonitas</strong></span> <span class='ocrx_word' id='word_1_966' title='bbox 2271 5774 2446 5834; x_wconf 85' lang='lat' dir='ltr'><strong>omnia</strong></span> <span class='ocrx_word' id='word_1_967' title='bbox 2527 5778 2705 5850; x_wconf 82' lang='lat' dir='ltr'><strong>quibus</strong></span> <span class='ocrx_word' id='word_1_968' title='bbox 2761 5779 2976 5834; x_wconf 78' lang='lat' dir='ltr'><strong>voluerit</strong></span> <span class='ocrx_word' id='word_1_969' title='bbox 3051 5774 3264 5846; x_wconf 70' lang='lat' dir='ltr'><strong>peccata</strong></span> <span class='ocrx_word' id='word_1_970' title='bbox 3324 5774 3455 5828; x_wconf 71' lang='lat' dir='ltr'><strong>valet</strong></span> <span class='ocrx_word' id='word_1_971' title='bbox 3511 5774 3594 5826; x_wconf 80' lang='lat' dir='ltr'><strong>di-</strong></span> 
     </span>
    </p>
   </div>
   <div class='ocr_carea' id='block_1_120' title="bbox 2015 5858 2233 5902">
    <p class='ocr_par' dir='ltr' id='par_1_120' title="bbox 2015 5858 2233 5902">
     <span class='ocr_line' id='line_1_120' title="bbox 2015 5858 2233 5902; baseline 0.009 -2"><span class='ocrx_word' id='word_1_972' title='bbox 2015 5858 2233 5902; x_wconf 75' lang='lat' dir='ltr'><strong>mittere.</strong></span> 
     </span>
    </p>
   </div>
  </div>
