4066 6346
477 364 578 419 δεῖ

1497 363 1554 416 S.
1596 356 1956 428 FULGENTll
2000 349 2298 416 EPISCOPI
2343 350 2711 415 RUSPENSIS

3647 350 3754 416 488
3777 374 3792 392 '

480 482 600 534 tatis
629 478 797 533 venire
826 473 880 549 (ι
933 477 1062 532 Tim.
1098 490 1155 542 ιι,
1195 475 1274 545 4),
1309 487 1415 529 non
1445 475 1581 529 sicut
1609 482 1825 544 oportet
1867 474 2064 528 intelli-
2095 477 2144 534 Α
2169 487 2356 527 sensus
2387 481 2574 541 aperto
2595 484 2842 525 sermone
2864 484 2924 524 se
2952 470 3178 540 praebuit
3207 470 3628 540 agnoscendum,
3657 474 3753 542 qui

479 579 631 637 gunt,
662 570 754 638 qni
784 569 924 623 hanc
945 569 1040 621 Dei
1082 566 1433 630 voluntatem,
1473 566 1609 618 sient
1639 566 1690 619 in
1717 566 1857 619 vasis
1898 565 2061 619 miseo

481 661 748 727 ricordue,
775 661 852 714 sic
881 667 935 712 et
974 659 1026 710 in
1052 657 1195 710 vasis
1219 657 1309 709 ira:
1339 655 1702 726 accipiendam
1733 656 2059 719 existimant,

482 753 660 805 minus
711 749 1119 804 considerantes
1164 747 1568 801 veracissimam
1618 746 1904 817 Scripturae
1941 761 2063 800 sen—

478 845 724 906 tentiam,
782 854 900 910 qua:
938 841 1131 894 divinae
1183 840 1565 894 commendans
1615 839 2062 909 omnipotentiam

477 933 799 987 voluntatis:
833 928 1023 985 Omnia
1055 932 1268 1001 (inquit)
1295 947 1607 1003 quascunque
1638 932 1795 985 voluit
1833 931 1973 1002 fecit,
2005 933 2059 984 in

473 1023 600 1075 calo
648 1032 697 1075 et
725 1023 779 1074 in
812 1031 969 1085 terra,
997 1024 1049 1074 in
1077 1023 1209 1075 mari
1240 1032 1289 1075 et
1311 1023 1363 1075 in
1394 1021 1630 1075 omnibus
1654 1021 1853 1092 abyssis
1884 1021 2058 1090 (Psal.

473 1129 686 1176 cxxxlv,
717 1112 770 1180 6)
793 1129 806 1178 ;
832 1114 1038 1182 ipsique
1059 1113 1172 1168 Deo
1196 1129 1382 1174 rursus
1409 1113 1569 1167 dicit:
1598 1114 1785 1167 Subest
1805 1113 1940 1166 enim
1971 1111 2062 1164 tibi

472 1220 586 1258 cum
614 1205 769 1270 voles,
799 1221 947 1275 posse
970 1204 1123 1274 (Sap.
1148 1219 1242 1266 xu,
1267 1204 1377 1271 18).
1394 1203 1676 1269 Quomodo
1701 1203 1858 1271 igitur
1879 1203 2060 1257 omnia

471 1311 591 1364 quae
620 1297 733 1350 vult
753 1295 896 1359 facit,
917 1297 960 1349 si
985 1297 1170 1349 volens
1199 1297 1471 1349 hominem
1503 1295 1713 1349 salvum
1737 1293 1870 1357 ﬁeri,
1905 1292 2059 1361 cujus

471 1385 618 1439 salus
650 1400 756 1438 non
786 1385 888 1438 nisi
917 1401 946 1437 a
977 1385 1115 1438 bona
1165 1384 1350 1454 incipit
1378 1384 1672 1446 voluntate,
1717 1384 1892 1452 ipsum
1921 1383 2059 1437 velle

467 1497 579 1537 non
611 1482 662 1535 in
693 1481 910 1535 homine
953 1480 1093 1534 Deus
1129 1480 1365 1543 inchoat,
1400 1478 1494 1533 sed
1533 1487 1590 1531 ut
1619 1479 1685 1531 ab
1714 1478 1932 1531 homine
1957 1491 2057 1530 na-

469 1582 652 1628 scatur
679 1572 995 1640 exspectat?
1042 1569 1086 1623 O
1107 1585 1266 1638 quam
1291 1572 1579 1639 pessimum
1613 1568 1759 1622 nefas
1779 1567 2055 1632 asseritur,

464 1663 591 1718 dum
615 1663 799 1732 gratia:
823 1663 915 1715 Dei
940 1662 1330 1716 contumaciter
1356 1660 1712 1730 repugnatur!
1739 1667 1794 1713 et
1812 1659 2058 1712 homines

465 1770 630 1824 opere
663 1755 756 1809 Dei
791 1769 850 1809 se
885 1755 936 1807 in
979 1754 1176 1806 bonum
1209 1753 1402 1805 mutari
1444 1759 1662 1819 negant,
1691 1751 1783 1820 qui
1812 1749 2057 1804 homines

2169 566 2351 632 utique
2380 579 2487 618 non
2525 572 2872 634 posteaquam
2903 563 3086 634 coepit,
3119 564 3214 618 sed
3259 563 3363 618 hoc
3405 565 3579 632 ipsum
3607 565 3752 634 quod

2164 656 2346 726 coepit,
2378 656 2729 708 mutationem
2775 653 3009 707 dextera:
3037 651 3244 707 Excelsi
3277 667 3396 706 esse
3420 668 3528 706 non
3559 653 3748 726 tacuit.

2165 746 2398 802 Proinde
2444 745 2498 800 hi
2528 746 2621 815 qui
2649 745 2982 799 voluntatem
3015 743 3108 798 Dei
3154 759 3259 812 qua
3289 758 3478 798 omnes
3502 743 3750 798 homines

2167 839 2277 892 vult
2304 838 2481 892 salvos
2503 834 2638 901 fieri,
2661 836 2922 905 aequalem
2949 845 2971 871 ο
2997 838 3136 890 circa
3165 835 3504 890 redimendos
3525 843 3580 888 et
3607 835 3752 889 dam-

2163 929 2368 984 nandos
2397 930 2724 992 existimant,
2757 944 2877 982 cum
2915 928 3227 996 interrogati
3271 927 3470 982 fuerint
3497 944 3593 982 cur
3619 929 3751 982 velit

2162 1021 2302 1076 Deus
2331 1037 2518 1076 omnes
2559 1021 2808 1075 homines
2856 1020 3034 1074 salvos
3064 1019 3198 1086 fieri,
3231 1035 3330 1075 nec
3356 1028 3533 1074 tamen
3559 1034 3750 1075 omnes

2161 1114 2292 1169 salvi
2325 1112 2474 1178 fiant,
2505 1112 2633 1181 quid
2663 1110 3105 1180 respondebunt?

2232 1205 2359 1260 CAP.
2391 1222 2519 1259 xxx.
2565 1204 2762 1258 Bonam
2807 1206 3121 1257 voluntatem
3157 1187 3377 1257 hominis
3427 1219 3529 1257 non
3559 1220 3747 1273 ηερε-ί

2160 1306 2264 1350 ctat
2288 1295 2447 1361 Deus,
2479 1297 2567 1349 sed
2588 1295 2783 1349 tribuit.
2814 1295 2971 1349 Salus
3001 1296 3226 1364 gratuita
3249 1295 3438 1348 adultis
3466 1296 3597 1348 sicut
3626 1311 3748 1361 pars

2162 1391 2310 1444 t‘ulis.
2336 1389 2605 1444 Cruciatus
2635 1387 3101 1460 infantium—58.
3135 1390 3214 1443 An
3247 1389 3374 1443 illud
3404 1391 3547 1458 quod
3570 1399 3750 1444 vestra

2161 1495 2256 1535 eos
2277 1481 2458 1534 dicere
2489 1487 2714 1534 testatur
2735 1480 2990 1548 cpistola;
3024 1479 3074 1532 id
3101 1489 3202 1544 est,
3234 1480 3357 1550 quia
3389 1481 3528 1535 Deus
3555 1491 3751 1549 empe-

2162 1580 2273 1628 ctat
2297 1572 2528 1627 hominis
2560 1573 2912 1636 voluntatem,
2938 1581 2995 1626 ut
3020 1581 3230 1640 aequom
3259 1573 3330 1628 sit
3357 1573 3408 1626 in
3445 1573 3750 1632 volentibus

2161 1666 2456 1734 praemium,
2482 1665 2534 1717 in
2565 1664 2868 1718 nolentibus
2893 1670 3071 1717 autem
3123 1663 3265 1731 justa
3300 1663 3610 1717 damnatio?
3640 1662 3748 1716 Sed

2162 1766 2220 1811 ut
2248 1757 2611 1826 prolixitatem
2640 1756 2870 1810 vitantes
2898 1755 3207 1810 omittamus
3227 1755 3331 1808 alia
3359 1771 3477 1824 quae
3525 1761 3750 1825 possunt

461 1860 572 1898 non
601 1854 799 1909 essent,
852 1844 954 1900 nisi
1002 1844 1244 1898 bonitate
1288 1843 1381 1896 Dei
1429 1842 1708 1911 operantis
1737 1841 2051 1896 existerent.

2162 1862 2260 1917 pro
2288 1848 2513 1900 veritate
2540 1845 2661 1899 fidei
2702 1846 2827 1900 huic
2853 1861 3028 1915 pravae
3056 1835 3335 1900 sententia:
3365 1847 3632 1915 replicari,
3664 1848 3746 1900 in-

461 1930 612 1989 ltane
654 1950 780 1989 vero
811 1949 989 1988 rerum
1013 1933 1145 1987 ordo
1171 1933 1321 1987 credi
1349 1933 1596 2002 putarive
1621 1933 1884 2001 permittit
1913 1941 1963 1997 ·,
1995 1937 2053 1983 ut

461 2026 627 2093 Deus,
667 2026 757 2093 qui
787 2032 1000 2079 creator
1026 2032 1110 2088 est
1138 2024 1392 2090 hominis,
1448 2023 1626 2076 valeat
1653 2022 1926 2076 hominem
1969 2020 2051 2073 fa-

463 2131 610 2176 cere,
641 2121 1090 2177 non'mutare;et
1117 2114 1209 2182 qui
1232 2113 1428 2167 nullius
1457 2120 1579 2180 eget
1606 2111 1876 2180 adjutorio
1891 2111 2053 2181 318

461 2215 522 2260 ut
550 2207 824 2261 hominem
856 2204 1034 2268 faciat,
1084 2203 1296 2274 operari
1341 2210 1517 2257 tamen
1548 2201 1694 2270 quod
1721 2201 1834 2254 vult
1860 2201 1912 2254 in
1953 2201 2052 2254 ho-

459 2297 620 2352 minis
659 2296 932 2350 voluntate
989 2310 1098 2349 non
1148 2295 1319 2364 possit
1362 2294 1671 2363 priusquam
1723 2294 1776 2345 in
1835 2291 2054 2345 homine

460 2389 637 2458 ipsum
667 2388 807 2442 velle
836 2387 1127 2456 repererit;
1153 2395 1208 2440 et
1230 2387 1373 2439 utsit
1393 2385 1575 2449 homo,
1607 2384 1802 2438 habeat
1821 2397 1890 2438 ex
1918 2383 2050 2446 Deo,

461 2486 520 2532 ut
535 2486 715 2532 autem
735 2478 924 2531 melior
939 2477 1026 2540 sit,
1041 2477 1236 2530 habeat
1249 2492 1316 2531 ex
1336 2477 1543 2545 seipso;
1563 2491 1626 2529 ac
1636 2475 1713 2529 sic
1723 2475 2053 2529 voluntatem

459 2570 716 2626 bonitatis
738 2585 842 2639 qua
873 2570 924 2622 in
955 2569 1123 2622 Deum
1152 2567 1412 2633 creditur,
1459 2583 1567 2620 non
1594 2566 1773 2619 divina
1816 2566 2050 2630 bonitas,

460 2661 556 2716 sed
580 2663 812 2716 humana
843 2661 1080 2730 pravitas
1109 2660 1395 2729 operetur?
1424 2657 1627 2712 Pravus
1655 2667 1737 2712 est
1765 2658 1908 2711 enim
1937 2672 2054 2712 om-

462 2753 547 2807 nis
574 2752 760 2818 homo,
791 2752 1103 2820 priusquam
1146 2750 1200 2803 in
1229 2749 1398 2804 Deum
1429 2749 1612 2804 credat
1639 2766 1654 2814 ;
1685 2749 1891 2817 et'quia
1920 2748 2055 2803 scri-

462 2850 613 2913 ptum
649 2849 772 2896 est:
808 2840 975 2894 Erunt
1021 2858 1181 2909 praua
1221 2841 1274 2893 in
1323 2840 1518 2893 directa
1573 2837 1708 2906 (Isa.
1761 2855 1850 2900 ιι,
1879 2837 1960 2908 4),
1986 2839 2052 2892 ex

464 2951 632 3006 pravo
675 2935 732 2987 fit
778 2935 943 2988 homo
986 2941 1184 2995 rectus,
1236 2947 1300 2986 ex
1342 2931 1540 2986 infideli
1591 2931 1762 2986 fidelis
1792 2930 2050 2986 efficitur.

464 3025 628 3092 Igitur
648 3024 844 3077 siDeus
869 3037 1046 3091 pravzn
1059 3023 1322 3076 voluntati
1353 3023 1646 3076 bonitatem
1663 3037 1771 3076 non
1795 3022 1982 3075 tribuit
2000 3020 2048 3085 δ,

466 3117 560 3171 sed
583 3113 641 3170 ut
669 3131 736 3170 ex
765 3130 824 3168 se
846 3115 959 3184 ipsa
971 3115 1530 3183 bonafiatexspectat,
1546 3121 1866 3184 potestergo
1887 3129 2050 3184 prava

2157 1939 2316 1992 terim
2367 1939 2679 1992 testimonio
2709 1938 3100 1993 convincantur
3145 1947 3308 2008 atque
3353 1939 3750 1993 confundantur

2157 2047 2260 2083 non
2289 2030 2603 2101 loquentium
2634 2029 2916 2094 hominum,
2959 2029 3051 2082 sed
3093 2031 3366 2083 tac‘entium
3393 2031 3744 2101 parvulorum,

2157 2123 2211 2175 in
2235 2122 2427 2190 quibus
2456 2120 2524 2174 ad
2568 2120 2932 2175 evacnandam
2973 2121 3292 2190 sapientiam
3326 2121 3473 2174 verbi
3519 2122 3747 2175 multum

2155 2211 2466 2280 resplendet
2494 2210 2663 2264 virtus
2712 2209 2886 2263 crucis
2913 2208 3130 2273 Christi,
3163 2225 3282 2279 quae
3301 2210 3464 2278 gratis
3492 2209 3544 2262 in
3569 2209 3717 2264 omni
3737 2245 3749 2251 -

2155 2303 2254 2357 bus
2284 2301 2592 2356 hominibus
2637 2300 2854 2370 propria
2884 2296 3157 2354 utentibus
3194 2302 3470 2356 Voluntate
3497 2301 3746 2355 eamdem

2157 2395 2386 2448 salutem
2403 2409 2432 2446 a
2457 2409 2513 2448 se
2543 2393 2780 2448 ostendit
2813 2387 2947 2456 fieri,
2975 2407 3133 2460 quam
3157 2392 3208 2446 in
3230 2392 3520 2446 infantibus
3545 2392 3749 2470 nullam

2157 2486 2318 2555 319
2339 2483 2667 2538 voluntatem
2692 2482 3014 2536 habentibus
3044 2483 3296 2551 dignatur
3322 2482 3555 2551 operari.
3586 2481 3643 2535 ιιι
3667 2485 3747 2535 eis

2157 2589 2388 2642 namque
2410 2589 2511 2627 nec
2531 2572 2669 2625 bona
2693 2573 2943 2626 voluntas
2965 2580 3064 2634 est,
3086 2580 3143 2625 ut
3168 2588 3378 2640 :equum
3403 2571 3471 2623 sit
3491 2571 3546 2624 in
3566 2570 3749 2623 volen-

2159 2665 2300 2720 tibus
2321 2666 2632 2734 przemium;
2667 2679 2767 2718 nec
2806 2664 2968 2730 mala,
2992 2672 3048 2717 ut
3079 2665 3149 2717 sit
3189 2665 3241 2718 in
3271 2664 3576 2717 nolentibus
3599 2663 3746 2730 justa

2155 2754 2450 2809 damnatio.
2495 2751 2551 2806 Si
2595 2767 2723 2820 ergo
2750 2751 2815 2805 ad
2847 2752 3131 2806 salvandos
3176 2753 3440 2817 homines,
3473 2752 3608 2806 sicut
3653 2751 3744 2806 isti

2155 2845 2362 2908 volunt,
2397 2859 2502 2896 non
2551 2843 2750 2897 excitat
2777 2857 2952 2911 neque
2982 2850 3173 2909 mutat,
3205 2842 3296 2896 sed
3328 2848 3606 2912 exspectat
3639 2841 3743 2895 hos

2157 2935 2359 2989 minum
2387 2933 2720 2997 voluntates;
2751 2932 3020 3003 quomodo
3044 2933 3330 2987 infantibus
3351 2933 3440 3001 qui
3466 2929 3746 3000 baptizana

2156 3037 2263 3092 tur,
2289 3035 2344 3080 et
2371 3027 2424 3080 in
2453 3024 2645 3080 eadem
2675 3023 2898 3079 infantia
2927 3026 3246 3090 moriuntur,
3278 3025 3442 3079 donat
3483 3035 3744 3080 aeternam

2157 3118 2405 3181 salutem,
2451 3130 2679 3184 quorum
2730 3115 2925 3172 bonam
2971 3130 3071 3169 nec
3097 3122 3374 3184 exspectat
3411 3131 3511 3170 nec
3540 3115 3744 3168 invenit

468 3208 716 3262 voluntas
737 3223 801 3261 ex
832 3221 890 3260 se
915 3207 1211 3260 bonitatem
1241 3206 1481 3273 gignere,
1505 3207 1578 3260 ita
1596 3214 1655 3260 ut
1679 3221 1801 3260 cum
1829 3221 1898 3260 ex
1928 3205 2042 3259 Deo
2068 3218 2112 3280 ρ
2145 3209 2516 3264 voluntatem?
2537 3207 2669 3261 Item
2695 3207 2828 3262 alios
2848 3207 3117 3274 quomodo
3131 3209 3244 3262 sine
3258 3209 3576 3276 baptismate
3596 3223 3740 3260 mor-

465 3299 661 3352 habeat
700 3309 758 3351 ut
785 3297 872 3360 sit,
903 3313 1014 3351 non
1061 3297 1166 3350 nisi
1208 3313 1273 3351 ex
1305 3312 1364 3351 se
1391 3298 1591 3352 habere
1621 3299 1792 3366 possit
1827 3307 1886 3351 ut
1909 3298 2052 3351 bona

465 3392 568 3456 sit;
599 3406 661 3445 ac
681 3391 757 3445 sic
785 3391 877 3462 (at.
903 3407 966 3445 ac
1002 3390 1069 3458 si)
1102 3390 1445 3459 omnipotens
1475 3399 1530 3443 et
1557 3390 1729 3443 bonus
1759 3389 1825 3443 de
1855 3389 2051 3443 volun-

465 3482 665 3536 tatibus
703 3481 981 3535 hominum
1023 3480 1176 3534 malis
1224 3481 1424 3534 bonum
1474 3479 1642 3549 possit
1690 3480 1902 3548 operari
1931 3494 2052 3533 eum

464 3575 617 3640 velit,
653 3583 712 3628 ut
739 3583 919 3628 autem
951 3573 1079 3641 ipsae
1108 3572 1415 3627 voluntates
1444 3572 1598 3626 bona:
1627 3572 1753 3637 sint,
1782 3572 1909 3626 velit
1936 3572 2056 3641 qui-

463 3665 609 3729 dem,
633 3663 810 3719 facere
832 3671 1011 3718 autem
1042 3663 1348 3717 nullatenus
1375 3663 1566 3732 possit.

531 3753 619 3807 57.
648 3754 779 3821 Quis
805 3756 951 3808 enim
984 3755 1190 3809 nesciat
1219 3755 1375 3808 mala:
1396 3755 1690 3810 voluntatis
1718 3752 1882 3809 fuisse
1912 3753 2050 3808 Pau-

460 3846 570 3900 lum
599 3861 721 3900 enm
752 3854 1166 3914 persequeretur
1195 3844 1487 3899 Ecclesiam
1511 3845 1603 3898 Dei
1634 3852 1689 3898 et
1711 3853 2051 3914 expugnaret

459 3938 641 3992 illam?
658 3937 810 4005 cujus
834 3946 1010 3990 tamen
1033 3937 1235 3989 malitia
1257 3937 1394 3990 bene
1417 3952 1540 3989 usus
1564 3944 1645 3989 est
1659 3935 2048 4003 Deus,quando

457 4038 817 4100 persequente
864 4027 1031 4082 Saulo
1063 4038 1084 4064 ε
1117 4027 1309 4080 beatus
1339 4026 1646 4095 Stephanus
1673 4035 1758 4080 est
1783 4027 2046 4096 martyrio

457 4127 764 4176 coronatus.
794 4117 1004 4185 Ergone
1034 4117 1208 4184 potuit
1237 4116 1378 4171 Deus
1405 4116 1740 4186 Stephanum
1781 4131 2046 4172 coronare

455 4225 554 4281 per
581 4209 728 4262 Sauli
755 4207 1113 4277 persecutoris
1148 4205 1536 4272 infidelitatem,
1571 4214 1625 4260 et
1644 4214 2043 4275 persecutorem

454 4302 676 4358 Saulum
719 4301 860 4354 Deus
889 4307 1204 4354 convertere
1249 4299 1488 4368 nequivit
1516 4299 1583 4353 ad
1613 4298 1806 4354 fidem?
1834 4297 2044 4368 Ergone

454 4392 653 4446 Paulus
701 4391 849 4461 prior
889 4389 1223 4444 voluntatem
1277 4405 1429 4443 suam
1475 4389 1586 4443 Deo
1642 4389 1817 4455 dedit,
1871 4396 1925 4443 et
1965 4389 2042 4445 sic

2157 3310 2280 3356 tuos
2310 3298 2517 3353 (uternis
2548 3296 2857 3350 cruciatibus
2903 3297 3140 3360 damnat,
3170 3313 3290 3352 cum
3333 3297 3386 3350 in
3415 3297 3492 3351 eis
3539 3296 3740 3350 nullaln'

2157 3395 2368 3463 culpam
2400 3391 2555 3444 malm
2586 3390 2879 3455 voluntatis
2908 3389 3177 3443 inveniat?

2235 3481 2320 3534 59.
2355 3480 2543 3533 Nonne
2574 3479 2704 3532 i-tos
2741 3478 2985 3532 inimicos
3014 3479 3197 3546 gratia:
3226 3477 3341 3542 Dei,
3379 3496 3469 3532 nec
3497 3480 3736 3548 defenso-

2155 3591 2238 3628 res
2269 3573 2504 3637 humani,
2554 3570 2645 3624 sed
2685 3570 2978 3640 deceptor-es
3007 3571 3228 3634 arbitrii,
3269 3571 3333 3624 ad
3364 3570 3468 3624 hoc
3491 3585 3587 3623 sua
3614 3585 3738 3640 pere

2156 3664 2387 3717 versitas
2417 3661 2581 3728 cogit,
2608 3667 2666 3714 ut
2694 3660 2863 3714 Deum
2900 3668 3090 3730 putent
3112 3660 3351 3727 iniquum
3376 3661 3430 3713 in
3453 3660 3600 3714 obitu
3630 3675 3739 3714 om.

2154 3754 2304 3806 nium
2354 3750 2725 3821 parvulorum,
2757 3749 2846 3803 ubi
2877 3749 3020 3803 nulla
3051 3749 3442 3804 interveniente
3469 3750 3554 3803 vel
3584 3750 3738 3804 boni-

2154 3855 2288 3906 tate,
2313 3843 2398 3898 vel
2423 3842 2624 3895 malitia
2647 3841 2961 3905 voluntatis,
2991 3841 3126 3896 alios
3150 3841 3335 3895 vident
3363 3842 3520 3909 potiri
3551 3855 3736 3909 regno,

2153 3935 2287 3989 alios
2320 3933 2704 3989 interminabili
2751 3932 3036 4002 deputatos
3085 3933 3374 3987 incendio?
3419 3931 3648 3987 Proinde
3690 3933 3736 3985 si

2150 4027 2224 4080 ita
2253 4035 2333 4081 est
2364 4037 2422 4079 ut
2462 4026 2565 4094 ipsi
2596 4026 2866 4090 sentiunt,
2916 4026 3092 4080 nullus
3120 4025 3281 4080 debet
3320 4026 3575 4095 parvulus
3603 4025 3739 4079 mori

2105 4129 2118 4138 '
2153 4119 2464 4188 priusquam
2507 4117 2576 4170 ad
2624 4123 2839 4170 aetatem
2888 4117 3170 4185 perveniat
3207 4117 3260 4170 in
3291 4132 3397 4185 qua
3441 4116 3611 4185 possit
3655 4114 3738 4168 vel

2150 4214 2348 4267 bonam
2381 4210 2711 4264 voluntatem
2747 4209 2971 4272 habere,
3001 4209 3086 4262 vel
3116 4208 3342 4272 malam;
3376 4216 3434 4261 ut
3464 4208 3606 4261 Deus
3638 4223 3736 4262 nec

2147 4304 2448 4373 baptizatos
2475 4301 2732 4372 parvulos
2774 4301 2892 4355 sine
2930 4301 3071 4355 bona
3099 4301 3378 4355 voluntate
3415 4300 3606 4363 salvet,
3638 4315 3733 4354 ne-

2147 4411 2253 4464 que
2281 4410 2388 4449 non
2430 4393 2734 4463 baptizatos
2771 4392 2888 4446 sine
2917 4392 3055 4445 mala
3085 4391 3364 4445 voluntate
3391 4391 3733 4474 condemnet.

450 4482 594 4538 Deus
625 4482 782 4537 fidem
814 4481 980 4535 Paulo
1010 4480 1211 4536 volenti
1239 4481 1524 4535 retribuit?
1549 4479 1612 4533 Et
1647 4480 1736 4535 ubi
1785 4488 1868 4535 est
1897 4481 2066 4551 quod-
2144 4488 2200 4542 Si
2223 4488 2365 4542 enim
2387 4487 2483 4540 Dei
2505 4485 2719 4540 bonitas
2739 4484 2967 4538 salutem
2996 4499 3102 4537 non
3133 4483 3321 4552 incipit
3353 4482 3584 4536 hominis
3614 4498 3740 4550 ope-

449 4577 564 4646 ipse
592 4575 752 4630 (Ῐίοίῐῑ
781 4573 906 4638 Quis
935 4575 1078 4644 ρνὶον
1097 4573 1237 4627 άεάίι
1264 4573 1361 4637 illi.
1387 4580 1434 4626 ει
1456 4572 1767 4627 retribuet"?
1794 4575 1840 4627 εί
1858 4572 2035 4638 (Rom.
2073 4588 2120 4648 ι)
2144 4579 2272 4644 rari,
2306 4578 2406 4632 nisi
2433 4578 2629 4630 bonam
2661 4574 2779 4644 ejus
2809 4574 3074 4628 invenerit
3100 4573 3458 4636 voluntatem,
3488 4573 3732 4640 iniquum

446 4683 523 4735 xi,
553 4665 680 4735 55)?
726 4665 881 4732 Quod
909 4665 1093 4735 utique
1142 4679 1249 4718 non
1276 4663 1514 4729 dixisset,
1547 4664 1591 4718 si
1641 4679 1670 4718 a
1700 4679 1759 4718 se
1787 4664 2036 4718 volunta-

446 4767 556 4812 tem
579 4757 689 4811 Deo
710 4756 910 4821 datam,
936 4764 987 4811 et
1014 4773 1045 4809 a
1071 4755 1180 4810 Deo
1200 4755 1298 4810 sibi
1320 4755 1473 4808 ﬁdem
1497 4763 1849 4824 cognosceret
1877 4756 2035 4809 retri-

444 4848 650 4902 butam.
701 4846 850 4902 Hanc
901 4847 1084 4916 itaque
1139 4845 1453 4914 amentiam,
1485 4855 1540 4901 et
1585 4861 1615 4900 a
1646 4845 1892 4900 fidelibus
1929 4848 2039 4900 suis

443 4948 668 5002 arceat,
727 4946 783 4992 et
837 4939 905 4993 ab
953 4937 1262 4992 infidelibus
1290 4937 1431 4992 Deus
1481 4937 1708 4992 auferat.
1763 4937 1855 4991 Ille
1895 4939 2037 4992 enim

442 5040 553 5085 tam
619 5029 843 5100 profana
901 5029 1232 5098 cogitatione
1303 5029 1599 5098 polluitur,
1659 5027 1744 5083 cui
1811 5029 2032 5096 gratia,

443 5120 529 5175 vel
580 5120 844 5175 obdurato
900 5136 1008 5175 non
1034 5120 1215 5184 datur,
1247 5119 1329 5173 vel
1362 5120 1572 5186 ingrato
1613 5119 1873 5173 aufertur.
1903 5117 2049 5174 Deus

472 5209 616 5263 enim
641 5216 960 5264 convertens
983 5207 1214 5262 vivificat
1241 5223 1378 5277 quos
1398 5208 1512 5261 vult
1534 5207 1711 5262 salvos
1732 5208 1845 5262 fieri
1867 5225 1880 5272 ;
1912 5209 2053 5262 Deus

430 5282 485 5370 ξ,
513 5301 748 5355 luntates
788 5300 1066 5355 hominum
1096 5307 1284 5362 mutat,
1311 5307 1370 5352 ut
1399 5314 1517 5353 esse
1562 5299 1716 5353 bona:
1760 5299 2047 5368 incipiant.

449 5392 577 5452 Ideo
606 5393 863 5461 scriptum
895 5402 977 5446 est
1003 5407 1014 5442 :
1066 5388 1136 5442 Et
1165 5390 1299 5453 dixi,
1331 5407 1466 5444 nunc
1505 5391 1651 5459 coepi,
1685 5390 1794 5445 Itwc
1823 5401 1900 5444 est
1929 5407 2047 5444 mu-

454 5484 585 5536 tatio
615 5479 639 5519 ά
669 5483 895 5536 dextera:
943 5480 1152 5534 Επειδιεί
1184 5480 1352 5550 (Psaf.
1397 5497 1576 5544 Lxxvt,
1624 5481 1732 5549 ff).
1764 5479 2048 5551 Propheta:

535 5645 553 5667 "
582 5633 738 5696 Editi,
766 5636 1094 5704 permittitur.

511 5702 534 5738 δ
561 5704 651 5776 Sic
673 5702 834 5757 Ilasil.
865 5705 930 5756 At
953 5703 1084 5758 Lov.
1116 5716 1168 5758 et
1193 5705 1337 5769 Ant.,
1371 5704 1562 5759 bonum
1589 5703 2052 5776 nontribuit,sup-

438 5773 526 5846 ple
564 5773 888 5846 Ioluntatent.

523 5855 546 5881 ‘
580 5846 705 5908 διδ..
734 5841 927 5907 Saulo;
959 5841 1105 5906 editi,
1141 5842 1329 5898 Paulo.

2150 4670 2256 4725 erit
2282 4684 2405 4724 eum
2432 4667 2517 4723 vel
2545 4666 2790 4722 damnari
2819 4666 2903 4720 vel
2935 4665 3146 4730 redimi,
3175 4665 3266 4734 qui
3296 4665 3432 4718 bene
3456 4679 3557 4717 nec
3576 4663 3736 4723 velle,

2151 4775 2251 4815 nec
2280 4760 2423 4814 nolle
2459 4757 2718 4829 potuerit.
2748 4755 2855 4810 Sed
2886 4771 2988 4809 non
3018 4763 3093 4808 est
3120 4755 3369 4825 iniquitas
3401 4753 3540 4823 apud
3569 4751 3738 4805 Deum

2149 4849 2241 4922 (ΙΙ
2270 4849 2509 4918 Paralip.
2543 4865 2652 4911 χιχ,
2702 4846 2778 4919 7),
2832 4846 2985 4915 cujus
3033 4846 3288 4901 universa:
3321 4845 3415 4899 vite
3443 4842 3740 4898 misericor-

2149 4942 2236 4995 οἵα
2258 4951 2307 4994 et
2333 4941 2518 4994 veritas
2547 4938 2716 5011 (Psaf.
2743 4954 2886 5003 xxiv,
2914 4935 3022 5006 10).

2228 5031 2316 5084 60.
2348 5031 2513 5098 lgitur
2536 5030 2659 5099 quia
2699 5029 2866 5084 Deum
2897 5027 3098 5095 justum
3129 5027 3439 5095 bonumque
3475 5022 3740 5079 catholica

2157 5122 2424 5177 veraciter
2471 5121 2643 5177 credit
2690 5128 2745 5175 et
2785 5117 3074 5174 confitetur
3115 5116 3353 5172 Ecclesia
3378 5156 3394 5181 ,
3442 5115 3742 5170 certissime

2158 5209 2487 5267 credendum
2553 5218 2747 5265 est-et
2796 5208 3114 5264 fiducialitcr
3162 5205 3524 5262 confitendum
3578 5222 3741 5262 unam

2159 5302 2510 5370 eamdemque
2537 5301 2634 5356 Dei
2663 5301 2891 5369 gratiam
2914 5300 2966 5353 in
2997 5299 3292 5368 majoribus
3321 5299 3589 5353 salvandis
3621 5312 3744 5368 ope-

2160 5394 2268 5448 rari
2296 5393 2450 5448 bonae
2479 5394 2770 5449 voluntatis
2799 5393 3007 5447 initium
3035 5434 3050 5460 ,
3099 5407 3219 5463 quae
3269 5392 3321 5446 in
3351 5390 3593 5460 parvulis
3622 5389 3737 5443 sine

2159 5485 2434 5541 voluntate
2473 5495 2729 5556 operatur
2769 5486 3081 5541 salvationis
3131 5484 3401 5540 effectum.
3447 5483 3563 5553 ipsa
3621 5497 3741 5551 gra-

2230 5635 2252 5671 ά
2287 5639 2408 5706 Ms.,
2434 5639 2562 5694 Hac
2583 5643 2817 5696 mutatio.

2233 5717 2256 5743 ⁸
2286 5707 2374 5764 Sic
2399 5711 2571 5776 editi.;
2598 5721 2653 5765 at
2681 5723 2806 5778 ms.,
2834 5711 2978 5766 Sicut
3009 5714 3064 5764 in
3088 5714 3223 5765 uasis
3251 5708 3635 5771 misericordia,
3668 5708 3741 5761 sic

2147 5787 2198 5834 et
2223 5778 2279 5834 in
2308 5780 2445 5836 vasis
2467 5782 2570 5838 ira:
2599 5782 2951 5852 accipiendam
2979 5790 3236 5838 asserunt.
