4066 6346
255 407 363 465 189
1643 406 1853 465 EPISTt

1957 414 1976 465 ι
2015 408 2173 473 XVII.
3441 378 3545 433 λεδ

254 525 331 581 tia
378 521 613 579 infantes
668 536 842 592 neque
884 522 1169 589 volentes,
1225 537 1402 592 neque
1457 521 1704 579 nolentes
1758 538 1845 579 re-
1873 527 1922 586 Α
1956 524 2268 590 prophetam
2291 520 2485 574 Johel:
2517 521 2581 572 tu
2616 517 2900 572 novissimis
2950 516 3138 587 diebus
3164 514 3426 584 e/fundam
3476 516 3541 571 de

253 614 430 679 diluit,
480 628 601 685 quae
638 613 872 683 majores
900 613 1251 669 illuminanda
1283 613 1527 668 volentes
1547 629 1617 669 ex
1642 614 1845 671 nolen-
1955 612 2154 680 Spir.tu
2209 628 2319 667 meo
2363 628 2515 680 super
2575 628 2774 666 onmem
2827 627 3030 665 Carnem
3086 609 3261 683 (Joel.
3312 626 3379 676 ιι,
3421 609 3536 679 28).

257 706 401 763 tibus
444 704 593 761 lacit.
646 702 715 758 Et
755 705 858 760 h'oc
913 704 964 759 in
1019 704 1263 774 partulis
1302 705 1491 759 salutis
1539 720 1675 774 opus
1729 703 1848 760 sine
1952 700 2104 767 Quod
2134 704 2183 754 in
2213 711 2427 755 centum
2455 703 2639 770 vginti
2681 701 2987 755 horninibus
3047 700 3100 755 in
3151 716 3287 770 quos
3309 699 3544 770 Spiritus
3590 712 3617 737 ί

254 797 490 868 propria:
516 795 813 852 voluntatis
851 811 1074 851 assensu
1103 797 1274 867 gratia
1319 795 1415 851 Dei
1447 805 1706 866 Operante
1732 812 1854 866 per-
1948 804 2168 852 sanctus
2211 797 2405 865 linguis
2453 798 2623 866 igneis
2650 799 2798 853 venit
2852 798 3050 854 factum
3106 797 3297 854 beatus
3342 796 3536 854 Petrus

257 886 457 952 ﬁcitur,
497 885 640 956 quod
672 887 826 942 bonae
868 885 1159 942 voluntatis
1187 885 1413 941 exordio
1440 886 1694 942 divinitus
1721 886 1848 943 dato
1949 886 2205 941 ostendit.
2240 884 2299 942 Si
2322 900 2453 955 ergo
2482 873 2573 942 hic
2611 902 2825 943 onmem
2851 903 3068 943 carnem
3097 903 3286 944 omnes
3312 888 3534 942 omnino

257 980 314 1035 in
348 978 647 1050 majoribus
695 979 1003 1045 inchoatur,
1036 986 1095 1033 ut
1133 994 1299 1048 ciere
1339 979 1507 1035 solius
1541 979 1729 1048 gratiae
1753 995 1852 1035 νο·-
1948 977 2315 1046 putaverimus
2347 978 2595 1034 homines
2621 979 2864 1048 intelligi,
2917 980 3135 1050 incipiet
3179 979 3343 1049 (quod
3370 978 3532 1049 absit)

255 1069 441 1124 luntas
484 1084 604 1140 quae
649 1067 790 1133 mala
818 1066 918 1123 fuit
947 1068 1090 1123 bona
1123 1067 1233 1133 ﬁat,
1282 1076 1339 1122 et
1377 1068 1634 1138 deinceps
1660 1070 1849 1138 gratiae
1948 1068 2183 1123 mendax
2226 1070 2480 1125 aestimari
2529 1084 2709 1125 sermo
2757 1071 2990 1125 divinus.
3040 1069 3137 1124 Est
3175 1081 3346 1125 autem
3393 1069 3550 1125 Deus'

254 1173 441 1214 secum
470 1158 720 1227 aperanti
768 1157 1049 1213 servitium
1093 1157 1416 1214 obedientizc
1463 1160 1850 1229 cooperatricis

255 1246 536 1303 exhibeat.
563 1245 656 1302 Sic
679 1255 862 1303 autem
890 1246 1035 1302 Deus
1073 1246 1308 1304 crudelis
1336 1264 1445 1303 non
1468 1256 1553 1304 est
1593 1249 1646 1303 in
1669 1248 1846 1304 infan-

255 1337 403 1393 tibus
427 1335 745 1395 damnandis
782 1336 978 1407 quibus
1004 1337 1348 1410 baptismatis
1386 1338 1709 1394 beneﬁcium
1737 1355 1847 1395 non

257 1430 470 1498 tribuit,
500 1431 639 1488 sicut
672 1430 908 1500 injustas
937 1446 1044 1487 non
1075 1438 1161 1488 est
1186 1431 1243 1499 in
1282 1431 1578 1502 majoribus
1600 1472 1617 1497 ,
1654 1431 1848 1503 quibus

257 1519 463 1575 bonam
512 1534 623 1575 non
688 1519 858 1591 donat
909 1520 1245 1576 voluntatem
1291 1531 1341 1576 η.
1396 1520 1465 1574 Et
1523 1521 1668 1577 sicut
1726 1520 1852 1577 illos

255 1610 511 1666 voluntas
537 1626 635 1666 sua
661 1611 804 1665 mala
828 1650 845 1676 ,
888 1611 970 1668 sic
998 1611 1134 1667 istos
1168 1610 1292 1680 jure
1319 1611 1496 1681 puniri
1526 1610 1659 1667 facit
1695 1610 1848 1679 origo

252 1701 536 1757 damnata.
578 1700 721 1756 Deus
765 1709 948 1757 autem
993 1701 1047 1755 in
1086 1701 1395 1757 hominibus
1435 1716 1538 1757 nec
1580 1700 1847 1756 maculam

255 1791 461 1846 vitiatae
488 1791 732 1861 originis,
762 1806 866 1847 nec
894 1791 1154 1845 malitiam
1195 1791 1437 1847 condidit
1480 1792 1712 1862 propriae
1750 1807 1848 1847 vo-

1949 1178 2125 1227 veram,
2158 1161 2441 1232 eteloquia
2479 1160 2693 1217 Domini
2721 1162 2922 1232 eloquia
2963 1169 3109 1215 casta
3137 1159 3315 1229 (Rom.
3347 1176 3426 1227 ιιι,
3465 1159 3534 1225 4;

1949 1252 2098 1309 Psol.
2130 1270 2206 1323 xi,
2252 1253 2331 1326 7).
2378 1254 2554 1329 Super
2590 1268 2807 1308 onmem
2839 1254 3002 1322 igitur
3046 1266 3264 1308 carnem
3310 1252 3537 1307 sicutse

1948 1342 2090 1400 Deus
2118 1344 2412 1401 eﬁ'usurum
2443 1346 2511 1400 de
2538 1344 2742 1414 Spiritu
2783 1359 2882 1398 suo
2913 1340 3238 1413 repromisit,
3270 1342 3349 1398 sic
3384 1340 3534 1409 fecit,
3614 1339 3627 1387 1

1948 1436 2027 1492 sic
2073 1437 2240 1503 facit,
2289 1437 2369 1493 sic
2398 1452 2568 1506 usque
2615 1437 2669 1490 in
2711 1435 2874 1490 linem
2922 1433 3104 1490 saeculi
3143 1433 3382 1490 facturus
3428 1442 3536 1490 est.

1950 1526 2179 1585 Prorsus
2222 1544 2386 1598 super
2412 1543 2629 1584 omnem
2659 1543 2876 1584 carnem
2904 1570 2919 1595 ,
2967 1526 3020 1581 id
3048 1536 3133 1582 est
3160 1541 3322 1597 super
3348 1541 3539 1581 omnes

1948 1619 2197 1687 homines
2224 1618 2453 1675 effundit
2482 1621 2550 1675 de
2592 1618 2797 1689 Spiritu
2828 1633 2947 1685 suo,
2991 1617 3200 1674 scilicet
3227 1631 3391 1682 super
3417 1615 3539 1671 illos

1949 1724 2139 1765 omnes
2173 1720 2195 1748 ο
2226 1724 2365 1779 quos
2390 1709 2505 1764 vult
2528 1709 2708 1764 salvos
2739 1708 2874 1764 ﬁeri.

2020 1803 2111 1857 63.
2141 1802 2209 1856 Et
2249 1811 2309 1858 ut
2336 1803 2426 1872 qui
2469 1803 2579 1857 sint
2617 1818 2808 1857 omnes
2850 1803 2937 1857 i.ti
2969 1803 3179 1871 plenius
3207 1800 3534 1865 noverimus,

254 1882 500 1937 luntatis.
520 1881 582 1937 In
609 1882 915 1938 hominibus
945 1882 1108 1951 igitur
1135 1897 1271 1950 quos
1291 1883 1482 1948 salvat,
1516 1883 1846 1938 voluntatem

1957 1890 2192 1962 ejusdem
2222 1893 2367 1947 beati
2397 1890 2544 1946 Petri
2571 1892 2916 1948 sermonibus
2942 1891 3329 1950 auscultemus,
3359 1887 3455 1957 qui
3479 1886 3539 1942 il-

254 1970 456 2028 bonam
487 1987 597 2038 non
626 1972 853 2037 invenit,
884 1971 981 2027 sed
1010 1972 1150 2029 sicut
1178 1979 1396 2027 aetatum
1425 1973 1593 2041 exigit
1630 1973 1849 2028 diversi-

255 2070 359 2129 tas,
391 2072 489 2118 ant
516 2065 571 2118 in
600 2064 898 2134 majoribus
923 2064 1123 2119 bonam
1166 2064 1498 2123 voluntatem
1528 2065 1695 2133 gratis
1723 2063 1852 2119 facit

253 2170 420 2225 quam
444 2154 653 2210 invenit
691 2155 910 2223 malam,
936 2163 1031 2209 aut
1054 2155 1172 2210 sine
1200 2154 1482 2210 voluntate
1502 2154 1737 2208 hominis
1764 2152 1849 2208 v'el

254 2242 400 2298 bona
438 2243 528 2298 vel
558 2243 720 2308 mala,
770 2245 980 2315 perﬁcit
1022 2230 1095 2299 in‘
1118 2243 1357 2314 parvulis
1397 2243 1623 2312 gratiam
1670 2257 1851 2297 sacra-

252 2333 446 2397 menti,
474 2333 566 2388 ille
581 2331 733 2402 cujus
744 2348 903 2389 nemo
920 2341 1103 2404 potest
1117 2333 1273 2388 bonae
1288 2322 1542 2388 resistere
1565 2331 1844 2386 voluntati.

320 2422 458 2479 Car.
499 2439 647 2479 xxxi.
690 2422 833 2488 Quos
869 2441 1048 2479 omnes
1089 2424 1320 2478 homines
1363 2421 1505 2477 Deus
1532 2421 1638 2476 vult
1678 2421 1849 2477 salvos

250 2513 392 2584 ﬁeri.
422 2513 533 2569 Per
561 2531 737 2569 omnes
766 2514 999 2570 homines
1027 2532 1133 2570 non
1155 2531 1356 2585 semper
1383 2522 1544 2568 totum
1571 2529 1731 2585 genus
1754 2513 1849 2567 hu-

251 2624 471 2664 manum
492 2607 818 2681 intelligitur.
846 2640 916 2652 --
946 2607 1034 2662 61.
1060 2606 1324 2675 Quocirca
1348 2606 1469 2662 illos
1498 2620 1688 2661 omnes
1714 2620 1853 2675 quos

250 2696 400 2755 Deus
420 2699 542 2755 vult
563 2699 743 2756 salvos
763 2701 898 2769 ﬁeri,
925 2701 1004 2756 sic
1028 2700 1329 2769 intelligere
1358 2699 1635 2767 debemus,
1670 2708 1728 2754 nt
1751 2716 1852 2757 nec

253 2791 500 2862 aliquem
544 2800 798 2863 putemus
834 2792 1041 2848 salvum
1089 2791 1205 2847 ﬁeri
1236 2780 1545 2862 posse'nisi
1573 2790 1854 2846 voluntate

249 2880 420 2950 Deib,
446 2896 554 2937 nec
574 2881 943 2939 existimemus
963 2882 1295 2938 voluntatem
1318 2881 1707 2952 omnipotentis
1733 2879 1854 2947 Dei,

250 2980 352 3026 aut
375 2972 433 3027 in
464 2971 650 3042 aliquo
683 2987 792 3028 non
835 2972 1069 3043 impleri,
1102 2980 1195 3027 aut
1218 2971 1561 3041 aliquatenus
1584 2970 1851 3040 impediri.

249 3060 467 3118 Omnes
496 3063 641 3118 enim
671 3078 812 3134 quos
848 3062 993 3120 Deus
1019 3064 1136 3119 vult
1173 3064 1354 3119 salvos
1380 3064 1544 3135 320
1570 3062 1706 3128 ﬁeri,
1737 3064 1857 3119 sine

245 3154 604 3210 dubitatione
634 3155 935 3225 salvantur,
961 3170 1064 3211 nec
1089 3162 1318 3227 possunt
1343 3155 1560 3220 salvari,
1594 3154 1693 3210 nisi
1720 3169 1858 3224 quos

1950 1984 2055 2038 lam
2082 1983 2518 2054 prmdicatimient
2548 1999 2699 2037 suam
2729 1988 2917 2037 sancto
2942 1980 3146 2051 Spiritu
3171 1980 3410 2049 repletus
3435 1978 3542 2055 bal:

1949 2074 2330 2130 exhortatione
2369 2072 2634 2128 conclusit
2667 2090 2678 2125 :
2713 2071 3083 2126 Paenitentiam
3120 2068 3333 2140 (inquit)
3378 2070 3538 2142 agite,

1950 2177 2001 2222 et
2053 2166 2344 2237 baptizatur
2391 2167 2739 2237 unusquisque
2785 2174 3007 2218 vestrum
3055 2164 3108 2217 in
3157 2164 3365 2217 nomine
3411 2161 3541 2217 Iesu

1952 2258 2145 2313 Christi
2164 2258 2219 2311 in
2250 2257 2609 2310 remissionem
2637 2265 2963 2326 peccatorum
2993 2264 3293 2316 uestrorum,
3320 2263 3371 2307 et
3397 2254 3541 2307 acci-

1951 2350 2103 2419 pietis
2130 2347 2321 2401 donum
2366 2346 2598 2416 Spiritus
2635 2346 2806 2399 sancti
2834 2361 2852 2398 :
2884 2345 3022 2413 vobis
3068 2345 3207 2398 enim
3242 2352 3318 2397 est
3357 2360 3541 2414 repro-

1951 2442 2130 2495 missio
2172 2449 2222 2491 et
2262 2437 2388 2508 [iliis
2429 2439 2642 2501 vestris,
2686 2446 2737 2489 et
2777 2435 3013 2489 omnibus
3061 2436 3146 2506 qui
3196 2430 3346 2504 longe
3386 2441 3539 2497 sunt,

1952 2545 2275 2601 quoscunque
2311 2527 2637 2583 advocaverit
2670 2526 2918 2581 Dominus
2951 2526 3093 2580 Deus
3119 2534 3293 2580 noster
3315 2524 3457 2599 (Act.
3481 2541 3541 2588 ll,

1954 2621 2042 2686 '58,
2077 2618 2190 2691 '59).
2221 2618 2421 2674 Omnes
2444 2619 2626 2689 itaque
2664 2617 2818 2683 dixit,
2848 2617 2943 2673 sed
2976 2630 3328 2686 quoscunque
3366 2615 3545 2670 Domi-

1953 2730 2059 2771 nus
2083 2712 2447 2769 advocaverit.
2498 2708 2646 2777 Quos
2672 2710 2838 2775 etiam
2865 2708 3057 2764 beatus
3103 2705 3301 2764 Paulus
3342 2721 3543 2762 secun-

1955 2806 2082 2861 dum
2108 2803 2445 2876 propositum
2483 2813 2708 2858 vocatos
2748 2800 3026 2865 insinuat,
3070 2799 3163 2868 qui
3192 2798 3299 2852 alio
3325 2810 3545 2869 quoque

1957 2900 2078 2955 loco
2107 2898 2212 2963 ait,
2244 2896 2576 2953 conclusisse
2605 2894 2773 2950 Deum
2795 2893 2969 2948 omnia
2995 2894 3051 2946 in
3076 2890 3459 2959 incredulitate,
3483 2899 3545 2943 ut

1959 2992 2190 3046 omnium
2236 2988 2539 3042 misereatur
2566 2985 2747 3058 (Rom.
2779 3000 2835 3039 xr
2861 3022 2877 3049 ,
2926 2983 3043 3053 52).
3082 2974 3151 3036 Et
3189 2991 3373 3045 tamen
3400 2979 3545 3037 Deus

1958 3099 2069 3141 non
2094 3084 2169 3138 ita
2192 3081 2432 3138 omnium
2454 3079 2680 3135 omnino
2699 3077 2989 3133 miseretur
3014 3089 3153 3145 quos
3179 3073 3233 3128 in
3255 3071 3548 3128 increduli-

1961 3184 2076 3232 tate
2116 3172 2415 3239 conclusit,
2464 3178 2522 3227 ut
2550 3169 2799 3226 omnibus
2838 3166 3142 3223 inﬁdelibus
3165 3164 3394 3234 gratiam
3421 3162 3549 3219 ﬁdei

244 3244 408 3300 Deus
439 3246 553 3300 V0“
576 3247 756 3303 531V“
783 3245 920 3313 ﬁeri:
962 3262 1064 3304 nec
1088 3256 1173 3303 εει
1196 3247 1479 3317 (ιυίείιιιθω
1505 3252 1667 3317 quem
1713 3248 1854 3304 Deus
1882 3262 1929 3324 C
1960 3263 2383 3321 misericorditer
2410 3261 2599 3327 donet,
2627 3257 2656 3297 ά
2684 3273 2805 3314 cum
2834 3265 3016 3311 tamen
3043 3254 3287 3311 eamdem
3317 3254 3549 3324 gratiam

240 3336 465 3391 salvari
493 3336 620 3392 velit
637 3339 729 3408 qui
745 3339 840 3409 (at.
859 3337 935 3410 et)
954 3353 1061 3395 non
1080 3338 1349 3395 salvetur:
1366 3338 1490 3408 quia
1507 3338 1649 3395 Deus
1673 3348 1858 3403 noster

241 3428 441 3483 omnia
479 3445 795 3501 quiscunque
822 3431 981 3485 voluit
1011 3431 1131 3501 fecit
1161 3429 1336 3501 (Psal.
1379 3445 1597 3499 cxxxrv,
1624 3430 1701 3501 6).
1749 3430 1856 3500 lpsi

241 3540 458 3581 omnes
501 3525 687 3596 utique
737 3526 873 3582 salvi
920 3525 1074 3591 ﬁunt,
1121 3540 1261 3596 quos
1288 3541 1478 3581 omnes
1516 3525 1634 3581 vult
1679 3526 1859 3581 salvos

245 3616 378 3673 ﬁeri
422 3634 437 3669 :
475 3616 601 3685 quia
628 3617 743 3672 haec
769 3617 918 3673 salus
947 3632 1053 3672 non
1084 3615 1190 3672 illis
1210 3631 1278 3671 ex
1307 3616 1541 3671 humana
1576 3615 1858 3671 voluntate

241 3708 532 3773 nascitur,
582 3706 678 3762 sed
705 3722 775 3763 ex
803 3707 898 3763 Dei
928 3708 1072 3763 bona
1099 3707 1381 3763 voluntate
1427 3709 1728 3776 praestatur.
1759 3705 1859 3760 Ve-

238 3806 570 3854 rumtamen
601 3796 654 3853 in
679 3798 764 3854 his
797 3798 1049 3854 omnibus
1078 3798 1383 3853 hominibus
1410 3812 1547 3868 quos
1572 3795 1716 3852 Deus
1742 3797 1859 3852 vult

233 3891 444 3947 salvos
475 3889 658 3947 facere
700 3906 807 3946 non
838 3898 1012 3947 totum
1055 3890 1278 3946 omnino
1307 3904 1476 3961 genus
1523 3889 1857 3958 signiﬁcatur

232 3981 565 4047 hominum,
587 3982 680 4038 sed
703 3982 943 4038 omnium
967 3983 1290 4038 universitas
1308 3980 1707 4037 salvandorum.
1730 3980 1856 4036 Ideo

232 4083 443 4130 autem
474 4088 666 4130 omnes
687 4072 819 4130 dicti
848 4082 994 4140 sunt,
1025 4074 1151 4145 quia
1177 4089 1247 4129 ex
1274 4073 1526 4129 omnibus
1549 4071 1859 4127 hominibus

231 4180 456 4222 omnes
492 4166 629 4220 istos
654 4165 835 4220 divina
876 4166 1093 4221 bonitas
1119 4165 1329 4231 salvat,
1377 4164 1430 4219 id
1471 4172 1573 4228 est,
1611 4178 1678 4217 ex
1708 4162 1858 4219 omni

228 4257 441 4329 gente,
481 4256 831 4327 conditione,
876 4266 1058 4324 aetate,
1086 4273 1154 4313 ex
1184 4257 1333 4313 omni
1380 4257 1581 4326 lingua,
1612 4271 1682 4311 ex
1708 4255 1857 4310 omni

225 4349 561 4422 provincia.
593 4349 650 4403 lu
694 4350 778 4405 his
798 4350 1047 4405 omnibus
1085 4350 1176 4405 ille
1201 4363 1381 4405 sermo
1417 4349 1589 4404 nostri
1618 4347 1883 4402 Redem»

225 4442 432 4513 ptoris
456 4441 737 4510 impletur,
764 4456 874 4510 quo
893 4442 969 4495 ait
992 4459 1005 4495 :
1031 4439 1160 4496 Cum
1183 4441 1443 4495 excitatus
1466 4442 1611 4512 [uero
1634 4456 1667 4493 a
1694 4449 1853 4506 terra,

220 4535 439 4588 omnia
469 4533 673 4586 traham
701 4533 770 4586 ad
795 4532 1047 4603 meipsum
1078 4531 1260 4603 (Joan.
1291 4542 1387 4600 ιιι,
1416 4530 1532 4603 52).
1563 4529 1717 4597 Quod
1745 4546 1857 4585 non

1961 3354 2088 3413 ﬁdei
2112 3371 2219 3411 non
2250 3352 2554 3409 inﬁdelibus
2581 3350 2726 3405 Deus
2753 3347 3063 3402 misericors
3090 3343 3273 3407 donet,
3314 3342 3409 3397 sed
3439 3342 3549 3397 illis

1960 3447 2151 3518 procul
2187 3444 2350 3499 dubio
2378 3443 2447 3498 de
2468 3440 2663 3511 quibus
2691 3437 2761 3493 ad
2796 3437 3015 3508 Moysen
3043 3434 3174 3489 dicit
3210 3450 3228 3488 :
3260 3430 3548 3486 lliserebor

1959 3540 2039 3591 cui
2086 3538 2353 3599 misereor,
2400 3543 2452 3587 et
2479 3528 2891 3586 misericordiam
2918 3529 3075 3597 321
3106 3525 3365 3597 prtBstabo
3398 3523 3546 3594 cujus

1959 3627 2241 3682 miserebor
2280 3622 2478 3695 (Exod.
2514 3637 2701 3686 χχχιιι,
2747 3620 2861 3691 19).
2904 3617 3144 3673 Gratiam
3172 3616 3341 3695 igitur
3361 3614 3547 3671 volun-

1961 3718 2110 3782 tariae
2138 3691 2447 3771 donationis
2485 3711 2762 3778 ostendit,
2814 3711 2955 3765 sicut
2996 3708 3256 3764 Dominus
3295 3691 3407 3761 suis
3458 3704 3544 3761 di-

1958 3815 2150 3877 gnatus
2178 3815 2262 3862 est
2288 3805 2434 3874 loqui
2480 3802 2758 3872 discipulis
2797 3820 2810 3854 :
2844 3794 3019 3855 -Vobis
3064 3799 3240 3853 datum
3282 3807 3358 3853 est
3391 3812 3547 3852 nosse

1958 3899 2257 3970 mysterium
2286 3897 2433 3968 regni
2461 3893 2702 3950 caelorum
2722 3935 2736 3961 ,
2779 3892 2886 3946 illis
2920 3898 3094 3944 autem
3123 3906 3228 3945 non
3262 3897 3338 3943 est
3368 3886 3548 3941 datum

1961 3988 2175 4060 (Matth.
2204 4002 2319 4055 xui,
2342 3986 2367 4038 l
2385 3984 2463 4056 l);
2487 3985 2617 4040 item
2646 3983 2805 4038 dicit:
2834 3980 2934 4046 Qui
2966 3988 3132 4052 potest
3163 3995 3346 4052 capere
3373 3979 3550 4048 cupiat

1961 4082 2179 4155 (Matth.
2209 4097 2321 4149 xix,
2350 4079 2458 4149 15).
2516 4077 2624 4133 Sed
2654 4076 2749 4149 (al.
2782 4076 2880 4144 sic)
2904 4082 2961 4129 ut
2992 4075 3160 4144 ipsam
3186 4071 3549 4142 capacitatem

1958 4174 2139 4229 divina
2168 4172 2391 4227 doceret
2420 4168 2667 4236 largitate
2713 4165 2957 4229 concedi,
2995 4163 3102 4218 alio
3131 4163 3251 4218 loco
3280 4161 3391 4215 ait:
3421 4158 3548 4213 Non

1957 4282 2135 4321 omnes
2183 4265 2395 4334 capiunt
2443 4261 2539 4314 hoc
2585 4256 2832 4323 verbum,
2878 4255 2969 4309 sed
3014 4253 3197 4324 quibus
3243 4252 3424 4305 datum
3470 4256 3551 4304 est

1960 4355 2151 4425 una,
2184 4350 2297 4424 ιι).

2029 4444 2117 4500 ﬁl.
2160 4442 2225 4498 Hi
2253 4450 2527 4510 suntergo
2556 4452 2744 4495 omnes
2768 4451 2996 4506 quorum
3050 4433 3194 4489 Deus
3233 4431 3543 4493 miseretur,

1958 4536 2085 4606 quia
2110 4530 2480 4589 misericordia
2504 4530 2672 4600 ipsius
2702 4528 3121 4598 praeveniantur,
3154 4532 3215 4577 ut
3240 4521 3466 4578 credant
3491 4529 3550 4577 et

221 4623 371 4679 ideo
407 4621 571 4687 dixit,
596 4622 721 4692 quia
745 4637 937 4678 omnes
956 4623 1180 4677 omnino
1203 4622 1385 4686 trahit,
1418 4620 1512 4675 sed
1538 4621 1663 4690 quia
1696 4635 1856 4675 nemo
1889 4644 1934 4701 ι)
1959 4628 2128 4700 gratis
2153 4627 2285 4682 salvi
2309 4625 2439 4679 ﬁant
2465 4638 2562 4693 per
2591 4622 2771 4677 ﬁdem.
2794 4620 2997 4675 Eorum
3013 4631 3244 4687 namque
3258 4614 3551 4671 credulitas

216 4717 443 4772 salvus
485 4715 573 4779 ﬁt,
606 4714 707 4768 nisi
734 4729 898 4783 quem
942 4714 1059 4783 ipse
1085 4712 1329 4768 traxerit.
1364 4711 1499 4767 Nam
1529 4720 1585 4767 et
1618 4710 1745 4765 alibi
1773 4709 1853 4764 di-

1964 4735 2074 4776 non
2125 4732 2196 4772 ex
2242 4717 2476 4780 humana
2526 4713 2800 4768 voluntate
2852 4711 3019 4765 sumit
3061 4709 3293 4772 initium,
3321 4704 3418 4761 sed
3445 4704 3550 4775 ipsi

214 4809 305 4862 cit
344 4825 362 4861 :
410 4802 592 4859 Nemo
619 4814 785 4875 potest
812 4804 988 4859 uenire
1021 4803 1092 4857 ad
1119 4819 1221 4867 me,
1251 4803 1355 4857 nisi
1386 4802 1569 4868 Pater,
1599 4801 1688 4872 qui
1713 4800 1853 4854 misit

1963 4807 2226 4865 voluntati
2254 4805 2384 4860 ﬁdes
2405 4803 2639 4873 gratuita
2662 4801 2761 4856 Dei
2782 4799 3091 4855 miserantis
3111 4798 3359 4866 largitate
3373 4795 3514 4851 dona
3534 4827 3547 4838 -

209 4917 308 4955 me
338 4938 359 4963 ,
423 4897 650 4949 traxerit
687 4912 805 4950 eum
835 4894 1017 4965 (Joan.
1050 4911 1121 4960 v1,
1152 4893 1267 4963 37).
1298 4892 1434 4948 Item
1477 4891 1606 4946 alibi
1640 4909 1653 4945 :
1688 4888 1856 4945 0mm:
1962 4908 2070 4955 tur.
2104 4898 2255 4953 lianc
2274 4895 2515 4952 omnium
2534 4894 2936 4955 discretionem,
2966 4906 3129 4962 quam
3173 4890 3346 4944 ﬁdelis
3387 4889 3553 4943 debet

210 4990 382 5060 quod
410 4986 565 5040 dedit
592 4986 720 5040 mihi
742 4986 906 5039 Pater
927 4985 995 5038 ad
1019 5001 1101 5039 me
1130 4987 1317 5039 ueniet.
1341 4980 1407 5037 lli
1429 4996 1560 5051 ergo
1589 4990 1713 5038 sunt
1731 4996 1853 5037 om-

1961 4991 2269 5049 intellectus
2296 4989 2517 5044 omnino
2545 5000 2783 5052 servare,
2827 4985 3019 5039 beatus
3046 4982 3245 5037 Paulus
3272 4996 3382 5035 uno
3433 4979 3555 5049 Epi-

210 5098 333 5138 ηεξ
366 5094 530 5152 quos
554 5079 671 5133 vult
698 5078 841 5133 Deus
865 5077 1047 5133 salvos
1074 5076 1191 5133 ﬁeri
1220 5085 1276 5132 et
1303 5076 1372 5131 ad
1400 5075 1728 5146 agnitionem
1755 5090 1853 5130 ve-

1961 5081 2116 5137 stolm
2140 5094 2251 5135 suae
2275 5080 2395 5135 loco
2423 5079 2501 5133 sic
2528 5077 2728 5149 posuit,
2748 5085 2809 5130 ut
2833 5089 3022 5130 omnes
3043 5073 3291 5129 homines
3306 5072 3427 5126 sine
3451 5072 3551 5123 ati-

207 5172 440 5228 ritatis
469 5171 678 5226 venire.
1959 5184 2066 5241 qua
2093 5170 2417 5241 exceptione
2441 5168 2648 5232 dicens,
2680 5166 2861 5221 statim
2881 5162 3142 5234 quosdam
3163 5175 3352 5227 omnes
3373 5159 3550 5213 homi-

290 5266 411 5321 62.
455 5262 552 5319 Est
578 5272 759 5320 autem
787 5263 1051 5319 familiare
1078 5261 1274 5317 divinis
1301 5259 1531 5329 eloquiis
1559 5266 1620 5313 ut
1665 5270 1856 5312 omnes
1961 5274 2058 5316 nes
2081 5260 2326 5330 exceptis
2347 5252 2465 5312 aliis
2487 5257 2781 5311 intimaret.
2805 5253 2897 5307 Ait
2915 5253 3060 5307 enim
3085 5270 3100 5305 :
3125 5251 3274 5305 Sicut
3295 5250 3549 5320 peruniut

205 5370 655 5426 nonnunquam
682 5357 885 5421 dicant,
902 5339 1019 5412 inec
1049 5365 1230 5410 tamen
1253 5369 1416 5409 omne
1436 5354 1730 5411 humanum
1761 5363 1858 5419 ge-
1958 5351 2201 5410 delictum
2215 5351 2268 5403 in
2285 5363 2457 5403 omnes
2471 5346 2699 5401 homines
2720 5347 2774 5400 in
2788 5344 3290 5412 condemnationem,
3313 5344 3390 5397 sic
3404 5350 3545 5413 clpe;

202 5466 334 5508 nos
380 5450 459 5504 in
490 5447 620 5517 ipsis
659 5448 911 5502 omnibus
953 5461 1171 5516 semper
1214 5444 1437 5513 intelligi
1479 5442 1677 5498 debere
1707 5455 1856 5496 com-
1957 5442 2109 5495 unius
2124 5440 2385 5511 justitiam
2400 5439 2454 5492 in
2481 5433 3423 5504 omneshominesinjustiﬁcationem
3441 5431 3547 5484 vita

199 5546 557 5605 moneant;
605 5540 746 5595 sicut
797 5544 883 5594 est
924 5536 1057 5593 illud
1101 5536 1248 5608 quod
1287 5536 1420 5593 dicit
1456 5532 1718 5591 Dominus
1759 5547 1860 5604 per
1963 5528 2143 5603 (Rom.
2168 5526 2368 5599 v,18).
2399 5524 2778 5595 Nunquidnam
2823 5525 2949 5594 quia
2969 5525 3023 5576 in
3050 5537 3226 5577 ornnes
3246 5522 3479 5577 homines
3503 5521 3586 5610 in,

2035 5686 2061 5726 ἀ
2092 5687 2218 5742 Haec
2239 5687 2423 5752 verba,
2451 5702 2567 5740 cum
2591 5693 2762 5739 tanien
2790 5682 3023 5737 eamdem
3054 5681 3275 5753 gratiam
3307 5679 3433 5753 ﬁdei
3452 5678 3565 5737 non
3640 5684 3655 5691 “

1965 5757 2265 5885 inﬁdelis?
2281 5750 2422 5840 Deus
2443 5757 2736 5817 misericors
2760 5755 2936 5823 donet,
2961 5750 3157 5808 absunt
3179 5764 3208 5840 τι
3230 5750 3356 5815 ms},
3376 5750 3567 5820 leguli.

1967 5838 2056 5885 tur
2087 5845 2142 5887 tn
2243 5838 2350 5885 Itis.
3519 5884 3528 5887 _

294 5716 329 5744 ⁸
369 5702 565 5771 Editi,
591 5716 708 5755 cum
744 5698 932 5771 liquam
961 5715 1063 5754 non
1093 5698 1253 5771 donat
1278 5694 1611 5771 uoluntatem.

296 5778 333 5816 δ
374 5776 490 5832 Sic
520 5761 658 5837 nisi;
698 5768 823 5826 edd.
849 5778 1063 5836 autem,
1099 5767 1292 5823 salvari
1329 5782 1481 5831 posse
1519 5763 1621 5818 nisi
1659 5761 1860 5818 volente

297 5890 571 5981 :hditi,
595 5928 748 5983 super
768 5912 890 5966 illos
918 5912 1171 5965 homines.
1207 5906 1329 5976 Ms,
1362 5921 1559 5963 omnes.

474 5980 748 6073 Parent.
829 6002 1020 6064 LXV.
3052 5980 3135 6046 16.
