4066 6346
508 466 621 520 -ὶθι

1543 457 1598 511 S.
1639 456 1996 513 FULGENTII
2034 455 2331 512 EPISCOPl
2376 451 2742 512 llUSPENSIS

3681 451 3785 510 £92

516 580 1023 643 condemnationem,
1053 586 1103 631 et
1131 578 1181 630 in
1206 591 1381 630 ontttes
1402 573 1631 628 homines
1668 575 1722 627 in
1765 573 2105 651 justiﬁcatiov
2133 578 2181 636 Α
2209 574 2463 631 discessio
2492 590 2600 651 non
2651 550 2864 641 fuisset;
2897 585 2953 630 et
2979 576 3022 631 si
3052 591 3174 631 eum
3201 575 3443 631 Christus
3466 574 3784 644 quandoque

529 686 646 724 nent
671 666 960 738 Apostolus
987 663 1292 728 dicit,.ideo
1319 676 1543 732 prorsus
1594 676 1783 716 omnes
1836 662 2100 728 homines,

452 760 479 789 "
526 774 665 828 quos
707 773 806 828 per
850 762 1131 826 peccatum
1180 752 1308 807 Atla:
1356 751 1688 820 originaliter
1733 761 1944 807 constat
1983 768 2105 809 esse

526 846 833 910 damuatos,
881 842 1040 899 simul
1090 857 1279 897 omnes
1329 840 1548 897 eosdem
1588 841 1810 897 credere
1848 842 2106 897 debemus

523 937 843 1007 iustiﬁcatos
884 948 1005 992 esse
1051 949 1149 1004 per
1188 932 1493 997 Christum;
1537 947 1658 987 cum
1690 933 2106 988 innumerabiles

527 1026 818 1082 inﬁdelium
839 1033 1043 1084 mortes
1063 1024 1347 1092 ohsistant,
1386 1023 1477 1093 qui
1503 1023 1621 1078 sine
1645 1025 1813 1092 gratia
1839 1023 2105 1095 iustiﬁca-

525 1116 690 1174 tionis
730 1115 801 1172 de
850 1116 953 1170 hac
1001 1114 1108 1170 vita
1137 1122 1431 1178 transeunt,
1457 1121 1513 1168 et
1540 1113 1742 1182 absque
1767 1125 2106 1168 sacramento

523 1208 862 1279 baptismatis
909 1207 977 1261 ad
1020 1206 1202 1261 sedem
1250 1205 1439 1260 mortis
1492 1212 1800 1274 teternaque
1846 1206 2106 1275 supplicia

524 1302 844 1374 rapiuntur?
871 1299 1061 1355 Restat
1082 1312 1214 1367 ergo
1244 1307 1302 1352 ut
1330 1314 1436 1353 non
1480 1313 1671 1353 omnes
1699 1299 1920 1351 omnino
1971 1313 2108 1367 quos

526 1395 581 1450 in
612 1391 1117 1449 condemnationem
1165 1389 1316 1459 ponit
1345 1388 1633 1459 Apostolus
1663 1390 1890 1445 transire
1908 1388 2109 1458 'adjus-

526 1482 834 1540 titleationis
853 1482 1080 1553 gratiam
1105 1481 1418 1545 s'Bntiamus,
1446 1479 1539 1534 sed
1588 1479 1847 1549 quosdam
1898 1495 1962 1534 ex
2006 1480 2109 1534 illis

527 1574 777 1630 omnibus
805 1587 991 1629 omnes
1014 1572 1147 1626 istos
1179 1580 1202 1607 ιι
1232 1588 1245 1623 :
1271 1571 1453 1641 itaque
1473 1585 1662 1624 omnes
1690 1584 1788 1639 per
1834 1569 2001 1624 Adam
2055 1571 2108 1624 in

527 1663 1034 1721 condemnationem
1055 1676 1175 1717 esse
1204 1661 1343 1715 ﬁlios
1387 1661 1504 1727 iras,
1531 1669 1587 1714 et
1614 1675 1679 1714 ex
1722 1660 1801 1714 eis
1843 1661 2106 1728 quosdam

524 1770 629 1824 per
646 1752 923 1809 Christum
953 1768 1141 1807 omnes
1162 1767 1281 1809 esse
1309 1751 1447 1806 ﬁlios
1467 1751 1685 1819 gratim;
1709 1752 1829 1805 illos
1850 1766 1978 1820 ergo
1990 1768 2110 1806 esse

522 1860 738 1909 omnes,
762 1859 903 1916 quos
930 1858 1028 1914 per
1048 1843 1276 1913 primum
1298 1842 1571 1897 hominem
1625 1855 1866 1912 propago
1920 1857 2110 1911 pecca-

2207 664 2508 720 salvaturus
2533 648 2696 728 esset,
2727 680 2832 719 non
2863 680 2960 719 ore
2981 663 3177 719 Christi
3207 664 3649 735 pronuntiaretur
3673 664 3786 734 ejus

2205 764 2409 809 aeterna
2464 756 2787 811 combustio.
2837 753 3028 810 Om'nia
3083 768 3212 823 ergo
3241 770 3338 824 per
3359 753 3630 808 Christum
3659 755 3787 809 etin

2207 847 2422 903 Christo
2446 856 2628 903 creata
2659 856 2799 913 sunt,
2829 849 2953 918 quia
2984 847 3115 902 nihil
3142 854 3226 901 est
3270 846 3413 916 quod
3441 862 3547 901 non
3576 862 3674 916 per
3699 845 3787 900 Fi-

2208 931 2335 990 lium
2366 943 2421 990 et
2449 936 2501 990 in
2528 935 2665 991 Filio
2693 937 2955 991 creaverit
2977 936 3151 991 Pater.
3178 935 3241 990 Et
3261 936 3441 991 omnia
3469 951 3567 1007 per
3619 937 3787 1006 ipsum

2207 1033 2368 1095 atque
2397 1026 2448 1079 in
2466 1027 2499 1097 ἰι
2520 1041 2582 1081 so
2611 1026 3045 1092 reconciliantur,
3102 1028 3228 1096 quia
3282 1027 3457 1081 nullus
3503 1035 3587 1081 est
3621 1028 3789 1081 homi—

2209 1132 2335 1171 num
2363 1117 2454 1186 qui
2482 1118 2597 1173 siue
2625 1133 2785 1172 cruce
2838 1117 3035 1173 Christi
3067 1130 3090 1155 ο
3127 1118 3576 1174 reconciliationis
3624 1118 3787 1172 bene-

2211 1207 2386 1263 ﬁcium
2432 1218 2815 1279 consequatur.

2278 1299 2366 1354 66.
2409 1299 2486 1354 Ex
2539 1300 2641 1355 hac
2697 1302 2859 1370 igitur
2901 1301 3087 1371 regula
3118 1316 3238 1372 quae
3266 1300 3568 1357 coelestibus
3588 1301 3785 1355 inserta

2209 1398 2541 1449 monstratur
2560 1391 2811 1457 oraculis,
2846 1391 2924 1446 sic
2944 1392 3300 1459 intelligamus
3328 1407 3516 1446 omnes
3543 1391 3788 1445 homines

2209 1495 2345 1549 quos
2371 1480 2486 1534 vult
2514 1478 2654 1534 Deus
2683 1481 2862 1536 salvos
2891 1480 3027 1547 ﬁeri,
3062 1489 3118 1534 ut
3139 1481 3447 1536 noverimus
3467 1495 3659 1535 omnes
3692 1495 3785 1549 qm

2210 1571 2504 1636 salvantur,
2535 1588 2640 1625 non
2674 1572 2773 1627 nisi
2802 1589 2866 1628 ex
2908 1573 3025 1642 ejus
3073 1574 3303 1642 gratuita
3356 1573 3595 1627 bonitate
3626 1570 3648 1610 ί
3680 1574 3786 1626 sal-

2210 1663 2344 1717 vati.
2381 1661 2449 1717 Ut
2472 1662 2613 1716 enim
2639 1663 2863 1733 quisque
2888 1664 3144 1732 salvetur,
3165 1664 3308 1718 nulla
3337 1663 3647 1734 praecedunt
3688 1662 3788 1716 im.

2211 1766 2383 1805 manm
2407 1753 2696 1807 voluntatis
2714 1752 2853 1807 bona
2882 1754 3092 1818 merita,
3115 1752 3209 1807 sed
3235 1753 3351 1808 sola
3400 1752 3495 1807 Dei
3541 1753 3788 1807 voluntas

2212 1841 2458 1895 humanm
2480 1842 2792 1898 salvationis
2817 1853 2899 1898 est
2925 1858 3104 1898 causa.
3136 1842 3227 1897 Ira
3255 1845 3392 1897 enim
3437 1845 3490 1897 in
3538 1844 3794 1914 indigna--

527 1936 637 1990 trix
662 1934 863 1996 carnali
883 1932 1234 2002 generatione
1261 1931 1602 1987 condemnat.
1622 1929 1819 1987 Omnes
1844 1932 1984 1986 enim
2004 1939 2110 1984 ter-
2145 1948 2184 2005 ιι
2212 1934 2351 1985 tione
2376 1931 2506 2002 ejus,
2536 1942 2586 1985 et
2613 1934 2715 1987 vita
2742 1934 2796 1987 in
2825 1934 3087 1988 voluntate
3113 1935 3223 2005 ejus
3246 1934 3413 2005 (Psal.
3437 1951 3585 2000 nix,
3610 1934 3685 2004 6).
3705 1932 3786 1987 Ira

526 2028 819 2092 renisunt,
850 2027 943 2096 qui
963 2027 1165 2082 terreni
1193 2025 1428 2081 hominis
1456 2025 1741 2095 imaginem
1788 2034 2003 2094 gerunt,
2051 2035 2108 2081 et

450 2108 457 2113 “
531 2131 720 2176 omnes
747 2117 995 2173 caelestes
1013 2116 1104 2187 qui
1134 2116 1201 2171 ad
1224 2124 1481 2172 :eternam
1510 2118 1674 2172 vitam
1704 2118 1987 2187 imaginem
2011 2120 2110 2175 bo-

531 2208 691 2266 minis
709 2207 946 2264 cmleslis
970 2206 1258 2277 accipiunt.
1283 2205 1482 2262 lterum
1504 2206 1635 2263 dicit
1663 2208 1953 2279 propheta:
1984 2206 2111 2263 0m-

531 2314 627 2353 nes
664 2304 840 2370 gentes
867 2312 1192 2367 quascunque
1219 2296 1383 2367 fecisti
1405 2296 1625 2361 venient,
1648 2304 1697 2349 et
1726 2296 2017 2351 adorabunt
2033 2315 2115 2352 co-

531 2409 646 2447 rant
686 2401 755 2459 te,
779 2389 1019 2457 Domine,
1038 2398 1087 2443 et
1121 2387 1483 2460 gloriﬁcabant
1510 2404 1692 2443 nomen
1714 2399 1856 2442 tuum
1877 2389 1903 2427 δ
1936 2389 2107 2460 (Psal.

534 2497 736 2549 Lxxxv,
774 2479 852 2551 9).
894 2478 1154 2535 Dominus
1225 2492 1440 2547 quoque
1486 2478 1598 2533 suis
1646 2475 1889 2533 ﬁdelibus
1943 2478 2109 2534 dicit:

532 2573 698 2628 Erilis
739 2570 860 2626 odio
906 2568 1148 2624 omnibus
1189 2567 1424 2638 gentibus
1475 2577 1685 2640 propter
1736 2585 1921 2624 nomen
1949 2586 2115 2624 meum

535 2664 750 2734 (Matth.
787 2648 841 2725 x,
868 2659 981 2731 ‘22).
1012 2659 1261 2730 Nunquid
1287 2674 1417 2729 ergo
1469 2661 1754 2715 contrariis
1807 2661 1907 2716 sibi
1956 2677 2116 2731 repu-

534 2764 666 2825 gnat
691 2754 969 2823 Scriptura
995 2751 1174 2807 divina
1197 2752 1517 2806 sententiis?
1540 2750 1713 2805 Absit.
1759 2750 1867 2806 Sed
1896 2760 1951 2807 et
1996 2752 2118 2806 illos

534 2862 747 2912 eomes,
775 2853 832 2900 et
858 2845 992 2900 istos
1010 2859 1202 2899 omnes
1228 2843 1492 2898 veraciter
1518 2842 1665 2908 dicit,
1698 2844 1749 2897 id
1777 2853 1862 2899 est
1897 2852 1953 2899 et
2001 2860 2116 2898 om-

535 2954 630 2993 nes
676 2936 860 2993 ﬁdeles
907 2935 1000 3004 qui
1045 2950 1239 2989 nomen
1279 2934 1489 2988 Domini
1521 2935 1573 2988 in
1603 2935 1852 2989 omnibus
1871 2937 2119 3003 gentibus

536 3029 860 3099 gloriﬁcant,
891 3033 945 3081 et
965 3040 1157 3080 omnes
1203 3023 1508 3080 incredulos
1536 3025 1628 3092 qui
1653 3040 1751 3094 per
1771 3025 1988 3079 easdem
2008 3040 2120 3080 om-

538 3136 633 3176 nes
657 3127 847 3187 gentes
892 3118 946 3171 in
975 3116 1101 3171 odio
1131 3106 1366 3170 nominis
1393 3114 1589 3171 Christi
1620 3114 1961 3187 ﬁdeliumque
2002 3116 2120 3188 ejus

536 3206 814 3264 mortifera
836 3205 1113 3275 impietate
1136 3202 1446 3272 perdurant.

2210 2023 2373 2092 igitur
2400 2024 2518 2092 ejus
2546 2034 2744 2078 nostra:
2771 2024 3065 2094 iniquitatis
3092 2034 3174 2080 est
3200 2026 3469 2092 meritum,
3500 2026 3610 2079 vita
3657 2040 3788 2079 vero

2211 2121 2393 2168 nostra
2424 2113 2713 2167 voluntatis
2733 2111 2848 2181 ejus
2875 2113 3199 2168 estdonum.
3252 2112 3399 2167 Sicut
3449 2115 3586 2167 enim
3629 2112 3790 2167 Pater

2211 2203 2425 2256 suscitat
2449 2211 2674 2257 mortuos
2702 2211 2751 2256 et
2777 2202 3020 2273 oioiﬁcat,
3051 2203 3124 2256 sic
3151 2212 3200 2256 et
3220 2202 3388 2257 Filius
3418 2218 3541 2275 quos
3572 2203 3678 2256 vult
3716 2203 3793 2255 vi-

2213 2294 2387 2364 viﬁcat
2415 2294 2591 2365 (Joan.
2615 2311 2666 2359 v,
2691 2293 2782 2366 2i)
2817 2312 2829 2347 :
2878 2294 3096 2350 eosdem
3144 2302 3322 2349 autem
3368 2294 3623 2349 viviﬁcari
3677 2295 3792 2348 vult

2214 2403 2351 2457 quos
2369 2389 2672 2443 vultsalvos
2697 2386 2831 2443 ﬁeri.
2850 2387 2938 2444 Sic
2965 2401 3094 2456 ergo
3120 2403 3257 2458 quos
3269 2388 3382 2443 vult
3397 2387 3588 2453 salvat,
3608 2402 3794 2457 quem-
3842 2437 3845 2439 .

2215 2477 2503 2534 admodum
2552 2493 2688 2547 quos
2734 2478 2848 2532 vult
2884 2475 3140 2533 viviﬁcat.
3172 2477 3311 2531 Nihil
3340 2490 3572 2546 namque
3616 2476 3790 2531 voluit

2217 2578 2397 2626 etnon
2421 2571 2549 2626 fecit
2574 2573 2685 2642 qui.
2735 2570 3009 2641 Scriptura
3060 2580 3213 2637 teste,
3264 2572 3438 2626 omnia
3482 2586 3793 2643 quaecunque

2216 2662 2377 2718 coluit
2405 2662 2524 2734 fecit
2545 2662 2714 2733 (Psal.
2740 2677 2884 2725 cxnt,
2910 2661 3020 2731 ll).
3053 2662 3282 2718 Proinde
3305 2678 3412 2717 non
3441 2662 3655 2733 indigne
3706 2661 3792 2716 di-

2218 2753 2390 2808 cimus
2416 2752 2617 2821 aliquid
2647 2752 2816 2822 Deum
2842 2752 2986 2808 nolle
3013 2754 3156 2824 quod
3184 2755 3385 2824 possit;
3410 2750 3565 2809 nefas
3586 2762 3669 2809 est
3694 2768 3795 2809 au-

2218 2851 2328 2899 tem
2356 2844 2401 2897 si
2423 2843 2545 2913 quis
2572 2843 2993 2914 omnipotentem
3014 2844 3158 2899 dicat
3209 2844 3409 2914 aliquid
3454 2844 3626 2900 facere
3680 2860 3795 2899 non

2220 2948 2382 3004 posse
2402 2931 2545 3003 quod
2573 2932 2740 2987 velit:
2774 2932 3043 2987 Voluntati
3086 2933 3227 2989 enim
3281 2934 3392 3004 ejus
3438 2934 3553 3004 quis
3601 2933 3801 2987 resistit

2222 3025 2317 3095 (al.
2348 3023 2583 3093 resistet)
2613 3021 2791 3093 (Rom.
2821 3038 2896 3087 Ix,
2927 3022 2994 3077 l9
3029 3027 3054 3076 ἴ
3080 3022 3250 3078 Nemo
3291 3023 3493 3091 utique,
3513 3023 3638 3090 quia
3688 3036 3798 3074 non

2218 3122 2303 3169 est
2328 3114 2503 3182 aliqua
2530 3119 2719 3167 natura
2746 3126 2865 3182 qum
2894 3112 2961 3166 ab
2983 3112 3098 3180 ejus
3145 3112 3420 3167 creatione
3476 3112 3547 3165 sit
3598 3111 3796 3167 aliena.

2219 3203 2286 3258 Et
2306 3204 2446 3259 sicut
2473 3203 2605 3258 nihil
2635 3204 2952 3258 naturaliter
2978 3203 3219 3258 subsistit
3244 3202 3388 3272 quod
3416 3203 3505 3257 ille
3526 3219 3633 3258 non
3656 3194 3807 3258 feceo‘

607 3297 694 3352 65.
736 3294 866 3350 Tale
892 3292 1145 3363 quiddam
1173 3300 1256 3346 est
1277 3292 1441 3347 etiam
1472 3293 1526 3347 in
1554 3290 1792 3362 Epistula
1821 3308 1980 3362 quam
2009 3292 2117 3348 Co-
2147 3304 2193 3366 ο
2221 3298 2311 3363 rit,
2335 3289 2407 3351 ita
2437 3296 2569 3350 nihil
2590 3296 2840 3366 provenit
2870 3296 2922 3349 in
2952 3296 3177 3351 salutem
3206 3295 3503 3359 hominum,
3533 3295 3682 3363 quod
3711 3295 3804 3349 ille

538 3385 868 3442 lossensibus
888 3383 1080 3439 beatus
1107 3382 1399 3451 Apostolus
1426 3382 1631 3448 scribit,
1662 3382 1752 3437 ubi
1775 3383 1942 3440 dicit:
1979 3382 2114 3448 Quia

486 3538 487 3545 η
536 3478 592 3531 in
645 3473 852 3529 Christo
898 3472 1106 3528 condita
1144 3482 1262 3525 sunt
1288 3472 1526 3526 universa
1555 3473 1610 3525 in
1636 3473 1775 3528 caelis
1802 3474 1927 3528 etin
1957 3485 2112 3537 terra,

537 3565 758 3621 visibilia
786 3572 837 3619 et
864 3561 1163 3628 invisibilia,
1188 3563 1292 3616 sine
1320 3561 1533 3625 Throni,
1566 3565 1673 3617 sive
1700 3562 2112 3631 Dominationes,

538 3658 641 3712 sive
668 3655 1022 3726 Principatus,
1055 3654 1159 3708 sive
1209 3652 1516 3731 Potestates.
1562 3651 1751 3708 Omnia
1784 3646 1885 3725 per
1924 3656 2114 3726 ipsum,

538 3750 699 3822 322
719 3748 842 3803 etin
862 3747 978 3818 ipso
1006 3753 1183 3799 creata
1201 3752 1340 3802 sunt.
1367 3754 1418 3797 et
1440 3746 1550 3814 ipse
1570 3753 1647 3797 est
1667 3753 1788 3798 ante
1814 3761 2008 3811 onmes,
2068 3754 2118 3798 et

538 3856 713 3895 omnm
732 3840 788 3893 in
810 3840 925 3908 ipso
942 3840 1191 3890 constant
1203 3834 1421 3905 (Coloss.
1446 3851 1483 3900 ι,
1503 3834 1586 3899 16,
1604 3834 1713 3906 l7).
1732 3834 1797 3890 Et
1820 3836 1977 3904 paulo
1997 3846 2120 3906 post

539 3931 614 3985 ait
645 3949 658 3983 :
687 3926 821 3993 Quia
843 3928 899 3982 in
925 3928 1044 3996 ipso
1059 3925 1369 3994 complacuit
1388 3941 1592 3979 omnem
1635 3926 2004 3995 plenitudinem
2032 3928 2115 3981 in.

541 4018 793 4083 habitare,
817 4026 866 4072 et
892 4033 984 4086 per
1010 4031 1124 4070 eum
1152 4014 1478 4069 reconciliari
1505 4015 1679 4068 omnia
1702 4015 1756 4068 in
1785 4016 1953 4085 ipsum
1985 4026 2006 4053 ε
2031 4032 2121 4085 pa-

542 4114 754 4183 ciﬁcans
774 4126 865 4176 per
892 4109 1193 4179 sanguinem
1222 4107 1387 4160 crucis
1413 4106 1544 4174 ejus,
1571 4108 1674 4160 sive
1718 4122 1833 4176 qua:
1870 4108 1924 4161 in
1970 4108 2120 4160 terris

541 4210 681 4267 sunt,
710 4202 817 4254 sive
834 4213 950 4270 quin
976 4199 1032 4252 in
1060 4196 1199 4251 caelis
1227 4205 1347 4250 sunt
1375 4194 1563 4266 (Ibid.,
1590 4196 1674 4263 l9,
1699 4195 1811 4268 20).
1853 4196 2123 4268 Nunquid-

542 4310 669 4349 nam
708 4292 890 4349 omnia
915 4305 1036 4361 qua:
1065 4289 1117 4345 in
1164 4288 1316 4345 caelis
1339 4296 1395 4343 et
1424 4289 1476 4343 in
1524 4289 1683 4344 terris
1726 4297 1853 4344 sunt
1870 4305 1968 4360 per
1996 4306 2120 4345 eum

542 4383 810 4456 paciﬁcari
862 4381 1141 4438 credemus
1169 4379 1235 4434 αἱ)
1264 4378 1435 4435 Absit.
1474 4379 1576 4446 Qui
1616 4380 1756 4435 enim
1800 4381 1878 4437 sic
1923 4382 2123 4437 sentire

542 4474 796 4541 voluerit,
828 4472 1101 4543 bicipitem
1130 4470 1380 4541 laqueum
1432 4471 1656 4540 geminae
1699 4472 1989 4541 impietatis
2036 4473 2123 4528 in-

543 4576 748 4637 curret,
774 4575 832 4623 ut
853 4572 947 4627 aut
973 4562 1244 4619 diabolum
1273 4570 1330 4618 et
1350 4563 1569 4632 angelos
1596 4562 1713 4631 ejus
1735 4579 1832 4634 per
1851 4561 2123 4619 Christum

544 4667 759 4716 creatos
781 4669 903 4712 esse
930 4660 1109 4721 neget,
1149 4659 1253 4719 ,aut
1277 4666 1373 4707 eos
1418 4652 1845 4710 reconciliandos
1870 4668 1970 4724 per
1993 4670 2123 4710 san-

545 4751 762 4821 guinem
811 4748 998 4807 crucis.
1027 4747 1146 4817 ejus
1191 4744 1442 4802 afﬁrmet.
1471 4745 1855 4802 Verumtamen
1881 4748 2126 4816 quisquis

544 4844 735 4897 harum
754 4841 1143 4897 sententiarum
1172 4839 1436 4910 pravitate
1454 4839 1693 4908 qualibet
1713 4839 2018 4905 involvitur,
2043 4854 2128 4893 ca-

544 4938 673 4987 veat
699 4945 767 4985 ne
794 4944 916 4986 cum
945 4930 1061 4999 ipso
1087 4927 1303 4984 diabolo
1332 4935 1494 4996 atque
1521 4927 1723 4997 angelis
1750 4926 1867 4996 ejus
1911 4935 2127 4982 mterna:

546 5019 937 5077 combustionis
963 5019 1242 5089 punitione
1267 5017 1569 5074 damnetur.
1612 5017 1787 5091 Unius
1813 5018 1957 5073 enim
1985 5016 2129 5086 ejus-

547 5115 782 5181 demque
805 5112 1097 5183 impietatis
1122 5120 1205 5168 est
1231 5126 1377 5177 reus,
1398 5113 1443 5167 si
1468 5111 1588 5181 quis
1613 5109 1885 5165 diabolum
1912 5117 2005 5164 aut
2020 5124 2127 5164 non

547 5218 577 5258 a
611 5200 829 5260 Gbristo
856 5210 1115 5269 creatum,
1145 5211 1239 5258 aut
1267 5199 1689 5258 reconciliationi
1716 5198 1915 5255 Christi
1941 5198 2130 5255 credat

546 5292 874 5365 quandoque
900 5291 1252 5350 reddendum.
1275 5292 1409 5347 Cum
1438 5291 1623 5361 utique
1649 5291 1693 5346 si
1722 5304 1846 5346 eum
1885 5289 2131 5347 Christus

548 5381 811 5439 Dominus
856 5398 966 5440 non
1017 5388 1272 5448 creasset,
1320 5380 1436 5451 ejus
1488 5380 1809 5438 damnabilis
1854 5394 1886 5437 ι
1914 5378 2129 5441 ChrlSto

627 5566 652 5595 ιι
683 5556 773 5613 Sic
801 5573 903 5614 ms.
930 5556 1003 5612 At
1028 5555 1178 5622 editi,
1207 5556 1457 5626 quosdam
1494 5571 1559 5610 ea:
1580 5555 1685 5610 illis
1711 5553 1962 5620 omnibus.
1996 5552 2126 5627 (lm-

557 5643 647 5683 nes
676 5629 802 5682 istos
830 5629 1023 5696 itaque.

630 5696 658 5736 δ
687 5697 744 5752 In
774 5693 931 5751 editis
957 5694 1111 5752 deest
1134 5693 1373 5758 Domine,
1394 5693 1712 5763 additurque
1760 5694 1814 5747 in
1861 5702 2127 5747 internum.

558 5765 658 5820 Ms.
691 5776 869 5820 autem
896 5763 1042 5819 addit
1066 5763 1306 5829 Domine,
1331 5775 1432 5820 nec
1455 5763 1614 5818 habet
1641 5764 1695 5818 in
1723 5771 1985 5817 wternum.

609 5833 813 5921 sua,
844 5832 897 5887 in
926 5834 1054 5903 ipso.
1092 5834 1252 5902 Editi,
1275 5836 1327 5889 in
1366 5835 1552 5905 ipsum,
1594 5832 1746 5903 juxta
1773 5831 2017 5889 Grzccum
2063 5835 2134 5907 ιζς

559 5923 733 5963 ἕντο..

2219 3387 2403 3442 nonin
2428 3393 2630 3453 attenta
2652 3385 2808 3440 honre
2830 3386 3124 3444 voluntatis
3152 3401 3263 3443 sum
3314 3386 3668 3456 dispositione
3719 3384 3802 3439 {ac

2216 3475 2465 3533 ciendum
2495 3474 2979 3545 prtedestinaverit,
3004 3492 3034 3529 a
3064 3491 3174 3545 quo
3193 3487 3248 3533 et
3276 3476 3407 3532 ﬁdes
3425 3472 3593 3546 graiis
3621 3475 3804 3531 infuno

2218 3568 2379 3632 ditur,
2404 3582 2502 3638 per
2527 3583 2688 3637 quam
2718 3568 2856 3624 bene
2885 3569 3252 3636 ambulemus;
3284 3578 3342 3624 et
3392 3570 3801 3639 perseverantia

2217 3662 2469 3728 donatur,
2500 3676 2598 3731 per
2620 3676 2781 3730 quam
2808 3661 2873 3717 ad
2894 3663 3127 3732 speciem
3174 3663 3457 3733 pervenire
3504 3663 3799 3732 possimus.

2221 3750 2346 3806 llzec
2373 3760 2552 3805 autem
2574 3750 2714 3805 dona
2741 3768 2836 3807 sua
2858 3766 3073 3823 semper
3098 3752 3239 3808 Deus
3285 3753 3339 3807 in
3386 3763 3585 3807 mterna
3633 3761 3805 3823 atque

2222 3844 2647 3900 incommutabili
2677 3845 2910 3900 habuit!
2937 3846 3215 3900 voluntate
3260 3844 3538 3916 disposita,
3590 3846 3643 3899 in
3691 3858 3801 3915 qua

2219 3934 2602 4006 pneordinavit
2626 3943 2789 4004 atque
2810 3936 3129 4006 prmparavit
3155 3943 3212 3991 et
3236 3950 3356 4006 quae
3381 3935 3553 3998 daret,
3594 3945 3651 3991 et
3678 3937 3805 4006 qui-

2220 4028 2321 4083 bus
2358 4028 2532 4082 daret.
2566 4027 2683 4097 lpse
2716 4027 2857 4082 enim
2880 4028 3037 4098 323
3066 4026 3496 4096 praedestinando
3522 4042 3806 4098 praepara-

2220 4119 2298 4173 vit
2324 4118 2510 4186 gratize
2528 4117 2749 4183 donum,
2772 4117 2863 4187 qui
2891 4118 3116 4187 gratiam
3157 4118 3409 4173 donando
3442 4118 3629 4188 implet
3672 4132 3809 4189 pra:-

2220 4208 2592 4266 destinationis
2613 4209 2880 4264 eﬁectum.

2291 4301 2577 4356 Eumaeus.
2602 4333 2675 4343 —
2699 4299 2788 4354 67.
2821 4300 3060 4367 Habetis,
3092 4299 3423 4355 dilectissimi
3451 4298 3670 4364 fratres,
3695 4307 3812 4355 tam

2222 4392 2291 4448 de
2314 4391 2683 4447 incarnatione
2712 4390 2923 4445 Domini
2956 4391 3125 4445 nostri
3162 4390 3288 4447 Jesu
3314 4389 3515 4445 Christi
3545 4404 3711 4460 quam
3738 4391 3817 4445 de

2223 4480 2394 4550 gratia
2420 4480 2608 4551 paucis
2628 4494 2938 4551 expressam
2962 4477 3094 4535 ﬁdei
3125 4488 3319 4534 nostra:
3344 4479 3816 4550 confessionisque

2224 4571 2564 4636 sententiam,
2609 4586 2715 4640 qua
2765 4569 3065 4625 certissime
3104 4571 3430 4635 continetur,
3462 4568 3821 4638 Unigenitnm

2155 4673 2200 4734 ι)
2227 4662 2395 4716 Deum
2424 4660 2491 4716 de
2517 4660 2630 4715 Deo
2654 4658 2814 4714 Patre
2840 4660 3157 4715 naturaliter
3174 4661 3291 4715 sine
3317 4660 3471 4714 initio
3501 4668 3708 4724 natum,
3742 4674 3821 4715 ex

2225 4750 2434 4819 virgine
2478 4749 2802 4804 naturaliter
2847 4748 3139 4805 secundum
3177 4764 3393 4805 carnem
3440 4750 3821 4820 progenitum.

2230 4836 2380 4895 Unus
2407 4839 2549 4894 enim
2579 4839 2829 4908 idemque
2855 4846 2940 4893 est
2962 4838 3105 4894 Deus
3148 4837 3404 4901 Verbum,
3446 4853 3607 4907 quem
3634 4839 3832 4909 prima

2228 4930 2510 4986 nativitate
2537 4938 2862 4985 comternum
2885 4929 2983 4985 sibi
3013 4929 3197 4997 genuit
3219 4930 3495 4984 aeternitas
3523 4928 3730 4993 Patris,
3774 4936 3836 4985 θ’

2229 5036 2388 5091 quem
2413 5022 2779 5090 temporaliter
2811 5030 3132 5092 conceptum
3169 5023 3400 5077 secunda
3434 5023 3733 5078 nativitate
3768 5021 3827 5074 ﬁ-

2236 5112 2364 5166 lium
2392 5112 2625 5166 hominis
2652 5113 2875 5182 protulit
2900 5121 3083 5167 uterus
3110 5113 3399 5182 virginalis.
3440 5111 3607 5182 Cujus
3641 5113 3849 5181 gratia

2233 5200 2411 5280 nobis,
2439 5208 2494 5255 et
2516 5201 2725 5255 initium
2753 5202 2907 5256 bona:
2934 5201 3223 5257 voluntatis
3262 5202 3495 5256 donatur
3535 5200 3607 5255 ad
3633 5200 3846 5265 ﬁdem,

2234 5298 2289 5346 et
2318 5290 2420 5360 ipsi
2448 5290 2711 5346 voluntati
2748 5290 3071 5359 adjutorium
3118 5290 3384 5351 tribuitur.
3416 5299 3475 5345 ut
3504 5289 3649 5361 quod
3678 5290 3854 5346 bene

2234 5380 2349 5437 vult
2368 5382 2509 5438 bene
2522 5390 2797 5452 operetur,
2812 5382 2951 5443 Deus
2977 5383 3144 5450 enim,
3165 5383 3257 5454 qui
3280 5381 3557 5437 hominem
3570 5382 3859 5436 condidit

2306 5551 2331 5590 δ
2363 5554 2453 5611 Sic
2478 5556 2670 5633 ius.”
2697 5554 2842 5633 editi,
2888 5555 3140 5633 Nunquid
3190 5560 3450 5615 diabolum
3494 5570 3547 5633 et
3598 5565 3865 5633 angelos

2236 5624 2348 5696 ejus
2361 5627 2488 5696 paci
2492 5626 2643 5693 ﬁcari
2664 5625 2927 5680 credemus
2939 5630 2965 5681 ?

2312 5704 2334 5769 ξ’
2357 5693 2480 5769 bis,
2508 5696 2620 5769 sine
2642 5698 2805 5750 crucis
2834 5695 3024 5752 Citriin
3046 5698 3169 5769 ﬁde.

2315 5763 2332 5801 ί
2356 5753 2480 5829 Ms,
2503 5753 2781 5818 voluntate.

2311 5844 2337 5880 ις
2364 5832 2523 5899 Editi,
2549 5834 2717 5891 habet.
