4066 6346
324 426 431 527 ns

1697 506 2027 565 EPISTOLA
2066 510 2227 568 XVII.

3499 540 3606 598 ωδ

311 593 428 661 ipse
475 595 956 665 prmdestinatione‘
989 618 1084 659 sua
1149 616 1204 663 et
1248 607 1447 665 donum
1495 612 1901 678 illuminationis
1942 632 1985 687 Α
2020 606 2197 691 ﬁdem,
2227 641 2346 696 quae
2375 644 2472 699 per
2500 610 2779 688 caritatem
2800 646 3079 707 operatur,
3102 647 3443 703 commendat
3469 666 3603 720 apo-

311 683 374 720 n.l
401 683 732 720 nrmlnnﬂnnn
775 699 825 720 ,ιι
856 692 1050 720 Amm...
1075 694 1481 720 ......--_.-__--.‘:_
1524 718 1535 720 _
1572 704 1582 720 .
1719 708 1745 720 ι.
1785 709 1798 720 .
2106 714 2117 720 -

306 683 374 735 ad
401 683 757 754 credendum,
775 699 829 745 et
855 692 1052 748 donum
1074 694 1488 765 perseverantiae
1517 704 1582 757 ad
1616 708 1900 774 prolicien-

303 776 432 829 dum
462 785 624 846 atque
652 785 1097 854 permanendum,
1128 797 1182 844 et
1235 790 1440 847 donum
1494 794 1898 866 gloriﬁcationis

299 870 369 925 ad
384 875 716 943 regnandum
731 881 927 950 quibus
939 884 1069 941 dare
1084 886 1268 954 voluit,
1279 893 1680 961 ρι’ωῃπεινρτῖι,
1697 893 1897 965 quique

306 970 420 1016 non
448 960 609 1020 aliter
627 968 840 1037 perlicit
858 970 913 1026 in
942 988 1108 1044 opere
1131 991 1294 1046 quam
1336 981 1390 1037 in
1438 998 1535 1038 sua
1580 987 1908 1058 sempiterna

303 1063 473 1146 atque
526 1058 955 1121 incommutabili
1010 1069 1174 1128 habet
1228 1075 1544 1146 dispositum
1601 1084 1901 1143 voluntate.

214 1198 217 1199 ν
298 1141 473 1214 Cujus
527 1150 1016 1219 pmdeslinatidnis
1069 1141 1387 1235 veritatem,
1462 1186 1567 1241 qua
1621 1189 1722 1229 nos
1777 1185 1903 1234 ante

300 1237 489 1307 mundi
557 1244 1000 1305 constitutionem
1079 1237 1495 1323 prmdestiuatos
1555 1263 1609 1318 in
1683 1264 1900 1325 Christo

287 1687 357 1750 lis
385 1696 619 1767 obsistit,
651 1714 762 1759 non
790 1687 1073 1777 abjecerit,
1099 1714 1443 1795 manifestum
1481 1727 1566 1776 est
1610 1738 1735 1779 eum
1775 1739 1886 1783 non

285 1785 566 1852 pertinere
590 1792 658 1847 ad
685 1809 876 1851 eorum
915 1816 1194 1858 numerum
1223 1785 1359 1879 quos
1384 1808 1527 1866 Deus
1564 1812 1619 1869 in
1666 1815 1883 1874 Christo

281 1882 417 1931 ante
435 1880 621 1937 mundi
648 1887 1090 1948 constitutionem
1119 1900 1284 1965 gratis
1311 1898 1475 1970 elegit
1512 1911 1568 1959 et
1602 1907 1879 1976 praedesti-

280 1968 434 2056 nat'it
460 1971 527 2039 ad
555 1984 800 2043 regnum.
825 1978 933 2038 Pro
959 1984 1153 2051 quibus
1175 1996 1356 2046 tamen
1398 1968 1500 2049 nec
1538 1968 1715 2053 oratio
1746 1999 1877 2056 lide-

280 2049 415 2114 Iium
444 2060 607 2120 debet
632 2066 916 2137 desistere,
947 2088 1047 2132 nec
1075 2080 1273 2136 caritas
1307 2083 1597 2155 aliquando
1635 2097 1872 2161 torpere,

279 2151 344 2202 ut
374 2148 519 2208 Deus
556 2152 636 2211 eis
662 2161 892 2226 gratiam
931 2180 1042 2220 sua:
1096 2148 1500 2231 illuminationis
1546 2148 1740 2245 donet;
1779 2199 1878 2255 per

276 2254 444 2309 quam
473 2244 528 2299 in
558 2245 689 2318 ipsis
711 2264 897 2309 semen
943 2255 1109 2314 divini
1151 2264 1433 2321 sermonis.
1452 2244 1755 2337 lrcctiﬁcet,
1779 2244 1874 2343 qui

276 2333 480 2403 frustra
506 2342 846 2400 exterioribus
875 2348 1087 2405 auribus
1120 2366 1293 2421 sonat,
1324 2356 1426 2413 nisi
1461 2359 1604 2415 Deus
1644 2333 1873 2433 spiritali

278 2433 510 2483 munere
540 2429 779 2488 auditum
805 2435 1036 2494 hominis
1061 2441 1333 2500 interioris
1357 2450 1585 2517 aperiat.

802 2543 1135 2607 EPISTOLA
1175 2554 1354 2612 XVIII.

270 2640 591 2752 Fulgentius
623 2650 819 2752 Ιξεςίὶηο
847 2664 1042 2748 comiti2
1066 2670 1378 2752 respondens
1402 2675 1472 2727 ad
1487 2679 1713 2752 priorem
1740 2700 1867 2752 pro-

339 2724 671 2808 ροείιαηιηςιρ
698 2724 830 2799 ’ξρδο
859 2724 1191 2808 φιωδιῖοηεὶη
1215 2754 1233 2792 :
1274 2724 1463 2798 Utrum
1487 2724 1867 2808 Sibi

338 2796 695 2875 corruptibilis
736 2796 811 2855 an
864 2796 1270 2889 incorruptibilis
1317 2796 1861 2889 fuerilsﬁosle'riori,

336 2864 963 2963 gitgmorlejprterentns
985 2864 1290 2963 satisfacere
1317 2864 1422 2963 ire):
1449 2889 1635 2958 potuit,
1658 2864 1867 2963 satiare:

432 2932 737 3034 Ferrupdus
762 2951 788 2979 ⁸
815 2946 967 3014 epist.
999 2946 1069 2998 ad
1088 2932 1420 3008 eumdem
1430 2932 1635 3027 825E;

338 2998 684 3063 Innocentite.

336 3089 526 3175 Cum
558 3110 593 3151 ι.
624 3125 696 3141 ιι·-
743 3101 1026 3174 Accipiens
1055 3107 1264 3166 litteras
1306 3121 1442 3193 tuas,
1482 3114 1556 3173 ﬁli
1586 3122 1863 3182 carissime

263 3176 494 3253 Regine,
519 3196 575 3243 ct
602 3192 1019 3252 sollicitudinem
1053 3201 1233 3257 cordis
1264 3180 1347 3259 tui,
1389 3220 1707 3279 agnomens,
1750 3216 1860 3273 Do-

260 3279 476 3335 minum
495 3283 815 3355 collaudavi,
851 3290 942 3359 qui
984 3301 1167 3362 potest
1208 3306 1514 3370 utrumque,
1562 3315 1620 3360 et
1659 3309 1857 3366 bonum

258 3370 517 3427 conferre
536 3376 965 3445 servandum,'ct
994 3399 1216 3443 servare
1245 3390 1524 3448 collatum.
1563 3395 1859 3472 Utrumque

254 3461 409 3516 enim
431 3466 667 3534 pertinet
686 3469 753 3524 ad
776 3472 1042 3530 medelam
1066 3478 1364 3537 animarum
1391 3495 1719 3555 nostrarum,
1748 3509 1857 3563 quo

251 3554 594 3617 gaudeamus
627 3560 682 3615 in
735 3562 1009 3622 beneﬁciis
1037 3582 1157 3637 quae
1202 3573 1359 3628 nobis
1393 3575 1618 3635 inﬁrmis
1661 3583 1858 3644 medici

252 3646 423 3719 325
442 3652 613 3706 nostri
635 3669 743 3709 non
764 3654 961 3712 desinit
986 3658 1269 3718 ineﬁabilis
1297 3670 1511 3735 operari
1530 3669 1853 3743 benignitas,

253 3747 315 3792 ut
343 3741 576 3810 Spiritali
607 3744 845 3815 profectu
874 3757 930 3803 et
952 3761 1214 3820 augeatur
1257 3755 1311 3810 in
1354 3758 1511 3814 nobis
1543 3764 1771 3834 sanitas,
1799 3741 1855 3822 et

249 3829 534 3885 minuatur
563 3833 864 3893 inﬁrmitas.
898 3838 1090 3897 Modus
1122 3860 1250 3898 vero
1288 3845 1616 3908 inﬁrmitatis
1652 3829 1853 3911 nostra:

246 3918 458 3992 duplici
504 3926 765 3994 qualitate
807 3932 1101 3988 consistit:
1142 3938 1189 3992 si
1229 3937 1315 3993 vel
1354 3955 1453 4010 per
1491 3943 1850 4012 ignorantiam

242 4011 435 4068 minus
464 4014 666 4084 aliquid
692 4016 746 4072 in
771 4017 878 4076 ﬁde
902 4025 1230 4094 noverimus,
1281 4028 1365 4084 vel
1418 4031 1619 4102 aliquid
1657 4036 1854 4094 habea-

242 4114 374 4157 mus
397 4102 456 4158 in
483 4106 738 4175 operibus
762 4112 983 4178 nostris,
1014 4115 1157 4183 quod
1185 4134 1293 4173 non
1321 4124 1607 4179 conveniat
1650 4130 1849 4197 regulae

240 4194 520 4251 veritatis.
570 4198 834 4264 Quoniam
878 4204 1041 4273 igitur
1068 4223 1254 4278 corpus
1299 4213 1438 4283 quod
1480 4194 1843 4290 corrumpitur,

235 4293 504 4356 aggravet
540 4289 771 4344 animam
819 4290 971 4363 (Sap.
1003 4311 1080 4363 ιι,
1126 4296 1238 4367 15),
1296 4300 1421 4357 ideo
1473 4320 1572 4360 nos
1615 4316 1846 4381 utraque

233 4376 540 4432 conturbat
567 4378 867 4440 inlirmitas.
900 4383 1006 4441 Sed
1043 4386 1133 4444 ille
1160 4393 1249 4460 qui
1279 4409 1379 4448 nos
1416 4395 1565 4465 fecit,
1614 4409 1671 4455 et
1708 4376 1843 4473 gau-

232 4466 379 4526 dere
421 4475 678 4544 praecepit
704 4475 829 4545 quia
871 4478 999 4534 vicit
1038 4484 1296 4540 mundum
1341 4487 1521 4558 (Joan.
1573 4511 1680 4560 xvn,
1709 4466 1839 4569 '35),

232 4575 531 4629 speramus
554 4564 679 4633 quia
707 4582 808 4623 nos
836 4569 891 4624 in
921 4570 1044 4641 ﬁde,
1076 4588 1196 4645 qua:
1223 4591 1322 4646 per
1342 4579 1621 4638 caritatem
1644 4564 1841 4656 opera-

230 4661 348 4721 tur,
380 4655 649 4726 perﬁciet.
1340 4698 1341 4701 η

2015 714 2205 782 stolus,
2239 718 2331 773 illo
2356 720 2559 777 scilicet
2589 734 2787 782 nostra:
2813 727 3004 786 salutis
3028 731 3274 802 obtentu,
3304 714 3602 815 quotiﬁda

2012 804 2124 885 sine
2151 808 2389 878 operibus
2417 823 2620 867 mortua
2649 826 2725 870 est
2744 820 2799 871 in
2820 823 3094 892 semetipsa
3118 824 3257 895 (Jac.
3288 804 3348 892 ιι..
3372 804 3489 903 26):

2081 898 2211 957 CAP.
2235 918 2291 958 ιι.
2324 937 2394 945 -
2424 904 2475 961 5.
2504 907 2640 963 Volo
2665 909 2865 981 itaque,
2893 915 3191 983 carissime,
3226 929 3286 975 ut
3488 943 3599 990 nou
3681 1001 3690 1011 ν
3743 980 3746 991 ,

2009 1008 2118 1048 uno
2146 995 2308 1052 modo
2329 998 2509 1056 dicere
2537 1006 2959 1075 corruptionem,
3012 1011 3106 1065 sed
3146 1013 3357 1073 duobus
3398 1021 3593 1087 modis,

2005 1085 2144 1142 sicut
2173 1086 2401 1148 dicimus
2428 1092 2818 1164 inﬁrmitatem,
2852 1108 2908 1154 et
2941 1101 3188 1159 similiter
3213 1117 3464 1168 mortem.
3488 1085 3597 1170 Dm

2004 1181 2183 1239 minus
2211 1187 2353 1241 enim
2375 1198 2606 1246 mortem
2632 1191 2808 1261 inquit
2835 1208 2955 1250 esse
2984 1201 3443 1278 perpetrationem
3482 1208 3592 1264 cri—

2003 1272 2180 1341 minis,
2217 1285 2273 1333 et
2300 1286 2531 1336 mortem
2572 1281 2625 1336 in
2656 1296 2759 1351 qua
2790 1285 3074 1343 retributio
3120 1272 3466 1350 nihilominus
3507 1297 3593 1353 in-

2001 1363 2256 1435 telligitur
2281 1369 2518 1425 ultionis.
2551 1372 2755 1428 Dicitur
2796 1377 2959 1430 etiam
2998 1378 3285 1444 inﬁrmitas
3330 1384 3589 1458 hominis,

1989 1743 2044 1790 ct
2071 1735 2290 1794 alilictio
2319 1755 2418 1810 pro
2441 1743 2694 1810 peccatis.
2725 1742 2817 1800 Sic
2838 1745 3001 1800 etiam
3048 1748 3452 1819 corruptionem
3481 1752 3583 1808 du-

1986 1829 2200 1898 pliciter
2253 1830 2502 1901 dicimus,
2544 1834 2699 1904 cujus
2753 1851 2860 1891 una
2898 1852 3027 1908 pars
3075 1837 3130 1893 in
3174 1839 3292 1896 sola
3347 1841 3582 1902 hominis

1985 1922 2167 1992 culpa,
2210 1923 2380 1979 altera
2408 1925 2681 1981 invenitur
2701 1927 2755 1982 in
2787 1943 2966 1998 ptnua.
3009 1928 3088 1984 Ad
3117 1930 3329 2001 culpam
3357 1933 3578 2004 quidem

1907 2003 1956 2064 B
1982 2013 2218 2082 pertinet
2273 2015 2363 2069 illa
2416 2016 2779 2087 corruptionis
2853 2033 2978 2089 pars
3069 2034 3230 2090 quam
3285 2003 3579 2091 Apostolus

1980 2105 2240 2171 ostendit,
2293 2106 2381 2161 ubi
2436 2107 2604 2164 diett:
2657 2107 2907 2164 Homines
2955 2113 3186 2181 corrupti
3242 2122 3432 2179 mente,
3489 2131 3576 2169 re-

1976 2195 2124 2266 probi
2168 2197 2308 2251 circa
2335 2197 2494 2268 fidem
2537 2197 2628 2270 (II
2676 2199 2811 2255 Tim.
2843 2217 2922 2269 Ill,
2948 2199 3026 2272 8).
3071 2201 3151 2257 Ad
3193 2202 3329 2258 hanc
3361 2211 3575 2274 partem

1976 2287 2338 2357 corruptionis
2365 2288 2602 2357 pertinet
2627 2290 2773 2359 quod
2801 2291 2908 2347 alio
2955 2292 3077 2348 loco
3119 2292 3271 2357 dicit.
3322 2295 3571 2351 Con-um-

1974 2390 2103 2449 punt
2122 2396 2292 2435 mares
2320 2378 2479 2436 borios
2508 2383 2764 2455 colloquia
2792 2401 2954 2454 praua
2985 2384 3037 2454 (1
3059 2383 3181 2441 Cor.
3207 2402 3293 2451 xv,
3317 2387 3430 2457 5'5).
3460 2386 3571 2445 Ista

1973 2469 2338 2538 corruptionis
2360 2486 2487 2541 pars
2514 2471 2689 2541 prium
2709 2473 2942 2530 animam
2964 2474 3127 2544 capit,
3146 2484 3203 2531 et
3223 2491 3319 2545 per
3330 2478 3567 2535 animam

1971 2573 2192 2621 carnem
2222 2560 2277 2614 in
2316 2568 2597 2629 peccatum
2648 2563 2828 2618 trahit.
2865 2561 2991 2619 Ilarc
3034 2580 3160 2634 pars
3204 2567 3569 2640 corruptionis

1971 2657 2208 2703 mentem
2233 2650 2595 2719 superbientis
2623 2652 2801 2720 angeli
2829 2653 3004 2724 primo
3034 2654 3247 2722 invasit,
3278 2672 3342 2712 ac
3369 2656 3571 2717 deinde

1969 2739 2201 2810 primum
2267 2740 2561 2808 hominem,
2612 2742 2953 2813 postmodum
3010 2752 3185 2803 totum
3237 2760 3408 2817 genus
3457 2749 3563 2805 hu-

1968 2847 2208 2890 manum.

2040 2924 2092 2980 4.
2122 2924 2356 2983 Primam
2387 2941 2517 2996 ergo
2541 2928 2902 3001 corruptionis
2921 2936 3151 3001 partem,
3175 2944 3295 3001 quzc
3314 2933 3564 2990 consistit

1966 3025 2020 3081 in
2067 3026 2501 3098 concupiscentia
2546 3027 2631 3082 vel
2668 3028 3075 3097 perpetratione
3105 3029 3333 3099 peccati,
3372 3039 3562 3088 secuta

1966 3124 2050 3170 est
2092 3116 2181 3170 illa
2230 3132 2353 3188 pars
2397 3131 2517 3187 quae
2544 3126 2756 3172 constat
2793 3117 2848 3172 in
2894 3118 3252 3176 retributione
3287 3120 3559 3191 supplicii,

1963 3219 2086 3274 qua:
2111 3204 2321 3260 duobus
2343 3215 2492 3261 tenet
2519 3207 2755 3262 animam
2783 3216 2842 3262 et
2866 3223 3063 3279 corpus
3093 3208 3327 3271 hominis
3363 3226 3560 3283 pecca-

1964 3296 2118 3351 toris.
2142 3295 2201 3350 In
2232 3296 2347 3367 ipsa
2385 3310 2603 3366 quoque
2643 3297 3001 3354 retributione
3043 3299 3289 3369 quaedam
3334 3311 3461 3359 sunt
3503 3304 3558 3359 in

1887 3381 1931 3441 C
1962 3388 2158 3456 quibus
2178 3402 2338 3459 poena
2366 3398 2573 3458 peccati
2608 3388 2768 3443 simul
2816 3388 2887 3443 sit
2923 3395 2980 3444 et
3019 3404 3196 3459 ipsum
3232 3400 3553 3459 peccatum:

1961 3477 2065 3532 alia
2095 3492 2226 3533 vero
2253 3485 2398 3546 sunt,
2447 3478 2503 3532 in
2530 3478 2726 3547 quibus
2761 3479 2935 3535 solum
2970 3480 3054 3537 sit
3099 3482 3306 3552 peccati
3352 3484 3556 3554 suppli-
3641 3558 3650 3567 ι

1959 3570 2122 3641 cium.
2151 3567 2208 3623 ln
2236 3569 2342 3624 ilﬁs
2365 3582 2496 3638 ergo
2524 3568 2578 3623 in
2606 3569 2803 3638 quibus
2825 3570 3092 3639 reperitur
3112 3586 3271 3641 poena
3318 3573 3475 3631 simul
3497 3582 3562 3628 ee

1959 3637 2137 3732 culpa,
2168 3675 2336 3730 opere
2364 3674 2473 3729 quo
2493 3637 2679 3717 reatus
2722 3661 2776 3716 in
2810 3637 3116 3733 peccatore
3155 3665 3396 3735 punitur,
3436 3665 3550 3723 Deo

1956 3752 2384 3821 derelinquente,
2411 3760 2639 3820 augetur
2662 3751 2884 3808 homine
2911 3752 3278 3823 delinquente.
3316 3753 3442 3811 Haec
3463 3768 3549 3814 est

1956 3841 2046 3897 illa
2076 3857 2201 3914 pars
2222 3840 2587 3914 corruptionis
2614 3856 2713 3913 per
2738 3856 2901 3912 quam
2947 3843 3027 3899 sic
3063 3850 3285 3914 peceata
3324 3846 3550 3915 puniun-

1957 3942 2044 3987 tur
2072 3934 2128 3988 in
2155 3934 2375 3989 homine
2395 3941 2455 3988 ut
2476 3949 2584 3989 non
2612 3932 2882 4000 desinant,
2903 3935 2999 3991 sed
3020 3944 3079 3991 ut
3101 3946 3349 3993 crescant
3371 3956 3385 3992 :
3407 3939 3548 3997 sicut

1953 4032 2039 4079 est
2083 4023 2247 4080 libido
2292 4025 2452 4095 325
2481 4025 2774 4105 cordis'et
2815 4027 3079 4098 corporis,
3135 4041 3258 4097 quae
3307 4045 3438 4085 cum
3477 4046 3546 4085 ex

1951 4134 2111 4189 pmna
2132 4127 2336 4191 peccati
2368 4121 2604 4187 eveniat,
2645 4132 2925 4190 peccatum
2963 4121 3305 4203 multiplicat,
3336 4131 3394 4180 et
3437 4125 3549 4179 ani-

1950 4228 2096 4265 mam
2125 4211 2391 4282 punitioni
2416 4211 2686 4266 subditam
2712 4212 2874 4266 noxia
2906 4211 3267 4269 delectatione
3287 4214 3541 4287 captivat.

1950 4304 2188 4361 Tertiam
2214 4320 2432 4375 quoque
2475 4306 2813 4377 punitionem
2861 4304 2984 4360 huic
3021 4306 3269 4381 secundm
3308 4307 3544 4373 retribu-

1950 4404 2057 4449 tam
2089 4394 2381 4465 Apostolus
2405 4395 2534 4450 dicit
2560 4413 2573 4448 :
2611 4394 2830 4466 Propter
2856 4394 2994 4466 quod
3019 4395 3235 4451 tradidit
3260 4396 3379 4452 illo:
3400 4397 3541 4453 Deus

1946 4485 2001 4539 in
2030 4485 2302 4555 reprobum
2343 4502 2572 4551 sensum,
2601 4494 2659 4539 ut
2700 4487 2897 4556 faciunt
2937 4500 3053 4556 quia
3085 4501 3190 4539 non
3229 4488 3541 4566 conveniunt
3593 4519 3599 4527 ~

1947 4575 2128 4647 (Rom.
2158 4593 2195 4638 ι,
2237 4577 2350 4649 ‘28).
2384 4577 2505 4632 Non
2529 4590 2660 4645 ergo
2685 4584 2745 4631 ut
2774 4577 3044 4647 patiantur
3073 4584 3299 4641 tantum,
3341 4578 3436 4636 sed
3479 4589 3540 4634 ut

1944 4669 2152 4725 faciant
2178 4670 2321 4725 unde
2342 4679 2565 4740 peccata
2589 4670 3028 4740 multiplicentur,
3059 4669 3238 4725 divina
3267 4670 3320 4725 in
3342 4686 3535 4742 repro-

296 4745 358 4799 2.
396 4744 543 4803 Dicis
565 4763 695 4819 ergo
737 4753 881 4822 quod
898 4770 1070 4825 nuper
1089 4756 1142 4811 in
1164 4755 1397 4817 Orientis
1426 4765 1669 4834 partibus
1690 4784 1831 4825 nova
1866 4756 1915 4815 D
1941 4764 2071 4819 bum
2126 4778 2343 4819 sensum
2388 4763 2739 4820 damnatione
2787 4762 3088 4818 traduntur.
3148 4762 3530 4822 Verumtamen

219 4846 312 4893 est
341 4846 473 4894 orta
501 4841 802 4913 inquisitio,
849 4846 969 4901 aliis
1009 4851 1374 4908 asserentibus
1420 4854 1831 4928 incerruptibile

214 4926 404 4984 fuisse
450 4945 648 5003 corpus
689 4934 887 4992 Christi
916 4938 985 4993 ab
1011 4939 1128 5010 ipso
1177 4945 1548 5014 conceptionis
1584 4926 1827 5019 exordio,

212 5019 351 5074 aliis
397 5028 580 5077 autem
600 5026 931 5083 contrarium
960 5028 1271 5099 fatentibus,
1309 5031 1659 5106 corruptibile
1704 5052 1830 5097 ante

207 5112 567 5179 passionem,
597 5114 1002 5190 incorruptibile
1024 5139 1163 5179 vero
1191 5134 1315 5194 post
1350 5132 1821 5189 resurrectionem.

206 5200 298 5256 Tu
334 5210 522 5258 tamen
572 5206 626 5260 in
665 5214 890 5280 utraque
918 5222 1072 5282 parte
1112 5216 1266 5271 valde
1296 5217 1567 5289 bmsitans,
1599 5238 1699 5278 nec
1738 5241 1825 5279 re-

202 5291 502 5362 spondere
545 5297 741 5366 sciens,
803 5302 970 5357 instas
1017 5312 1076 5359 ut
1124 5307 1253 5375 quid
1302 5316 1486 5364 tenere
1532 5311 1823 5370 debeamus

200 5395 628 5441 commoneam.
663 5386 786 5444 limc
810 5398 935 5445 sunt
955 5409 1075 5463 quae
1103 5394 1424 5466 interrogas.
1450 5397 1707 5469 Superius
1727 5419 1824 5458 au-

194 5478 322 5528 tem
350 5481 463 5529 tum
491 5477 865 5544 gratulationis
894 5481 1092 5539 indicio
1122 5485 1361 5541 insinuas
1399 5496 1453 5543 te
1498 5489 1634 5546 meis
1674 5491 1819 5548 litte-

192 5567 282 5619 .‘is
314 5574 657 5622 recreatum.
689 5569 953 5638 Quoniam
976 5574 1140 5643 igitur
1167 5577 1519 5649 interrogatio
1549 5588 1638 5636 tua
1684 5586 1819 5640 recti
1850 5606 1855 5611 ι

189 5658 401 5713 cordis
423 5659 698 5717 tramitem
726 5664 916 5733 tenuit,
945 5681 1054 5736 quo
1082 5670 1329 5738 primitus
1356 5672 1500 5741 quod
1530 5673 1597 5729 ad
1633 5673 1818 5746 ﬁdem,

184 5749 415 5806 deinde
458 5753 607 5822 quod
644 5754 712 5809 ad
752 5772 920 5828 opera
967 5762 1223 5833 pertinet,
1264 5765 1644 5836 apprehendit,
1693 5769 1819 5840 quia

1941 4855 2059 4910 haec
2087 4854 2328 4919 traditio,
2378 4870 2487 4910 non
2514 4854 2567 4909 in
2597 4854 2916 4924 operatione
2942 4851 3061 4921 Dei,
3098 4852 3194 4908 sed
3240 4855 3293 4909 in
3341 4855 3530 4915 deser.

1938 4947 2088 5003 tione
2116 4945 2381 5001 consistit.
2413 4945 2684 5013 Quosdam
2713 4944 2856 5001 enim
2888 4947 3051 5002 tradit
3096 4946 3258 5010 Deus,
3302 4963 3404 5004 nee
3445 4949 3530 5005 di-

1940 5040 2105 5094 mittit
2141 5056 2153 5093 :
2186 5036 2452 5108 quosdam
2500 5052 2631 5094 vero
2681 5038 2735 5093 in
2780 5055 2846 5095 eo
2874 5040 3020 5109 quod
3071 5040 3233 5097 tradit
3277 5040 3524 5099 dimittit.

1937 5127 2121 5193 Bonos
2145 5129 2223 5183 s'ic
2251 5127 2417 5183 tradit
2437 5137 2661 5199 paterna
2690 5129 3041 5198 benignitate,
3072 5140 3133 5187 ut
3173 5149 3281 5188 non
3308 5134 3527 5191 deserat

1935 5226 2162 5289 paterno
2180 5217 2475 5286 juvamine.
2517 5218 2596 5273 Ac
2624 5234 2718 5288 per
2740 5218 2844 5275 hoc
2867 5220 3027 5275 tradit
3051 5236 3148 5277 eos
3173 5221 3239 5276 ad
3268 5222 3524 5293 patienda

1927 5311 2069 5365 mala
2096 5310 2291 5380 quibus
2307 5310 2407 5380 ipsi
2437 5309 2802 5380 perﬁciantur,
2833 5328 2939 5368 non
2968 5313 3034 5368 ad
3057 5314 3299 5370 facienda
3327 5318 3524 5386 quibus

1925 5401 2225 5457 deteriores
2266 5403 2518 5457 existant.
2552 5402 2722 5461 Malos
2764 5412 2946 5460 autem
2978 5406 3045 5461 ad
3087 5408 3192 5463 hoc
3223 5409 3385 5463 tradit
3415 5408 3522 5465 Do-

1924 5494 2123 5561 minus,
2154 5502 2210 5548 et
2241 5493 2479 5558 dimittit,
2510 5503 2589 5563 ut,
2628 5495 2745 5566 ipso
2768 5496 3072 5567 deserente,
3110 5498 3237 5554 dum
3279 5515 3387 5555 non
3420 5500 3519 5557 Dei

1923 5583 2279 5647 voluntatem,
2336 5584 2432 5640 sed
2480 5600 2632 5641 suam
2674 5595 2993 5657 sequuntur,
3031 5604 3127 5644 sua
3184 5590 3519 5655 turpitudine

1923 5677 2283 5747 delectentur,
2308 5693 2408 5734 nec
2429 5694 2644 5751 poenam
2667 5694 2819 5735 suam
2842 5687 3060 5751 portent
3101 5679 3273 5748 inviti,
3305 5681 3396 5738 sed
3427 5700 3517 5738 sc-

1923 5778 2158 5838 quantur
2179 5769 2364 5826 illecti.

274 5972 307 5998 ι
351 5959 419 6015 ν.
446 5962 586 6019 inter
613 5979 779 6035 opera
801 5966 1048 6037 Fulgent.
1073 5967 1374 6027 Ferrandia
1392 5971 1641 6031 Chiﬂctio
1666 5972 1809 6033 edita
1840 5989 1966 6034 ana.
1997 5973 2153 6033 ιϐιδ.
