4066 6346
478 425 581 484 ἆ95

1496 420 1555 478 S.
1596 413 1957 475 FULGENTII
2002 408 2305 469 EPISCOPI
2346 409 2717 469 RUSPENSIS

3624 406 3733 463 49¢.

547 531 680 590 CAP.
705 545 783 588 tu.
803 565 875 576 —
900 529 953 586 5.
981 531 1103 588 Haec
1138 541 1220 587 est
1269 532 1572 603 iniquorum
1610 530 1902 600 corruptio,
1932 541 2051 596 quae
2081 530 2124 587 Α
2156 532 2237 576 tur
2264 522 2438 594 (Rom.
2473 538 2545 591 vr,
2569 516 2647 594 9).
2679 521 2919 578 Christus
2946 535 3074 591 ergo
3104 536 3211 578 non
3260 521 3392 577 vidit
3428 523 3732 592 corruptio-

476 623 555 675 sic
576 629 660 678 est
686 637 841 692 poena
889 622 1114 693 peccati,
1145 631 1203 676 ut
1242 623 1313 677 sit
1356 631 1411 678 et
1441 623 1551 693 ipsa
1593 628 1890 692 peccatum.
1939 619 2051 672 Al‘a

477 714 839 783 ’corruptionis
864 728 987 782 pars
1033 720 1114 767 est
1137 728 1254 782 qua:
1285 731 1383 770 nec
1436 716 1666 768 animant
1714 729 1812 767 nec
1858 726 2053 781 corpus

483 800 656 857 ﬁdelis
685 802 917 856 hominis
940 802 1151 871 polluit,
1183 804 1276 859 sed
1299 804 1523 877 aﬁligit:
1555 805 1678 876 quia
1710 820 1810 858 nec
1857 802 1923 857 ad
1968 804 2052 855 in-

382 929 389 936 .
480 890 807 959 quinandtnu
856 890 1147 955 hominem,
1197 891 1288 948 sed
1335 893 1403 952 ad
1436 892 1818 947 humiliandum
1862 891 2053 944 militat

479 986 842 1047 peccatorcm.
868 975 1172 1050 Hacitaque
1187 981 1510 1037 discretione
1531 989 1762 1045 retenta,
1785 980 1909 1034 dum
1931 995 2053 1034 coro

479 1069 782 1138 ruptioucm
811 1070 1167 1128 voluntariam
1189 1088 1219 1126 a
1246 1075 1591 1144 corruptione
1620 1072 1814 1142 poenali
1847 1072 2050 1125 discer-

477 1157 678 1223 nimus,
704 1158 972 1230 ipsiusque
994 1162 1218 1231 poenalis
1259 1164 1617 1233 corruptionis
1647 1178 1807 1217 unam
1843 1169 2050 1231 partem

479 1262 602 1301 cum
632 1260 878 1316 peccato,
908 1251 1132 1305 alteram
1161 1253 1277 1308 sine
1304 1261 1524 1323 peccato
1549 1253 1722 1307 inesse
1750 1251 2052 1306 hominibus

478 1337 771 1403 invenitur,
799 1340 923 1395 talis
960 1353 1138 1397 autem
1187 1345 1463 1413 corruptio
1494 1344 1670 1399 cordis
1719 1343 1853 1398 nihil
1909 1343 2051 1397 aliud

478 1435 585 1494 est,
610 1428 710 1483 nisi
735 1429 963 1500 privatio
993 1433 1259 1502 sanitatis,
1289 1435 1411 1504 quia
1457 1435 1596 1490 nulla
1626 1450 1690 1489 ex
1720 1437 1821 1491 hac
1860 1450 2051 1490 corru-

475 1518 666 1586 ptione
708 1521 1045 1577 contrahitur
1071 1524 1343 1593 iniquitas,
1381 1526 1503 1581 licet
1551 1527 1676 1582 insit
1723 1527 2045 1581 inﬁrmitas:

478 1607 734 1664 facillime
754 1611 1057 1669 invenimus
1083 1629 1243 1684 quam
1266 1625 1474 1686 partem
1502 1620 1860 1688 corruptionis
1875 1608 2059 1673 suscc-‘

476 1696 827 1766 pit-Christus
868 1700 922 1754 in
966 1717 1213 1773 corpore.
1260 1705 1392 1760 Nam
1416 1708 1659 1777 quamvis
1686 1722 1901 1762 carnem
1951 1724 2050 1779 pro

475 1784 635 1839 nobis
655 1791 974 1859 susceperit,
1005 1799 1184 1847 tamen
1216 1796 1423 1866 accepit
1466 1796 1754 1851 immunem
1801 1798 1869 1853 ab
1902 1799 2050 1853 omni

2157 628 2303 679 nem,
2334 614 2458 682 quia
2495 613 2696 667 nullam
2725 614 2895 669 sensit
2922 628 3048 669 caro
3076 614 3192 683 ejus
3214 612 3570 684 putredinem.
3616 610 3733 667 Hoc

2153 712 2334 758 autem
2360 719 2466 760 non
2498 703 2737 774 ejusdem
2762 706 2940 759 carnis
2987 703 3482 774 incorruptibilitas,
3520 700 3614 757 sed
3643 716 3731 757 re-

2153 793 2502 848 surrectionis
2548 793 2797 849 celeritas
2833 792 2980 848 fecit.
3028 792 3122 847 liis
3150 791 3398 849 omnibus
3440 792 3493 857 in
3539 790 3730 861 quibus
3754 783 3761 795 ³

2154 890 2353 936 nostrae
2398 882 2768 937 seminationis
2813 897 2878 937 ac
2931 883 3338 938 resurrectionis
3379 881 3727 937 certissimam

2152 974 2470 1042 qualitatem
2517 973 2695 1029 verbis
2766 975 3075 1045 apostolicis
3127 982 3348 1029 sanctus
3407 971 3733 1042 Augustinus

2153 1063 2405 1130 ostendit,
2436 1063 2619 1119 dicens
2646 1082 2658 1117 :
2686 1063 2897 1119 Constat
2924 1067 3119 1138 itaque,
3143 1074 3315 1135 neque
3327 1062 3433 1117 ullo
3460 1069 3612 1116 modo
3635 1060 3734 1115 du-

2153 1153 2418 1208 bitandum
2446 1162 2541 1217 est,
2565 1172 2751 1225 corpus
2778 1155 2989 1221 Christi,
3022 1142 3157 1227 quod
3192 1155 3311 1209 licet
3352 1156 3732 1224 corruptionem
3792 1227 3800 1234 ί

2152 1242 2441 1312 putredinis
2462 1244 2519 1297 in
2547 1245 2781 1312 sepulcro
2808 1262 2911 1300 non
2941 1246 3179 1313 senserit,
3207 1246 3325 1316 quia
3353 1245 3600 1316 scriptum
3630 1249 3730 1307 est.

2159 1351 2180 1385 ι
2214 1333 2329 1388 Νοιι
2383 1332 2536 1390 dabis
2589 1345 2831 1391 sanctum
2881 1345 3031 1391 tuum
3098 1336 3281 1391 videre
3331 1336 3729 1404 corruptionem

2156 1424 2328 1496 (l‘sal.
2358 1441 2446 1491 xv,
2479 1426 2588 1496 10),
2624 1445 2642 1478 ι
2680 1428 2837 1481 clavis
2865 1435 3034 1481 tamen
3063 1437 3112 1480 et
3152 1426 3333 1481 lancea
3360 1426 3617 1496 corrumpi
3642 1440 3734 1496 po-

2152 1519 2268 1581 tuit,
2295 1534 2430 1571 nunc
2458 1519 2667 1573 omnino
2690 1519 2746 1572 in
2790 1520 3172 1589 incorruptione
3198 1518 3498 1588 persistere;
3518 1527 3569 1570 et
3589 1517 3731 1590 quod

2148 1608 2203 1660 in
2228 1608 2535 1661 contumelia
2555 1609 2814 1677 passionis
2843 1610 3120 1680 mortisque
3143 1610 3447 1662 seminatum
3473 1616 3567 1672 est,
3591 1623 3729 1663 nunc

2150 1713 2261 1751 esse
2270 1698 2333 1751 ‘in
2355 1699 2521 1769 gloria
2538 1700 2655 1753 uiue
2674 1709 2909 1764 ceterum;
2931 1710 2980 1753 et
2996 1700 3134 1771 quod
3155 1716 3220 1754 ea:
3242 1699 3545 1769 inﬁrmitate
3562 1699 3730 1767 potuit

2150 1789 2403 1860 cruciﬁgi,
2431 1805 2566 1843 nunc
2588 1792 2642 1843 in
2674 1794 2856 1845 uirtute
2889 1806 3134 1862 regnare;
3166 1800 3217 1845 et
3242 1790 3378 1862 quod
3403 1798 3516 1843 erat
3540 1803 3727 1861 corpus

477 1884 701 1944 peccato
726 1878 973 1948 originali
1024 1890 1081 1938 et
1125 1886 1339 1939 actuali.
1372 1886 1544 1957 Ipsam
1583 1895 1766 1943 tamen
1811 1904 2047 1955 carnem,

2155 1880 2398 1943 animale,
2426 1881 2666 1949 quoniam
2696 1896 2762 1933 ea:
2790 1880 2955 1933 Adam
2992 1890 3246 1951 sumptum
3272 1891 3368 1946 est,
3398 1898 3535 1936 nunc
3570 1885 3727 1955 spiri-

478 1977 586 2018 non
610 1965 782 2021 solum
807 1967 1090 2038 inﬁrmata,
1117 1973 1210 2029 sed
1232 1975 1393 2029 etiam
1424 1977 1691 2033 veraciter
1708 1979 2051 2048 cognoscitur

476 2057 749 2129 accepisse
775 2063 1080 2120 mortalem.
1112 2064 1305 2122 Procul
1326 2067 1489 2125 dubio
1530 2069 1581 2123 in
1618 2080 1878 2139 quantum
1924 2086 2048 2127 cor-

477 2150 598 2217 pori
627 2150 743 2220 ejus
779 2153 953 2209 iuerat
987 2166 1234 2227 suscepta
1272 2148 1590 2224 mortalitas,
1642 2163 1695 2216 in
1745 2169 1948 2217 tantum
1998 2165 2047 2217 ci

477 2238 652 2305 potuit
679 2240 855 2297 inesse
880 2246 1253 2315 corruptionis
1296 2249 1595 2305 inﬁrmitas.
1650 2252 1800 2308 lllius
1846 2253 2048 2308 scilicet

475 2329 837 2398 corruptionis
858 2347 978 2403 qua:
1006 2335 1158 2391 abest
1184 2338 1253 2392 ab
1281 2340 1426 2395 omni
1452 2349 1692 2410 peccato.

545 2418 710 2475 ἀλλὰ
739 2423 900 2477 talem
922 2428 1324 2497 corruptionem
1356 2432 1588 2501 pertinet
1622 2432 1792 2488 fames
1827 2444 1883 2489 et
1908 2434 2044 2491 sitis.

472 2504 654 2564 Facile
682 2510 943 2582 siquidem
964 2517 1257 2574 esuriendo
1276 2529 1331 2574 et
1350 2521 1579 2578 sitiendo
1601 2538 1797 2593 corpus
1823 2527 2051 2581 mortale

474 2596 851 2671 corrumpitur,
879 2604 1094 2671 quando
1115 2621 1209 2675 per
1232 2608 1346 2664 haec
1368 2611 1541 2665 etiam
1572 2610 1638 2666 ad
1669 2612 1834 2681 ipsius
1862 2614 2050 2668 mortis

474 2684 676 2741 exitum
717 2692 1047 2758 pervenitur.
1105 2696 1205 2750 l‘er
1248 2711 1408 2766 quam
1458 2707 1684 2754 mortem
1727 2702 1940 2756 venitur
1982 2703 2048 2756 ad

474 2779 895 2849 corruptionem,
925 2783 1072 2851 dum,
1098 2786 1380 2845 deserente
1406 2791 1605 2855 anima,
1621 2792 1673 2845 in
1701 2801 1905 2848 tantum
1926 2810 2046 2849 cor-

474 2881 577 2935 pus
597 2872 976 2943 corrumpitur,
1003 2884 1063 2930 ut
1100 2878 1155 2932 in
1199 2880 1537 2949 putredinem
1568 2897 1632 2936 ac
1658 2883 1931 2952 pulverem
1957 2900 2048 2939 re-

476 2956 708 3025 digatur.
731 2957 883 3018 Hanc
910 2968 1309 3036 corruptionem
1350 2985 1478 3025 caro
1511 2969 1707 3026 Christi
1743 2988 1848 3027 non
1896 2975 2047 3041 vidit,

477 3062 597 3116 qua:
616 3048 705 3104 die
735 3052 890 3106 tertia
921 3048 1234 3113 resurrexit.
1260 3058 1478 3114 Famem
1503 3069 1700 3127 tamen,
1732 3063 1895 3129 sitim,
1928 3063 2050 3118 fati-

475 3138 747 3205 gationem
773 3148 1016 3215 corporis
1039 3163 1104 3203 ac
1129 3149 1372 3205 dolorem
1401 3152 1665 3208 veraciter
1686 3155 1851 3210 sensit
1884 3174 1897 3208 :
1929 3171 2048 3225 quae

2151 1969 2253 2022 tale
2304 1985 2435 2032 esse,
2489 1972 2731 2041 quoniam
2769 1970 2975 2040 spiritui
3015 1987 3151 2025 nunc
3188 1971 3602 2043 inseparabiliter
3632 1991 3725 2029 eo-

2150 2060 2383 2129 pulatum
2433 2068 2508 2113 est
2574 2060 2782 2131 (Epist.
2832 2061 2903 2113 ad
2957 2059 3327 2128 Consentium,
3384 2062 3516 2117 alias
3581 2062 3723 2130 M6,

2150 2163 2285 2201 nunc
2305 2147 2453 2219 205).

2221 2238 2274 2293 8.
2311 2238 2405 2294 His
2443 2240 2621 2295 verbis
2675 2240 3002 2310 Augustinus
3040 2241 3279 2297 ostendit
3324 2243 3483 2312 quale
3527 2259 3729 2314 corpus

2149 2328 2345 2405 Christi
2374 2339 2497 2400 post
2519 2332 2967 2386 resurrectionem
2995 2332 3083 2396 sit,
3116 2341 3171 2386 et
3191 2333 3349 2403 quale
3376 2342 3498 2389 ante
3517 2336 3728 2405 passio-

2151 2435 2271 2474 nem
2303 2412 2480 2475 fuerit.
2513 2418 2806 2476 Evidenter
2832 2421 3115 2476 conﬁrmat
3148 2438 3344 2492 corpus
3371 2423 3569 2478 Christi
3605 2439 3729 2479 om-

2151 2511 2275 2565 nino
2305 2528 2447 2567 nunc
2496 2515 2548 2567 in
2592 2513 2993 2583 incorruptione
3034 2515 3341 2581 persistere,
3375 2530 3517 2570 nunc
3561 2516 3724 2569 etiam

2148 2604 2201 2656 in
2226 2603 2395 2671 gloria
2423 2604 2545 2657 vita:
2567 2611 2801 2669 ceterum,
2835 2619 2977 2659 nunc
2999 2606 3051 2659 in
3085 2606 3282 2661 virtute
3309 2591 3567 2677 regnare,
3586 2622 3729 2663 nine

2149 2694 2389 2764 spiritale
2409 2709 2552 2749 esse.
2583 2694 2690 2749 Sed
2710 2710 2907 2764 corpus
2943 2712 3047 2750 non
3095 2706 3178 2751 est
3221 2699 3438 2752 omnino
3485 2700 3728 2752 incorru-

2150 2782 2356 2852 ptibile,
2396 2781 2553 2851 quod.
2590 2783 2835 2838 dolorem
2881 2793 3060 2854 potest
3102 2801 3200 2854 per
3238 2787 3456 2842 vulnera
3505 2786 3717 2842 sentire.

2153 2873 2417 2940 Quocirca
2470 2884 2696 2945 apparet
2734 2874 3003 2931 Christum
3057 2887 3180 2932 ante
3227 2879 3570 2947 passionem,
3616 2879 3725 2933 imo

2150 2980 2320 3033 usque
2344 2965 2410 3019 ad
2440 2967 2741 3036 passionem
2781 2976 2836 3021 et
2882 2976 3130 3032 mortem,
3164 2969 3389 3022 mortale
3417 2978 3578 3037 atque
3605 2969 3723 3021 ani—

2150 3057 2288 3110 male
2325 3072 2520 3127 corpus
2549 3057 2834 3123 habuisse;
2864 3066 2920 3112 et
2943 3073 3042 3129 pro
3071 3059 3227 3113 uohis
3277 3059 3327 3111 in
3374 3058 3562 3113 eodem
3602 3074 3724 3115 cor-

2150 3161 2281 3215 pore
2330 3160 2511 3200 veram
2556 3144 2769 3211 famem,
2822 3161 3002 3201 veram
3051 3147 3193 3201 sitim
3243 3148 3753 3218 fatigationemque'

477 3233 656 3287 omnia
682 3236 951 3305 pertinent
970 3238 1038 3293 ad
1062 3239 1204 3295 illam
1236 3251 1439 3313 partem
1485 3245 1711 3312 pmnalis
1750 3249 2048 3319 corruptio-

2154 3237 2402 3311 sensisse,
2449 3252 2574 3291 vera
2614 3237 2886 3292 clavorum
2918 3252 2982 3291 ac
3010 3238 3206 3293 lancea:
3253 3239 3558 3310 percepisse
3609 3239 3729 3295 vul-

478 3323 565 3378 nis
582 3338 759 3394 'quam
804 3329 882 3384 sic
917 3345 985 3385 ex
1025 3333 1231 3403 peccati
1260 3350 1415 3406 paena
1462 3338 1725 3408 supplicio
1769 3340 2047 3405 trahimus,

374 3490 384 3499 .
478 3421 537 3465 ut
577 3428 643 3468 ex
679 3429 742 3469 ea
775 3418 980 3473 nullum
1020 3424 1224 3491 peccati
1280 3425 1596 3496 supplicium
1648 3430 2046 3486 contrahamus.

476 3500 723 3560 Esurisse
769 3504 1061 3577 Christum,
1098 3513 1275 3571 sitisse
1296 3514 1773 3587 fatigationemque
1818 3521 2050 3578 sensisse

475 3589 824 3665 Evangelium
860 3598 1021 3655 docet
1043 3600 1233 3681 (Marc.
1288 3619 1362 3669 xt,
1391 3604 1499 3673 15),
1531 3621 1689 3674 quem
1712 3594 2053 3665 manifestum

477 3692 561 3739 est
586 3686 841 3756 esurisse,
869 3692 1085 3759 quando
1133 3692 1200 3747 ad
1236 3693 1513 3750 ﬁculneam
1543 3698 1709 3765 venit,
1756 3714 1857 3754 nec
1903 3699 1958 3754 iu
1987 3714 2051 3754 ea

478 3773 708 3832 fructum
732 3778 953 3836 invenit.
982 3780 1256 3852 Fatigatus
1274 3785 1442 3840 etiam
1464 3803 1531 3843 ex
1561 3789 1757 3844 itinere
1784 3791 1924 3846 sedit
1960 3808 2054 3846 su-

478 3880 577 3936 per
621 3877 843 3938 puteum
898 3872 1075 3938 (Joan.
1128 3890 1201 3939 tv,
1249 3874 1326 3946 6).
1378 3875 1437 3932 ιιι
1483 3894 1643 3935 cruce
1684 3881 1848 3936 etiam
1895 3883 2052 3952 dixit,

479 3954 617 4013 Sitio
645 3956 823 4027 (Joan.
856 3977 967 4029 six,
999 3963 1113 4034 28).
1147 3964 1396 4022 Dolorem
1420 3968 1584 4023 etiam
1613 3972 1882 4038 sustinuit,
1916 3973 2057 4030 sicut

478 4044 609 4101 dicit
620 4043 803 4103 Esaias
822 4068 834 4102 :
866 4050 1177 4108 Vulneratus
1191 4064 1269 4111 est
1288 4044 1495 4128 propter
1512 4059 1809 4131 iniquitates
1822 4072 2054 4128 nostras;

477 4134 771 4204 inﬁrmatus
817 4147 891 4192 est
931 4136 1139 4211 propter
1173 4144 1367 4200 scelera
1405 4156 1583 4203 nostra
1627 4150 1765 4219 (Isa.
1811 4169 1922 4218 Llll,
1973 4154 2053 4225 5).

474 4222 630 4281 Hanc
657 4226 1018 4285 inﬁrmitatem
1047 4233 1100 4288 iu
1121 4232 1349 4292 Domino
1371 4253 1476 4294 non
1498 4243 1814 4312 putativam,
1843 4246 1937 4301 sed
1959 4222 2054 4301 γε-

478 4335 596 4375 ram
624 4321 782 4377 docet
805 4314 1094 4393 Apostolus
1117 4345 1131 4381 :
1156 4326 1299 4383 Nam
1317 4332 1412 4385 etsi
1433 4334 1710 4404 cruciﬁxus
1731 4345 1829 4404 est,
1860 4336 2052 4405 inquit,

476 4430 543 4467 ea:
569 4415 893 4485 inﬁmitate,
922 4417 1014 4471 sed
1046 4419 1165 4483 vivit
1190 4435 1255 4474 ea;
1291 4410 1479 4477 virtute
1498 4424 1659 4495 326
1684 4424 1784 4481 Dei
1812 4425 1901 4497 (II
1930 4427 2049 4483 Cor.

394 4557 405 4574 ,
479 4521 592 4570 sui,
621 4505 699 4576 4).
731 4506 1098 4565 Inﬁrmitatem
1126 4526 1233 4566 non
1261 4512 1403 4568 aliud
1423 4513 1574 4584 dicit,
1594 4531 1753 4586 quam
1784 4520 2053 4589 corrupti-

470 4593 762 4649 ltilitatem.

548 4684 679 4740 Car.
711 4700 784 4740 tv.
813 4720 884 4730 —
906 4686 960 4743 7.
986 4687 1176 4745 Restat
1198 4690 1379 4762 itaque
1402 4700 1461 4747 ut
1488 4702 1541 4747 et
1569 4693 1839 4749 Christum
1888 4695 2054 4753 fuisse

474 4777 529 4832 in
560 4777 753 4847 aliqua
777 4779 1124 4849 corruptione
1169 4780 1237 4835 ad
1283 4796 1444 4851 quam
1486 4798 1595 4838 non
1623 4784 1802 4849 rediit,
1850 4793 1905 4840 et
1945 4803 2054 4842 non

476 4862 640 4921 fuisse
661 4865 715 4920 in
745 4880 811 4921 ea
836 4880 995 4935 quam
1022 4882 1132 4922 non
1160 4867 1312 4931 vidit,
1360 4883 1458 4938 per
1484 4884 1690 4925 sacram
1723 4869 2053 4942 Scripturam

476 4953 768 5010 discamus.
813 4954 895 5011 Ad
938 4958 1339 5027 corruptionem
1366 4961 1599 5030 pertinet
1644 4964 1889 5031 corporis
1937 4964 2054 5018 ani-

478 5043 654 5111 malis,
685 5051 743 5099 et
767 5060 915 5101 mors
940 5060 1058 5116 qua:
1087 5049 1340 5118 prazcedit
1361 5052 1717 5119 putrediuem,
1744 5061 1798 5106 et
1823 5056 2051 5123 putredo

477 5146 596 5199 qua:
616 5132 858 5202 sequitur
889 5142 1139 5191 mortem.
1175 5134 1409 5191 Proinde
1434 5136 1631 5192 Christi
1665 5153 1878 5209 corpus,
1910 5143 2054 5211 quod

477 5227 563 5273 est
588 5234 715 5275 vere
742 5230 1029 5289 mortuum,
1056 5231 1113 5279 et
1135 5222 1221 5279 die
1249 5225 1406 5280 tertio
1426 5224 1541 5280 sine
1569 5225 1745 5296 aliqua
1774 5229 2055 5297 putredine

472 5306 814 5383 suscitatum,
847 5329 1008 5369 unam
1038 5322 1245 5385 partem
1268 5315 1629 5385 corruptionis
1644 5317 1859 5383 vidisse,
1892 5317 2054 5373 aliam

479 5417 589 5458 non
611 5403 806 5459 vidisse
827 5404 1108 5460 dicendum
1136 5411 1238 5459 est.
1261 5403 1382 5460 Fuit
1401 5406 1599 5478 quippe
1625 5409 1679 5464 in
1708 5412 2055 5480 corruptione

477 5493 788 5558 mortis,sed
832 5510 936 5550 non
991 5493 1044 5549 in
1088 5497 1431 5566 corruptione
1467 5499 1761 5569 putredinis
1792 5518 1805 5554 :
1835 5501 2049 5570 quando

478 5597 607 5638 caro
633 5580 830 5639 Christi
859 5585 937 5639 sic
957 5592 1040 5639 est
1060 5592 1294 5654 mortua,
1321 5594 1379 5640 ut
1400 5588 1542 5642 nulla
1571 5588 1759 5645 fuisset
1779 5593 2049 5649 membro-

479 5688 597 5727 rum
622 5672 870 5742 putredo,
898 5673 983 5728 vel
1006 5673 1283 5731 dissolutio
1310 5677 1615 5734 subsecuta.
1641 5677 1885 5735 Christus
1922 5694 2052 5751 ergo

482 5777 587 5814 non
612 5769 915 5817 revertetur
941 5761 994 5817 in
1016 5765 1436 5836 corruptionem,
1469 5768 1593 5836 quia
1614 5768 1830 5841 surgens
1852 5786 1884 5823 a
1914 5758 2059 5825 mor?

484 5854 609 5915 tuis,
633 5854 852 5910 iamnon
882 5856 1113 5924 moritur,
1136 5865 1185 5913 et
1207 5873 1347 5915 mors
1374 5859 1452 5915 illi
1480 5860 1616 5915 ultra
1643 5876 1744 5918 non
1767 5860 2056 5919 damnabi-

2154 3342 2316 3391 nera;
2360 3334 2416 3381 et
2469 3316 2535 3381 ex
2583 3327 2687 3381 hoc
2714 3341 2898 3381 verum
2941 3328 3182 3383 dolorem
3225 3344 3333 3383 non
3382 3331 3731 3396 necessitate,

2152 3415 2246 3470 sed
2274 3416 2553 3471 voluntate
2577 3417 2829 3482 sensisse,
2862 3432 3107 3487 vertequc
3136 3420 3324 3473 mortis
3359 3422 3736 3490 acceptations

2152 3521 2252 3578 pro
2275 3507 2431 3561 nobis
2457 3507 2688 3561 animam
2712 3523 2862 3562 suam
2894 3509 3106 3578 propria
3151 3517 3419 3579 potestate
3460 3513 3731 3583 posuisse.

2152 3596 2501 3667 Consequens
2551 3607 2634 3652 est
2694 3605 2753 3652 ut
2804 3598 2944 3652 idem
2994 3598 3239 3655 Christus
3283 3615 3350 3655 ex
3415 3601 3732 3659 inﬁrmitate

2157 3697 2416 3753 mortuus,
2451 3703 2517 3742 ex
2539 3688 2736 3743 Virtute
2759 3696 2939 3743 autem
2969 3688 3063 3743 Dei
3085 3690 3390 3757 suscitatus,
3425 3693 3621 3746 nostris
3650 3693 3738 3747 in-

2155 3778 2401 3833 veniatur
2427 3778 2729 3848 exemplum
2752 3778 3043 3848 praebuisse
3062 3781 3395 3849 corporibus.
3424 3781 3741 3838 llumiliavit

2156 3868 2297 3922 enim
2328 3882 2385 3921 se
2414 3866 2654 3923 Christus
2676 3882 2845 3937 usque
2872 3866 2941 3922 ad
2964 3870 3359 3939 susceptionem
3387 3871 3553 3926 totius
3582 3871 3742 3926 inﬁr-

2155 3958 2357 4012 mitatis
2386 3965 2616 4012 nostra):
2650 3969 2727 4024 ut,
2758 3959 2896 4014 sicut
2933 3961 3010 4014 ait
3046 3960 3358 4030 Apostolus,
3407 3961 3743 4024 reformetur

2157 4064 2338 4119 corpus
2361 4047 2663 4102 humilitatis
2689 4059 2880 4104 nostra
2917 4050 3292 4123 conﬁguralum
3335 4059 3536 4127 corpori
3574 4059 3746 4114 σιω-ε-

2157 4141 2276 4195 tatis
2307 4155 2414 4195 ante
2441 4138 2660 4212 (Philip.
2686 4156 2763 4207 ιιι,
2795 4140 2908 4217 21).

2174 4232 2177 4233 ⁷
2227 4231 2277 4285 9.
2313 4233 2446 4289 Hinc
2475 4246 2603 4304 ergo
2631 4236 3064 4293 manifestissime
3096 4248 3319 4309 apparet
3344 4240 3471 4312 quid
3498 4241 3567 4297 de
3607 4242 3739 4295 ani—

2157 4324 2310 4377 malis
2338 4340 2403 4379 ac
2447 4327 2689 4382 mortalis
2733 4328 2976 4399 corporis
3010 4331 3268 4400 qualitate
3313 4332 3508 4388 debeat
3553 4334 3752 4389 omnis

2155 4414 2488 4472 Christianus
2518 4417 2665 4473 ﬁrma
2695 4421 3012 4476 credulitate
3041 4423 3276 4478 sentire:
3312 4424 3647 4494 impossibile
3676 4436 3754 4480 ut

2156 4504 2576 4578 corruptibilitas
2624 4528 2743 4567 esse
2780 4524 3024 4583 negetur,
3066 4515 3155 4570 ubi
3202 4515 3446 4571 animalis
3486 4519 3757 4587 corporis

2082 4609 2135 4670 ι)
2161 4600 2456 4656 mortalitas
2486 4601 2773 4657 invenitur.
2791 4602 3033 4658 Christus
3053 4620 3181 4674 ergo
3211 4606 3263 4661 in
3286 4606 3398 4689 sola
3428 4621 3592 4663 carne
3614 4624 3769 4677 por-

2157 4693 2291 4747 tavit
2315 4701 2553 4747 nostram
2575 4695 2996 4763 corruptionem,
3014 4695 3065 4749 in
3087 4711 3190 4765 qua
3213 4696 3473 4751 veraciter
3488 4705 3761 4753 nostram

2154 4784 2383 4852 portavit
2399 4792 2452 4837 et
2464 4792 2711 4837 mortem.
2735 4782 2790 4837 In
2802 4786 2976 4839 anima
2993 4801 3119 4841 vero
3134 4787 3209 4841 sic
3229 4786 3518 4855 perfectam
3548 4788 3765 4845 incor-

2154 4871 2558 4942 ruptibilitatem
2581 4874 2835 4941 servavit,
2855 4877 2991 4930 sicut
3023 4884 3301 4945 peccatum
3328 4893 3426 4932 nec
3438 4881 3768 4949 propagine

2153 4952 2310 5034 327
2324 4964 2507 5032 traxit,
2526 4980 2623 5019 nec
2633 4967 2949 5036 cbutagione
2965 4968 3245 5023 contraxit.
3263 4966 3414 5024 Unde
3429 4979 3481 5025 et
3507 4970 3728 5027 inﬁrmi
3739 5005 3771 5016 -

2155 5064 2292 5108 tates
2305 5055 2598 5109 animarum
2622 5066 2922 5112 nostrarum
2943 5074 3076 5128 quas
3100 5060 3151 5113 in
3176 5076 3268 5115 sua
3285 5063 3531 5129 rationali
3556 5065 3776 5121 anima

2154 5146 2387 5216 portavit
2412 5146 2656 5203 Christus
2683 5149 2798 5203 sine
2830 5149 2933 5202 ulla
2962 5152 3304 5220 corruptione
3327 5152 3577 5221 portavit.
3603 5152 3778 5210 Nul-

2157 5238 2239 5292 lus
2264 5238 2460 5309 quippe
2486 5240 2661 5309 potuit
2681 5239 2921 5295 defectus
2947 5241 3123 5296 inesse
3145 5242 3375 5309 virtutis,
3397 5245 3487 5298 ubi
3508 5243 3782 5302 inﬁrmi-
3814 5308 3819 5312 ,

2158 5329 2282 5382 tatis
2308 5331 2649 5399 susceptione
2678 5331 2939 5386 indefessa
2987 5335 3280 5401 permansit
3307 5335 3568 5404 perfectio
3593 5342 3786 5394 cari-

2161 5420 2304 5483 tatis,
2331 5435 2450 5489 qua:
2481 5420 2822 5490 Unigenitum
2851 5423 3017 5479 Deum
3061 5424 3187 5481 fecit
3215 5442 3381 5496 usque
3408 5428 3475 5483 ad
3500 5438 3783 5488 mortem

2134 5524 2250 5579 pro
2279 5511 2433 5565 nobis
2458 5513 2731 5577 accedere,
2776 5520 2830 5568 et
2878 5514 3192 5570 confusione
3220 5525 3526 5588 contempta
3556 5524 3793 5599 crucis
3818 5510 3823 5513 ’

2152 5600 2499 5668 opprobrium
2530 5602 2815 5657 sustinere.

2225 5688 2309 5742 10.
2366 5689 2591 5763 Propter
2639 5694 2782 5764 quod
2831 5695 3137 5762 tristitiam,
3182 5712 3498 5762 maerorem,
3555 5703 3660 5756 vel

2154 5792 2286 5846 quas
2316 5789 2639 5835 nostrarum
2662 5783 2959 5839 animarum
2986 5785 3322 5842 inﬁrmitates
3360 5789 3549 5844 habuit
3574 5791 3681 5848 Ch
3695 5800 3800 5853 ri—

2156 5876 2292 5937 stus,
2315 5884 2468 5926 veras
2488 5871 2725 5945 quidem,
2741 5873 2838 5931 sed
2855 5874 3185 5951 voluntarias
3199 5877 3405 5935 habuit.
3432 5878 3599 5939 Veras
3630 5891 3795 5950 sci.
