4048 6342
314 350 408 441 ξεῖ

1440 392 1526 447 DE
1561 392 1927 453 TRINITATE
1965 395 2167 454 LIBER
2190 399 2408 459 ‘UNUS.

3456 420 3564 477 498

308 498 449 561 licet,
477 506 537 561 ut
556 498 1006 600 manifestum-in
1061 518 1119 600 se
1169 504 1360 560 animm
1390 507 1666 564 rationalis
1692 524 1878 583 mons-7
1913 484 2164 576 Aomnis
2216 517 2387 574 lidelis
2440 533 2738 588 agnoscens
2786 524 3053 581 Christum
3106 530 3422 600 participem
3472 535 3565 590 hu-

305 596 471 642 traret
518 589 809 657 affectum;
854 593 1201 665 voluntarias,
1237 603 1296 651 ut
1320 598 1519 652 nostris
1547 598 1874 672 inﬁrmitati-

302 678 403 733 bus
423 677 728 735 adfuturum
754 682 1061 739 ostenderet
1105 700 1215 739 sua:
1260 687 1472 742 virtutis
1497 689 1786 758 auxilium;
1820 699 1880 746 ut

302 782 718 836 agnosceremur.
758 788 857 827 nos
897 773 1013 844 ipso
1060 774 1345 843 adjuvante
1376 779 1426 831 in
1456 768 1876 847 inﬁrmitatibus,

286 872 437 927 quas
465 862 785 916 necessitate
813 863 1066 932 patimur,
1094 864 1410 922 fulciendos.
1446 867 1546 934 Qui
1593 878 1879 939 propterea

304 948 580 1003 voluntate
602 960 817 1006 nostras
845 952 1186 1011 inﬁrmitates
1215 957 1509 1027 acciperet,
1531 967 1587 1012 ut
1617 967 1673 1013 et
1699 959 1754 1013 in
1782 960 1884 1016 hac

298 1037 410 1090 vita
441 1038 808 1095 intirmitatum
863 1045 1183 1101 necessitate
1208 1047 1434 1102 turbatis
1461 1049 1718 1104 auxilium
1746 1066 1879 1105 con-

297 1127 529 1193 tulisset,
553 1136 609 1184 et
628 1140 750 1199 post
777 1130 916 1186 hanc
936 1132 1099 1188 vitam
1124 1150 1336 1190 omnem
1359 1150 1392 1190 a
1419 1136 1575 1191 nobis
1604 1137 1881 1192 inﬁrmita-

297 1216 369 1268 tis
416 1218 793 1275 necessitatem
849 1222 1268 1279 misericorditer
1318 1211 1643 1282 abstulisset.
1673 1226 1749 1282 Ac
1804 1229 1882 1283 sic

1976 618 2160 681 mana:
2217 607 2562 678 inﬁrmitatis,
2592 613 2893 671 certissime
2950 628 3194 686 speraret
3248 623 3561 693 participem

1986 709 2047 749 se
2073 694 2192 752 fore
2218 698 2413 755 divinae
2440 701 2669 771 virtutis,
2705 720 2804 761 nec
2831 722 2890 761 sc
2916 709 3213 777 ambigeret
3259 711 3401 767 illius
3424 713 3564 769 .vir-

1974 794 2107 847 tute
2136 787 2479 856 ﬁrmandum,
2500 808 2661 861 quem
2687 811 2785 865 pro
2805 812 2863 851 se
2885 799 3223 864 cognovisset
3242 815 3349 857 non
3374 816 3564 858 neces-

1972 875 2161 942 sitate,
2192 878 2287 934 sed
2340 881 2618 938 voluntate
2647 885 2952 952 turbatum;
2985 889 3035 941 in
3088 889 3202 957 ipso
3257 882 3563 947 habiturum

1985 975 2244 1024 mtemam
2269 972 2530 1040 laetitiam,
2563 975 2649 1031 cui
2676 993 2825 1031 suam
2857 979 3133 1033 voluntate
3156 981 3359 1037 videret
3381 983 3560 1041 inesse

1983 1060 2280 1131 tristitiam,
2322 1064 2416 1133 qui
2464 1066 2603 1121 sicut
2625 1068 2820 1122 mansit
2851 1070 2901 1122 in
2927 1071 3268 1126 tribulatione
3298 1076 3563 1142 tranquil-

1985 1150 2086 1219 lus,
2110 1150 2162 1205 in
2194 1163 2369 1208 morte
2415 1171 2655 1222 securus,
2679 1157 2756 1212 sic
2787 1158 2839 1212 in
2883 1159 3193 1215 inlirmitate
3223 1161 3560 1239 fortissimus,

1985 1247 2041 1294 et
2071 1240 2123 1294 in
2149 1240 2446 1297 humilitate
2467 1244 2778 1300 altissimus.

1470 1491 1897 1603 PBL

1937 1473 2827 1612 GENTII’

251 1695 353 1801 et.
766 1661 771 1665 '
939 1745 945 1749 _
1263 1637 1433 1740 an
1484 1642 1916 1746 FELICE‘M
1993 1670 2557 1769 NOTARIUM,

936 1820 1113 1931 DE
1201 1821 2459 2002 TRINITﬂyBER
2542 1840 2956 1964 UNUS.

557 2103 561 2107 ,
711 2041 876 2111 328
910 2037 1136 2093 CAPUT
1176 2037 1461 2094 PRIMUM.

365 2128 634 2195 Quoniam
657 2145 765 2197 me,
796 2128 868 2184 illi
891 2129 1170 2185 carissime
1196 2128 1366 2207 Felix,
1398 2129 1520 2184 fidei
1549 2132 1727 2187 calore
1749 2150 1872 2189 suc-

293 2235 492 2275 census
539 2211 737 2291 stupius'
787 2218 1191 2289 percunctaris,
1239 2219 1513 2288 quomodo
1556 2221 1623 2275 de
1682 2231 1870 2279 sancta

288 2307 578 2375 Trinitate,
601 2326 721 2380 qua:
743 2310 884 2365 Deus
915 2317 1018 2372 est,
1048 2308 1270 2363 credere
1297 2307 1514 2371 debeas,
1538 2310 1621 2364 vel
1643 2311 1873 2379 qualiter

285 2401 470 2471 possis
515 2399 673 2455 [idem
718 2399 1035 2456 catholicam
1078 2407 1238 2468 atque
1276 2397 1629 2454 orthodoxam
1684 2410 1871 2457 contra

283 2488 664 2545 luereticornm
712 2502 941 2552 errores,
973 2488 1274 2557 pratsertim
1330 2500 1558 2556 quorum
1606 2484 1867 2546 societate

170 2640 177 2647 ,
266 2579 506 2645 frueris,
552 2579 781 2634 Domino
834 2578 1124 2633 auxiliante
1172 2575 1481 2644 defendere,
1515 2593 1579 2634 ac
1623 2594 1718 2648 per
1763 2581 1867 2636 hoc

283 2687 477 2726 eorum
501 2670 720 2725 insidias
747 2670 987 2734 evitare;
1010 2667 1373 2723 necessarium
1402 2668 1605 2740 tibique
1626 2686 1870 2725 commo-

266 2761 417 2814 .dum
449 2759 579 2814 duxi
630 2759 737 2814 tuis
780 2758 1127 2829 petitionibus
1160 2758 1508 2828 respondere.
1538 2756 1643 2814 Sed
1668 2760 1867 2816 utinam

281 2861 399 2905 tam
428 2862 668 2918 congrue
713 2864 777 2905 ac
822 2848 1221 2913 convenienter,
1246 2863 1406 2917 quam
1447 2849 1577 2904 mihi
1602 2860 1683 2904 est
1705 2851 1863 2918 velle,

262 2942 400 3012 ipsa
437 2941 648 2997 scilicet
672 2940 1122 2996 incommutabilis
1144 2937 1396 3005 Trinitas,
1427 2941 1480 2995 in
1507 2941 1657 3010 cujus
1705 2959 1866 2998 manu

279 3040 409 3087 sunt
438 3038 494 3086 et
522 3047 641 3097 nos,
671 3040 726 3086 et
743 3044 1020 3086 sermones
1045 3029 1234 3093 nostri,
1266 3030 1332 3084 ad
1360 3033 1778 3087 annuntiandtun
1807 3050 1865 3089 sc

281 3135 337 3180 et
359 3138 667 3179 sermonem
689 3129 918 3187 rectum,
936 3130 989 3176 et
1015 3112 1173 3175 fidem
1194 3120 1456 3175 sinceram
1491 3123 1710 3186 tribuat,
1729 3138 1863 3192 qua-

278 3226 444 3270 tenus
477 3222 667 3270 sancto
711 3212 979 3268 desiderio
1008 3220 1118 3275 tuo,
1142 3211 1319 3265 studio
1349 3211 1591 3268 discendi
1620 3203 1891 3282 flagranti-

277 3306 353 3359 ad
407 3306 626 3375 plenum
679 3303 991 3359 satisfacere
1028 3302 1254 3356 valeam.
1285 3301 1434 3356 Illam
1476 3304 1656 3372 itaque
1703 3304 1861 3360 fidem

1854 2120 1857 2121 ν
1910 2051 2125 2131 B’quasi
2144 2053 2196 2105 in
2226 2054 2419 2118 multis,
2457 2057 2545 2110 sed
2574 2058 2628 2112 in
2654 2061 2847 2113 semine
2873 2040 2980 2126 tuo,
3025 2064 3162 2131 quod
3205 2074 3283 2118 est
3323 2065 3557 2121 Christus

1981 2136 2178 2209 (Galat.
2208 2159 2285 2206 ut,
2321 2144 2429 2215 Hi).
2472 2146 2604 2201 Cum
2635 2164 2822 2204 omnes
2849 2159 3036 2218 gentes
3062 2152 3114 2207 in
3145 2154 3357 2211 Christo
3385 2165 3440 2211 et
3461 2173 3559 2228 per

1976 2230 2248 2288 Christum
2286 2236 2340 2290 in
2371 2237 2627 2293 unitatem
2660 2239 2780 2295 fidei
2803 2241 3045 2297 benedici
3082 2254 3408 2313 mercantur,
3441 2248 3554 2303 lue--

1976 2324 2130 2379 retici
2160 2341 2267 2379 non
2294 2334 2419 2381 sunt
2445 2327 2734 2395 benedicti,
2770 2331 2893 2399 quia
2923 2348 3030 2386 non
3062 2334 3259 2389 habent
3289 2337 3552 2392 unitatem

1977 2415 2119 2482 lidci,
2150 2414 2245 2471 sed
2274 2418 2472 2481 erroris
2502 2428 2655 2490 pastu
2690 2422 2938 2489 saginati,
2969 2438 3066 2492 per
3089 2426 3393 2493 superbiam
3424 2426 3552 2482 facti

1973 2512 2115 2571 sunt,
2145 2523 2253 2561 non
2284 2508 2374 2561 lilii
2406 2508 2523 2580 Dei,
2569 2518 2666 2565 sed
2696 2509 2789 2565 ﬁlii
2816 2512 3032 2567 diaboli.
3078 2512 3228 2568 Unde
3255 2522 3311 2569 et
3354 2516 3549 2571 obscu-

1972 2604 2118 2650 ratos
2142 2597 2402 2654 habentes
2431 2599 2611 2654 cordis
2639 2602 2847 2669 oculos,
2879 2613 3153 2671 nequeunt
3193 2620 3420 2662 cernere
3463 2614 3548 2677 ιρι

1971 2692 2083 2737 tum
2105 2686 2357 2740 mundum
2379 2689 2638 2757 sanguine
2659 2688 2855 2745 Christi
2881 2693 3237 2763 redemptum,
3265 2697 3396 2751 etin
3421 2696 3545 2757 lidei

1972 2773 2177 2829 unitate
2224 2777 2570 2857 concordem,
2616 2780 2906 2835 secundum
2954 2783 3098 2850 quod
3132 2767 3213 2840 {de
3261 2787 3544 2857 primativa

1969 2860 2204 2918 Ecclesia
2234 2855 2540 2933 designatur
2569 2886 2581 2920 :
2616 2866 2748 2922 Erat
2784 2870 2909 2936 illis,
2943 2871 3133 2941 inquit,
3177 2855 3274 2929 cori
3294 2893 3451 2931 unum
3493 2888 3545 2934 et

1968 2960 2144 3039 anima
2169 2977 2269 3014 una
2307 2962 2359 3015 in
2388 2960 2559 3016 Deum
2587 2964 2723 3033 (Act.
2759 2981 2830 3030 Iv,
2855 2965 2965 3035 52).
3003 2967 3094 3022 Sic
3130 2976 3275 3024 totus
3309 2972 3543 3039 mundus

1953 3036 2293 3123 redemptus,
2326 3050 2403 3106 sic
2426 3059 2568 3105 totus
2589 3052 2817 3108 mundus
2839 3055 2892 3108 in
2914 3056 3119 3111 cunctis
3139 3060 3387 3125 gentibus
3398 3036 3545 3125 nun-1

1967 3149 2193 3209 cupatur
2221 3139 2545 3210 redemptus.
2589 3141 2657 3196 Et
2677 3144 2922 3199 timebunt
2961 3158 3156 3218 gentes,
3201 3150 3389 3219 inquit,
3442 3139 3540 3209 no?

1967 3244 2081 3282 men
2105 3237 2263 3293 tuum,
2295 3228 2532 3295 Domine,
2556 3242 2798 3287 eromnes
2822 3251 2965 3305 reges
2989 3246 3138 3292 terrte
3159 3239 3543 3309 gloriamjuam

1968 3315 2138 3384 (Psal.
2164 3333 2231 3380 cr,
2267 3316 2377 3387 lli).
2408 3316 2475 3370 Et
2505 3319 2698 3373 iterum
2729 3338 2742 3372 :
2785 3318 2973 3376 Omnes
3003 3335 3179 3395 gentes
3219 3345 3543 3401 quascunque

262 3396 447 3452 crede
475 3394 848 3450 sincerissima:
896 3394 1065 3450 menti
1121 3402 1225 3449 tua:
1268 3409 1368 3450 nos
1394 3394 1533 3450 velle
1560 3404 1858 3461 notescere,
1890 3418 1934 3477 ς
1966 3405 2134 3476 fecisti
2162 3402 2462 3469 venient,'et
2497 3409 2789 3463 adorabunt
2819 3394 3087 3480 cornmte,
3118 3394 3337 3472 Domine
3366 3394 3539 3489 (Ρὲαι.

278 3502 379 3557 per
404 3500 569 3554 quam
592 3482 868 3553 justilicati
902 3492 1027 3539 sunt
1060 3485 1397 3555 patriarchae,
1421 3485 1865 3556 prophetm,apo—

258 3578 433 3640 .stoli,
463 3583 728 3647 martyres
765 3576 1035 3644 coronati,
1063 3590 1224 3645 quam
1274 3577 1532 3631 hactends
1570 3591 1666 3646 per
1690 3585 1861 3631 totum

277 3668 470 3723 orbem
498 3676 683 3720 sancta
715 3674 862 3721 tenet
882 3665 1140 3729 Ecclesia,
1172 3665 1323 3735 cujus
1348 3665 1605 3734 splendor
1629 3667 1859 3721 creden-

278 3758 415 3813 tium
445 3764 657 3812 mentes
684 3757 956 3811 illustrans
991 3765 1207 3812 reterns:
1237 3757 1358 3811 vita:
1385 3756 1511 3811 facit
1548 3771 1667 3811 esse
1694 3758 1862 3826 parti-

276 3849 447 3918 cipes.
474 3848 603 3913 Quae
629 3844 797 3915 usque
823 3862 963 3915 nunc
1000 3861 1098 3916 per
1132 3846 1531 3902 successionum
1571 3847 1773 3904 seriem
1799 3847 1854 3917 in

255 3938 543 4001 cathedra
579 3936 722 3992 Petri
743 3936 972 4007 apostoli
994 3936 1179 4003 Roma:
1206 3936 1289 3991 vel
1316 3935 1635 4001 Antiochiae,
1658 3936 1711 3991 in
1766 3953 1859 3993 ca-

256 4029 476 4093 ,tbedra
505 4027 668 4082 Marci
691 4027 1031 4096 evangelistac
1061 4027 1114 4081 in
1143 4026 1484 4093 Alexandria,
1512 4027 1563 4080 in
1594 4026 1852 4081 cathedra

252 4117 503 4180 Joannis
572 4118 912 4187 evangelista:
982 4116 1175 4188 Ephesi
1198 4158 1213 4181 ,
1267 4118 1320 4172 in
1376 4119 1628 4174 cathedra
1672 4117 1858 4174 Jacobi

277 4208 689 4280 Hierosolymae,
712 4210 781 4264 ab
805 4208 1069 4278 episcopis
1089 4208 1326 4278 ipsarum
1354 4210 1563 4264 urbium
1596 4210 1856 4280 praedica-

277 4309 386 4355 tur.
436 4299 587 4368 Coge
630 4312 760 4367 ergo
806 4298 1062 4361 Arianos,
1116 4298 1444 4363 Donatistas,
1492 4298 1856 4363 Nestorianos,

276 4390 661 4462 Eutychianos,
692 4389 1032 4452 Manichtcos,
1064 4397 1121 4444 et
1164 4389 1397 4458 reliquas
1433 4389 1707 4444 haereseon
1737 4405 1859 4459 pes-

276 4490 362 4538 tes
387 4482 538 4538 hisce
556 4481 952 4538 communicare
975 4479 1226 4536 Ecclesiis
1245 4480 1437 4551 quibus
1458 4480 1690 4550 apostoli
1720 4496 1856 4550 pne-

276 4573 551 4639 soderunt.
583 4573 700 4629 Non
729 4574 1092 4639 consentiunt,
1123 4573 1250 4642 quia
1269 4587 1366 4642 per
1388 4573 1704 4651 pravitatem
1733 4573 1856 4628 fidei

273 4662 610 4720 abEchesia:
630 4664 834 4733 unitate
844 4663 997 4719 divisi
1014 4664 1066 4718 in
1080 4672 1232 4734 parte
1248 4679 1367 4719 esse
1381 4664 1683 4719 voluerunt.
1704 4662 1856 4719 Unde

254 4764 333 4811 .et
382 4749 621 4812 Joannes
665 4756 941 4825 apostolus
994 4755 1071 4809 ait
1128 4774 1141 4807 :

275 4844 438 4916 329
462 4844 558 4909 sed
588 4861 691 4915 non
723 4855 874 4899 erant
909 4861 975 4899 ea:
1021 4844 1186 4899 nobis.
1241 4842 1390 4908 Quod
1432 4845 1476 4897 si
1522 4845 1743 4915 fuissent
1788 4861 1853 4898 ea:

275 4935 445 4997 nobis,
481 4935 1068 5006 permansissentutique
1089 4933 1351 4989 nobiscum
1374 4933 1425 5003 (1
1448 4934 1605 4988 Joan.
1632 4951 1705 4998 χι,
1742 4934 1852 5002 I9).

276 5021 356 5077 Ex
387 5023 545 5079 nobis
570 5024 1058 5097 utiqueexierunt,
1101 5023 1227 5093 quia
1255 5039 1314 5077 se
1353 5024 1421 5076 ab
1450 5021 1703 5078 Ecclesia:
1733 5023 1853 5077 uni-

276 5121 386 5169 tate
429 5113 596 5169 corde
640 5114 976 5169 insanissima
1004 5120 1410 5184 separaverunt.
1450 5112 1566 5168 Non
1603 5122 1757 5169 erant
1787 5129 1854 5170 ex

278 5207 455 5272 nobis,
478 5208 690 5277 scilicet
716 5207 1123 5278 praedestinatis,
1154 5215 1209 5262 et
1228 5206 1294 5260 ad
1319 5215 1576 5261 :eternam
1603 5207 1854 5261 videlicet

258 5295 436 5363 _vitam
467 5297 675 5356 electis.
711 5296 826 5352 Non
852 5306 1006 5351 erant
1028 5296 1226 5367 quippe
1253 5312 1319 5351 ex
1345 5296 1427 5350 his
1448 5296 1515 5350 de
1534 5296 1727 5364 quibus
1748 5296 1853 5352 Do-

278 5392 452 5445 minus
470 5389 629 5444 dicit:
654 5388 770 5461 Ego
791 5390 942 5462 elegi,
964 5399 1012 5443 et
1033 5390 1181 5458 posui
1202 5404 1285 5443 vos
1306 5397 1361 5441 ut
1386 5390 1534 5453 eatis,
1560 5397 1608 5441 et
1631 5389 1853 5457 fructum

275 5481 550 5551 plurimum
570 5481 828 5550 aﬁ'eratis,
857 5490 906 5534 et
926 5482 1122 5549 fructus
1145 5488 1307 5533 vester
1330 5464 1535 5532 maneat
1559 5477 1736 5534 (Joan.
1760 5493 1849 5541 xv,

277 5571 384 5640 Ili).
424 5570 533 5628 Sed
562 5586 663 5627 nec
710 5571 763 5625 in
793 5570 1017 5625 Abrahze
1064 5571 1269 5625 semine
1318 5567 1722 5631 benedicuntur,
1768 5584 1853 5623 se-

274 5662 504 5717 cundum
531 5660 676 5730 quod
704 5661 961 5716 Dominus
999 5660 1064 5715 ad
1107 5659 1373 5714 Abraham
1399 5660 1510 5713 ait:
1564 5657 1630 5712 In
1657 5659 1851 5713 semine
1912 5720 1918 5726 _

274 5758 357 5805 tuo
384 5750 749 5807 benedicentur
776 5767 950 5804 omnes
990 5759 1161 5821 gentes
1210 5747 1413 5821 (Ge-nes.
1456 5763 1602 5811 xxvi,
1649 5746 1748 5817 4);
1796 5757 1853 5803 et

280 5838 560 5910 Apostolus
606 5838 928 5896 subnectens
976 5837 1263 5909 adjungit:
1315 5834 1439 5893 Nor.
1480 5837 1531 5890 in
1574 5836 1851 5891 seminibm

1967 3510 2160 3560 Lxxxv,
2208 3496 2304 3566 9),
2349 3505 2403 3552 ct
2427 3514 2672 3554 rursum:
2724 3499 3295 3575 Contmemorttbunlur,
3345 3507 3537 3578 inquit,

1965 3596 2012 3639 et
2041 3597 2396 3641 convertentur
2439 3590 2510 3641 ad
2533 3589 2813 3644 Dominum
2842 3594 3061 3647 universi
3086 3590 3218 3665 ﬁnes
3261 3606 3443 3664 terrw;
3489 3613 3541 3655 et

1964 3674 2255 3765 adorabunt
2274 3678 2328 3729 in
2349 3673 2760 3750 conspectu'ejns
2794 3682 3046 3736 universa:
3080 3686 3265 3752 patria:
3288 3672 3536 3759 gentium.

1964 3765 2219 3830 Quoniam
2240 3766 2451 3822 Domini
2478 3780 2554 3823 est
2583 3787 2812 3840 regnum,
2839 3782 2886 3825 et
2907 3773 3014 3844 ipse
3043 3775 3391 3832 dominabifnr
3413 3798 3540 3852 gen-

1962 3859 2089 3910 tium
2119 3855 2289 3927 (Psal.
2317 3874 2427 3920 3m,
2458 3856 2546 3923 9.8,
2587 3858 2701 3931 29).
2747 3860 2885 3927 Quid
2929 3862 3171 3920 infelices
3218 3864 3401 3922 dicant
3444 3870 3537 3938 qui

1962 3947 2169 4017 praecisi
2200 3947 2266 4002 ab
2295 3946 2534 4003 Ecclesia
2564 3946 2658 4004 Dei
2677 3951 2886 4016 ,‘corde
2916 3952 3273 4023 impmnitenti
3303 3958 3404 4027 ipsi
3430 3956 3536 4015 Ec-

1961 4040 2136 4095 clesize
2164 4040 2573 4103 contradicunt;
2605 4048 2660 4095 et
2698 4040 2824 4096 dum
2872 4044 3138 4113 eamdem,
3189 4061 3309 4116 qua:
3357 4049 3537 4105 tunica

1948 4133 2172 4211 Domini
2210 4142 2293 4187 est
2319 4132 2676 4200 inconsutilis,
2706 4133 2952 4189 scindere
2982 4135 3245 4201 nituntur,
3279 4136 3377 4208 ipsi
3409 4126 3537 4194 faci-

1960 4226 2062 4281 lius
2088 4226 2238 4280 scissi
2263 4227 2433 4280 sunt?
2465 4223 2530 4278 ili
2560 4232 2974 4295 percunctentur
2997 4227 3287 4296 sigillatim.
3328 4228 3422 4283 illc
3449 4229 3536 4285 di-

1960 4317 2033 4372 cit
2060 4315 2316 4385 sanguine
2337 4313 2533 4368 Christi
2562 4331 2621 4370 se
2646 4330 2765 4370 esse
2792 4316 3146 4386 redemptum.
3187 4316 3325 4386 Ergo
3354 4321 3533 4375 solum

1959 4422 2057 4478 pro
2088 4406 2317 4470 Arianis,
2350 4414 2441 4459 aut
2472 4413 2674 4459 tantum
2723 4421 2823 4475 pro
2870 4406 3161 4462 Donatistis
3203 4408 3402 4463 effusus
3448 4419 3535 4465 est

1958 4497 2174 4563 sanguis
2197 4494 2435 4550 Christi?
2461 4493 2632 4547 Absit.
2672 4493 2787 4548 Non
2833 4495 2913 4551 sic
2962 4495 3093 4551 dicit
3137 4496 3375 4552 Veritas.
3415 4497 3531 4552 Non

1956 4586 2034 4640 sic
2056 4584 2185 4639 dicit
2212 4583 2353 4637 Deus
2376 4583 2441 4637 ad
2472 4584 2776 4638 Abraham:
2830 4583 2896 4638 In
2938 4589 3150 4651 semine,
3200 4586 3393 4656 inquit,
3445 4599 3532 4644 tuo

1958 4674 2321 4729 benedicentur
2340 4688 2515 4727 omnes
2535 4683 2710 4744 gentes
2733 4672 2945 4744 (Cenes.
2978 4691 3122 4743 xxvr,
3149 4676 3226 4747 4).
3277 4677 3392 4732 Non
3424 4695 3530 4736 una

1220 4753 1306 4808 Ea:
1353 4755 1520 4831 nobis
1574 4756 1850 4821 exierunt;
1884 4778 1931 4836 ι)
1957 4776 2109 4831 gens,
2158 4760 2250 4818 sed
2279 4760 2474 4814 omnis.
2514 4759 2633 4815 Non
2657 4761 2747 4815 illa
2782 4770 2836 4817 et
2865 4762 2977 4831 illa,
3026 4763 3120 4819 sed
3148 4774 3373 4821 cunctae.
3422 4766 3531 4826 Sed
3600 4838 3603 4843 _

1956 4868 2133 4922 neque
2157 4852 2211 4907 in
2240 4851 2448 4907 diversa
2481 4852 2601 4915 lide,
2632 4852 2725 4908 sed
2755 4853 2808 4908 in
2838 4870 2943 4915 una
2969 4873 2982 4908 :
3014 4856 3227 4911 dicente
3248 4858 3529 4930 Apostolo,

1961 4942 2080 4998 Una
2105 4943 2237 5013 ﬁdes
2269 4940 2482 5013 (Ep/tes.
2514 4960 2585 5015 tv,
2616 4943 2695 5014 5).
2736 4943 2794 4999 In
2817 4961 2920 4999 una
2950 4946 3154 5002 scilicet
3185 4947 3286 5004 fide
3313 4951 3547 5019 salvan~_
3640 4966 3645 4969 ‘

1958 5042 2044 5087 tur
2065 5032 2347 5087 credentes
2374 5050 2386 5086 :
2418 5048 2516 5102 per
2546 5033 2803 5089 unitatem
2835 5032 2954 5089 fidei
2984 5020 3219 5092 EcClesia
3261 5039 3530 5095 catholica

1950 5122 2114 5201 habet
2132 5137 2238 5176 cor
2259 5130 2313 5176 et
2337 5122 2570 5176 animam
2600 5136 2758 5176 unam
2782 5124 2841 5177 in
2870 5124 3059 5180 Deum.
3098 5125 3225 5183 Haec
3267 5126 3396 5184 ﬁdes
3438 5146 3529 5184 re-

1956 5222 2067 5281 cta,
2095 5227 2215 5281 qua:
2242 5212 2367 5267 facit
2395 5212 2603 5267 diversa
2632 5212 2793 5266 corda
2833 5214 3166 5271 credentium
3196 5233 3358 5272 unum
3387 5233 3526 5283 esse,

1956 5306 2105 5360 Pauli
2151 5307 2383 5376 apostoli
2433 5322 2526 5361 ore
2572 5305 2839 5369 laudatur.
2907 5307 3138 5374 Gratias,
3188 5311 3381 5380 inquit,
3428 5327 3528 5384 ago

1954 5397 2085 5463 Deo,
2114 5397 2233 5469 quia
2271 5397 2400 5466 fides
2430 5405 2596 5451 vestra
2624 5401 2961 5454 annuntiatur
2999 5402 3053 5456 in
3082 5404 3316 5457 universo
3338 5402 3530 5459 mundo

1956 5488 2133 5559 (Rom.
2176 5503 2212 5551 ι,
2246 5488 2322 5556 8).
2364 5487 2521 5543 Fides
2547 5505 2685 5555 una,
2720 5507 2839 5561 qua:
2868 5492 2919 5546 in
2952 5502 3121 5546 totum
3149 5482 3404 5550 mundum
3431 5511 3510 5554 att

1955 5577 2251 5642 nuntiatur,
2281 5578 2395 5649 ipsa
2423 5578 2685 5635 laudanda
2714 5596 2779 5637 ac
2804 5582 3138 5651 praedicanda
3167 5594 3268 5640 cst.

2572 5720 2800 5778 CAPUT
2838 5723 2902 5779 II.

2028 5833 2229 5904 Accipe
2258 5832 2438 5901 tidem,
2468 5834 2523 5889 in
2550 5849 2654 5905 qua
2680 5835 2790 5906 jam
2817 5839 2943 5894 olim
2972 5850 3191 5897 renatus
3216 5856 3275 5898 es
3301 5818 3524 5897 credet:e
