4066 6346
496 247 602 309 ιω

1567 259 1623 314 S.
1666 256 2022 315 FULGENTII
2062 255 2362 315 EPlSCOPl
2406 256 2785 315 RUSPE'NSIS

3655 253 3761 312 500

496 367 551 421 in
578 366 797 424 nomine
826 366 1016 434 Patris,
1059 378 1114 425 et
1142 369 1283 437 Filii,
1333 377 1387 425 ct
1416 370 1649 441 Spiritus
1690 372 1884 427 sancti.
1917 369 2080 425 Pater
2106 371 2279 433 Anon
2309 373 2504 441 recipit
2534 383 2644 430 tres
2670 371 2875 430 esseut
2908 384 2953 433 s,
2985 379 3074 425 aut
3099 368 3455 435 substanti..s,
3489 379 3582 424 aut
3607 381 3761 424 uatu-

497 445 798 515 Filius‘nou
826 469 927 527 est,
958 461 1126 517 Filius
1155 460 1318 516 Pater
1339 478 1445 516 non
1472 470 1573 528 est,
1605 462 1837 533 Spiritus
1864 471 2080 519 sanctus

497 566 602 607 nec
617 550 781 607 Pater
795 567 894 607 nec
916 552 1101 607 Filius.
1135 551 1200 605 Et
1216 567 1336 607 cum
1355 560 1462 607 tres
1476 553 1606 620 sint,
1628 552 1772 624 quod
1800 560 1901 619 est,
1926 566 2075 622 rogo,

495 659 692 699 nomen
718 661 879 699 unum
912 644 1083 698 Patris
1111 652 1167 698 et
1198 644 1316 700 Filii
1345 654 1401 700 et
1429 645 1662 717 Spiritus
1688 647 1863 701 sancti
1886 645 1943 701 in
1969 661 2077 716 quo

402 740 409 749 '
493 751 597 791 nos
622 745 871 806 Oporteat
896 736 1179 806 baptizari,
1211 737 1314 793 nisi
1342 738 1469 793 illud
1497 738 1703 794 scilicet
1725 754 1923 794 nomen
1951 738 2078 793 Dei-

493 824 647 891 tatis,
675 824 820 893 quod
861 825 1120 894 triplicari
1151 842 1256 882 non
1287 830 1512 898 potest?
1537 826 1792 895 Quamvis
1818 828 1962 887 enim
1996 827 2078 883 di-

491 930 677 971 camus
701 914 913 971 Patrem
947 917 1134 991 Deum,
1184 919 1376 974 Filium
1419 920 1605 985 Deum,
1656 919 1913 991 Spiritum
1953 935 2078 973 sana-

491 1013 636 1060 ctum
680 1005 867 1073 Deum,
921 1015 1102 1064 tamen
1150 1026 1256 1064 non
1303 1011 1531 1066 dicimus
1585 1020 1696 1067 tres
1741 1010 1902 1075 deos,
1948 1010 2073 1080 quia

486 1094 747 1165 scriptum
773 1106 851 1151 est
881 1115 893 1151 :
926 1099 1087 1169 330
1114 1100 1266 1163 Audi,
1300 1098 1493 1168 Israel,
1523 1099 1775 1161 Dominus
1798 1100 1938 1154 Deus
1961 1110 2076 1154 tuus

486 1200 623 1240 unus
645 1194 723 1240 est
747 1186 925 1255 (Deut.
950 1205 1025 1257 vt,
1056 1188 1132 1260 4).
1159 1189 1307 1246 Unus
1327 1192 1594 1260 estigitur
1617 1192 1754 1252 Deus
1781 1192 1832 1245 iu
1860 1200 2070 1257 natura,

488 1289 599 1331 non
630 1275 682 1330 in
712 1292 980 1346 persona:
1032 1280 1156 1349 quia
1185 1272 1288 1335 alia
1319 1291 1402 1336 est
1453 1298 1682 1353 persona
1722 1282 1917 1349 Patris,
1969 1283 2073 1338 alia

484 1365 628 1433 Filii,
676 1368 779 1423 alia
820 1369 1050 1440 Spiritus
1079 1373 1268 1427 sancti.
1315 1372 1476 1429 Pater
1501 1390 1530 1428 a
1557 1376 1703 1431 nullo
1731 1384 1811 1431 est
1839 1375 2071 1445 genitus,

486 1456 651 1514 Filius
679 1475 709 1514 a
735 1459 895 1516 Patre
923 1470 1004 1516 est
1031 1464 1265 1530 genitus,
1321 1463 1554 1534 Spiritus
1582 1474 1803 1521 sanctus
1831 1481 1861 1520 a
1914 1465 2073 1522 Patre

484 1548 729 1635 Filioque
758 1552 1061 1621 procedens
1086 1563 1186 1609 est.
1232 1553 1391 1610 Pater
1414 1571 1520 1610 nou
1552 1556 1656 1611 sibi
1696 1565 1804 1624 est,
1846 1556 1943 1612 sed
1984 1556 2071 1611 Fi-

481 1640 591 1707 lio;
622 1639 786 1697 Filius
814 1658 922 1698 non
952 1644 1052 1699 sibi
1081 1654 1163 1699 est
1183 1687 1197 1709 ,
1226 1646 1319 1700 sed
1348 1645 1527 1708 Patri;
1586 1647 1816 1717 Spiritus
1844 1647 2070 1716 alicujus

2175 480 2297 532 ras,
2331 476 2384 520 et
2412 464 2611 519 idcirco
2650 464 2956 517 nullatenus
2977 460 3253 529 ,diccndus
3291 474 3379 517 ess
3419 460 3586 515 Filius
3625 461 3678 516 in
3709 461 3764 519 id

2174 556 2312 627 quod
2342 555 2566 625 aequalis
2609 565 2693 610 est
2723 555 2897 618 Patri,
2940 566 3032 608 aut.
3057 561 3271 608 creatus
3299 568 3365 607 ex
3411 551 3626 622 aliquo,
3672 566 3763 613 aut

2173 647 2241 704 de
2261 647 2430 703 nihilo
2451 647 2808 721 substitutus:
2833 647 2956 717 quia
2981 647 3121 717 quiud
3150 657 3234 702 est
3256 646 3411 703 Pater
3434 647 3538 718 hoe
3556 648 3761 717 genuit,

2174 734 2315 793 Deus
2335 737 2504 793 Deum
2526 777 2541 802 ,
2578 737 2666 792 lux
2699 736 2897 803 lucem,
2932 735 3382 791 incommutabilis
3406 738 3735 795 incouunuta

2177 825 2360 886 bilem,
2411 821 2960 885 inlinitusiuliuitum,
3011 829 3246 876 aeternus
3293 827 3641 875 comternum.
3690 820 3764 875 Sl~

2177 915 2378 975 militer
2413 922 2469 969 et
2492 914 2561 967 de
2611 911 2811 982 Spiritu
2840 918 3030 966 sancto
3075 909 3343 964 credimus
3391 910 3516 979 quia
3548 910 3652 964 hoc
3679 918 3764 966 est

2177 1005 2329 1075 quod
2356 1005 2445 1059 ille
2475 1019 2504 1058 a
2534 1018 2642 1073 quo
2668 1002 2934 1074 procedit,
2976 1000 3265 1056 Videamus
3315 1001 3477 1070 igitur
3505 1001 3763 1071 deinceps

2178 1102 2356 1151 utrum
2399 1095 2512 1152 lucc
2557 1108 2677 1161 qute
2726 1092 2961 1152 diximus
3007 1098 3315 1146 sanctarum
3363 1089 3764 1161 Scripturarum

2177 1187 2335 1256 331
2373 1184 2693 1242 testimoniis
2721 1182 3105 1252 approbemus.
3146 1180 3384 1241 Primum
3423 1183 3584 1236 etiam
3613 1198 3767 1252 qua:-

2177 1278 2406 1339 rendum
2435 1286 2518 1335 est
2563 1278 2606 1331 si
2638 1277 2779 1331 Deus
2809 1275 3041 1331 Trinitas
3069 1275 3158 1328 sit.
3212 1274 3519 1349 Faciamus,
3567 1275 3762 1345 inquit,

2176 1369 2431 1423 hominem
2453 1368 2521 1424 ad
2537 1366 2813 1437 imaginem
2833 1374 2880 1418 et
2897 1365 3287 1423 similitudinem
3304 1372 3535 1419 nostram
3547 1363 3763 1434 (Cenes.

2174 1478 2210 1527 ι,
2245 1460 2313 1514 28
2346 1501 2358 1516 .
2401 1459 2469 1514 Et
2498 1475 2733 1518 rursum,
2795 1457 2996 1519 Venite,
3036 1457 3435 1523 descendemus,
3479 1458 3675 1528 inquit,
3711 1467 3765 1513 et

2172 1550 2553 1622 confundantus
2592 1548 2662 1602 ibi
2704 1549 2913 1619 linguas
2953 1564 3129 1607 eorum
3174 1546 3384 1618 (lienes.
3424 1559 3499 1611 XI,
3530 1549 3607 1617 7).
3650 1548 3765 1606 Νοι-

2171 1650 2336 1697 stram
2367 1658 2517 1707 vero,
2566 1649 2621 1696 et
2646 1639 3045 1707 descendamus,
3087 1640 3454 1709 pluralitatetn
3501 1656 3763 1711 persona.

482 1738 566 1786 est
592 1733 913 1802 aspirantis:
961 1750 1092 1804 ergo
1138 1735 1203 1790 ad
1236 1735 1453 1792 Patrem
1484 1737 1786 1807 Filiumque
1814 1738 2066 1792 refertur.
2107 1744 2148 1801 Β
2176 1749 2313 1798 rum,
2368 1749 2479 1787 non
2532 1731 2759 1786 deorum
2810 1730 3062 1785 insinuat.
3121 1730 3486 1801 Similiterque
3530 1731 3762 1792 Abraba

481 1822 585 1879 ista
614 1826 797 1896 itaque
824 1827 1048 1882 relativa
1079 1828 1295 1882 nomina
1327 1828 1643 1890 Trinitatem
1693 1830 1890 1889 faciunt
1917 1846 1931 1893 ;
1984 1844 2068 1883 es-

479 1917 725 1971 sentialia
754 1933 884 1973 vero
914 1919 1061 1974 nullo
1094 1920 1258 1977 modo
1288 1921 1645 1990 triplicautur.
1704 1920 1842 1975 Deus
1887 1919 2065 1982 Pater,

480 2006 623 2061 Deus
650 2006 835 2072 Filius,
881 2008 1024 2067 Deus
1069 2009 1301 2079 Spiritus
1347 2020 1585 2065 sanctus.
1647 2010 1827 2065 Bonus
1886 2009 2064 2074 Pater,

480 2097 655 2151 bonus
684 2095 869 2161 Filius,
922 2097 1096 2152 bonus
1136 2099 1368 2168 Spiritus
1415 2108 1650 2155 sanctus.
1713 2098 1838 2154 Pius
1886 2097 2067 2167 Pater,

479 2185 598 2254 pius
627 2182 825 2253 Filius,
857 2187 976 2256 pius
1009 2185 1240 2257 Spiritus
1269 2197 1507 2248 sanctus.
1550 2188 1732 2245 Justus
1759 2188 1939 2250 Pater,
1981 2188 2068 2258 ju-

478 2284 595 2331 stus
622 2274 808 2341 Filius,
853 2276 1033 2345 justus
1073 2286 1126 2332 et
1152 2278 1388 2349 Spiritus
1435 2288 1667 2335 sanctus.
1711 2278 2069 2351 Omnipotens

477 2362 669 2429 Pater,
722 2368 1064 2436 omnipotens
1103 2368 1300 2433 Filius,
1348 2371 1692 2438 omnipotens
1735 2377 1790 2422 et
1837 2368 2067 2439 Spiritus

474 2461 716 2509 sanctus.
758 2453 823 2508 Et
852 2464 1031 2512 tamen
1075 2473 1185 2512 non
1234 2457 1460 2513 dicimus
1491 2474 1589 2513 me
1618 2468 1727 2514 tres
1754 2458 1914 2525 Deos,
1967 2475 2067 2517 nec

477 2552 589 2599 tres
614 2544 805 2609 bonos,
842 2561 943 2601 nec
970 2554 1079 2601 tres
1108 2548 1245 2617 pios,
1297 2564 1397 2602 nec
1429 2557 1538 2607 tres
1559 2547 1753 2617 justus,
1807 2563 1907 2604 nec
1956 2558 2066 2605 tres

478 2639 900 2709 omnipotentes,
938 2639 1030 2694 sed
1073 2656 1234 2695 unum
1265 2639 1453 2704 Deum,
1498 2640 1719 2707 bonum,
1761 2642 1931 2711 pium,
1974 2641 2065 2711 ju-

477 2739 639 2797 stum,
675 2731 1127 2802 omnipotentem,
1161 2732 1375 2788 Patrem
1419 2741 1475 2788 et
1502 2731 1694 2793 Filium
1725 2742 1780 2787 et
1804 2733 2063 2804 Spiritum

477 2829 722 2879 sanctum
748 2841 766 2881 ξ
795 2821 884 2876 ubi
912 2831 995 2876 est
1023 2838 1125 2877 una
1157 2833 1365 2888 natura,
1398 2824 1659 2891 essentia,
1696 2824 1781 2878 vel
1820 2825 2065 2879 substan-

478 2915 576 2969 tia.
615 2915 911 2983 Quodlibet
950 2918 1091 2972 enim
1120 2917 1186 2972 de
1217 2917 1298 2979 bis
1330 2916 1634 2975 nominibus
1679 2918 1732 2972 in
1763 2917 1852 2972 illa
1878 2926 2065 2973 sancta

476 3019 792 3076 omniaque
820 3007 1083 3067 Trinitate
1107 3010 1327 3073 dixeris,
1379 3025 1543 3065 unum
1575 3009 1827 3079 idemque
1869 3009 2066 3081 signiﬁ-

474 3104 583 3152 cat.
615 3096 735 3154 Non
762 3106 847 3154 est
874 3098 1085 3157 diversa
1117 3097 1290 3159 Patris
1318 3109 1372 3154 et
1402 3098 1521 3154 Filii
1550 3107 1604 3154 et
1630 3098 1862 3169 Spiritus
1889 3100 2062 3154 sancti
2090 3123 2139 3187 ρ

477 3187 731 3248 essentia.
774 3187 929 3256 Quod
957 3189 1002 3243 si
1028 3198 1189 3251 esset,
1224 3204 1323 3250 nec
1351 3190 1617 3244 veraciter
1643 3188 1809 3244 Filius
1842 3204 1873 3245 a
1900 3187 2060 3244 Patre

479 3282 806 3351 gigneretur,
860 3297 962 3340 nec
1005 3282 1238 3353 Spiritus
1271 3289 1489 3338 sanctus
1533 3297 1563 3335 a
1610 3280 1769 3337 Patre
1817 3281 2062 3357 Filioque

475 3371 811 3443 procederet.
854 3371 960 3431 Sed
982 3372 1107 3444 quia
1136 3387 1295 3429 verus
1324 3380 1406 3426 est
1433 3368 1625 3437 Filius,
1674 3370 1729 3425 id
1757 3379 1841 3426 est
1879 3368 1948 3426 de
1975 3386 2061 3426 es-

473 3461 649 3517 sentia
684 3459 856 3520 Patris
874 3462 1112 3530 genitus,
1155 3477 1317 3517 verus
1357 3470 1439 3516 est
1464 3468 1519 3515 et
1547 3459 1778 3532 Spiritus
1819 3466 2057 3523 sanctus,

474 3567 508 3609 ο
536 3553 697 3611 Patre
728 3552 968 3633 Filioque
997 3553 1316 3625 procedens.
1358 3552 1512 3621 Quod
1541 3554 1587 3608 si
1612 3552 1777 3631 Filius
1802 3560 1895 3607 aut
1940 3552 2061 3623 Spi-

472 3645 608 3701 ritus
633 3653 850 3703 sanctus
879 3644 1101 3700 alterius
1126 3645 1339 3714 generis
1378 3652 1504 3698 sunt
1530 3659 1690 3714 quam
1731 3641 1912 3712 Pater,
1964 3657 2061 3700 nec

473 3733 647 3791 Filius
696 3735 963 3792 veraciter
1006 3734 1182 3796 Patris
1223 3744 1328 3802 est,
1376 3749 1537 3804 quem
1574 3742 1892 3796 extraneum
1935 3733 2065 3789 facit

471 3826 726 3883 diﬁerens
751 3828 1026 3893 essentia;
1074 3827 1322 3882 similiter
1349 3841 1450 3881 nec
1493 3825 1724 3895 Spiritus
1764 3818 1982 3881 san'ctus
2029 3842 2059 3880 a

473 3916 635 3974 Patre
656 3916 901 3989 Filioque
921 3918 1259 3989 procederet,
1285 3916 1430 3986 quod
1456 3916 1721 3971 dementis
1741 3925 1823 3975 est
1846 3917 2057 3973 dicere:

473 4009 600 4077 quia
629 4016 815 4063 sancta
844 4008 1141 4078 Scriptura,
1186 4017 1243 4063 et
1269 4007 1460 4063 Filium
1510 4023 1539 4061 a
1591 4011 1751 4063 Patre
1793 4009 2056 4078 genitum,

456 4108 531 4163 et
556 4098 811 4170 Spiritum
842 4108 1088 4156 sanctum
1118 4116 1148 4155 a
1179 4100 1338 4161 Patre
1366 4100 1758 4172 procedentem
1784 4102 1925 4161 lideli
1957 4117 2064 4157 ma.

471 4192 688 4248 nifestat
719 4194 1053 4248 narratione.

1086 4325 1315 4381 CAPUT
1353 4324 1447 4387 1ης
1490 4344 1503 4357 ’

543 4433 689 4503 Ergo
715 4444 837 4491 sunt
857 4436 959 4492 tria
979 4436 1224 4506 qumdam
1244 4447 1539 4505 coteterua,
1565 4439 2055 4507 consubstantialia,

468 4526 867 4583 eoessentialia.
895 4527 1001 4583 Sed
1031 4543 1153 4583 cum
1182 4536 1513 4599 quaereretur
1540 4545 1570 4583 a
1599 4529 1865 4598 Patribus,
1889 4541 1944 4586 et
1970 4532 2055 4587 di-

466 4625 720 4674 ceretur:
776 4616 916 4685 Quid
959 4618 1060 4675 tria
1085 4619 1110 4671 ?
1137 4621 1237 4679 nec
1264 4620 1544 4686 essentias,
1577 4635 1679 4682 nec
1704 4622 2054 4687 substantias,

465 4724 570 4764 nec
600 4717 821 4765 naturas
849 4707 1030 4763 dicere
1058 4710 1174 4764 ausi
1201 4719 1328 4765 sunt
1355 4729 1371 4778 ;
1403 4727 1469 4766 ne
1497 4711 1677 4785 aliqua
1705 4711 1847 4768 forte
1870 4712 2051 4768 diver-

465 4804 600 4858 sitas
645 4803 962 4857 crederetur
1009 4803 1390 4868 essentiamm,
1438 4812 1533 4863 aut
1576 4812 1912 4873 naturarum,
1961 4813 2057 4868 aut

464 4895 929 4950 substantiarum:
983 4894 1079 4950 sed
1104 4896 1354 4951 dixerunt
1398 4905 1509 4951 tres
1556 4910 1837 4966 personas,
1886 4912 2051 4953 unam

466 4986 756 5043 essentiam
783 5005 795 5039 :
830 4986 907 5040 uti
939 5002 1041 5041 una
1071 4989 1305 5044 essentia
1332 4988 1634 5044 declararet
1660 4987 1828 5045 Deum
1859 5004 2049 5055 unum,

463 5088 576 5135 tres
600 5087 780 5134 autem
804 5092 1052 5149 personas
1072 5088 1316 5136 sanctam
1338 5079 1654 5140 Trinitatem
1677 5079 2050 5143 ostenderent,

461 5166 574 5224 Nec
597 5169 703 5224 hoc
728 5168 975 5234 dicimus,
1026 5169 1171 5241 quod
1222 5168 1591 5225 tantummodo
1634 5167 1776 5225 Deus
1816 5168 2049 5232 Trinitas

466 5259 561 5328 sit,
594 5267 649 5314 et
674 5276 781 5315 non
814 5275 1151 5331 unaquaeque
1179 5275 1432 5330 persona.
1471 5259 1604 5315 Nam
1633 5268 1688 5316 et
1716 5259 1878 5318 Pater
1904 5260 2051 5316 solus

463 5350 606 5405 Deus
627 5358 727 5415 est,
752 5360 806 5406 et
834 5350 1000 5406 Filius
1029 5350 1177 5412 solus
1204 5350 1344 5405 Deus
1363 5360 1464 5417 est,
1497 5358 1554 5407 et
1572 5350 1805 5423 Spiritus
1824 5358 2045 5408 sanctus

459 5441 608 5495 solus
634 5441 776 5496 Deus
796 5450 897 5497 est.
929 5441 1088 5496 Solus
1116 5440 1258 5501 dico,
1286 5442 1411 5509 quia
1441 5441 1602 5497 Pater
1628 5456 1736 5496 non
1757 5448 1841 5496 est
1858 5439 2024 5506 Filius

460 5538 518 5585 et
541 5530 707 5587 Filius
735 5547 844 5587 non
880 5538 962 5586 est
992 5530 1176 5599 Pater,
1222 5540 1277 5588 et
1306 5531 1536 5602 Spiritus
1581 5542 1801 5589 sanctus
1826 5547 1935 5587 non
1964 5538 2047 5586 est

458 5621 621 5679 Pater
659 5631 753 5678 aut
803 5621 985 5676 Filius.
1051 5621 1318 5679 Caeterum
1364 5624 1595 5679 Trinitas
1651 5623 2043 5694 inseparabilis,

460 5710 933 5778 incommutabilis,
983 5712 1191 5770 infinita
1219 5729 1328 5770 non
1357 5716 1548 5792 recipit
1577 5724 1685 5771 tres
1721 5715 1872 5784 deos,
1904 5714 2044 5771 sicut

2171 1824 2305 1878 visio
2359 1824 2519 1877 trium
2567 1822 2804 1877 virorum
2852 1829 2907 1875 et
2956 1822 3111 1876 unius
3159 1820 3369 1875 Domini
3417 1820 3754 1896 deprecatio.

2170 1914 2237 1971 Et
2263 1934 2275 1967 :
2306 1915 2447 1973 Pluit
2473 1914 2721 1973 Dominus
2752 1930 2783 1965 a
2815 1912 3035 1967 Domino
3064 1928 3216 1980 super
3246 1911 3529 1966 Sodomam
3559 1923 3610 1969 et
3641 1912 3757 1971 Cos.

2168 2005 2433 2060 morr/tam
2461 2004 2678 2075 sulphur
2705 2011 2753 2056 et
2775 2003 2947 2074 ignem
2969 2019 2999 2054 a
3025 2001 3244 2056 Domino
3270 2000 3479 2071 (Cenes.
3504 2019 3616 2067 nx,
3640 2002 3757 2073 Ei),

2168 2095 2237 2149 Et
2261 2114 2272 2148 :
2298 2094 2447 2149 Dixit
2470 2094 2723 2149 Dominus
2750 2093 2976 2147 Domino
3008 2108 3150 2147 meo:
3184 2092 3318 2173 Sed;
3348 2110 3379 2145 a
3401 2094 3601 2147 dextris
3630 2098 3758 2149 meis

2171 2186 2343 2256 (Psal.
2368 2201 2478 2249 (nx,
2505 2184 2599 2254 1);
2642 2183 2749 2239 Et:
2808 2184 2976 2238 Verbo
3011 2182 3221 2237 Domini
3255 2184 3367 2237 coeli
3392 2185 3590 2253 firmati
3612 2194 3757 2253 sunt,

2168 2284 2216 2337 at
2259 2277 2462 2346 Spiritu
2502 2277 2609 2332 oris
2635 2277 2748 2348 ejus
2777 2276 2945 2334 omnis
2986 2275 3146 2333 virtus
3170 2291 3346 2333 eorum
3377 2273 3550 2346 (Psal.
3584 2292 3759 2347 xxxii,

2170 2366 2248 2438 6).
2309 2366 2445 2433 Quid
2491 2367 2635 2425 aliud
2685 2368 2798 2421 lucc
2846 2381 3008 2435 quam
3052 2365 3369 2426 Trinitatem
3423 2367 3761 2429 ostendunt?

2170 2455 2530 2527 Apertiusque
2555 2471 2685 2511 sane
2712 2456 2970 2511 Dominus
3002 2454 3054 2509 in
3086 2454 3417 2523 Evangelio:
3461 2455 3564 2523 Ite,
3588 2456 3756 2527 bapti-

2176 2561 2288 2603 zate
2312 2564 2488 2605 omnes
2514 2559 2688 2619 gentes
2708 2549 2761 2603 in
2788 2550 2994 2603 nomine
3023 2546 3227 2612 Patris,
3242 2557 3295 2601 et
3321 2546 3478 2612 Filii,
3502 2557 3553 2601 et
3585 2550 3759 2620 Spiris
3852 2592 3857 2597 .

2171 2650 2251 2695 tus
2275 2641 2443 2695 sancti
2466 2638 2679 2710 (Matth.
2711 2655 2893 2703 xxvut,
2924 2637 3041 2706 19).,
3088 2637 3153 2692 Et
3180 2655 3393 2698 rursum
3420 2656 3437 2699 :
3468 2636 3636 2693 Facta
3677 2650 3759 2702 est

2167 2747 2267 2786 uox
2314 2731 2377 2784 de
2406 2733 2528 2787 creto
2569 2730 2786 2786 dicens:
2819 2728 2922 2783 llic
2968 2739 3046 2783 est
3084 2728 3131 2781 F
3136 2729 3255 2783 ilius
3306 2746 3451 2785 meus
3495 2731 3754 2795 dilectus:

2141 2824 2336 2897 (ipsum
2357 2817 2534 2875 audite
2565 2820 2779 2890 (Matth.
2802 2836 2930 2883 xvu,
2956 2817 3034 2888 5).
3075 2818 3477 2890 ldentidemque
3506 2823 3599 2886 ait,
3630 2822 3758 2878 Vidi

2170 2912 2425 2982 Spiritum
2450 2911 2549 2967 Dei
2576 2911 2988 2977 descendentem,
3013 2920 3061 2971 et
3089 2922 3380 2971 manentem
3408 2914 3541 2974 sicut
3562 2914 3759 2979 cottana

2169 3001 2286 3057 bam
2306 3005 2360 3058 in
2389 3005 2501 3074 ipso
2533 3003 2712 3074 (Joan.
2737 3019 2774 3067 ι,
2803 3002 2917 3075 52).

2792 3133 3018 3194 CAPUT
3052 3135 3138 3190 IV.

2236 3244 2316 3303 Eu
2365 3245 2534 3301 babes
2571 3245 2625 3307 in
2681 3245 2831 3302 brevi
2862 3246 3023 3306 alium
3054 3261 3174 3305 esse
3202 3245 3438 3315 Patrem,
3481 3248 3643 3307 alium
3674 3248 3760 3312 Pi.

2166 3337 2318 3400 lium,
2352 3337 2515 3391 alium
2556 3337 2816 3408 Spiritum
2844 3347 3129 3396 sanctum:
3181 3340 3344 3395 alium
3395 3350 3452 3397 et
3491 3342 3656 3398 alium
3698 3344 3760 3407 in

2166 3441 2424 3497 persona,
2456 3443 2563 3483 non
2595 3427 2740 3485 aliud
2788 3435 2843 3483 et
2878 3428 3020 3484 aliud
3068 3430 3121 3484 in
3168 3440 3401 3495 natura;
3450 3440 3508 3487 et
3553 3432 3764 3493 idcirco.

2166 3518 2303 3592 Ego,
2336 3519 2529 3589 inquit,
2579 3528 2628 3574 et
2661 3519 2825 3574 Pater
2873 3538 3033 3575 unum
3082 3538 3255 3578 sumus
3306 3522 3486 3596 (Joan.
3532 3541 3590 3590 x,
3639 3526 3755 3597 50).

2170 3612 2363 3680 Unum,
2395 3613 2461 3667 ad
2492 3620 2737 3667 naturam
2789 3611 2993 3668 referre
3042 3629 3141 3668 nos
3189 3613 3367 3681 docet,
3418 3614 3634 3685 Sumus,
3680 3615 3757 3671 ad

2162 3722 2441 3779 personas.
2483 3705 2741 3762 Similiter
2784 3713 2839 3761 et
2887 3706 3055 3760 illud:
3090 3705 3216 3761 Tres
3244 3717 3385 3773 sunt,
3431 3709 3625 3777 inquit,
3667 3709 3760 3781 qui

2165 3798 2508 3855 testimonium
2536 3798 2714 3851 dicunt
2734 3798 2787 3851 in
2817 3798 2963 3862 caelo,
2995 3798 3180 3865 Pater,
3220 3799 3470 3868 Verbum,
3503 3810 3552 3857 et
3579 3802 3761 3874 Spiri-

2165 3900 2263 3955 tus,
2289 3899 2338 3944 et
2357 3890 2411 3944 hi
2433 3899 2537 3950 tres,
2556 3906 2713 3943 unum
2733 3897 2853 3943 sunt
2874 3889 2930 3961 (Ι
2956 3888 3114 3945 Joan.
3145 3906 3200 3958 ν,
3229 3891 3304 3961 7).
3337 3893 3533 3948 Audiat
3559 3894 3759 3953 Sabel-

2165 3982 2267 4040 lius
2295 4000 2490 4049 sumus,
2519 3982 2703 4038 audiat
2734 3992 2859 4048 tres,
2892 3990 2947 4038 et
2973 3983 3158 4039 credat
3184 4000 3307 4040 esse
3335 3993 3445 4042 tres
3469 4002 3761 4056 personas,

2169 4082 2225 4130 et
2265 4089 2373 4136 non
2401 4073 2665 4142 sacrilego
2710 4071 2878 4128 corde
2917 4072 3270 4142 blasphemet,
3306 4074 3536 4131 dicendo
3578 4076 3761 4146 ipsum

2161 4168 2266 4223 sibi
2286 4181 2409 4222 esse
2437 4167 2671 4230 Patrem,
2704 4166 2878 4237 ipsum
2906 4166 3009 4222 sibi
3039 4165 3257 4234 Filium,
3290 4167 3468 4238 ipsum
3496 4169 3599 4225 sibi
3628 4168 3761 4242 Spi—.

2160 4260 2323 4321 ritum
2366 4269 2650 4319 sanctum:
2699 4267 2952 4328 tanquam
3007 4258 3172 4314 modo
3223 4259 3460 4330 quodam
3507 4261 3764 4332 seipsum

2160 4351 2364 4419 gignat,
2394 4357 2489 4404 aut
2516 4348 2678 4405 modo
2699 4348 2934 4418 quodam
2982 4364 3013 4403 a
3061 4349 3240 4420 seipso
3287 4350 3403 4420 ipse
3448 4352 3759 4421 procedat;

2160 4458 2283 4498 eum
2314 4443 2419 4497 hoc
2447 4442 2614 4505 etiam
2658 4442 2711 4501 in
2742 4441 2948 4495 naturis
2994 4442 3192 4497 creatis
3238 4442 3460 4496 minimc
3505 4444 3763 4499 invenire

2160 4532 2362 4603 possit,
2411 4539 2469 4586 ut
2508 4530 2705 4599 aliquid
2750 4530 2985 4600 seipsum
3032 4531 3252 4606 gignere
3296 4533 3490 4586 valeat.
3551 4534 3764 4589 Audiat

2159 4627 2369 4683 scilicet
2397 4633 2454 4679 et
2473 4625 2656 4697 Arius,
2685 4622 2883 4691 Unum,
2907 4631 3098 4687 et-non
3125 4623 3420 4686 diﬂ‘erentis
3447 4624 3638 4680 Filium
3668 4626 3765 4682 di-

2158 4726 2247 4774 cat
2275 4731 2394 4772 esse
2425 4723 2648 4779 naturm,
2701 4728 2824 4769 eum
2862 4724 3053 4771 natura
3083 4715 3293 4771 diversa
3318 4700 3484 4779 unum
3511 4717 3615 4773 diei
3648 4734 3763 4774 ne-

2158 4814 2341 4877 queat.
2383 4804 2551 4860 Filius
2578 4805 2760 4873 itaque
2789 4804 3005 4871 clamat,
3035 4804 3149 4877 Ego
3167 4814 3218 4865 et
3256 4805 3421 4867 Pater
3458 4822 3618 4862 unum
3659 4825 3766 4863 su—

2158 4914 2271 4961 mus
2303 4896 2483 4968 (Joan.
2507 4912 2564 4961 χ,
2593 4896 2685 4967 '50)
2711 4914 2727 4962 ;
2759 4906 2813 4952 et
2837 4916 2851 4951 :
2885 4896 2987 4962 Qui
3008 4914 3090 4952 me
3108 4898 3261 4965 videt,
3290 4899 3427 4955 ridet
3454 4908 3506 4954 et
3529 4898 3766 4956 Patrem

2154 4986 2337 5060 (Joau.
2369 5002 2476 5053 xxv,
2507 4986 2585 5056 9).
2630 4985 2698 5042 Et
2720 4988 3014 5058 Apostolus
3034 4987 3102 5043 de
3129 5004 3232 5044 eo:
3269 4988 3369 5054 Qui
3396 5006 3513 5045 cum
3546 4992 3602 5045 in
3630 4993 3765 5063 [or-

2150 5093 2235 5138 ma
2256 5076 2374 5141 Dei,
2405 5077 2599 5147 inquit,
2628 5087 2783 5146 esset,
2812 5095 2919 5134 non
2940 5080 3182 5150 rapinam
3204 5080 3491 5136 arbitratus
3516 5090 3594 5136 est
3632 5099 3769 5138 esse

2148 5183 2203 5243 se
2221 5166 2470 5239 wqualem
2490 5166 2602 5227 Deo
2626 5166 2846 5240 (Philip.
2872 5184 2928 5233 ιι,
2954 5166 3009 5237 6)
3038 5185 3052 5233 ς
3085 5177 3142 5224 et
3166 5186 3178 5219 :
3211 5168 3520 5239 Propterea,
3566 5171 3766 5241 inquit

2150 5259 2206 5314 in
2234 5258 2547 5327 Evangelio,
2577 5260 2876 5330 qutzrebant
2895 5258 3069 5319 Judaei
3088 5259 3266 5315 Iesum
3287 5262 3600 5332 interﬁcere,
3620 5262 3770 5334 quia

2148 5368 2254 5413 non
2279 5351 2446 5405 solum
2465 5350 2692 5405 solvebat
2715 5349 3006 5416 sabbatum,
3044 5351 3138 5411 sed
3164 5359 3215 5405 et
3245 5351 3458 5406 Patrem
3486 5368 3639 5407 suum
3663 5354 3767 5409 di-

2148 5443 2291 5497 cebat
2327 5443 2509 5509 Deum,
2544 5443 2793 5516 (aqualem
2832 5460 2888 5497 se
2926 5444 3124 5515 faciens
3154 5443 3273 5501 Deo
3310 5444 3490 5515 (Joan.
3523 5461 3578 5512 ν,
3624 5445 3761 5516 18).

2147 5532 2217 5591 Et
2245 5533 2402 5588 Arius
2445 5532 2762 5602 blasphemo
2790 5533 2983 5602 spiritu
3025 5534 3390 5595 contradicit:
3446 5535 3565 5600 Non
3612 5553 3734 5592 sun

2144 5639 2332 5689 unum,
2359 5638 2465 5681 non
2491 5631 2617 5686 sunt
2642 5624 2893 5691 aequales,
2925 5624 3051 5694 quia
3081 5625 3194 5695 ipse
3216 5624 3383 5682 Filius
3403 5625 3474 5683 de
3488 5640 3550 5682 se
3567 5626 3710 5683 dicit
3741 5646 3766 5685 :

2146 5711 2309 5768 Pater
2347 5713 2520 5785 major
2548 5730 2630 5768 me
2656 5723 2734 5769 est
2762 5712 2939 5786 (Joan.
2973 5731 3082 5781 xiv,
3113 5714 3245 5787 28);
3284 5725 3340 5773 et
3367 5717 3590 5781 missum
3619 5731 3773 5781 sese
