4048 6342
277 340 372 395 501

1430 336 1516 391 DE
1553 333 1915 392 TRINITATE
1952 332 2151 389 LIBER
2189 331 2386 391 UNUS.

3424 348 3531 406 502

274 464 647 521 smpenumero
671 464 701 503 s
725 448 884 502 Patre
913 454 1159 504 testatur.
1197 444 1243 502 Ο
1289 446 1469 505 infelix
1515 463 1668 503 error
1695 446 1853 517 pesti-
1879 454 1925 512 Α
1956 444 2046 499 ille
2090 445 2207 499 sine
2253 447 2603 515 ambiguitate
2634 448 2798 504 Deum
2828 452 3018 508 credit.
3067 452 3144 510 Dc
3184 455 3319 513 Filio
3346 469 3528 519 autem

272 542 496 612 {eraque
524 541 790 605 doctrina,
841 540 1093 609 ignorans
1127 539 1576 610 dispensationem
1618 538 1851 593 hominis

270 635 346 690 ob
388 633 621 689 salutem
660 630 874 701 generis
923 631 1142 699 humani
1198 630 1568 699 temporaliter
1612 628 1845 684 factam!

273 726 450 792 Rogo,
472 719 771 777 secundum
800 719 927 788 quid
957 718 1128 787 major
1154 726 1239 775 est
1270 720 1426 772 l'ater
1452 718 1632 772 Filio?
1660 732 1851 773 secun-

271 814 399 869 dum
419 809 794 876 substantiam,
822 824 889 864 an
910 808 1203 864 secundum
1231 808 1545 878 potentiam,
1574 823 1643 861 an
1661 822 1854 863 secun—

281 904 413 957 dum
439 902 757 963 bonitatem,
801 915 869 954 an
907 898 1198 954 secundum
1228 899 1739 969 incorporalitatem,
1785 913 1854 952 an

276 988 579 1045 secundum
627 987 983 1043 aeternitatem
1016 990 1039 1041 ξ’
1077 986 1133 1042 Si
1175 987 1501 1043 innascibilis
1540 987 1634 1042 Dei
1681 987 1855 1043 Patris

278 1081 594 1151 Unigenitus
616 1081 759 1135 Deus
784 1079 959 1148 imago
987 1087 1098 1145 est,
1129 1080 1380 1151 perfectae
1407 1092 1569 1150 atque
1596 1083 1855 1138 absoluta:

270 1177 329 1233 In
376 1190 445 1229 eo
490 1174 804 1229 substantirc
839 1174 1038 1230 veritas
1085 1174 1241 1238 inest,
1291 1191 1390 1244 per
1435 1190 1596 1244 quam
1624 1175 1857 1231 efficitur

271 1277 397 1320 esse
422 1279 548 1318 eum
578 1263 863 1332 imaginem
889 1264 1149 1319 veritatis.
1192 1262 1392 1320 Potens
1420 1274 1505 1322 est
1536 1266 1710 1332 Pater,
1757 1266 1854 1321 sed

269 1356 316 1411 si
348 1352 593 1409 infirmus
614 1362 697 1409 est
726 1354 911 1420 Filius,
956 1354 1132 1424 imago
1164 1354 1276 1424 jam
1314 1372 1425 1410 non
1471 1366 1555 1411 est
1597 1358 1851 1426 potentis.

269 1443 457 1499 Bonus
482 1451 565 1499 est
593 1442 772 1505 Pater,
803 1443 898 1497 sed
936 1443 980 1496 si
1008 1443 1059 1497 in
1091 1444 1289 1499 diversi
1333 1446 1546 1513 generis
1574 1445 1855 1500 divinitate

271 1533 445 1589 Filius
467 1542 572 1597 est,
611 1534 740 1588 boni
782 1534 1065 1602 imaginem
1095 1536 1220 1589 mali
1248 1545 1439 1590 natura
1490 1552 1597 1591 non
1647 1536 1854 1592 reddet.

271 1612 633 1695 incorporeus
656 1622 814 1678 Pater
837 1633 938 1689 est,
969 1624 1069 1681 sed
1097 1625 1143 1680 si
1168 1625 1334 1681 Filius
1370 1626 1662 1681 secundum
1700 1626 1858 1696 spiri-

271 1725 389 1770 tum
419 1715 858 1793 circumscriptus
883 1723 968 1771 est
1007 1731 1253 1786 corpore,
1287 1717 1398 1785 jam
1420 1717 1726 1787 incorporei
1749 1733 1855 1773 non

1954 536 2040 590 vel
2068 535 2135 590 de
2162 537 2362 606 Spiritu
2392 551 2580 594 sancto
2602 542 2777 595 omnis
2803 557 2939 611 pene
2960 544 3065 600 hoc
3085 553 3273 604 sancta
3293 547 3533 621 Scriptu-

1952 641 2013 681 ra
2038 635 2293 693 resonat;
2342 628 2435 683 sed
2466 645 2564 699 pro
2604 630 2867 687 brevitate
2910 637 3175 693 sermonis
3202 652 3375 709 panes
3403 642 3528 700 inde

1906 795 1915 805 Δ
1954 715 2341 785 decerpsimus.
2384 718 2644 774 Minorem
2674 730 2879 788 autem,
2929 733 3021 778 aut
3067 726 3287 783 missum
3337 728 3531 799 Filium

1954 806 2247 860 secundum
2279 807 2330 860 id
2360 808 2628 865 credimus
2653 811 2799 880 quod
2835 820 2892 866 et
2919 811 3215 883 'Apostolus
3257 819 3349 880 ait,
3383 818 3534 877 Misit

1954 896 2095 955 Deus
2122 897 2318 952 Filium
2345 915 2493 955 suum
2518 903 2712 972 factum
2737 919 2802 956 ea:
2825 905 3057 969 muliere,
3090 909 3280 978 factum
3309 911 3400 963 sub
3421 911 3533 982 lege

1957 986 2157 1057 (Galat.
2187 1004 2258 1053 IV,
2281 987 2368 1059 τί).
2394 986 2628 1045 'Factum
2657 1000 2835 1047 autem
2866 1008 2935 1048 ex
2964 996 3219 1061 muliere,
3252 998 3307 1053 id
3354 1009 3435 1056 cst
3463 1003 3533 1057 de

1957 1077 2173 1146 Virgine
2214 1074 2379 1133 Maria
2421 1088 2643 1135 natum:
2698 1082 2823 1152 quia
2871 1084 2962 1138 ille
3003 1086 3094 1154 qui
3124 1095 3241 1142 erat
3264 1097 3424 1147 natus
3463 1108 3533 1148 ex

1956 1154 2116 1221 Patre
2144 1168 2262 1224 sine
2287 1168 2442 1225 initio
2482 1170 2550 1225 de
2572 1179 2744 1227 matre
2773 1174 3050 1231 nascendo
3087 1179 3297 1249 accepit
3321 1188 3536 1237 certum

1957 1256 2214 1326 temporis
2242 1257 2470 1313 initium.
2504 1257 2605 1323 Qui
2624 1261 2786 1315 etiam
2814 1278 2931 1315 cum
2959 1265 3014 1317 in
3044 1267 3210 1333 fonna
3246 1266 3342 1321 Dei
3377 1281 3539 1337 esset,

1956 1345 2127 1415 inquit
2140 1345 2447 1416 Apostolus,
2464 1365 2569 1404 non
2587 1352 2826 1420 rapinam
2847 1352 3124 1409 arbitratus
3145 1364 3220 1410 est
3233 1374 3344 1412 esse
3361 1366 3541 1430 cquaé

1957 1440 2021 1493 lis
2051 1440 2179 1507 Deo,
2212 1441 2300 1494 sed
2316 1443 2644 1512 semetipsum
2668 1444 2957 1499 exinanivit
2985 1448 3208 1516 formam
3232 1453 3363 1503 serri
3393 1455 3536 1505 acci-

1957 1532 2126 1600 piens,
2157 1532 2211 1584 in
2237 1531 2575 1586 similitudine
2608 1533 2873 1588 hominum
2900 1536 3086 1605 factus,
3131 1546 3181 1590 et
3232 1538 3406 1593 habitu
3447 1542 3534 1593 in-

1957 1630 2135 1675 ventus
2155 1631 2210 1675 ut
2226 1622 2397 1690 homo,
2419 1624 2708 1677 humiliavit
2728 1640 2783 1678 se
2802 1641 2962 1695 usque
2980 1626 3050 1679 ad
3068 1634 3300 1693 mortem,
3319 1638 3540 1684 mortem

1959 1721 2131 1766 autent
2170 1715 2338 1768 crucis
2386 1714 2608 1785 (Philip.
2639 1730 2697 1781 ll,
2739 1714 2815 1784 6).
2850 1713 2950 1780 Qui
2979 1733 3094 1771 cum
3119 1720 3172 1773 in
3212 1721 3384 1791 forma
3417 1711 3540 1784 Dei,

270 1818 357 1863 est,
382 1806 560 1862 forma
587 1822 897 1877 corporeus,
942 1807 1201 1863 IElcrnus
1425 1817 1511 1864 est,
1540 1807 1716 1874 Pater,
1761 1809 1857 1864 sed
1888 1794 1933 1855 Β
1961 1804 2054 1867 ait,
2087 1815 2239 1873 esset,
2270 1806 2323 1861 id
2350 1815 2433 1861 est
2458 1822 2579 1861 cum
2608 1807 2907 1863 substantia
2938 1810 3078 1865 Deus
3106 1820 3272 1878 esset,
3304 1828 3413 1869 non
3447 1827 3537 1867 ra-

272 1899 318 1952 si
343 1896 513 1953 Filius
542 1912 652 1952 non
679 1904 764 1952 est
808 1905 1131 1965 coaeternus,
1181 1899 1551 1968 temporaliter
1579 1898 1726 1954 Patri
1754 1915 1856 1954 no.

271 2007 398 2045 men
425 1989 768 2059 paternitatis
807 1990 1075 2057 accessit;
1122 1998 1179 2045 et
1219 1991 1332 2059 jam
1379 2007 1486 2047 non
1527 1992 1710 2046 omnia
1759 2007 1857 2062 per

276 2080 512 2135 Verbum
538 2080 678 2136 facta
701 2088 847 2155 sqnt,
884 2081 1010 2150 quia
1036 2081 1301 2150 reperitur
1334 2090 1546 2150 tempus
1576 2089 1702 2137 ante
1731 2081 1861 2136 Ver-

270 2171 405 2225 bum
434 2170 691 2235 anterius,
738 2169 952 2238 quando
977 2169 1137 2225 Pater
1179 2170 1343 2227 fuerit
1386 2173 1503 2227 sine
1546 2172 1703 2227 Filio.
1748 2170 1855 2228 Sed

278 2254 572 2331 imaginem
601 2260 698 2316 Dei
724 2260 901 2316 Patris
946 2261 1202 2329 Verbum,
1249 2273 1304 2317 et
1330 2264 1509 2318 omnia
1537 2278 1636 2333 per
1683 2263 1856 2333 ipsum

272 2353 419 2407 facta
447 2350 725 2420 Scriptura
754 2350 1032 2406 evidenter
1058 2351 1319 2407 declarat.
1363 2352 1443 2407 An
1480 2352 1619 2408 forte
1658 2354 1725 2408 ad
1754 2355 1857 2409 hoc

270 2442 453 2511 impia:
480 2441 829 2512 professionis
848 2456 958 2495 sum
976 2456 1190 2496 sensum
1214 2450 1496 2511 propagat,
1522 2451 1580 2496 ut
1600 2442 1857 2514 Spiritum

277 2541 532 2588 sancttm
560 2532 758 2587 bonum
810 2531 1044 2600 quidem,
1094 2531 1190 2587 sed
1226 2531 1423 2587 Filium
1461 2532 1763 2598 meliorem,
1804 2541 1860 2587 et

271 2620 496 2679 Patrem
517 2621 777 2691 optimum
805 2635 926 2675 esse
945 2621 1169 2685 credat,
1212 2628 1304 2675 aut
1328 2619 1587 2690 Spiritum
1613 2629 1858 2677 sanctum

269 2721 573 2783 potentem,
604 2709 699 2766 sed
728 2709 918 2766 Filium
941 2710 1328 2780 potentiorem,
1356 2719 1412 2765 et
1433 2709 1647 2766 Patrem
1668 2720 1855 2781 poten-

272 2803 542 2858 tissimum
577 2816 739 2857 sensu
766 2800 1028 2870 sacrilego
1056 2808 1299 2866 astruat;
1349 2809 1444 2855 aut
1469 2809 1714 2855 sanctum
1744 2800 1861 2870 Spi-

272 2897 443 2950 ritum
464 2894 701 2963 justum,
749 2892 844 2947 sed
870 2891 1062 2945 Filium
1103 2890 1408 2960 justiorem,
1438 2900 1494 2946 et
1523 2890 1736 2946 Patrem
1760 2890 1852 2960 ju-

275 2985 577 3043 stissimum
599 2983 1018 3054 blasphemando
1037 2982 1309 3037 edoceat?
1344 2981 1484 3051 Ergo
1511 2998 1616 3037 non
1649 2991 1861 3038 tenetur

273 3076 381 3130 sub
431 3076 591 3130 unius
638 3075 731 3129 Dei
783 3072 1136 3144 professione,
1178 3074 1271 3129 sed
1321 3074 1662 3130 ethnicorum
1701 3089 1854 3130 more

1956 1895 2075 1965 puit
2098 1894 2379 1956 deitatem,
2406 1911 2567 1965 quam
2594 1898 2911 1953 naturaliter
2937 1899 3168 1955 habebat
3191 1917 3312 1957 cum
3345 1904 3533 1968 Patre;

1956 1983 2050 2038 sed
2079 1982 2431 2053 semetipsum
2461 1984 2776 2051 exinanivit,
2801 1987 2851 2040 id
2894 1995 2999 2055 est,
3041 2004 3147 2042 non
3189 1990 3247 2043 in
3292 1989 3350 2043 id
3390 1991 3539 2059 quod

1958 2073 2101 2131 Deus
2125 2082 2228 2141 est,
2259 2083 2315 2130 et
2337 2076 2558 2145 aequalis
2579 2075 2747 2146 Patri,
2779 2080 2963 2147 generi
2992 2079 3226 2135 humano
3248 2081 3538 2152 apparuit;

1957 2166 2053 2222 sed
2079 2167 2296 2221 homine
2335 2175 2629 2237 assumpto,
2664 2184 2771 2225 non
2801 2168 2915 2226 Deo
2941 2180 3286 2241 consumpto,
3328 2171 3382 2228 in
3413 2174 3535 2229 unl-

1961 2263 2071 2312 tate
2098 2270 2364 2326 personm,
2414 2266 2470 2313 et
2498 2258 2551 2312 in
2600 2259 2706 2314 hoc
2732 2260 2892 2330 333
2920 2262 3121 2317 mundo
3168 2264 3438 2333 apparuit,
3483 2271 3539 2319 et

1958 2348 2237 2417 passiones
2273 2350 2547 2417 sustinuit,
2595 2360 2653 2405 et
2700 2351 3011 2408 affectiones
3058 2352 3350 2417 humanas,
3404 2369 3540 2422 quas

1959 2437 2141 2493 decuit
2187 2446 2243 2492 ct
2278 2439 2471 2502 voluit,
2519 2441 2636 2495 sine
2678 2440 2810 2494 vitio
2851 2442 3185 2497 transcurrit.
3229 2442 3535 2498 Secundum

1959 2528 2098 2583 hanc
2126 2528 2350 2584 formam
2391 2530 2677 2584 humanam
2703 2545 2810 2585 non
2841 2539 2924 2586 est
2968 2533 3191 2602 :equalis
3237 2532 3405 2595 Patri,
3450 2531 3537 2585 di-

1959 2625 2119 2674 cente
2150 2620 2290 2689 ipso,
2323 2619 2485 2673 Pater
2514 2620 2684 2691 major
2709 2637 2789 2674 me
2815 2628 2891 2675 est
2928 2620 3106 2692 (Joan.
3139 2636 3248 2687 xw,
3281 2620 3393 2693 28).
3437 2621 3539 2678 Se-

1949 2708 2197 2777 cundum
2229 2710 2371 2763 illam
2400 2725 2528 2765 vero
2556 2726 2662 2779 qua
2692 2711 2915 2781 mqualis
2957 2711 3234 2778 est'Patri,
3278 2713 3389 2767 ait:
3421 2711 3538 2785 Ego

1963 2811 2013 2856 et
2044 2801 2203 2856 Pater
2229 2818 2385 2856 unum
2414 2818 2590 2856 sumus
2630 2802 2808 2873 (Joan.
2842 2820 2894 2870 x,
2929 2803 3043 2874 30).
3085 2803 3389 2860 Secundum
3436 2805 3541 2861 for»

1962 2907 2104 2947 mam
2133 2893 2440 2955 humanam,
2472 2893 2607 2946 venit
2646 2893 2700 2946 in
2741 2893 2989 2947 mundum
3031 2902 3322 2965 peccatores
3365 2895 3539 2950 salros

1964 2984 2206 3057 [acereU
2235 2984 2365 3039 Tim.
2401 3000 2439 3048 ι,
2464 2982 2551 3054 15)
2578 3002 2593 3045 ;
2637 2985 2930 3040 secundum
2958 2985 3214 3051 divinam,
3263 2987 3319 3040 in
3347 2988 3539 3041 mundo

1961 3083 2094 3140 erat,
2124 3084 2173 3128 et
2215 3074 2431 3128 mundus
2478 3091 2569 3143 per
2604 3076 2771 3144 ipsum
2809 3076 2978 3146 factus
3018 3083 3094 3129 est
3132 3074 3308 3145 (Joan.
3347 3090 3394 3141 t,
3427 3076 3535 3144 10).

274 3166 640 3236 plurimorum
674 3166 896 3219 deorum
935 3163 1103 3218 cultui
1132 3164 1487 3234 mancipatur,
1535 3163 1662 3219 dum
1690 3163 1860 3219 Deum
1887 3152 1932 3213 C
1963 3164 2030 3220 Et
2058 3166 2258 3220 idcirco
2279 3166 2411 3219 duas
2439 3165 2763 3220 substantias
2786 3166 2902 3221 sive
2930 3173 3168 3231 naturas,
3204 3166 3320 3221 sive
3340 3165 3542 3223 formas
3568 3170 3583 3223 ζ

282 3254 505 3308 Patrem
548 3253 833 3323 majorem,
866 3252 1163 3322 Filiumque
1199 3253 1481 3316 minorem,
1525 3260 1583 3306 et
1606 3251 1859 3323 Spiritum

276 3352 529 3400 sanctum
558 3344 842 3413 plusquam
883 3343 1147 3398 minorem
1185 3344 1602 3413 przesumptione
1629 3352 1863 3399 temera-

276 3440 364 3497 ria
396 3435 718 3505 suspicatur.
757 3433 926 3490 Deum
955 3434 1235 3504 majorem,
1284 3443 1341 3490 et
1380 3434 1550 3490 Deum
1594 3438 1858 3491 minorem

278 3528 486 3583 haheat
523 3542 678 3582 error
701 3541 888 3581 eorum
928 3527 1020 3595 qui
1054 3525 1216 3580 Israel
1245 3540 1365 3581 esse
1394 3526 1603 3592 nolunt,
1635 3541 1738 3582 nec
1763 3526 1863 3582 ob-

284 3619 485 3673 turatis
509 3619 730 3676 auribus
758 3619 983 3673 audiunt
1006 3636 1018 3670 :
1049 3619 1204 3685 Audi,
1228 3617 1417 3682 Israel,
1447 3618 1699 3673 Dominus
1724 3618 1863 3673 Deus

279 3722 400 3767 tuus
423 3711 567 3766 Deus.
584 3728 716 3764 unus
741 3719 817 3767 est
847 3710 1025 3780 (Deut.
1056 3727 1126 3774 vt,
1159 3709 1214 3773 4)
1242 3728 1257 3773 ;
1301 3718 1357 3763 et
1387 3709 1512 3764 illud
1539 3728 1553 3762 ε
1586 3709 1864 3764 Dominum

280 3799 453 3857 Deum
480 3810 618 3853 tuum
646 3799 910 3862 adorabis,
931 3809 978 3852 et
999 3800 1074 3853 illi
1094 3798 1192 3853 soli
1211 3800 1395 3852 servies
1420 3797 1607 3867 (Ibid.,
1643 3799 1753 3868 15).

928 3949 1157 4005 CAPUT
1196 3950 1263 4005 γ.

358 4062 467 4118 Sed
506 4078 573 4116 ne
610 4059 748 4117 forte
776 4071 980 4117 caecato
1016 4061 1180 4117 corde
1218 4061 1449 4126 Filium,
1493 4067 1585 4116 aut
1611 4061 1868 4131 Spiritum

287 4160 540 4206 sanctum
572 4151 739 4206 Deum
768 4165 887 4205 esse
908 4166 1013 4205 non
1039 4151 1292 4217 credant,
1312 4159 1367 4205 et
1389 4167 1541 4206 more
1560 4151 1867 4208 Judteorum

284 4240 782 4310 blasphemantium
810 4238 977 4293 Deum
1005 4255 1126 4295 esse
1144 4240 1429 4306 abnegent,
1462 4234 1737 4296 sacrarum
1762 4244 1870 4297 Lit-

287 4339 534 4384 terarum
572 4328 895 4383 testimoniis
934 4330 1341 4382 convincantur.
1387 4328 1617 4391 Quorum
1659 4329 1871 4396 Patres,

289 4421 472 4490 inquit
519 4419 828 4489 Apostolus,
874 4428 924 4471 et
963 4434 1029 4471 ea:
1075 4417 1257 4489 quibus
1306 4417 1539 4473 Christus
1585 4420 1871 4475 secundum

1963 3255 2262 3326 (quodlibet
2304 3253 2372 3307 de
2418 3254 2502 3308 his
2541 3253 2763 3322 dixeris,
2807 3253 2948 3309 idem
2985 3254 3124 3323 est),
3180 3254 3403 3311 credere
3443 3270 3544 3309 nos

1962 3345 2252 3414 oportetin
2277 3358 2383 3398 uno
2406 3341 2543 3397 Filio
2564 3342 2693 3408 Dei;
2725 3357 2885 3397 unam
2911 3343 3153 3414 profecto
3174 3344 3292 3412 Dei,
3318 3344 3544 3400 alteram

1962 3434 2216 3499 hominis,
2267 3440 2326 3487 ut
2357 3432 2610 3487 credatur
2658 3433 2798 3487 Deus
2843 3447 3021 3499 verus,
3067 3441 3123 3488 et
3171 3434 3337 3488 homo
3381 3445 3544 3489 verus

1964 3539 2100 3579 unus
2128 3522 2291 3577 Filius
2330 3521 2463 3576 Dei:
2514 3536 2603 3588 ne,
2652 3521 2792 3576 sicut
2820 3520 3124 3586 Nestorius,
3173 3521 3447 3576 hominem
3475 3537 3553 3577 et

1962 3602 2185 3682 Virgine
2210 3612 2376 3665 Maria
2398 3620 2576 3665 natum
2604 3619 2853 3680 quartam
2880 3623 3169 3682 personam
3199 3610 3543 3667 introducen-

1966 3712 2068 3769 tes,
2099 3719 2130 3758 a
2156 3703 2419 3757 Trinitate
2439 3703 2787 3768 excidamus;
2821 3717 3017 3773 neque,
3041 3711 3101 3759 ut
3120 3701 3411 3776 Eutyches,
3444 3706 3543 3762 hoc

1966 3795 2168 3850 minem
2196 3809 2381 3849 verum
2412 3808 2519 3848 non
2551 3794 2853 3863 credentes,
2885 3794 3078 3856 Filium
3107 3796 3202 3853 Dei
3230 3798 3348 3853 sine
3369 3797 3545 3854 homi-

1966 3885 2049 3940 nis
2077 3884 2464 3954 assumptione,
2495 3884 2548 3938 id
2578 3893 2661 3939 est
2689 3886 2848 3940 unius
2872 3886 3188 3943 substantia:
3210 3902 3330 3943 esse
3357 3888 3549 3944 creda-

1967 3990 2127 4040 mus;
2183 3983 2276 4028 aut
2321 3982 2473 4029 certe
2518 3990 2585 4029 ex
2632 3974 2839 4030 duabus
2883 3975 3198 4033 substantiis
3225 3991 3387 4032 unam
3431 3976 3548 4034 fieri

1968 4066 2209 4134 potuisse
2258 4066 2613 4120 substantiam
2660 4066 3007 4122 arbitremur.
3047 4068 3183 4135 Quia
3222 4067 3387 4124 Filius
3428 4068 3548 4138 Dei,

1969 4163 2030 4209 ut
2069 4155 2324 4235 diximus,
2355 4154 2408 4208 in
2431 4156 2635 4210 unitate
2656 4171 2903 4227 persona:
2927 4172 3037 4213 suae
3066 4166 3240 4214 totum
3271 4159 3549 4216 hominem

1969 4246 2273 4315 assumpsit,
2321 4245 2372 4299 id
2418 4256 2501 4300 est
2549 4247 2784 4301 animam
2834 4248 3175 4316 rationalem,
3206 4258 3261 4304 et
3300 4265 3552 4317 carnem,
3606 4258 3627 4273 ‘

1970 4337 2262 4393 secundum
2300 4338 2442 4405 quod
2481 4338 2681 4393 dictum
2729 4346 2814 4394 est
2857 4354 2958 4407 per
3001 4338 3366 4410 Prophetam:
3413 4340 3555 4397 Ecce

1973 4427 2113 4497 virgo
2135 4427 2190 4478 in
2228 4434 2374 4479 utero
2404 4426 2642 4495 accipiet,
2687 4435 2735 4479 et
2771 4429 2937 4496 pariet
2961 4428 3150 4497 ﬁlium,
3199 4437 3251 4481 et
3289 4428 3554 4485 vocabitur

288 4526 525 4577 carnem,
566 4510 652 4581 qui
680 4517 758 4563 est
798 4508 1089 4561 benedictus
1120 4506 1266 4561 Deus.
1285 4508 1339 4560 in
1364 4507 1556 4562 saecula
1587 4507 1763 4578 (Rom.
1794 4524 1872 4574 ιχ,
1904 4522 1953 4582 ι)
1978 4515 2072 4586 (al.
2123 4515 2387 4585 rocabitis)
2435 4532 2619 4570 nomen
2651 4517 2764 4588 ejus
2795 4516 3101 4573 Emmanuel
3150 4517 3285 4587 (Isa.
3320 4537 3409 4586 vlt,
3436 4520 3549 4593 ιι).

287 4599 371 4670 5).
417 4598 484 4653 Et
505 4615 715 4654 rursum
754 4597 990 4653 Joannes
1019 4596 1295 4666 apostolus
1325 4615 1337 4650 :
1373 4596 1442 4651 Ut
1469 4598 1652 4662 simus,
1680 4597 1871 4665 inquit,

287 4693 346 4744 in
381 4707 500 4745 vero
544 4688 590 4741 F
594 4690 685 4744 ilio
716 4690 829 4759 ejus
853 4686 975 4741 Jesu
999 4685 1223 4742 Christo.
1264 4685 1387 4753 Ipse
1414 4695 1492 4741 est
1518 4703 1668 4740 verus
1713 4685 1872 4750 Deus,

288 4788 343 4831 et
371 4781 477 4832 vita
503 4789 700 4832 attenta
731 4778 781 4848 (l
813 4776 971 4833 Joan.
1003 4793 1065 4841 v,
1082 4775 1196 4849 20).
1234 4775 1304 4830 Et
1332 4776 1400 4832 de
1432 4775 1636 4846 Spiritu
1676 4785 1867 4833 sancto

288 4865 534 4923 Joannes
553 4868 879 4937 evangelista
905 4885 918 4921 :
946 4866 1207 4938 Spiritus,
1222 4867 1413 4936 inquit,
1438 4866 1578 4923 Deus
1597 4878 1675 4923 est
1697 4868 1876 4938 (Joan.

294 4976 369 5028 tv,
407 4958 518 5029 14).
562 4959 626 5013 Ει
651 4958 942 5029 Apostolus
963 4959 1088 5015 dum
1113 4958 1372 5028 Spiritum
1394 4969 1639 5015 sanctum
1669 4960 1879 5016 inhabi-

296 5056 532 5103 tatorem
580 5046 828 5103 Ecclesia:
872 5046 1115 5103 diceret:
1180 5044 1408 5127 Nescitis
1433 5088 1448 5113 ,
1499 5048 1708 5119 inquit,
1755 5050 1877 5121 quia

298 5136 531 5191 membra
568 5145 736 5191 vestra
778 5137 1024 5207 templum
1052 5145 1130 5190 est
1159 5136 1387 5207 Spiritus
1412 5140 1625 5193 sancti?
1663 5137 1877 5210 ϐιοῖ-ἱβ-

296 5234 415 5280 cate
441 5234 490 5279 et
519 5235 719 5297 portate
744 5223 1027 5279 Dominum
1057 5227 1115 5279 in
1131 5240 1346 5295 corpore
1373 5236 1539 5281 vestro
1570 5227 1625 5298 (1
1652 5227 1772 5283 Cor.
1801 5245 1875 5294 Vl,

300 5316 392 5383 19,
422 5316 533 5385 20).
574 5314 639 5370 Et
668 5316 720 5370 in
743 5314 1358 5385 Actibusapostolorum
1391 5333 1404 5369 :
1438 5316 1675 5384 Anania,
1707 5317 1879 5388 inquit

299 5404 514 5474 Petrus,
536 5425 629 5464 cur
652 5409 862 5462 tentavit
891 5424 980 5462 cor
1015 5417 1154 5461 tuum
1179 5406 1415 5464 Satanas
1434 5409 1649 5479 mentiri.
1671 5420 1717 5464 te
1755 5409 1879 5480 Spi-

298 5500 427 5552 ritui
463 5506 646 5552 sancto
686 5497 822 5569 (Act.
864 5513 918 5563 v,
949 5497 1052 5567 '5)?
1088 5495 1156 5550 Et
1196 5497 1359 5567 paulo
1402 5506 1527 5568 post
1564 5498 1877 5570 subiungit:

302 5585 435 5642 Non
479 5605 532 5642 es
574 5586 862 5642 hominibus
908 5589 1175 5653 mentitus,
1203 5588 1294 5642 sed
1328 5587 1439 5642 Deo
1463 5586 1649 5659 (Ibid.,
1684 5588 1761 5659 4).
1803 5590 1891 5646 Ειιη

304 5679 470 5735 habet
503 5679 697 5734 Filium
743 5678 942 5745 Deum,
974 5678 1234 5748 Spiritum
1281 5688 1524 5734 sanctum
1567 5679 1756 5734 Deum.
1809 5682 1885 5737 De

307 5768 471 5827 Patre
498 5767 640 5840 quod
669 5767 809 5825 Deus
838 5769 926 5836 sit,
956 5783 1063 5825 non
1092 5784 1225 5839 opus
1255 5776 1337 5823 est
1366 5771 1697 5840 approbare,
1725 5785 1885 5840 quem

1975 4606 2121 4676 quod
2165 4614 2250 4661 est
2289 4607 2727 4676 interpretatum,
2780 4606 3063 4666 Nobiscum
3092 4609 3235 4665 Deus
3264 4609 3487 4681 (Matth.
3511 4630 3549 4676 ι.

1977 4696 2090 4763 25).
2132 4695 2307 4751 Homo
2337 4696 2497 4766 igitur
2524 4706 2581 4753 et
2626 4698 2769 4755 Deus
2797 4710 2907 4768 est,
2952 4702 3044 4771 qui
3082 4702 3152 4758 de
3191 4702 3359 4759 Maria
3398 4713 3556 4762 natus

1978 4796 2099 4852 est;
2140 4786 2304 4842 homo
2329 4796 2386 4843 et
2424 4788 2566 4844 Deus
2603 4798 2705 4856 est,
2732 4791 2827 4861 qui
2868 4794 3037 4847 crevit
3063 4800 3262 4860 nitate;
3310 4796 3473 4853 homo
3501 4809 3556 4853 et

1979 4875 2123 4932 Deus
2150 4884 2252 4942 est,
2279 4878 2370 4946 qui
2390 4879 2533 4934 cruci
2564 4878 2756 4936 affixus
2780 4890 2881 4945 est,
2923 4885 3012 4953 qui
3041 4885 3204 4939 etiam
3240 4889 3553 4957 resurrexit,

1983 4967 2257 5038 cmlosque
2287 4967 2566 5035 ascendit,
2580 4969 2841 5042 sedetque
2866 4973 2934 5026 ad
2961 4972 3239 5030 dexteram
3265 4975 3458 5033 Patris.
3490 4976 3559 5032 Et

1984 5058 2229 5129 quamvis
2257 5069 2479 5132 propter
2526 5061 2783 5117 unitatem
2812 5078 3054 5133 personae
3099 5067 3239 5122 Deus
3278 5068 3440 5125 homo
3465 5070 3555 5134 sit,

1934 5172 1941 5175 -
1985 5155 2043 5202 et
2067 5147 2230 5203 homo
2254 5148 2396 5204 Deus
2432 5149 2520 5216 sit,
2567 5160 2743 5206 tamen
2784 5154 3077 5211 secundum
3123 5156 3394 5216 hominem
3419 5159 3559 5214 Deus

1986 5234 2185 5293 dicitur.
2209 5236 2513 5304 crucifixus,
2545 5239 2687 5294 Deus
2716 5240 2911 5297 dicitur
2932 5259 3141 5313 passus,
3185 5244 3326 5302 Deus
3363 5246 3561 5302 dicitur

1984 5330 2252 5379 mortuus.
2290 5323 2423 5379 Nam
2451 5327 2748 5382 secundum
2770 5328 2820 5383 id
2850 5331 2994 5400 quod
3023 5332 3167 5388 Deus
3185 5342 3289 5400 est;
3308 5335 3558 5406 impasci-

1982 5415 2108 5473 bilis
2136 5415 2566 5503 immortalisque
2595 5419 2697 5474 rite
2724 5422 2977 5479 creditur.

2590 5575 2817 5634 CAPUT
2859 5580 2954 5637 Vl.
3032 5612 3035 5617 -

2057 5685 2198 5756 Ergo
2223 5695 2406 5742 manet
2451 5686 2506 5743 in
2544 5687 2760 5744 Christo
2795 5698 3021 5759 utraque
3050 5678 3237 5752 natura
3271 5698 3557 5757 veritatem

1987 5791 2236 5848 servans,
2268 5776 2342 5833 ita
2370 5784 2430 5833 ut
2455 5792 2555 5834 nec
2584 5777 2813 5836 humana
2842 5781 2897 5836 in
2922 5782 3153 5839 divinam
3185 5787 3438 5844 translata
3465 5790 3558 5846 de-
