4066 6346
474 290 600 393 sos

1523 326 1582 381 S.
1623 317 1985 385 FULGENTII
2020 317 2324 375 EPISCOPI
2364 315 2733 373 llUSPENSIS

3657 305 3763 373 5οι

495 445 641 503 sinat
665 457 787 499 esse
812 441 976 498 homo
993 478 1009 505 ,
1041 454 1143 496 nec
1168 438 1346 494 divina
1384 437 1436 491 in
1465 437 1750 490 humanam
1785 431 2080 488 tran'sl‘era-
2105 435 2157 494 Α
2183 429 2300 484 Non
2322 438 2406 484 est
2435 437 2583 485 certe
2602 424 2823 499 spiritus
2842 428 3187 496 irrationalis,
3213 430 3354 486 sicut
3378 438 3462 485 est
3482 429 3535 484 in
3555 433 3767 500 pecori-

496 544 607 599 tur,
645 541 701 589 et
726 532 937 589 desinat
962 545 1082 585 esse
1120 529 1280 583 Deus.
1319 518 1609 594 Sic’igitur
1637 536 1694 579 ut
1743 539 1847 578 una
1875 522 2076 593 genita,

494 634 682 685 creata
707 626 917 687 altera;
964 637 1070 675 una
1100 617 1493 688 intemporalis,
1530 616 1699 670 altera
1731 611 2076 683 temporalis;

499 696 604 770 una
634 715 750 769 sine
771 711 942 775 initio,
966 710 1134 764 altera
1163 723 1284 764 cum
1315 707 1491 762 initio.
1514 704 1584 758 Et
1605 704 1852 774 quamvis
1879 701 1968 757 illa
1989 714 2081 770 ge-

496 807 610 862 uita
650 814 706 860 et
734 800 1102 871 intemporalis
1124 800 1190 854 ad
1212 799 1428 855 Patrem
1462 808 1520 854 et
1555 799 1813 868 Spiritum
1834 803 2082 851 sanctum

496 896 803 967 pertineat;
848 890 1161 962 temporalis
1189 900 1368 945 tamen
1407 897 1463 944 et
1501 897 1682 944 creata
1710 887 1855 942 nullo
1884 885 2078 941 modo:

482 970 622 1056 quia
652 998 836 1038 revera
857 980 1115 1052 quidquid
1142 988 1346 1036 natura:
1372 988 1456 1036 est
1475 977 1919 1047 Patri,gignendo
1938 977 2086 1033 dedit

496 1072 674 1147 Filio;
705 1069 967 1141 quidquid
1012 1079 1216 1125 natura:
1261 1085 1329 1125 ex
1356 1061 1601 1138 tempore
1622 1077 1714 1122 aut
1749 1067 2083 1145 extrinsecus

499 1163 728 1222 accessit
747 1160 904 1228 Filio,
923 1176 1029 1216 non
1059 1160 1325 1216 redundat
1346 1160 1412 1214 ad
1434 1158 1648 1213 Patrem
1673 1172 1846 1226 neque
1874 1155 1944 1210 ad
1966 1156 2086 1226 Spi-

498 1256 663 1311 ritum
693 1262 961 1311 sanctnm.
982 1251 1051 1307 Et
1077 1267 1199 1307 cum
1221 1252 1293 1306 sit
1311 1266 1416 1306 una
1441 1248 1738 1306 substantia
1765 1256 1881 1302 tota
1911 1246 2087 1302 Triui-

500 1355 605 1412 tas,
633 1361 740 1400 non
768 1344 836 1398 ad
867 1352 1036 1398 totam
1067 1341 1388 1398 Trinitatem
1436 1342 1600 1395 homo
1642 1339 1888 1393 Christus
1916 1336 2084 1408 perti-

499 1446 616 1505 net,
639 1436 741 1491 nisi
766 1443 975 1489 tantum
1000 1434 1065 1489 ad
1087 1432 1301 1489 Filium.
1351 1431 1461 1486 Nec
1480 1432 1623 1485 enim
1653 1429 1730 1485 fas
1759 1438 1844 1484 est
1868 1429 2089 1483 credere

501 1525 719 1599 Patrem
744 1534 836 1580 aut
862 1523 1121 1594 Spiritum
1147 1520 1391 1578 sanctum
1412 1521 1684 1576 hominem
1709 1519 2087 1589 assumpsisse,

500 1628 599 1675 aut
624 1617 917 1677 secundum
938 1614 1211 1671 hominem
1234 1628 1421 1684 passos
1450 1611 1631 1667 fuisse.
1649 1611 1882 1681 Spiritus
1909 1619 2088 1665 autem

501 1717 743 1771 sanctus,
762 1719 1076 1775 quanquam
1106 1703 1285 1759 minor
1312 1716 1577 1770 nusquam
1599 1703 1651 1756 in
1682 1700 1975 1772 Scripturis
2004 1716 2091 1754 re-

2182 520 2314 584 bus;
2341 534 2517 589 neque
2543 520 2764 591 spiritus
2786 520 3083 587 rationalis,
3111 521 3246 577 sicut
3269 529 3354 576 est
3372 521 3427 576 in
3450 521 3769 578 hominibus

2183 620 2276 665 aut
2303 612 2538 680 angelis;
2557 612 2652 667 sed
2675 619 2760 667 est
2782 612 2919 667 Deus
2943 613 3176 668 Trinitas
3198 613 3771 682 immutabilis,creans

2183 702 2362 758 omnia
2390 717 2491 772 per
2514 703 2813 757 bonitatem
2842 718 3015 771 suam,
3048 712 3263 759 creatus
3297 719 3328 758 a
3368 705 3604 760 nemine.
3637 706 3771 772 Quis

2184 795 2364 864 itaque
2392 804 2571 864 potest
2597 803 2658 850 ut
2697 795 2917 864 dignum
2944 804 3049 862 est,
3078 803 3133 850 et
3162 803 3220 850 ut
3247 811 3307 851 se
3334 790 3496 851 habet
3518 796 3609 852 illa
3635 797 3775 853 infa-

2184 882 2387 938 hricata
2404 882 2641 951 forma,a
2666 897 2775 953 quo
2796 882 3028 938 formata
3043 897 3169 939 sunt
3198 885 3567 952 universa,vel
3588 897 3774 944 mente

2186 973 2488 1043 percipere,
2527 959 2735 1043 quanto
2766 976 2935 1044 magis
2958 976 3174 1044 eloquio
3202 976 3462 1046 proferre,
3499 978 3603 1035 nisi
3628 981 3775 1048 quod

2187 1063 2261 1118 ita
2287 1063 2526 1119 creditur
2544 1080 2609 1119 ac
2633 1064 2831 1120 dicitur
2852 1064 3085 1121 Trinitas
3109 1065 3286 1121 Deus?
3305 1066 3430 1123 Haec
3457 1080 3639 1124 autem
3661 1068 3772 1125 Tri-

2187 1155 2330 1210 nitas
2352 1155 2611 1220 increata,
2639 1164 2900 1211 creatum
2920 1171 3034 1211 suae
3059 1157 3249 1212 indidit
3270 1157 3545 1221 Trinitatis
3567 1162 3778 1229 qualia-

2186 1259 2399 1313 cunque
2428 1245 2667 1314 vestigia.
2700 1243 2791 1301 Sic
2819 1247 2962 1301 enim
3002 1247 3258 1317 scriptum
3284 1256 3387 1316 est,
3413 1251 3557 1319 quod
3597 1254 3778 1306 omnia

2185 1336 2242 1389 in
2267 1350 2498 1398 numero,
2528 1336 2582 1388 in
2611 1352 2877 1402 mensura,
2904 1346 2954 1390 et
2986 1338 3232 1404 pondere,
3270 1339 3577 1410 disposuerit
3615 1344 3774 1415 (δαν.

2189 1441 2264 1489 ιι,
2293 1423 2407 1495 ﬁl).
2439 1422 2611 1481 Omne
2629 1427 2836 1482 scilicet
2861 1443 3080 1498 corpus,
3103 1429 3218 1485 sive
3243 1446 3490 1505 parvum,
3518 1435 3634 1490 sive
3657 1452 3776 1491 ma-

2189 1531 2351 1586 gnum
2373 1517 2464 1582 sit,
2485 1525 2540 1572 et
2568 1532 2849 1573 numerum
2879 1519 3042 1575 habet
3062 1537 3161 1591 pro
3186 1524 3487 1591 quantitate
3515 1527 3778 1596 partium,

2189 1614 2246 1660 et
2272 1622 2579 1662 mensuram
2606 1607 2786 1674 habet,
2819 1617 2876 1664 et
2916 1611 3155 1680 pondus;
3201 1627 3302 1668 nec
3328 1628 3451 1669 esse
3470 1623 3657 1685 posset
3676 1632 3765 1671 nu-

2192 1709 2372 1750 merus
2412 1696 2529 1751 sine
2578 1697 2836 1766 pondere,
2868 1707 2962 1754 ant
3001 1712 3254 1756 mensura
3291 1703 3408 1765 sine
3453 1705 3697 1774 pondere
3723 1716 3780 1762 et

501 1798 765 1868 periatur,
801 1804 981 1848 tamen
1012 1792 1207 1847 missus
1236 1790 1639 1847 evidentissime
1668 1790 1935 1859 reperitur
1956 1790 2089 1845 scri-
2122 1804 2169 1862 Β
2198 1799 2443 1839 numero.
2476 1783 2791 1857 Ubicunque
2830 1788 2973 1843 enim
3010 1790 3171 1847 fuerit
3214 1807 3377 1856 unum
3413 1793 3627 1861 borum,
3659 1796 3781 1853 siue

502 1894 648 1959 ptus.
664 1883 768 1940 Pro
789 1899 894 1954 qua
921 1898 981 1939 re
1001 1881 1215 1938 sibimet
1235 1881 1469 1938 haeretici
1491 1881 1690 1937 collum
1712 1882 1896 1951 ligant,
1917 1889 1973 1936 et
1991 1896 2087 1936 co-

503 1985 714 2033 arctato
743 1990 809 2031 ac
834 1974 1014 2045 potius
1052 1972 1312 2029 sull‘ocato
1336 1972 1699 2039 intelligentia:
1738 1968 1849 2025 sum
1876 1970 2088 2040 spiritu,

503 2072 804 2119 creatorem
853 2078 1008 2117 suum
1055 2069 1301 2117 sanctum
1349 2060 1608 2129 Spiritum
1635 2076 1742 2114 non
1770 2068 2087 2130 agnoscunt,

504 2154 631 2209 dum
653 2170 776 2208 cum
804 2161 1106 2208 creaturam
1128 2166 1247 2207 esse
1273 2150 1553 2206 deﬁniunt.
1577 2151 1633 2205 Si
1656 2159 1901 2206 creatura
1924 2159 2091 2216 esset,

504 2253 719 2300 creator
749 2245 932 2313 utique
952 2229 1071 2299 esse
1097 2257 1204 2297 non
1227 2249 1430 2312 posset,
1452 2242 1576 2311 quia
1606 2249 1851 2296 creatura
1880 2249 2093 2296 creatu-

505 2350 622 2392 ram
669 2350 776 2401 non
804 2334 998 2389 format
1025 2334 1092 2388 de
1122 2333 1310 2387 nihilo.
1343 2332 1412 2386 Et
1439 2348 1561 2387 cum
1594 2333 1646 2387 in
1688 2331 1884 2387 Genesi
1914 2332 2094 2387 homi-

507 2444 630 2484 nem
673 2426 815 2481 Deus
862 2426 927 2480 ad
969 2425 1253 2495 imaginem
1286 2440 1440 2479 suam
1478 2424 1623 2480 dicat
1648 2438 1768 2480 esse
1807 2425 2093 2480 formatum

510 2516 665 2588 (Gen.
691 2533 725 2581 ι,
748 2516 865 2585 27),
889 2524 944 2570 et
962 2514 1063 2570 Job
1088 2531 1207 2571 sese
1229 2514 1392 2586 334.
1412 2530 1441 2569 a
1465 2524 1654 2570 sancto
1675 2515 1876 2585 Spiritu
1910 2525 2096 2570 narret

508 2596 630 2666 esse
684 2610 1005 2680 plasmatum
1033 2626 1044 2660 :
1093 2608 1339 2680 Spiritus,
1370 2608 1565 2678 inquit,
1597 2609 1798 2663 divinus
1827 2609 1915 2680 qui
1941 2610 2098 2679 ﬁnxit

508 2718 591 2754 me
617 2698 737 2770 (Job
771 2715 955 2764 XXXIII,
987 2697 1065 2768 4);
1116 2697 1319 2768 liquide
1343 2697 1512 2752 claret
1540 2705 1950 2767 cooperatorcm
1977 2711 2098 2752 esse

513 2790 655 2843 Patri
710 2804 774 2843 ac
803 2787 938 2843 Filio
966 2787 1226 2858 Spiritum
1253 2795 1518 2852 sanctum,
1558 2796 1615 2841 et
1643 2787 1695 2840 in
1726 2787 1958 2842 hominis
1986 2787 2096 2843 for-

512 2882 779 2945 matioue,
801 2887 857 2934 et
885 2881 938 2935 in
961 2878 1274 2947 angelorum
1304 2878 1550 2933 similiter
1576 2878 1979 2942 substitutione,
2008 2893 2098 2934 se-

512 2969 746 3025 cundum
787 2968 916 3023 illud
950 2966 1390 3037 Psalmographi:
1428 2966 1594 3023 Verbo
1625 2967 1835 3023 Domini
1863 2969 2102 3039 cteli.ﬁr-

513 3060 639 3112 ntali
662 3067 805 3125 sunt,
819 3067 868 3112 et
886 3057 1086 3127 Spiritu
1115 3059 1221 3111 oris
1242 3056 1352 3126 ejus
1375 3058 1542 3112 omnis
1557 3058 1719 3111 virtus
1729 3074 1904 3112 eorum
1923 3057 2095 3128 (Psai.

2192 1874 2402 1929 duobus
2430 1889 2550 1930 esse
2578 1890 2684 1931 non
2715 1885 2915 1946 potest.
2945 1876 3052 1934 Sed
3079 1894 3207 1936 ecce
3231 1882 3284 1936 in
3315 1884 3593 1953 corporeis
3618 1887 3781 1944 rebus

2192 1961 2349 2018 facile
2396 1965 2766 2034 approbantur
2791 1965 3022 2036 pondus,
3074 1984 3348 2038 numerus,
3392 1981 3449 2028 et
3485 1988 3776 2034 mensura:

2191 2056 2464 2124 quomodo
2484 2057 2536 2111 in
2554 2057 2888 2128 incorporeis
2898 2061 3057 2117 rebus
3070 2064 3297 2134 reperiri
3309 2075 3470 2135 queat
3481 2068 3779 2130 videamus.

2192 2145 2359 2213 Igitur
2383 2145 2436 2200 in
2467 2147 2644 2201 anima
2672 2147 2903 2206 hominis
2927 2152 3187 2206 memoria
3214 2154 3370 2222 inest,
3394 2159 3704 2224 consilium,
3727 2171 3783 2217 et

2198 2236 2465 2291 voluntas.
2495 2236 2778 2292 Hocienim
2804 2240 3010 2307 cogitas
3028 2242 3173 2312 quod
3194 2243 3296 2312 vis,
3317 2246 3460 2315 quod
3482 2248 3645 2303 etiam
3674 2267 3784 2307 me-

2195 2325 2367 2381 moria
2398 2334 2486 2382 tua
2513 2328 2772 2383 continet.
2790 2329 3049 2387 Voluntas
3070 2334 3210 2387 enim
3235 2343 3323 2389 tua
3347 2352 3501 2393 amor
3526 2348 3650 2398 tuus
3670 2353 3775 2399 est.

2198 2422 2314 2479 Hoc
2338 2424 2482 2479 enim
2512 2425 2831 2489 recordaris,
2847 2427 2992 2496 quod
3008 2430 3239 2485 amando
3266 2431 3317 2485 in
3341 2434 3668 2501 cogitatione
3689 2447 3780 2493 tua

2199 2514 2441 2571 adducis.
2465 2515 2589 2571 Tria
2619 2525 2764 2583 sunt,
2787 2520 3064 2583 memoria,
3094 2522 3395 2589 consilium,
3428 2533 3485 2580 ct
3510 2527 3781 2595 voluntas,

2199 2622 2362 2686 quam
2400 2607 2633 2664 diximus
2658 2623 2780 2664 esse
2807 2611 2966 2681 335
2995 2627 3256 2678 amorem,
3299 2623 3352 2669 et
3405 2617 3781 2688 inseparabilia

2199 2706 2346 2766 sunt,
2376 2706 2431 2752 et
2459 2714 2623 2754 unum
2651 2708 2808 2769 sunt,
2835 2711 2891 2755 et
2918 2702 3144 2758 alterum
3174 2705 3292 2759 sine
3329 2706 3502 2762 altero
3528 2723 3643 2764 esse
3668 2724 3773 2764 ne-

2201 2787 2334 2857 quit.
2355 2778 2582 2854 Quidam
2605 2790 2767 2843 etiam
2797 2787 3013 2845 Patrum
3052 2792 3327 2861 eleganter
3352 2795 3467 2851 hzec
3488 2797 3585 2851 tria
3606 2798 3784 2854 inesse

2201 2878 2338 2933 dixit
2362 2880 2571 2945 animae,
2604 2895 2726 2936 cum
2746 2881 2914 2936 Deum
2937 2891 3152 2937 oraret:
3193 2904 3211 2934 ι
3240 2884 3570 2941 Meminerim
3600 2897 3677 2957 te,
3703 2889 3787 2945 iu-

2203 2971 2439 3039 telligam
2466 2980 2537 3039 te,
2561 2972 2775 3042 diligant
2807 2981 2892 3040 te;
2922 2992 2942 3026 ι
2970 2983 3026 3029 et
3047 2974 3099 3029 in
3129 2976 3211 3031 his
3240 2976 3335 3034 Dei
3360 2978 3645 3049 imaginem
3668 2996 3788 3038 esse

2205 3061 2405 3116 dOCuit.
2427 3062 2606 3133 Imago
2632 3064 2831 3135 quippe
2852 3064 2947 3120 Dei
2969 3066 3199 3122 humana
3222 3069 3419 3133 anima,
3446 3086 3553 3126 non
3581 3073 3785 3140 genita,

482 3218 493 3229 θ
518 3164 695 3217 xxxu,
725 3145 803 3215 6).
834 3146 892 3201 Si
934 3145 1075 3201 Deus
1108 3154 1219 3211 est,
1248 3146 1292 3201 si
1336 3156 1549 3201 creator
1574 3156 1675 3212 est,
1702 3149 1756 3203 si
1776 3148 2099 3218 baptismum
2126 3172 2173 3236 ρ
2203 3153 2296 3209 sed
2325 3164 2539 3221 creata;
2571 3170 2678 3211 non
2707 3157 2946 3226 :cqnalis,
2973 3157 3070 3213 sed
3092 3158 3300 3215 similis.

515 3245 823 3306 consecrat,
842 3252 1010 3306 quare
1038 3237 1234 3292 missus
1253 3236 1485 3292 dicitur?
1513 3238 1706 3294 Missus
1725 3240 1925 3311 quippe
1953 3241 2008 3296 in
2032 3255 2101 3298 eo

516 3332 664 3402 quod
698 3346 863 3403 super
905 3329 1177 3393 Christum
1204 3330 1257 3385 in
1306 3331 1571 3395 columba:
1598 3333 1780 3403 specie
1808 3334 2020 3389 venerit
2047 3335 2102 3390 in

516 3422 761 3489 ﬂumine,
812 3421 956 3491 quod
1001 3423 1469 3492 supraapostolos
1494 3424 1703 3478 venerit
1731 3424 1783 3478 in
1816 3424 1958 3494 igne.
1984 3424 2103 3496 lpsa

517 3510 720 3581 quippe
747 3509 1016 3579 apparitio
1048 3509 1233 3564 missio
1275 3518 1376 3564 est.
1422 3509 1558 3564 Nam
1598 3512 1685 3566 ubi
1716 3512 1968 3579 mittitur,
2012 3515 2104 3583 qui

519 3603 718 3671 ubique
735 3601 847 3655 est?
861 3600 1113 3670 Spiritus,
1138 3599 1327 3670 inquit,
1354 3598 1562 3654 Domini
1584 3603 1791 3671 replevit
1811 3602 1984 3659 orbem
2004 3615 2107 3660 ter-

523 3707 707 3747 rarum
751 3690 909 3762 (Sep.
949 3707 1000 3758 ιι,
1039 3689 1113 3759 7).
1147 3688 1215 3744 Ει
1244 3706 1499 3747 rursum:
1533 3690 1789 3759 Domine,
1819 3711 1918 3765 quo
1952 3694 2038 3751 ibo
2073 3713 2106 3749 a

522 3781 727 3854 Spiritu
750 3793 857 3847 tuo,
880 3792 928 3837 et
957 3800 989 3836 a
1009 3783 1144 3853 [acie
1172 3792 1261 3836 tua
1289 3801 1387 3853 quo
1413 3786 1631 3856 fugiam.
1661 3786 1722 3841 Si
1750 3788 2027 3843 escendero
2051 3791 2106 3844 in

522 3875 723 3937 castum,
742 3883 795 3926 tn
818 3873 888 3926 ibi
909 3890 996 3938 es;
1016 3883 1066 3927 et
1089 3875 1134 3927 si
1161 3874 1475 3929 descendero
1504 3877 1557 3929 in
1578 3876 1857 3947 infernum,
1882 3879 2026 3934 ades.
2046 3879 2108 3935 Si

523 3978 786 4030 sumpsero
837 3976 1036 4031 pennas
1064 3979 1205 4017 meas
1239 3964 1293 4016 in
1342 3963 1610 4025 directum,
1651 3976 1701 4018 et
1730 3966 2026 4024 habitavere
2053 3970 2108 4023 in

524 4044 799 4106 novissimo
821 4052 1023 4105 maris:
1053 4053 1237 4104 etenim
1258 4052 1378 4105 illuc
1406 4053 1498 4121 (al.
1534 4054 1661 4121 illic)
1691 4072 1875 4109 manus
1904 4066 1993 4110 tua
2019 4057 2110 4111 de-

526 4140 675 4194 ducet
703 4157 806 4207 me,
821 4151 869 4193 et
897 4140 1183 4205 continebit
1205 4156 1284 4193 me
1311 4141 1524 4195 dextera
1545 4150 1632 4195 tua
1656 4141 1830 4213 (Psal.
1853 4159 2109 4213 cxxxvrtt,

530 4232 624 4286 7et
651 4231 805 4302 seq.).
837 4229 976 4285 Nihil
1007 4230 1212 4286 scilicet
1240 4232 1658 4300 pnutermissum
1688 4243 1771 4289 est
1795 4235 1998 4301 mundi,
2021 4235 2112 4291 ubi

529 4338 638 4377 non
691 4320 1030 4392 prmsentiam
1075 4321 1242 4376 totius
1271 4320 1547 4376 Trinitatis
1596 4338 1718 4378 esse
1764 4335 2110 4382 monstraret.

529 4413 650 4482 Quo
678 4413 840 4469 modo
887 4412 1080 4467 Filium
1110 4410 1381 4467 credimus
1426 4413 1645 4468 missum
1675 4419 1967 4471 secundum
2012 4419 2111 4474 ho-

530 4507 753 4574 minem,
782 4506 853 4560 ita
874 4505 1093 4560 iiiissum
1114 4504 1372 4573 Spiritum
1395 4515 1641 4561 sanctum
1668 4516 1891 4578 propter
1913 4510 2112 4566 colum-

530 4596 654 4651 bam
675 4595 761 4649 vel
790 4594 986 4663 ignem.
1014 4592 1118 4653 Sed
1141 4592 1305 4648 Filius
1326 4602 1657 4664 assumptum
1688 4596 1958 4651 hominem
1989 4613 2114 4667 pro.

531 4694 656 4757 pter
702 4683 976 4738 hominem
1021 4682 1094 4737 ita
1138 4696 1248 4737 sum
1286 4697 1534 4752 persona:
1561 4678 1860 4752 conjunxit,
1911 4693 1969 4739 ut
1997 4700 2116 4741 esse

533 4792 748 4848 semper
776 4777 991 4840 habeat,
1022 4789 1122 4830 nec
1150 4789 1382 4844 unquam
1413 4774 1646 4839 desinat,
1690 4784 1783 4830 aut
1828 4775 2116 4844 aliquando

535 4867 700 4923 ﬁnem
724 4867 991 4937 accipiat;
1018 4865 1251 4936 Spiritus
1277 4881 1408 4921 vero
1435 4874 1676 4931 sanctus,
1707 4867 1781 4922 ita
1810 4868 2114 4924 columbam

537 4961 627 5015 vel
655 4961 831 5029 ignem
856 5003 872 5027 ,
927 4967 986 5012 ut
1014 4958 1167 5013 lacte
1220 4957 1323 5012 illae
1351 4957 1587 5013 visiones
1622 4972 1689 5013 ex
1728 4966 1972 5027 tempore
2000 4973 2119 5014 esse

445 5102 454 5111 .
539 5058 730 5121 postea
758 5050 1087 5105 desinerent.

1147 5204 1374 5260 CAPUT
1414 5168 1522 5260 Vn.

615 5318 694 5373 En
723 5320 890 5375 habes
910 5326 1132 5389 propter
1152 5317 1281 5388 quid
1299 5318 1510 5373 dicatur
1528 5317 1723 5374 missus
1746 5316 1976 5388 Spiritus
1994 5333 2121 5374 san-

541 5420 680 5468 ctus.
696 5410 800 5467 Sed
816 5411 928 5480 jam
949 5410 1080 5465 satis
1099 5409 1208 5466 sint
1225 5409 1293 5464 ad
1314 5408 1766 5465 corroborandam
1794 5410 1950 5465 Iidem
1977 5420 2121 5467 tuam

546 5504 659 5558 haec
673 5516 842 5572 pauca
858 5517 978 5572 qua:
987 5501 1247 5565 diximus;
1263 5500 1388 5568 quia
1404 5500 1566 5555 Pater
1579 5510 1636 5556 et
1647 5500 1814 5563 Filius
1828 5508 1881 5556 et
1896 5500 2125 5572 Spiritus

544 5602 764 5648 sanctus
804 5608 941 5647 unus
971 5592 1109 5647 Deus
1135 5590 1223 5646 sit.
1265 5590 1380 5645 Non
1419 5586 1502 5645 est
1527 5601 1675 5647 certe
1703 5600 1884 5647 creata
1914 5602 2121 5659 natura,

478 5755 485 5760 .
535 5696 658 5740 lnon
681 5693 838 5751 terra,
856 5676 1030 5753 neque
1051 5698 1211 5753 aqua,
1235 5697 1407 5753 neque
1434 5698 1544 5748 aer,
1571 5682 1745 5755 neque
1766 5683 1921 5752 ignis.
1945 5682 2024 5738 Ex
2046 5685 2126 5740 his

540 5777 696 5837 enim
725 5774 1005 5832 clementis
1051 5774 1359 5828 animalium
1396 5780 1673 5843 compacta
1702 5778 1831 5828 sunt
1874 5785 2123 5844 corpora.

2798 3264 3026 3355 CAPUT
3062 3299 3195 3355 Vlll.

2208 3464 2213 3469 .
2280 3412 2405 3469 Haec
2419 3421 2709 3484 propterea
2728 3415 2964 3470 breviter
2987 3415 3251 3471 insinuavi
3264 3418 3477 3474 caritati
3499 3428 3603 3475 tua:
3624 3422 3791 3479 etiam

2209 3506 2262 3560 in
2291 3507 2451 3562 rebus
2475 3507 2672 3563 creatis
2701 3507 2878 3576 aliqua
2907 3506 3060 3576 signa
3099 3522 3221 3565 esse
3249 3510 3390 3585 illius
3424 3527 3645 3568 summm
3673 3513 3794 3570 Tri-

2206 3597 2426 3662 nitatis,
2472 3605 2532 3652 ut
2558 3596 2794 3652 evidenti
2834 3598 3045 3653 ratione
3073 3607 3256 3669 pateat
3283 3610 3515 3671 quantus
3540 3604 3611 3658 sit
3639 3619 3796 3661 error
3892 3618 3903 3621 '

2210 3687 2611 3753 haereticorum,
2656 3699 2714 3742 ut
2738 3703 2861 3743 cum
2904 3689 2956 3743 in
2988 3690 3148 3746 rebus
3174 3693 3371 3749 creatis
3398 3701 3457 3749 et
3484 3693 3717 3751 Trinitas
3740 3704 3795 3751 et

2212 3776 2393 3830 unitas
2421 3775 2513 3844 sit,
2540 3777 2707 3846 ipsam
2731 3775 3046 3833 Trinitatem
3073 3790 3193 3848 qua:
3218 3779 3359 3837 Deus
3397 3790 3483 3837 est
3511 3784 3562 3837 in
3589 3785 3796 3839 unitate

2212 3876 2418 3922 natura:
2444 3883 2563 3923 esse
2585 3884 2689 3923 non
2712 3867 2956 3925 credant.
2982 3870 3149 3940 Hujus
3172 3872 3381 3930 scilicet
3395 3884 3611 3931 :etemae
3631 3885 3798 3947 atque

2214 3957 2667 4012 incommutabilis
2695 3957 2972 4014 Trinitatis
3017 3963 3255 4029 potentia
3294 3973 3475 4021 creata
3522 3976 3647 4022 sunt
3674 3984 3799 4023 om-

2213 4050 2332 4116 nia;
2364 4048 2458 4104 sed
2486 4050 2922 4107 excellentiorem
2954 4068 3018 4109 ac
3046 4056 3274 4125 prirnum
3303 4058 3365 4113 in‘
3395 4063 3657 4119 creaturis
3704 4080 3800 4120 or-

2214 4148 2323 4194 tam
2362 4142 2658 4210 reperimus
2706 4143 3023 4200 rationalem
3066 4148 3375 4216 angelorum
3418 4162 3686 4224 naturam,
3734 4157 3802 4213 de

2217 4229 2311 4285 Dei
2340 4230 2423 4285 sui
2452 4230 2597 4287 dono
2626 4232 2860 4301 beatam,
2901 4243 2956 4288 et
2980 4249 3078 4305 per
3106 4236 3331 4293 liberum
3367 4241 3644 4299 arbitrium
3672 4246 3804 4302 bea-

2218 4323 2475 4379 tiﬁcatam
2504 4340 2614 4379 non
2656 4324 2856 4394 iugiter
2884 4328 3266 4386 adhaerentem.
3312 4330 3391 4387 Ex
3430 4336 3625 4404 quibus
3653 4356 3791 4410 quae

2217 4410 2339 4465 dam
2364 4426 2492 4481 pars
2513 4413 2847 4481 angelorum,
2876 4416 3066 4471 nolens
3093 4419 3177 4472 sui
3212 4423 3473 4477 creatoris
3495 4424 3671 4481 facere
3703 4445 3802 4483 vo-.

2219 4500 2501 4567 luntatem,
2559 4502 2627 4556 ab
2656 4502 2772 4573 ejus
2807 4506 3262 4576 contemplatione
3303 4509 3511 4580 dejecta
3559 4520 3809 4573 servatur

2219 4591 2272 4645 in
2295 4590 2500 4660 judicio
2529 4593 2820 4661 punienda,
2873 4592 3033 4651 Petro
3085 4599 3333 4668 apostolo
3375 4602 3588 4659 dicente
3622 4605 3808 4662 :Deus

2216 4684 2768 4755 angelis'peccantibus
2807 4703 2910 4741 non
2938 4692 3195 4759 pepercit;
3241 4693 3334 4746 sed
3376 4698 3569 4751 catenis
3610 4699 3810 4770 inferni

2219 4773 2477 4828 detractos
2517 4775 2575 4828 iit
2614 4783 2868 4830 tartarum
2914 4778 3130 4833 tradidit
3159 4785 3210 4834 in
3259 4784 3517 4852 judicium
3555 4793 3812 4844 reseruari

2220 4865 2530 4918 crnciandos
2560 4861 2646 4935 (11
2681 4864 2823 4920 Petr.
2857 4883 2912 4932 ιι,
2938 4867 3015 4934 4).
3044 4869 3234 4926 Merito
3261 4874 3459 4946 quippe
3483 4866 3816 4950 pmna‘ignis

2221 4954 2407 5009 aeterni
2430 4956 2481 5008 in
2506 4965 2823 5026 perpetuum
2851 4961 3142 5028 punientur
3167 4980 3180 5016 :
3204 4964 3328 5032 quia
3358 4966 3402 5020 si
3432 4967 3733 5025 voluissent
3755 4972 3810 5026 in

2224 5059 2320 5099 sua
2341 5058 2694 5113 perseverare
2718 5047 3069 5116 beatitudine,
3099 5051 3489 5122 sulfragabatur
3519 5058 3598 5112 eis
3628 5060 3820 5131 utique

2223 5137 2472 5191 voluntas
2492 5137 2680 5193 libera.
2699 5137 2804 5194 Per
2831 5156 2990 5209 quam
3009 5143 3339 5200 voluntatem
3369 5147 3434 5202 ad
3455 5148 3686 5219 scipsos,
3703 5168 3816 5208 non

2225 5228 2291 5284 ad
2320 5228 2485 5284 Deum
2515 5233 2779 5298 conversi,
2804 5232 2978 5289 eﬂ‘ecti
3001 5248 3096 5304 per
3123 5238 3427 5307 superbiam
3460 5242 3734 5299 tenebrosi
3762 5252 3821 5300 et

2226 5320 2279 5374 in
2309 5321 2466 5390 hujus
2494 5322 2634 5376 aeris
2664 5322 2767 5376 ima
2798 5323 3001 5379 detrusi
3031 5336 3317 5383 servantur
3343 5331 3395 5384 in
3419 5329 3679 5401 judicium
3708 5350 3819 5405 pu-

2231 5410 2407 5465 niendi
2443 5427 2456 5463 :
2502 5411 2704 5466 nullum
2733 5412 2785 5467 in
2816 5414 2895 5469 eis
2922 5415 3214 5473 voluntatis
3252 5414 3407 5475 boum
3434 5426 3693 5479 remansit
3721 5442 3823 5482 ve-

2231 5500 2464 5569 stigium.
2498 5499 2579 5555 illi
2610 5511 2788 5556 autem
2816 5504 2904 5572 qui
2928 5516 3276 5561 servaverunt
3303 5508 3354 5563 id
3376 5510 3521 5579 quod
3544 5511 3668 5568 facti
3688 5524 3824 5571 sunt

2232 5612 2329 5666 per
2377 5596 2516 5652 idem
2566 5597 2791 5652 liberum
2834 5599 3132 5665 arbitrium,
3165 5601 3278 5657 Deo
3330 5605 3539 5661 scilicet
3583 5612 3823 5665 creatori

2232 5702 2331 5740 suo
2360 5687 2690 5742 incessanter
2738 5686 3091 5753 adhaerentes,
3145 5706 3239 5760 per
3288 5691 3337 5746 id
3379 5692 3521 5761 quod
3552 5704 3826 5752 steterunt

2235 5776 2404 5844 gratia
2436 5775 2530 5833 Dei
2558 5775 2826 5831 beatiores
2854 5777 3026 5832 allecti
3058 5788 3217 5834 sunt:
3252 5782 3327 5835 sic
3356 5783 3517 5837 etiam
3544 5792 3601 5841 ut
3626 5785 3825 5838 volun-
