4066 6346
301 346 410 403 505

1448 347 1537 402 DE
1574 347 1935 405 TRINITATE
1975 351 2176 406 LIBER
2219 352 2417 410 UNUS.

3451 360 3554 418 506

300 470 384 513 tas
408 474 618 524 eorum,
647 472 746 514 nec
770 457 907 514 velle
927 456 1122 513 habeat
1142 471 1385 529 peccare,
1413 474 1515 526 nec
1533 475 1722 530 posse;
1745 478 1874 530 quo-
1905 472 1948 526 Α
1976 463 2235 530 gloriatur
2253 465 2406 534 quasi
2435 480 2542 519 non
2570 468 2836 537 acceperit
2853 468 2905 540 (Ι
2929 468 3046 524 Cor.
3077 486 3148 536 iV,
3187 471 3240 539 Ἰ)
3259 473 3283 524 ?
3300 469 3390 528 Sic
3409 478 3550 528 enim

297 551 443 605 niam
469 549 715 618 quamvis
757 549 1042 604 mutabiles
1085 548 1208 604 facti
1235 547 1432 604 fuerint
1478 565 1574 619 per
1601 558 1870 619 naturam,

296 642 656 706 immutabiles
682 649 809 696 sunt
836 640 960 696 facti
989 655 1088 710 per
1107 640 1331 710 gratiam
1357 658 1371 694 :
1392 640 1610 696 stabiles
1636 642 1798 696 etiam
1820 653 1876 697 et

296 739 431 793 certi
459 738 528 791 de
555 752 651 790 sua
673 735 1003 808 beatitudine
1026 735 1330 790 nullatenus
1349 734 1663 800 amittenda,
1689 735 1874 789 fruun-

298 836 386 879 tur
413 824 545 889 Deo,
577 824 730 892 cujus
757 823 1213 892 contemplatione
1235 823 1382 879 beati
1411 832 1554 878 sunt.

913 930 1140 986 CAPUT
1176 930 1266 985 IX.

363 1049 528 1103 Plane
556 1064 621 1102 ex
645 1046 843 1115 duplici
870 1060 964 1099 eos
981 1059 1099 1099 esse
1120 1043 1415 1099 substantia
1433 1052 1680 1099 asserunt
1695 1043 1873 1112 magni

290 1149 350 1196 et
376 1140 519 1194 docti
549 1139 668 1202 viri,
699 1133 749 1191 id
776 1144 859 1192 est
888 1150 953 1189 ex
984 1135 1172 1204 spiritu
1202 1135 1540 1204 incorporeo,
1570 1149 1678 1202 quo
1705 1149 1735 1188 a
1777 1133 1872 1187 Dei

290 1229 747 1298 contemplatione
775 1241 1048 1294 nunquam
1089 1226 1364 1290 recedunt,
1415 1232 1469 1278 et
1514 1240 1580 1278 ex
1624 1239 1870 1294 corpore,

289 1339 390 1394 per
417 1321 559 1390 quod
599 1335 663 1374 ex
707 1329 952 1388 tempore
996 1317 1302 1371 hominibus
1348 1324 1624 1384 apparent,
1674 1330 1871 1384 appro-

290 1413 483 1467 bantes
526 1412 629 1464 hoc
669 1426 734 1464 ex
763 1409 856 1463 illo
895 1409 1013 1462 loco
1057 1406 1249 1476 psalmi
1279 1405 1368 1459 ubi
1409 1405 1538 1460 dicit
1569 1422 1581 1457 :
1617 1405 1716 1471 Qui
1748 1406 1871 1476 facit

291 1505 506 1574 angelos
535 1519 652 1556 suos
677 1501 905 1572 spiritus,
937 1506 985 1552 et
1011 1499 1271 1551 ministros
1303 1514 1421 1551 suos
1441 1499 1624 1585 ignem.
1642 1507 1871 1550 urentem

293 1593 466 1661 (Psal.
498 1609 605 1656 cm,
631 1590 706 1662 4).
735 1590 942 1659 Corpus
969 1603 1095 1657 ergo
1123 1589 1436 1653 mthereum,
1469 1588 1518 1641 id
1535 1595 1618 1642 est
1635 1588 1869 1655 igneum,

291 1701 388 1739 eos
414 1683 598 1738 dicunt
624 1682 850 1745 habere;
911 1679 1131 1748 angelos
1158 1694 1286 1733 vero
1315 1678 1508 1745 malos,
1553 1678 1604 1731 id
1647 1685 1730 1731 est
1765 1677 1872 1731 da:-

289 1789 500 1837 moues,
531 1785 728 1842 corpus
757 1785 992 1824 aereum.
1029 1768 1168 1836 Ergo
1195 1775 1319 1837 post
1347 1768 1550 1836 lapsum
1581 1767 1866 1826 malorum,

289 1873 348 1919 et
393 1864 736 1918 stabilitatem
784 1861 1070 1925 bonorum,
1120 1858 1320 1926 placuit
1360 1857 1714 1926 omnipotenti
1757 1857 1868 1910 Deo

290 1954 453 2008 aliam
482 1951 717 2007 condere
745 1958 1048 2004 creaturam
1079 1947 1419 2010 rationalem,
1449 1947 1617 2002 libero
1645 1946 1867 2001 arbitrio

289 2051 626 2106 exornatam,
674 2057 772 2110 per
815 2054 974 2108 quam
1020 2053 1277 2093 numerus
1325 2037 1415 2091 ille
1457 2037 1765 2106 angelorum
1801 2036 1868 2090 de

251 2128 260 2133 ’
290 2133 431 2188 omlo
460 2130 749 2185 labentium
800 2129 889 2197 qui
917 2129 1150 2197 perierat
1189 2127 1546 2197 suppleretnr.
1581 2127 1866 2182 Hominum

287 2223 411 2278 dico
434 2222 745 2291 primorum,
775 2219 1066 2274 secundum
1103 2218 1334 2272 animam
1363 2233 1432 2272 ex
1459 2217 1645 2283 nihilo,
1676 2232 1868 2272 secun-

250 2317 257 2322 ’
286 2314 414 2366 dum
457 2325 651 2379 corpus
680 2323 747 2364 ex
775 2310 904 2363 limo
931 2309 1338 2363 substitutorum
1372 2325 1383 2358 :
1428 2306 1718 2362 secundum
1747 2307 1865 2360 ani-

288 2417 456 2468 mam,
492 2399 807 2454 rationalem
849 2408 904 2453 et
931 2397 1317 2462 immortalem;
1349 2395 1639 2451 secundum
1670 2410 1866 2464 corpus

288 2493 452 2562 335
477 2505 606 2544 vero
631 2489 676 2543 si
705 2505 811 2542 non
850 2474 1146 2557 peccasset,
1178 2486 1566 2551 immortalem;
1609 2485 1655 2540 si
1685 2493 1863 2539 autem

288 2591 582 2654 peccasset,
607 2580 907 2642 mortalem,
936 2579 1095 2633 talem
1118 2578 1320 2632 scilicet
1339 2577 1480 2646 quod
1504 2577 1640 2631 mori
1662 2584 1861 2646 posset,

287 2675 500 2728 dicente
520 2670 801 2740 Apostolo,
832 2669 1026 2739 Corpus
1055 2668 1254 2739 quidem
1279 2677 1536 2720 mortuum
1556 2677 1632 2720 est
1657 2674 1864 2736 propter

286 2773 551 2834 peccatum
595 2760 768 2832 (Rom.
813 2776 921 2823 vtn,
971 2758 1060 2828 10)
1096 2775 1108 2810 :
1152 2759 1406 2826 quoniam
1456 2771 1612 2825 pmna
1658 2757 1864 2826 peccati

289 2872 436 2909 mors
458 2854 654 2908 inﬂicta
676 2859 757 2906 est
775 2851 1008 2920 corpori.
1035 2849 1266 2918 Excepta
1291 2849 1431 2903 enim
1456 2848 1673 2917 spiritus
1692 2856 1865 2902 morte

289 2948 344 3000 in
379 2945 432 2999 id
462 2943 604 3012 quod
635 2943 900 2999 deseritur
937 2957 967 2994 a
995 2941 1126 3005 Deo,
1178 2940 1316 2994 hanc
1358 2941 1520 2993 etiam
1562 2941 1770 3008 accepit
1808 2933 1860 2993 in

287 3052 450 3091 carne
479 3053 493 3088 :
525 3035 649 3103 quia
677 3035 817 3089 sicut
837 3035 944 3087 vita
967 3041 1050 3086 est
1077 3031 1267 3084 animae
1295 3031 1452 3084 beate
1479 3033 1678 3095 vivere,
1708 3031 1758 3084 id
1780 3041 1862 3084 est

287 3127 388 3180 frui
409 3125 550 3190 Deo;
583 3127 655 3178 ita
683 3125 817 3177 mori
839 3131 1157 3190 estcorporc
1174 3121 1240 3174 ab
1256 3121 1430 3173 anima
1449 3121 1640 3174 deseri.
1661 3120 1860 3174 Harum

287 3217 539 3270 mortium
569 3216 834 3283 disparem
864 3227 1074 3282 pmnam
1089 3221 1341 3280 expertus
1366 3227 1471 3265 non
1497 3219 1665 3278 esset,
1684 3212 1729 3264 si
1754 3227 1860 3265 non

285 3317 580 3380 peccasset.
611 3307 803 3361 Factus
832 3306 1010 3375 itaque
1039 3304 1202 3358 homo
1235 3311 1432 3366 rectus,
1483 3311 1539 3356 et
1576 3303 1642 3355 ad
1671 3303 1858 3371 imagi.

283 3416 412 3455 nem
443 3400 534 3454 Dei
560 3400 642 3453 sui
665 3397 957 3453 secundum
984 3397 1246 3450 rationem
1271 3404 1323 3449 et
1349 3394 1678 3449 intellectum
1708 3393 1860 3449 ﬁctus

281 3499 450 3559 atque
477 3489 755 3553 formatus,
787 3487 957 3556 legem
987 3486 1210 3554 accepit,
1261 3501 1422 3554 quam
1452 3500 1557 3539 non
1589 3493 1859 3552 transgre-

281 3580 483 3637 diendo
511 3581 704 3636 beatus
725 3586 890 3648 esset,
920 3578 1172 3648 quoniam
1205 3576 1436 3632 habebat
1457 3575 1682 3630 liberum
1714 3576 1858 3628 arbi-

277 3677 464 3740 trium,
507 3686 566 3730 ut
612 3682 793 3744 posset
838 3673 1012 3728 bonus
1041 3687 1159 3726 esse
1201 3671 1246 3724 si
1277 3670 1455 3732 vellet,
1504 3685 1612 3723 non
1642 3667 1858 3740 quidem

275 3768 397 3822 sine
419 3765 589 3834 gratia
620 3764 716 3818 Dei
749 3780 852 3833 qua
884 3764 998 3832 ipsa
1029 3762 1314 3830 regebatur
1342 3760 1604 3823 voluntas,
1655 3767 1714 3812 ut
1741 3758 1855 3812 vel-

276 3857 382 3921 let;
412 3864 468 3910 et
497 3864 674 3908 tamen
720 3854 772 3906 in
803 3860 1068 3922 potestate
1111 3851 1228 3918 ejus
1256 3857 1372 3904 erat
1416 3851 1584 3918 ipsam
1630 3851 1854 3918 gratiam

275 3951 535 4004 deserere
562 3961 684 4002 cum
715 3945 988 4000 voluisset.
1044 3943 1177 4009 Quia
1206 3943 1376 3996 voluit
1401 3951 1456 3996 et
1496 3943 1757 4012 peccavit,
1786 3943 1857 3997 ob

275 4043 382 4096 hoc
408 4040 572 4094 etiam
594 4037 784 4092 merito
813 4037 1158 4090 damnaretur
1177 4035 1229 4088 in
1251 4041 1406 4088 mter.
1427 4049 1534 4101 am,
1562 4040 1724 4102 atque
1747 4049 1853 4087 om-

273 4131 359 4188 nis
386 4131 550 4198 stirps
577 4129 694 4196 ejus
721 4128 772 4180 in
799 4133 1115 4196 perpetuum
1143 4139 1264 4179 cum
1307 4124 1509 4191 angelis
1533 4123 1854 4193 praevarica-

271 4220 482 4274 toribus
507 4217 801 4287 puniretur,
834 4215 932 4268 nisi
955 4215 1124 4282 gratia
1154 4212 1524 4283 superveniret
1552 4228 1649 4282 per
1668 4211 1851 4267 Jesnm

269 4309 547 4363 Christum
575 4306 858 4361 Dominum
887 4313 1149 4358 nostrum.
1182 4302 1354 4372 Ipsius
1398 4303 1540 4357 enim
1583 4317 1729 4357 mors
1755 4303 1854 4358 hu-

268 4414 490 4453 manum
516 4411 684 4465 genus
704 4411 733 4448 a
760 4401 1027 4465 potestate
1048 4393 1246 4447 diaboli
1276 4392 1538 4458 liberavit,
1562 4392 1704 4461 quod
1727 4408 1854 4461 qua-

267 4491 398 4546 dam
423 4488 629 4558 justitia
661 4487 754 4541 Dei
782 4487 832 4541 ei
862 4485 1114 4540 traditum
1157 4482 1329 4537 fuerat
1358 4482 1755 4553 possidendum,
1796 4490 1852 4536 et

265 4581 648 4638 dominabatur
675 4579 727 4632 in
756 4578 852 4642 eis,
879 4586 936 4630 ut
961 4578 1014 4630 in
1045 4575 1164 4630 ﬁliis
1192 4575 1518 4639 ditiidcntim,
1546 4575 1685 4630 sicut
1706 4575 1853 4643 Apo-

263 4674 441 4728 stolas
468 4673 542 4725 ait
563 4671 776 4743 (Ep/tes.
800 4686 853 4733 v,
877 4668 955 4740 6).
989 4668 1127 4737 Ergo
1158 4683 1302 4721 mors
1325 4667 1523 4721 Christi
1549 4682 1711 4736 quam
1733 4669 1849 4722 sine

260 4771 495 4832 peccato
540 4762 790 4831 suscepit,
839 4761 998 4813 vitam
1028 4761 1212 4813 tribuit
1257 4759 1546 4828 peccaturi.
1595 4759 1845 4829 Suscepit

260 4853 543 4907 hominem
591 4850 899 4920 Uuigenitus
930 4852 1044 4918 Dei,
1093 4858 1148 4905 et
1194 4850 1427 4905 Verbum
1476 4866 1604 4904 caro
1649 4851 1844 4906 iactum

257 4955 372 5006 est,
399 4944 488 5011 qui
522 4944 657 4996 inter
681 4942 846 4997 Deum
877 4951 932 4997 et
974 4943 1220 4996 homines
1257 4941 1568 4995 mediatoris
1591 4941 1841 5008 fungere-

257 5045 354 5089 tur
383 5034 556 5090 cilicio
587 5053 599 5088 :
633 5044 690 5089 ut
712 5036 833 5104 quia
864 5051 959 5105 per
990 5036 1210 5089 liberum
1241 5034 1516 5087 arbitrium
1546 5035 1741 5090 reverti
1772 5034 1839 5088 ad

129 5095 170 5168 ⁸-
255 5126 437 5180 Deum
467 5125 682 5180 minime
729 5134 1057 5194 poteramus,
1104 5139 1201 5192 per
1236 5122 1402 5178 Deum
1452 5124 1724 5178 hominem
1755 5124 1837 5177 la-

211 5207 220 5210 ’
251 5224 411 5269 ctum
439 5215 635 5269 reverti
658 5216 938 5284 possimus.
991 5213 1089 5268 l’er
1119 5215 1268 5268 hunc‘
1287 5213 1638 5268 mediatorem
1665 5229 1694 5266 a
1725 5214 1839 5267 dia-

247 5307 392 5360 bolo
417 5307 579 5376 gratis
605 5307 842 5361 occisum
868 5307 978 5374 ipse
1004 5304 1250 5358 diabolus
1278 5313 1465 5358 auctor
1491 5304 1682 5358 mortis
1706 5304 1838 5358 ami-

247 5398 324 5450 sit
349 5411 492 5465 quos
519 5397 657 5451 idem
685 5395 946 5451 mediator
969 5394 1170 5462 judicio
1195 5394 1455 5463 judicavit
1483 5396 1718 5450 occulto.

857 5491 1119 5560 'CAPUT.
1148 5505 1213 5561 χ.

328 5617 447 5672 Non
480 5618 637 5685 igitur
666 5617 921 5686 glorietur
949 5619 1109 5672 homo
1139 5617 1205 5672 dc
1234 5616 1437 5672 meritis
1465 5617 1594 5677 suis,
1621 5616 1714 5671 sed
1743 5618 1834 5686 qui

244 5710 541 5775 gloriatur,
567 5710 617 5762 in
652 5710 872 5763 Domino
902 5708 1160 5777 glorietur
1188 5706 1274 5778 (II
1300 5708 1418 5761 Cor.
1454 5725 1504 5772 χ,
1540 5707 1668 5776 l7)?
1699 5706 1834 5772 Quid

247 5800 401 5872 enim
433 5799 611 5866 habet,
639 5799 778 5870 quod
810 5816 916 5853 non
947 5799 1184 5868 accepit?
1207 5799 1354 5868 quod
1385 5800 1426 5854 si
1458 5799 1681 5870 accepit,
1707 5800 1832 5867 quid
1860 5877 1863 5879 _

1976 554 2089 621 ipse
2117 554 2372 610 Dominus
2410 556 2486 610 ait
2509 574 2520 609 :
2554 556 2614 611 Si
2640 575 2726 612 vos
2754 559 2801 611 F
2806 560 2924 614 ilius
2954 560 3260 626 liberaverit,
3297 572 3413 614 tunc
3441 580 3554 617 vere

1973 641 2127 696 liberi
2154 645 2294 698 eritis
2325 644 2504 716 (Joan.
2540 664 2647 712 νιιι,
2675 648 2788 719 56).
2820 648 3088 705 Liberatio
3134 661 3316 706 nostra
3344 653 3399 706 in
3435 653 3554 721 ejus

1974 731 2216 796 arbitrio,
2255 732 2306 786 in
2355 732 2470 800 ejus
2507 735 2610 789 sita
2639 746 2724 791 est
2751 737 3044 793 voluntate.
3092 736 3348 809 Quoniam
3386 741 3468 794 ira
3498 742 3553 798 in

1975 823 2150 890 furore
2176 823 2307 892 ejus,
2347 832 2398 877 et
2441 825 2544 877 vita
2578 827 2633 879 in
2662 826 2918 882 voluntate
2945 830 3055 898 ejus
3098 829 3267 901 (Psal.
3301 846 3446 894 χχιι,
3471 832 3550 900 6),

1976 910 2053 962 ait
2081 908 2545 982 Psalmographus.
2587 914 2735 971 Unde
2763 917 2908 984 quod
2938 917 3223 973 damnatur
3249 935 3392 987 reus,
3440 921 3554 976 suis

1973 999 2195 1068 deputet
2221 1003 2449 1068 meritis;
2481 1006 2625 1073 quod
2652 1007 2926 1071 liberatur,
2947 1007 3130 1075 gratiae
3147 1009 3546 1078 Redemptoris.

1962 1087 2084 1144 Nec
2113 1089 2218 1145 hoc
2247 1091 2489 1158 dicimus,
2521 1093 2665 1161 quod
2705 1095 2928 1150 liberum
2959 1097 3232 1150 arbitrium
3259 1099 3552 1169 perdiderit

1974 1180 2262 1236 humanum
2291 1198 2477 1252 genus.
2531 1185 2704 1240 Habet
2740 1188 2903 1250 enim,
2957 1198 3247 1259 antequam
3293 1192 3552 1250 liberetur

1973 1271 2140 1337 gratia
2163 1270 2480 1341 Salvatoris,
2509 1274 2574 1328 ad
2604 1276 2822 1341 malum,
2851 1293 2958 1331 non
2985 1279 3050 1331 ad
3071 1279 3271 1333 bonum
3294 1282 3548 1350 proclive.

1975 1361 2316 1430 Quapropter
2344 1363 2517 1432 ipsum
2543 1364 2765 1419 liberum
2795 1367 3070 1421 arbitrium
3101 1369 3270 1436 gratia
3297 1370 3393 1424 Dei
3424 1371 3551 1424 libe-

1973 1459 2140 1517 ratur,
2175 1460 2232 1505 ut
2257 1452 2454 1506 bonum
2479 1453 2610 1507 velit
2638 1461 2693 1507 et
2735 1455 2922 1523 possit.
2964 1455 3041 1510 lta
3071 1459 3213 1511 enim
3239 1458 3451 1526 quidam
3480 1475 3548 1514 ex

1973 1537 2220 1594 Patribus
2245 1539 2537 1611 (Augustin.
2567 1542 2733 1596 Ench.
2768 1561 2814 1597 c.
2847 1544 2934 1614 52)
2959 1546 3054 1612 ait,
3082 1548 3226 1613 quod
3253 1549 3421 1618 gratia
3451 1549 3546 1603 Dei
3589 1601 3598 1610 ,

1975 1633 2269 1700 praeveniat
2294 1634 2565 1688 nolentem
2590 1643 2647 1688 ut
2677 1637 2831 1700 velit;
2866 1637 3222 1707 subsequatur
3254 1639 3542 1704 volentem,

1974 1735 2042 1774 ne
2067 1719 2263 1775 frustra
2309 1723 2458 1777 velit.
2504 1724 2582 1778 Ac
2608 1725 2683 1778 sic
2725 1725 2886 1780 homo
2914 1734 3196 1795 antequam
3239 1730 3308 1782 sit
3353 1728 3544 1794 ﬁdelis,

1904 1823 1945 1882 Β
1973 1809 2139 1864 habet
2166 1811 2390 1866 liberum
2420 1814 2693 1868 arbitrium
2735 1817 2800 1869 ad
2831 1816 3048 1881 malum,
3092 1818 3253 1871 habet
3284 1819 3451 1874 ﬁdelis
3477 1818 3544 1873 li«

1969 1901 2154 1954 herum
2182 1896 2460 1957 arbitrium
2489 1913 2542 1958 et
2568 1905 2634 1958 ad
2660 1906 2880 1969 bonum,
2911 1909 3082 1975 gratia
3113 1908 3206 1962 Dei
3250 1911 3454 1965 scilicet
3479 1911 3544 1966 li-

1969 1988 2234 2042 beratum.
2265 1990 2384 2045 Non
2414 1992 2594 2060 utique
2624 1993 2912 2058 immerito,
2960 2007 3016 2048 ut
3062 2012 3160 2064 pro
3197 1998 3338 2052 malo
3377 2014 3544 2068 opere

1969 2095 2202 2151 postiam,
2232 2089 2288 2136 ct
2317 2098 2414 2151 pro
2443 2083 2586 2138 bono
2615 2084 2778 2138 vitam
2809 2098 3168 2154 consequatur
3189 2096 3467 2144 :etcrnam.

2479 2239 2636 2312 337
2667 2240 2890 2326 CAPUT
2930 2240 3016 2298 x1.

2037 2341 2273 2404 Gratiam
2308 2349 2467 2417 igitur
2504 2365 2662 2418 quam
2695 2353 2898 2420 primus
2944 2354 3103 2408 homo
3152 2354 3382 2410 habebat
3410 2365 3537 2413 ante

1968 2421 2267 2502 peccatum,
2317 2446 2372 2490 et
2413 2439 2636 2504 gratiam
2682 2455 2786 2508 qua
2816 2456 2956 2494 nunc
3000 2441 3336 2496 redimuntur
3365 2445 3538 2499 homi-

1968 2527 2063 2576 nes
2084 2538 2112 2575 a
2143 2539 2318 2579 massa
2343 2524 2595 2581 damnata
2623 2529 2849 2596 peccati,
2889 2530 3102 2596 quidam
3129 2531 3436 2588 discernens
3461 2535 3537 2589 sic

1964 2615 2040 2666 ait
2074 2631 2085 2666 :
2117 2615 2295 2669 Prima
2324 2626 2396 2670 est
2422 2619 2559 2670 enim
2603 2628 2657 2670 ut
2692 2618 2875 2671 habeat
2905 2621 3054 2673 homo
3096 2619 3350 2689 justitiam
3380 2626 3424 2676 si
3455 2641 3535 2677 ve-

1965 2702 2051 2767 lit;
2075 2705 2296 2757 secunda
2325 2723 2445 2776 ergo
2474 2707 2587 2776 plus
2627 2716 2808 2776 potest,
2850 2725 2949 2778 qua
2977 2712 3130 2762 etiam
3158 2712 3220 2780 ﬁt
3243 2721 3297 2763 ut
3325 2714 3460 2778 velit,
3485 2722 3535 2766 et

1967 2803 2162 2846 tantum
2192 2795 2306 2848 velit
2334 2805 2571 2867 tantoque
2600 2799 2787 2851 ardore
2817 2799 3028 2870 diligat,
3073 2812 3127 2853 ut
3156 2804 3326 2856 carnis
3356 2805 3534 2874 volup-

1966 2894 2116 2936 tatem
2144 2887 2405 2939 contraria
2434 2889 2874 2956 concupiscentem
2904 2891 3159 2963 voluntate
3186 2894 3393 2961 spiritus
3421 2897 3534 2948 vin-

1963 2983 2063 3028 cat.
2097 2973 2208 3028 Nec
2252 2977 2343 3030 illa
2385 2978 2584 3047 quidem
2615 2995 2775 3049 parva
2801 2991 2914 3034 erat
2939 2983 3437 3051 .quademonstrata
3461 2999 3537 3042 est

1963 3067 2117 3119 eriam
2136 3070 2365 3135 potentia
2387 3069 2532 3124 liberi
2555 3071 2790 3125 arbitrii:
2807 3075 3049 3143 quoniam
3077 3077 3149 3128 sic
3175 3077 3534 3146 adjuvabatur,

1889 3184 1934 3246 Ο
1963 3168 2018 3209 ut
2037 3160 2149 3212 sine
2169 3161 2263 3213 hoc
2289 3162 2549 3232 adjutorio
2577 3165 2630 3216 in
2669 3165 2800 3218 bono
2831 3183 2933 3219 non
2962 3179 3300 3236 permaneret,
3333 3172 3420 3224 sed
3442 3173 3536 3226 lioc

1964 3250 2278 3320 adjutorium
2307 3255 2351 3306 si
2379 3255 2524 3307 vellet
2554 3256 2824 3310 desereret.
2853 3258 2900 3310 Η
2909 3274 2982 3312 (cc
3006 3269 3174 3313 autem
3205 3269 3347 3316 tanto
3370 3264 3538 3334 major

1967 3350 2062 3404 est,
2092 3353 2146 3394 ut
2176 3360 2358 3411 parum
2386 3347 2452 3397 sit
2489 3347 2683 3400 homini
2726 3367 2816 3418 per
2841 3351 2983 3403 illam
3014 3369 3257 3419 reparare
3283 3357 3538 3423 perditam

1960 3430 2276 3496 libertatem;
2306 3451 2489 3500 parum
2517 3439 2584 3488 sit
2611 3438 2826 3510 denique
2856 3458 2957 3494 non
2986 3459 3136 3510 posse
3172 3446 3286 3514 sine
3338 3447 3431 3500 illa
3458 3450 3538 3502 vel

1961 3521 2338 3588 apprehendere
2365 3523 2568 3588 bonum,
2619 3528 2692 3580 vel
2737 3546 3035 3596 permanere
3072 3533 3125 3584 in
3165 3533 3295 3587 bono
3325 3538 3367 3586 si
3394 3537 3535 3602 velit,

1965 3609 2064 3660 nisi
2093 3611 2246 3662 etiam
2274 3612 2525 3680 eﬂicialur
2549 3624 2602 3665 ut
2630 3617 2745 3668 velit
2767 3621 3060 3688 (Augustin.
3085 3621 3149 3674 de
3170 3621 3314 3676 Carr.
3339 3635 3387 3677 et
3409 3625 3537 3678 Gra-

1959 3701 2051 3760 tia,
2076 3714 2120 3750 ς.
2157 3699 2267 3768 ll).
2315 3699 2450 3765 Quid
2491 3702 2650 3770 igitur
2693 3706 2744 3758 in
2794 3707 2891 3761 hac
2919 3709 3088 3774 gratia
3126 3711 3273 3779 prius
3302 3722 3385 3766 est
3431 3715 3533 3769 nisi

1961 3793 2109 3860 ﬁdes,
2139 3810 2256 3863 qua:
2287 3787 2383 3852 nos
2410 3801 2633 3856 ductura
2660 3811 2741 3857 est
2769 3805 2834 3858 ad
2862 3808 3115 3876 speciem,
3149 3819 3206 3864 ut
3230 3812 3436 3868 scilicet
3479 3814 3532 3869 id

1957 3900 2104 3965 quod
2134 3899 2398 3953 credimus
2426 3900 2739 3956 videamus?
2766 3902 2913 3958 Hanc
2942 3905 3103 3961 etiam
3129 3908 3286 3964 ﬁdem
3310 3926 3416 3966 non
3443 3927 3533 3969 ac—

1957 3985 2119 4054 cipiet
2140 3987 2323 4052 homo,
2344 3989 2442 4043 nisi
2470 3991 2768 4060 baptizatus
2797 3991 2957 4048 fuerit
2983 3997 3034 4049 in
3065 3999 3280 4054 nomine
3307 4000 3555 4058 Trinitac.

1956 4076 2024 4130 tis
2056 4094 2068 4129 :
2101 4089 2158 4131 ut
2185 4077 2352 4134 ﬁdelis
2399 4080 2637 4146 eﬁ‘ectus,
2693 4085 2828 4138 sciat
2867 4087 2994 4154 quid
3041 4090 3124 4144 vel
3177 4093 3316 4147 unde
3360 4104 3529 4164 petat,

1952 4177 2158 4236 quaerat
2211 4177 2266 4222 et
2310 4170 2504 4238 pulset,
2564 4180 2620 4226 ut
2668 4174 2907 4230 invenire
2954 4179 3149 4245 valeat,
3200 4180 3424 4239 Domino
3475 4187 3530 4242 in

1951 4257 2243 4326 Evangelio
2272 4260 2626 4317 admonente:
2664 4263 2851 4333 Petite,
2881 4277 2928 4320 et
2958 4271 3250 4340 accipietis;
3295 4279 3530 4346 quaerite,

1943 4357 2000 4410 et
2029 4351 2322 4414 invenietis;
2345 4353 2568 4422 pulsate,
2590 4362 2637 4406 et
2661 4358 2916 4424 aperietur
2935 4358 3073 4412 vobis
3097 4360 3310 4430 (Matth.
3335 4382 3424 4429 vn,
3453 4367 3526 4437 7).

1953 4436 2069 4492 Non
2101 4440 2508 4496 introducuntur
2553 4443 2653 4496 nisi
2685 4443 2886 4507 lidcles,
2918 4448 3018 4500 nisi
3052 4449 3302 4516 haptizati
3332 4436 3528 4511 fuerint

1881 4527 2008 4602 Din
2037 4530 2253 4584 nomine
2284 4529 2576 4586 Trinitatis.
2627 4533 2736 4586 Nec
2773 4550 2960 4588 omnes
3007 4544 3183 4590 tamen
3230 4541 3320 4607 qui
3348 4541 3526 4611 bapti-

1953 4622 2361 4677 zanturﬁdeles
2405 4624 2536 4677 salvi
2582 4633 2741 4678 erunt
2773 4644 2785 4677 :
2817 4627 3071 4694 quoniam
3117 4645 3302 4686 revera
3348 4635 3525 4689 multa:

1949 4711 2180 4766 lliDI‘CSCS
2209 4713 2312 4767 hoc
2342 4711 2614 4781 Trinitatis
2638 4714 2904 4784 baptismo
2923 4717 3238 4785 gloriantur,
3256 4729 3311 4775 et
3330 4723 3524 4780 eodem

1943 4800 2108 4866 modo
2140 4809 2196 4855 ut
2222 4801 2457 4857 Ecclesia
2506 4804 2768 4858 catholica
2797 4807 3056 4875 baptizari
3098 4811 3374 4878 videntur;
3425 4817 3522 4871 sed

1947 4905 2139 4960 magno
2163 4905 2347 4946 errore
2371 4900 2639 4957 tenentur,
2661 4893 2784 4947 dum
2816 4892 2936 4949 ﬁdei
2963 4897 3220 4952 unitatem
3248 4901 3516 4971 scindunt,

1947 4990 2002 5037 et
2033 4990 2145 5036 toto
2174 4973 2290 5036 orbi
2320 4983 2711 5037 communicare
2741 4984 2946 5052 nolunt,
2975 5001 3038 5041 ac
3074 5003 3171 5058 per
3198 4990 3299 5045 hoc
3327 4993 3520 5048 merito

1945 5072 2352 5127 damnabantur.
2388 5073 2524 5127 Nihil
2549 5089 2676 5144 ergo
2701 5075 2780 5129 cis
2802 5076 3018 5146 prodest
3041 5079 3205 5147 tingui
3229 5080 3281 5135 in
3303 5083 3517 5138 nomine

1947 5147 2240 5229 Trinitatis,
2272 5165 2363 5232 qui
2392 5165 2563 5234 ipsum
2611 5180 2805 5219 nomen
2847 5166 3058 5222 deitatis
3089 5169 3413 5226 individuum
3431 5173 3518 5227 di-

1946 5255 2126 5311 videre
2156 5255 2438 5312 temeraria
2485 5257 2896 5325 praesumptione
2923 5259 3183 5315 nituntur.
3225 5261 3364 5318 Sane
3392 5279 3514 5320 cum

1945 5345 2250 5417 compuncti
2297 5344 2461 5401 corde
2505 5345 2571 5400 ad
2620 5345 2906 5402 Ecclesiam
2956 5351 3271 5416 catholicam
3325 5354 3514 5412 humili

1941 5438 2140 5506 pietate
2168 5443 2530 5503 revertuntur,
2580 5452 2686 5490 non
2732 5437 2782 5491 in
2828 5439 2906 5493 eis
2951 5440 3173 5495 iteratur
3220 5443 3515 5514 baptismus

1939 5544 2097 5596 quem
2119 5527 2229 5596 jam
2258 5536 2601 5595 acceperunt,
2648 5528 2740 5582 sed
2779 5544 2874 5599 per
2901 5529 3293 5600 impositionem
3324 5551 3514 5595 manus

1939 5617 2191 5673 Ecclesia:
2211 5617 2491 5671 catholica:
2519 5619 2892 5673 conciliantur.
2919 5620 3181 5686 Quoniam
3225 5625 3303 5679 sic
3331 5638 3511 5683 custo-

1937 5711 2080 5766 ditur
2105 5712 2191 5764 illa
2221 5712 2486 5765 sententia
2517 5709 2745 5778 Domini,
2777 5711 2874 5774 Ite,
2909 5715 3164 5780 baptizate
3188 5733 3360 5772 omnes
3391 5739 3511 5790 gen-

1938 5809 2009 5853 tes
2031 5801 2082 5853 in
2103 5801 2306 5855 nomine
2321 5798 2514 5867 Patris,
2539 5810 2586 5854 et
2606 5799 2753 5868 Filii,
2776 5813 2821 5854 et
2856 5802 3079 5856 Svirllus
3102 5807 3265 5859 sancti
3289 5805 3502 5878 (Matth.
