4066 6346
502 311 603 370 501

1531 308 1587 363 S.
1632 306 2001 363 FULGENTJ
2035 305 2339 363 EPISCOPI
2370 305 2744 394 RUSPEN‘SIS

3681 306 3792 362 508

500 444 691 496 xxvut,
719 428 827 496 I9),
855 435 915 483 ut
942 426 1186 498 quamvis
1213 425 1358 480 foras
1382 424 1698 489 Ecclesium,
1736 431 1829 481 aut
1857 431 2005 479 certe
2035 424 2089 477 in
2123 426 2172 484 Α
2197 422 2590 492 sexagesimum
2620 421 2688 475 ad
2714 420 3072 485 continentes,
3123 425 3475 475 centesnnum
3524 419 3597 477 ad
3630 423 3790 491 virgi-

502 520 741 575 Eeclesia
762 534 793 573 a
815 518 956 572 man
977 525 1034 573 et
1057 530 1313 586 perverso
1331 514 1613 570 sacerdote
1642 513 1934 569 secundum
1956 514 2094 567 hanc

500 611 744 681 regulam
768 610 1133 680 baptizentur,
1153 607 1210 661 in
1237 606 1317 660 eis
1342 605 1650 660 nullatenus
1671 605 1916 659 iteretur.
1938 602 2102 658 Fides

503 703 727 773 quippe,
752 715 869 770 quae
897 713 994 768 per
1033 697 1379 752 dilectionem
1408 704 1689 766 operatur,
1722 711 1750 748 a
1780 703 1964 750 sancta
1996 693 2099 749 Ec-

503 794 670 849 clesia
696 790 961 847 catholica
1006 788 1259 844 habetur.
1308 786 1484 854 Quam
1526 788 1763 843 hmretici
1794 788 2103 842 nullatenus

504 883 704 940 habere
729 880 1026 951 probantur
1058 898 1072 933 :
1102 880 1228 951 quia
1266 894 1454 935 revera
1486 878 1620 934 ﬁdes
1661 879 1780 933 sola
1807 894 1916 933 non
1946 878 2098 932 Sili“.-

506 974 602 1038 cit,
633 972 739 1027 nisi
779 972 949 1027 Deum
993 970 1223 1027 credens
1250 970 1446 1039 diligas
1472 970 1663 1036 Deum,
1712 970 2101 1048 pneeeptisqtte

505 1063 625 1133 ejus
652 1062 897 1118 obedias.
951 1061 1182 1118 Obedire
1209 1063 1493 1133 praeceptis
1520 1062 1638 1131 ejus
1674 1070 1759 1116 est
1787 1078 1893 1116 non
1923 1059 2101 1116 facere

504 1155 727 1219 malum,
758 1163 816 1210 et
839 1153 1019 1210 facere
1042 1155 1263 1218 bonum,
1294 1168 1535 1224 pugnare
1577 1162 1764 1210 contra
1799 1153 2097 1216 diabolum,

506 1245 600 1315 qui
628 1260 846 1301 cursum
877 1254 1121 1300 nostrum
1170 1245 1236 1299 ad
1267 1246 1435 1301 Deum
1479 1245 1788 1301 tendentem
1840 1245 2104 1315 impedire

505 1338 799 1395 momentis
843 1338 1065 1407 singulis
1107 1338 1316 1393 nititur.
1368 1336 1521 1392 Unde
1562 1338 1717 1407 juxta
1760 1339 2098 1408 Apostolum,

510 1437 754 1500 tanquam
784 1430 864 1485 [eo
894 1429 1105 1499 rugiens
1142 1430 1325 1483 circuit
1362 1445 1597 1499 quazrens
1624 1445 1772 1500 quem
1811 1427 2015 1482 deuoret
2046 1427 2102 1494 (1

459 1556 468 1565 ι
507 1519 658 1576 Petr.
689 1537 741 1584 v,
777 1520 831 1591 8)
867 1539 880 1574 :
913 1521 998 1576 cui
1024 1520 1384 1575 resistendum
1414 1528 1498 1575 est
1525 1520 1576 1574 in
1605 1519 1709 1575 ﬁde
1736 1521 1968 1593 lortitcr.

1016 1675 1180 1746 333
1213 1672 1444 1729 CAPUT
1483 1673 1600 1730 xu.

2202 530 2320 570 nes.
2349 515 2426 569 lta
2455 514 2619 570 etiam
2652 512 2889 569 Ecclesia
2912 512 3177 568 catholica
3205 513 3258 566 in
3279 514 3364 567 bis
3382 513 3640 582 gradibus
3660 531 3767 570 con

2199 606 2385 663 stituta
2414 612 2517 667 est,
2547 615 2608 659 ut
2624 604 2870 673 quamvis
2900 612 3009 659 tres
3035 606 3144 658 sint
3166 604 3383 673 gradus,
3406 606 3592 661 multa:
3613 613 3791 662 tamen

2198 694 2513 752 diﬁ‘erentia:
2539 694 2887 749 meritorum.
2913 694 3099 764 Neque
3128 694 3273 749 enim
3298 703 3394 765 aut
3418 709 3611 751 omnes
3641 698 3796 765 virgi-

2200 803 2297 844 nes
2341 790 2619 859 thualiter
2662 790 2934 860 accipiunt
2980 792 3259 860 praemium
3307 791 3466 862 regni
3507 792 3792 859 caelorum,

2201 890 2296 937 aut
2336 898 2525 939 omnes
2573 884 2937 949 continentes,
2987 891 3080 938 aut
3125 898 3315 939 omnes
3360 884 3796 955 conjugati:sed

2200 975 2544 1046 unusquisque
2568 976 2835 1045 propitiam
2863 973 3145 1029 mercedem
3187 975 3423 1045 accipiet,
3455 975 3533 1029 ait
3558 975 3794 1046 Aposto-

2202 1065 2309 1133 lus,
2335 1066 2615 1119 secundum
2642 1081 2791 1118 suum
2821 1063 3051 1145 laborem
3081 1062 3137 1133 (Ι
3165 1063 3286 1118 Cor.
3318 1079 3394 1129 tu,
3425 1063 3505 1133 8).
3537 1063 3607 1119 Et
3623 1079 3821 1134 quan.»

2206 1160 2317 1207 tum
2360 1152 2590 1222 amplius
2636 1152 2772 1207 alius
2818 1152 2925 1205 alio
2962 1151 3221 1206 obediens
3251 1150 3363 1206 Deo
3413 1149 3533 1217 fuit,
3583 1160 3802 1210 tantum

2204 1243 2437 1314 amplius
2464 1244 2727 1320 mercedis
2756 1244 3008 1314 accipiet.
3038 1243 3106 1297 Et
3132 1258 3252 1312 quae
3292 1243 3397 1298 erit
3425 1245 3526 1301 ista
3565 1260 3804 1312 merces,

2204 1334 2291 1389 vel
2320 1334 2618 1403 praemium,
2648 1334 2748 1389 nisi
2778 1334 2892 1404 ipse
2917 1334 3057 1388 Deus
3086 1335 3362 1404 praemium
3405 1336 3629 1393 virtutis
3661 1338 3800 1393 erit?

2204 1423 2351 1477 Dixit
2370 1423 2586 1491 quidam
2618 1442 2631 1475 :
2665 1421 2721 1477 Is
2748 1425 2833 1495 qui
2862 1425 3098 1479 virtutem
3125 1424 3291 1490 dedit,
3316 1428 3402 1497 qui
3432 1426 3574 1481 dedit
3602 1437 3807 1481 certam

2208 1515 2342 1569 tibus
2380 1515 2665 1579 victoriam,
2713 1516 2823 1585 ipse
2848 1516 3026 1588 procul
3068 1514 3221 1570 dubio
3248 1518 3350 1571 erit
3376 1535 3604 1572 corona-
3641 1517 3797 1587 Quod

2205 1605 2572 1673 intelligimus,
2618 1614 2827 1660 tantum
2874 1606 3106 1675 amplius
3153 1607 3290 1663 alios
3333 1608 3443 1663 alio
3470 1609 3526 1663 in
3573 1608 3664 1662 illa
3692 1609 3801 1663 vita

2205 1697 2376 1754 Deum
2401 1696 2626 1763 videbit,
2657 1705 2916 1766 quantum
2959 1697 3190 1766 amplius
3218 1697 3272 1752 in
3301 1697 3405 1752 bac
3430 1697 3536 1753 vita
3564 1712 3694 1752 eum
3719 1698 3782 1754 di

583 1782 649 1840 Et
676 1785 801 1841 licet
825 1784 1064 1856 qnandiu
1092 1787 1144 1839 in
1171 1786 1276 1840 hoc
1304 1784 1504 1840 mundo
1526 1784 1830 1842 mortaliter
1846 1758 2100 1851 ivivimus,
2136 1804 2185 1865 Β
2209 1788 2356 1855 lexit,
2390 1758 2780 1860 praeceptisque
2801 1786 2918 1855 ejus
2939 1758 3197 1843 obediens
3219 1787 3341 1843 fuit.

511 1892 630 1933 stne
657 1886 882 1948 peccato
910 1892 1031 1933 esse
1056 1894 1164 1931 non
1196 1893 1510 1947 possumus;
1538 1884 1718 1932 tamen
1747 1891 1818 1933 ne
1848 1876 1973 1931 ullis
2002 1878 2107 1932 cri-

511 1968 746 2023 minibus
774 1967 1133 2038 implicemur,
1159 1976 1218 2022 ut
1248 1967 1317 2021 ad
1345 1967 1461 2036 ejus
1489 1967 1770 2022 servitium
1801 1967 2104 2032 redeamus,

514 2067 571 2113 et
595 2073 725 2113 vasa
764 2057 881 2128 ejus
908 2056 1106 2123 allecti,
1139 2074 1354 2112 rursum
1399 2058 1623 2127 incipiat
1649 2058 1893 2113 habitare
1922 2057 1978 2112 iu
2008 2074 2108 2113 no-

514 2148 627 2212 bis;
651 2163 770 2217 qua:
790 2149 899 2202 sint
924 2148 1225 2205 criminalia
1255 2156 1505 2218 peccata,
1534 2157 1588 2203 et
1609 2148 1886 2219 Scriptura
1906 2150 2113 2219 divina,

515 2249 571 2294 et
595 2239 880 2294 mundana:
900 2240 1047 2309 leges
1074 2240 1285 2310 publice
1314 2240 1571 2309 puniunt;
1617 2240 1712 2295 sed
1742 2250 1798 2295 et
1824 2241 2109 2296 conscien-

516 2330 592 2384 tia
620 2338 710 2384 tua
740 2345 861 2399 quae
889 2331 957 2385 ab
988 2331 1095 2385 alio
1124 2345 1232 2385 non
1262 2330 1376 2384 vult
1403 2330 1536 2400 pati,
1569 2345 1677 2385 non
1705 2330 1908 2397 nescit;
1949 2331 2046 2386 sed
2066 2331 2113 2385 si

514 2421 656 2479 forte
683 2431 807 2494 post
836 2423 1165 2493 baptismum
1212 2422 1479 2492 aliquibus
1525 2422 1839 2477 criminibus
1884 2423 2113 2487 involuti

516 2529 722 2576 sumus,
770 2528 878 2567 non
909 2513 1089 2582 pigeat
1117 2511 1492 2589 paenitentiam
1542 2525 1728 2580 agere,
1776 2518 1833 2565 et
1878 2513 2113 2567 contrito

519 2601 683 2656 corde
712 2609 768 2656 et
793 2611 1021 2671 corpore
1041 2615 1071 2654 a
1091 2599 1206 2656 Deo
1230 2599 1616 2670 indulgentiam
1640 2599 1934 2670 postulare.
1980 2600 2113 2655 Nam

519 2694 613 2763 qui
639 2694 741 2748 sibi
771 2700 991 2764 peccata
1036 2694 1254 2763 impune
1286 2693 1536 2747 videntur
1575 2693 1935 2759 committere,
1985 2694 2114 2748 dum

516 2781 748 2838 fortasse
793 2783 1001 2854 aliquas
1047 2782 1424 2855 eleemosynas
1470 2784 1524 2837 in
1572 2796 1838 2852 pauperes
1889 2782 2115 2852 faciunt,

515 2872 746 2926 multum
775 2870 1052 2926 falluntur.
1083 2870 1337 2927 Nesciunt
1365 2871 1511 2925 enim
1539 2870 1684 2940 quod
1713 2886 1851 2940 opus
1899 2871 2114 2926 miseri-

517 2963 719 3018 cordia:
750 2964 981 3032 primum
1008 2964 1078 3016 sit
1096 2963 1332 3031 seipsum
1356 2961 1467 3016 Deo
1493 2961 1708 3026 olferre,
1741 2972 1794 3017 et
1825 2963 1901 3017 sic
1930 2962 1982 3016 in
2009 2962 2114 3017 alio

518 3050 942 3106 misericordiam
973 3050 1170 3105 facere.
1202 3049 1294 3104 Sic
1324 3051 1469 3104 enim
1495 3050 1772 3119 Scriptura
1804 3051 1881 3104 ait
1912 3069 1925 3104 :
1958 3050 2116 3106 Mise-

519 3160 632 3199 rere
653 3145 843 3197 animw
866 3153 966 3197 tua:
988 3143 1199 3215 placens
1230 3141 1340 3197 Deo
1378 3141 1567 3213 (Eccli.
1595 3159 1723 3208 xxx,
1757 3142 1881 3209 24);
1914 3153 1970 3199 et
2009 3144 2112 3199 itc-

519 3250 640 3290 rum
669 3252 681 3287 :
710 3234 810 3298 Qui
856 3233 954 3288 sibi
995 3250 1213 3305 nequam
1253 3244 1346 3299 est,
1391 3234 1472 3287 cui
1511 3232 1672 3288 bonus
1697 3233 1885 3304 (Eccli.
1918 3251 1986 3299 tv,
2020 3235 2112 3305 5)?

519 3328 664 3397 Ergo
692 3328 949 3383 laeieuda:
973 3337 1099 3383 sunt
1125 3327 1478 3399 eleemosymc
1499 3366 1514 3392 ,
1555 3326 1651 3383 sed
1678 3337 1803 3383 ante
1832 3337 1959 3382 sunt
1983 3329 2112 3383 vitia

520 3421 893 3492 relinquenda.
938 3420 1164 3475 Multum
1202 3420 1365 3489 igitur
1390 3418 1644 3474 differunt
1671 3420 1740 3474 ab
1771 3420 1854 3475 his
1893 3421 1987 3489 qui
2016 3436 2112 3476 ve-

521 3523 662 3569 stem
692 3529 842 3568 suam
871 3512 1153 3568 candidam
1184 3520 1556 3578 servaverunt,
1589 3511 1681 3580 qui
1704 3511 1837 3566 tales
1861 3519 1921 3565 ut
1943 3511 2115 3566 renati

521 3592 665 3672 sunt,
698 3607 991 3661 auxiliante
1028 3605 1277 3672 Domino,
1310 3619 1481 3673 usque
1509 3603 1577 3659 ad
1607 3603 1766 3658 linem
1796 3605 1972 3659 exitus
1993 3619 2117 3674 per-

521 3704 772 3751 severant
803 3713 817 3749 :
848 3695 1041 3766 quibus
1078 3694 1392 3765 quotidiana
1420 3693 1595 3749 oratio
1641 3692 1840 3748 sul‘llcit
1889 3694 1956 3747 ad
2001 3694 2115 3748 sol-

521 3789 695 3845 venda
723 3789 945 3844 minima
973 3788 1192 3855 delicta,
1240 3802 1360 3856 qua:
1388 3787 1442 3841 in
1487 3785 1593 3841 hoc
1635 3801 1865 3856 corpore
1902 3786 2116 3841 mortali

524 3881 855 3950 subrepunt;
886 3880 955 3933 de
986 3892 1096 3947 quo
1135 3892 1196 3932 se
1225 3876 1516 3946 Apostolus
1543 3875 1761 3930 liberari
1787 3885 2011 3946 exoptat
2036 3876 2141 3929 di-.

524 3985 693 4025 cens:
724 3968 921 4040 Infelix
948 3984 1043 4039 ego
1076 3969 1226 4022 homo
1249 3969 1270 4021 !
1290 3969 1404 4035 quis
1432 3983 1513 4021 me
1552 3966 1791 4021 liberabit
1813 3967 1878 4021 de
1904 3984 2120 4038 corpore

525 4059 709 4112 mortis
732 4058 925 4129 hujus?
954 4056 1139 4111 Gratia
1165 4056 1263 4110 Dei
1298 4074 1389 4127 per
1423 4056 1602 4110 Iesum
1646 4056 1907 4111 Christum
1932 4056 2117 4113 Domi-

525 4163 650 4201 num
683 4155 918 4201 nostrum
967 4145 1145 4215 (Rom.
1178 4162 1270 4211 vu,
1318 4145 1428 4215 24).
1474 4145 1607 4200 Nam
1658 4153 1715 4201 et
1760 4147 2019 4205 Dominus
2064 4150 2117 4204 in

527 4235 817 4305 Evangelio
864 4235 1080 4307 (Matth.
1132 4252 1245 4301 xm,
1295 4235 1386 4307 25)
1444 4244 1555 4292 tres
1608 4235 1916 4293 fertilitates
1963 4247 2119 4293 terra:

528 4326 784 4392 ostendit,
821 4326 871 4380 id
899 4334 984 4381 est
1010 4333 1119 4380 tres
1144 4326 1342 4395 gradus
1373 4326 1640 4380 bonorum
1668 4326 1719 4380 in
1752 4326 1993 4383 Ecclesia
2021 4328 2118 4383 de-

527 4418 868 4484 monstravit,
920 4417 1267 4481 tricesimum,
1320 4417 1736 4485 sexagesimum,
1784 4426 1841 4471 et
1887 4417 2121 4472 centesi-

2801 1941 3030 1998 CAPUT
3068 1940 3205 1997 XIII.

2285 2059 2392 2116 Sed
2440 2068 2498 2114 et
2558 2059 2613 2112 in
2661 2058 2776 2127 ipsa
2819 2072 2982 2113 carne
3028 2057 3418 2125 resurgentium
3466 2064 3808 2115 mortuorum

2213 2150 2395 2204 multm
2417 2159 2578 2203 erunt
2603 2147 2917 2203 dill‘erentiu:
2945 2148 3224 2214 claritatis,
3254 2147 3470 2204 dicente
3495 2149 3760 2219 Apostolo
3784 2168 3796 2202 :

2213 2239 2332 2292 Alia
2352 2238 2566 2292 claritas
2595 2238 2744 2302 solis,
2772 2238 2878 2311 alia
2899 2238 3113 2291 claritas
3134 2238 3290 2303 laute,
3323 2239 3431 2293 alia
3449 2240 3666 2295 claritas
3692 2241 3805 2313 stel—

2213 2328 2402 2383 larum.
2436 2328 2604 2384 Stella
2632 2328 2768 2383 enim
2799 2327 2864 2380 ab
2893 2329 3045 2381 stella
3073 2327 3249 2397 cli/fert
3277 2329 3331 2383 in
3353 2328 3617 2392 claritate,
3646 2331 3806 2402 339

2213 2424 2289 2477 ita
2310 2423 2407 2477 erit
2432 2431 2480 2476 et
2504 2421 2808 2476 resurrectio
2837 2430 3162 2474 mortuorum
3192 2420 3247 2491 (Ι
3275 2421 3396 2475 Cor.
3431 2438 3523 2488 xv,
3553 2421 3674 2492 4i).
3705 2422 3805 2493 Igi-

2219 2522 2306 2568 tur
2347 2527 2683 2583 qutccunque
2729 2527 2960 2581 corpora
2998 2520 3093 2564 aut
3138 2512 3276 2580 ignis
3317 2513 3678 2583 consumpsit,
3717 2522 3807 2568 aut

2213 2605 2386 2660 bestia
2431 2603 2737 2668 devoravit,
2768 2610 2862 2655 aut
2888 2618 3027 2671 aqua
3065 2602 3363 2667 absorbuit,
3412 2602 3504 2658 illo
3528 2610 3806 2659 momento

2216 2694 2482 2764 temporis
2512 2703 2675 2765 atque
2721 2694 2831 2748 ictu
2858 2692 3005 2748 oculi
3031 2700 3337 2762 resurgent,
3383 2693 3440 2748 in
3476 2708 3610 2749 sexu
3638 2709 3813 2751 unus-

2214 2787 2443 2857 quisque
2470 2803 2578 2857 quo
2600 2794 2845 2841 mortuus
2869 2792 2981 2851 est;
3014 2786 3282 2840 masculus
3305 2786 3485 2855 itaque
3512 2786 3564 2841 in
3592 2800 3807 2842 mascu-

2215 2876 2346 2942 lino,
2398 2886 2454 2930 et
2500 2875 2699 2931 femina
2745 2875 2801 2929 in
2838 2873 3118 2930 feminino.
3164 2873 3319 2942 Quod
3368 2890 3497 2931 vero
3524 2878 3812 2944 resurgant

2214 2968 2438 3033 mortui,
2467 2968 2727 3022 Dominus
2750 2967 2802 3022 in
2831 2966 3125 3036 Evangelio
3154 2967 3231 3021 ait
3255 2985 3268 3019 :
3305 2965 3429 3021 Non
3450 2968 3649 3038 legistis
3676 2967 3813 3039 quod

2217 3058 2342 3110 dicit
2370 3056 2621 3112 Dominus
2650 3057 2720 3111 ad
2752 3057 2989 3128 Moysen:
3029 3057 3092 3111 de
3130 3056 3257 3111 rubo
3290 3074 3309 3110 :
3333 3056 3447 3128 Ego
3473 3055 3616 3112 Deus
3644 3057 3815 3112 Abra-

2217 3149 2358 3214 ham,
2386 3160 2435 3203 et
2459 3149 2599 3203 Deus
2624 3148 2801 3216 Isaac,
2828 3159 2878 3205 et
2906 3149 3048 3204 Deus
3085 3148 3247 3204 Iacob
3278 3149 3431 3220 (Luc.
3459 3167 3550 3218 xx,
3584 3149 3723 3222 37)?
3748 3150 3816 3205 Et

2216 3240 2545 3295 subnectens
2573 3240 2817 3309 adjungit
2847 3258 2861 3294 :
2906 3239 3032 3295 Non
3061 3250 3137 3294 est
3167 3238 3308 3295 Deus
3347 3251 3695 3310 mortuorum,
3726 3241 3818 3298 sed

2216 3331 2462 3385 rivorum.
2490 3329 2680 3386 Omnia
2707 3334 2843 3386 enim
2868 3333 3039 3386 vivunt
3066 3334 3114 3386 ei
3131 3331 3320 3400 (Ibid.,
3338 3331 3463 3403 58);
3495 3339 3550 3387 et
3578 3332 3813 3388 iterum:

2221 3419 2363 3473 Tunc
2392 3437 2594 3486 omnes,
2623 3421 2818 3490 inquit,
2846 3422 2935 3493 qui
2971 3423 3024 3475 in
3057 3422 3398 3476 monumentis
3420 3430 3560 3487 sunt,
3599 3422 3820 3476 audient

2217 3527 2389 3566 vocem
2407 3509 2539 3565 Filii
2566 3510 2689 3579 Dei,
2714 3521 2763 3565 et
2792 3521 3059 3583 resurgent
3084 3512 3172 3582 qui
3206 3512 3342 3565 bona
3371 3514 3604 3583 fecerunt
3640 3516 3699 3567 in
3734 3526 3821 3567 re-

2216 3601 2589 3655 surrectionem
2610 3601 2746 3663 ritw,
2769 3601 2858 3672 qui
2878 3618 2995 3656 vero
3017 3601 3157 3655 mala
3176 3609 3387 3672 egerunt
3408 3603 3462 3657 in
3483 3603 3824 3656 resurrectio-

2219 3690 2335 3746 n'em
2377 3692 2560 3763 judicii
2593 3692 2777 3764 (Joan.
2810 3710 2861 3758 v,
2893 3692 2982 3758 28,
3032 3692 3145 3764 29).
3177 3693 3309 3748 Nam
3351 3702 3409 3749 et
3434 3693 3562 3749 alibi
3593 3693 3817 3766 (Matth.

2219 3802 2344 3852 xxv,
2376 3785 2467 3857 46)
2495 3786 2880 3842 misericordia:
2900 3801 3064 3856 opera
3085 3801 3397 3854 numerans,
3419 3786 3591 3841 bonos
3619 3797 3680 3843 et
3703 3803 3819 3843 ma-

2220 3877 2303 3931 los
2333 3877 2687 3945 redargueus,
2710 3876 2812 3931 hos
2834 3877 2965 3932 dicit
2990 3876 3069 3931 ire
3097 3877 3152 3932 in
3179 3877 3500 3947 supplicium
3529 3885 3821 3935 reternum.

2221 3966 2401 4023 Bonos
2449 3968 2614 4022 etiam
2660 3967 2923 4037 suscipiet
2961 3966 3215 4035 gaudium
3260 3968 3695 4037 sempiternum;
3730 3968 3821 4023 ubi

2220 4072 2342 4111 cum
2364 4056 2475 4111 Deo
2500 4072 2601 4112 suo
2623 4056 2741 4110 sine
2765 4052 3209 4126 line're'gnabuut,
3238 4067 3296 4110 et
3313 4058 3381 4111 de
3405 4072 3500 4111 sua
3523 4058 3825 4113 stabilitate

2220 4148 2417 4213 securi,
2435 4147 2568 4200 nihil
2594 4162 2691 4201 eos
2719 4146 2972 4202 indecens
2994 4145 3301 4202 delectabit.
3330 4144 3646 4214 Ubicunque
3668 4147 3821 4203 enim

2221 4253 2408 4293 eorum
2438 4237 2664 4306 spiritus
2692 4236 2814 4301 erit,
2858 4235 3107 4306 protinus
3142 4237 3196 4291 in
3237 4236 3378 4291 caalo
3408 4251 3550 4292 novo
3590 4244 3646 4291 et
3676 4244 3828 4293 terra

2222 4343 2380 4385 nova.
2419 4326 2590 4382 Malos
2618 4335 2801 4382 autem
2834 4326 3093 4396 suscipiet
3125 4327 3261 4395 ignis
3286 4336 3541 4393 :etcrnus,
3592 4344 3744 4399 quos
3771 4329 3827 4384 in

2222 4427 2542 4490 perpetuum
2571 4418 2852 4475 cruciabit.
2883 4419 2982 4473 Ubi
3010 4421 3195 4474 vermis
3216 4436 3393 4476 eorum
3420 4436 3521 4477 non
3543 4424 3828 4487 morietur,

529 4526 697 4567 mum.
754 4507 902 4565 Unde
948 4516 1005 4563 et
1051 4524 1177 4563 arca
1226 4507 1361 4575 Noe,
1404 4522 1524 4578 quae
1569 4507 1889 4576 signilicavit
1930 4507 2119 4563 Eccle—
2150 4552 2196 4610 Β
2223 4521 2273 4566 et
2310 4513 2447 4583 ignis
2494 4527 2597 4565 non
2644 4511 3004 4582 exstinguetur
3033 4509 3227 4566 (Marc.
3268 4528 3343 4575 ιχ,
3391 4509 3505 4581 44).
3555 4510 3826 4581 Ideoque.

529 4604 686 4669 siam,
730 4601 1054 4657 bicamerata
1109 4599 1559 4668 tricamerataque
1609 4600 1742 4664 fuit;
1792 4599 2118 4669 signiﬁcans,

2227 4602 2524 4668 carissime,
2553 4601 2906 4670 satagendum
2932 4610 3035 4666 εει,
3077 4610 3135 4656 et
3153 4601 3353 4670 jugiter
3378 4601 3471 4656 Dei
3503 4602 3831 4657 misericor-

535 4705 596 4750 ut
640 4695 874 4750 diximus
899 4733 913 4757 ,
974 4700 1084 4747 tres
1133 4691 1348 4760 gradus,
1398 4700 1493 4745 aut
1539 4693 1794 4758 ordines,
1831 4708 1968 4762 quos
2014 4702 2127 4747 tra-
2227 4693 2315 4747 dia
2337 4691 2690 4762 imploranda,
2720 4698 2778 4745 ut
2816 4690 3021 4755 sobrie,
3053 4691 3161 4762 pie,
3185 4692 3334 4760 juste
3365 4693 3608 4748 vivamus
3631 4694 3694 4746 in
3726 4694 3836 4747 [ioc

535 4796 717 4841 ctores
743 4784 997 4840 Ecclesiae
1038 4783 1105 4870 ad
1157 4782 1499 4851 conjugatos,
1545 4784 1885 4839 continentes
1927 4793 1984 4839 et
2008 4784 2122 4840 vir-

531 4877 700 4945 gines’
713 4876 1031 4931 retulerunt.
1063 4873 1417 4928 Tricesimum
1448 4872 1656 4928 scilicet
1683 4871 1751 4927 ad
1778 4872 2121 4943 conjugatos,

578 5023 712 5033 νυ..-
721 5025 725 5029 .

2229 4782 2449 4848 δτρευιο,
2496 4791 2760 4851 quatenus
2806 4781 3077 4851 possimus
3118 4782 3381 4837 calorum
3431 4781 3730 4852 pervenire
3780 4783 3835 4837 in

2232 4887 2359 4941 regr

3688 5023 3841 5031 -———-—-

1565 5093 1716 5201 S.
1794 5082 2805 5209 PULGENTII

714 5264 1283 5395 CONTRA
1366 5260 2132 5378 SERMONEM
2216 5260 3037 5378 FASTIDIOSI-
3110 5208 3644 5407 ARIANl,

1452 5437 1582 5512 AD
1656 5431 2206 5531 VICTOREM,
2288 5434 2581 5513 LIBER
2636 5434 2950 5517 UNUS.

965 5618 1126 5690 340
1144 5615 1373 5672 CAPUT
1411 5615 1700 5671 PRIMUM.

609 5712 741 5769 Cum
766 5722 887 5769 tuas
915 5712 1141 5777 litteras,
1160 5711 1437 5767 carissime
1463 5710 1536 5764 lili
1563 5709 1766 5775 Victor,
1801 5709 1923 5764 lldei
1947 5716 2003 5765 et
2030 5725 2127 5766 ca-

544 5806 715 5863 ritatis
737 5804 959 5860 odorem
1004 5803 1377 5859 suavissimum
1419 5803 1794 5867 continentes,
1828 5811 1941 5858 tota
1982 5803 2131 5859 delc-

2231 5616 2468 5672 ctatione
2489 5624 2648 5686 atque
2662 5616 2940 5672 alacritate
2959 5607 3121 5672 animi
3151 5633 3511 5683 recenserem,
3525 5619 3861 5688 subjectum

2233 5709 2430 5779 reperi,
2473 5724 2631 5778 quem
2661 5708 2791 5764 mihi
2820 5708 3172 5765 refellendum
3203 5710 3505 5777 destinasti,
3541 5712 3858 5773 Fasti.2iosi

2196 5818 2559 5860 ~scrmoncm.
2617 5801 2736 5869 Quo
2778 5803 3071 5872 recensita,
3126 5812 3275 5859 tanto
3333 5804 3478 5860 dolui
3531 5807 3858 5878 perditum,
