4066 6346
274 263 379 320 509

1123 265 1399 327 CONTRA
1436 266 1803 328 SERMONEM
1842 269 2215 339 FASTIDIOSI
2253 283 2452 344 LIBER
2491 289 2693 350 UNUS.

3460 299 3566 375 ac

250 384 476 448 .quanto
499 378 670 481 magis
688 393 806 438 sum
827 379 1137 482 compulsus
1150 385 1444 482 exhorrere
1468 384 1861 455 blasphemum;
1893 394 1941 448 Α
1969 392 2132 448 virtus
2155 410 2332 451 eorum
2361 399 2529 467 (Psal.
2578 418 2745 466 xxxu.
2779 406 2866 477 6).
2915 407 2991 462 De
3036 411 3301 478 sapientia
3340 378 3559 482 quoque

268 482 433 537 quem
461 467 712 525 novimus
735 476 863 539 post
889 468 1252 526 Christianam
1301 470 1480 537 fidem,
1514 482 1638 545 post
1668 489 1861 530 mona-

267 560 356 618 chi
382 558 802 632 professionem,
851 570 976 633 post
1015 563 1336 639 presbyterii
1384 566 1672 634 honorem,
1701 581 1862 637 quem

264 650 321 705 in
350 659 649 722 conspectu
680 652 962 711 hominum
991 655 1156 726 cepit,
1181 664 1237 713 et
1265 672 1452 715 coram
1492 657 1723 714 Domino
1752 674 1862 715 non

262 741 478 807 habuit,
505 759 537 798 a
564 744 653 801 via
683 732 931 802 veritatis
974 762 1246 814 aversum,
1277 758 1334 805 et
1377 765 1488 808 sum
1533 767 1753 820 prorsus
1773 767 1862 808 re-

257 834 593 906 demptionis
640 836 889 902 oblitum,
938 840 1140 895 factum
1191 840 1356 897 fuisse
1396 843 1766 899 fornicationis
1794 857 1861 900 ac

256 924 492 980 luxuriae
518 940 754 994 servum,
784 936 840 983 et
867 943 936 986 ex
964 929 1072 987 hoc
1112 944 1368 1001 respuere
1411 932 1710 1003 maiestatis
1732 932 1864 989 divi-

254 1033 344 1077 nas
373 1020 676 1075 servitium.
709 1020 837 1079 inde
863 1030 946 1077 est
973 1021 1122 1093 quod
1151 1039 1219 1080 ex
1234 1024 1503 1081 catholico
1532 1024 1708 1081 factus
1746 1027 1858 1081 ha:-

251 1108 494 1173 reticus,
536 1123 602 1165 ac
646 1109 715 1164 de
744 1110 899 1169 mala
936 1112 1189 1168 thesauro
1227 1113 1411 1172 cordis
1450 1114 1534 1169 sui
1578 1114 1859 1185 proferens

248 1201 425 1267 mala,
455 1209 647 1260 contra
671 1211 876 1259 rectam
906 1202 1087 1273 ﬁdem,
1134 1214 1323 1262 contra
1362 1208 1681 1264 catholicam
1711 1208 1859 1264 veri-

253 1303 427 1351 tatem
456 1311 566 1353 non
588 1296 858 1353 immerito
887 1297 1037 1357 illum
1066 1313 1373 1357 sermonem
1402 1315 1613 1355 veneno
1661 1301 1855 1372 impie-

247 1388 389 1443 tatis
436 1378 747 1457 crapulatus
782 1398 1033 1452 evomat,
1089 1390 1310 1459 quando
1350 1406 1545 1463 panem
1588 1394 1711 1447 vitae
1737 1407 1857 1447 res-

247 1478 395 1549 puit,
427 1488 485 1533 et
512 1478 784 1536 salubrem
822 1494 965 1535 verae
991 1479 1111 1536 ﬁdei
1133 1482 1313 1537 cibum
1342 1483 1426 1539 sui
1458 1483 1690 1539 nominis
1719 1483 1857 1541 indi-

246 1570 339 1625 cio
364 1568 679 1626 fastidiosus
706 1570 922 1640 abjecit.
944 1571 1000 1630 In
1024 1573 1115 1629 illo
1144 1582 1328 1630 autem
1350 1575 1577 1645 profano
1598 1576 1856 1633 sermone

243 1676 460 1719 vocans
489 1679 591 1718 nos
632 1662 1051 1729 liomousianos,
1082 1666 1226 1735 quod
1258 1683 1358 1723 nos
1404 1668 1589 1725 Ariani
1615 1669 1855 1725 assolent

1965 499 2126 555 quam
2148 503 2248 543 nos
2276 488 2328 544 in
2352 492 2556 559 angelis
2571 502 2807 549 creatam
2828 495 3073 565 dicimus,
3097 499 3151 553 in
3173 497 3554 559 Ecclesiastico

1963 574 2102 633 libro
2131 579 2387 650 scriptum
2419 583 2645 652 legimus
2682 605 2695 639 :
2724 585 2880 642 Prior
2908 591 3137 645 omnium
3160 601 3335 646 creata
3363 602 3440 646 est
3468 609 3559 647 sa-

1963 668 2180 737 pientia,
2210 679 2260 725 et
2298 672 2586 729 intellectus
2632 677 2923 746 prudentia:
2956 679 3019 733 ab
3049 697 3155 735 azvo
3182 680 3371 752 (Eccli.
3397 698 3435 749 t,
3459 681 3555 754 4).

1965 755 2037 812 Ut
2064 759 2373 815 ostenderet
2393 760 2573 817 Verbo
2603 763 2720 832 Dei,
2748 780 2846 837 per
2871 767 3011 837 quod
3040 768 3176 824 facta
3197 778 3324 825 sunt
3352 772 3555 836 omnia,

1962 851 2130 907 etiam
2159 854 2381 921 angelos
2401 852 2592 921 factos,
2626 857 2883 913 continuo
2910 869 3093 915 sancta
3119 862 3393 931 Scriptura
3423 864 3556 918 sub-

1956 941 2174 1012 junxit:
2206 942 2352 1001 Fons
2380 946 2654 1016 sapientia:
2687 946 2910 1003 Verbum
2940 949 3060 1017 Dei,
3104 961 3152 1005 et
3193 952 3456 1023 ingressus
3487 954 3557 1008 il-

1961 1034 2061 1090 lius
2090 1034 2342 1090 mandata
2388 1044 2587 1091 (eterna
2639 1026 2835 1109 (16id.,
2877 1038 2965 1111 5).
2998 1039 3063 1095 Et
3119 1043 3282 1113 paulo
3324 1050 3466 1113 post,
3500 1052 3560 1097 ut

1961 1123 2274 1181 ostenderet
2301 1127 2521 1196 angelos
2544 1126 2612 1181 ad
2637 1143 2801 1199 opera
2817 1128 3046 1201 Spiritus
3061 1132 3233 1188 sancti
3259 1119 3569 1203 pertinere;

1960 1215 2033 1270 ita
2061 1215 2260 1272 dicitur
2289 1234 2302 1271 :
2338 1216 2482 1272 Unus
2511 1218 2795 1273 altissimus
2841 1231 3044 1276 creator
3087 1224 3411 1295 omnipotens
3455 1231 3556 1293 est,

1962 1304 2076 1360 Rex
2102 1317 2302 1374 potens,
2335 1309 2639 1364 metuendus
2681 1308 2854 1374 nimis,
2887 1313 3072 1366 sedens
3113 1330 3266 1384 super
3313 1314 3555 1369 thronum

1959 1396 2099 1450 illius
2128 1407 2179 1451 et
2208 1398 2507 1454 dominans.
2542 1398 2683 1454 Deus
2733 1405 2924 1457 creavit
2962 1403 3106 1457 illam
3136 1405 3338 1473 Spiritu
3374 1414 3556 1460 sancto

1959 1486 2152 1558 (Ibid.,
2182 1487 2270 1561 8).
2299 1489 2438 1557 Quid
2469 1491 2632 1561 igitur
2659 1491 2726 1546 ab
2760 1491 2962 1563 Spiritu
2990 1504 3183 1550 sancto
3213 1493 3410 1550 factum
3459 1511 3557 1552 nc-

1957 1578 2190 1646 gabitur,
2217 1596 2247 1634 a
2270 1596 2380 1652 quo
2402 1581 2570 1637 virtus
2599 1582 2862 1638 caelorum
2894 1582 3102 1638 ﬁrmata
3133 1585 3345 1655 legitur,
3378 1595 3434 1642 et
3461 1603 3558 1642 cu-

1953 1666 2043 1736 jus
2063 1684 2229 1740 opera
2251 1678 2432 1726 creata
2464 1672 2727 1742 sapientia
2756 1672 3112 1742 praedicatur?
3136 1673 3268 1728 Nam
3294 1684 3349 1729 et
3377 1675 3445 1730 de
3473 1676 3558 1730 di-

244 1768 596 1824 nuncupare,
619 1754 732 1810 huic
761 1750 923 1811 verba
972 1758 1155 1826 posuit
1186 1774 1199 1814 :
1234 1757 1632 1826 Homousianis,
1655 1762 1847 1831 inquit,
1882 1766 1931 1826 Β
1957 1759 2098 1815 vinis
2143 1759 2299 1816 donis
2345 1777 2463 1832 qua:
2508 1762 2649 1817 Deus
2694 1761 2949 1819 Ecclesiae
3008 1780 3118 1820 sua:
3172 1766 3375 1831 tribuit,
3430 1781 3554 1821 cum

240 1846 603 1925 assereutibus
638 1846 1221 1921 inseparabilem’atque
1255 1852 1578 1907 individuam
1610 1853 1850 1908 Trinita-

243 1949 376 2006 tem,
396 1955 492 1993 nec
524 1938 671 1994 Patri
703 1939 751 1992 F
752 1941 899 1995 ilium
927 1943 1087 2014 fuisse
1107 1943 1378 2010 minorem,
1404 1962 1497 2000 nec
1524 1945 1851 2001 Patrem‘in-

240 2031 485 2102 genitum
512 2028 641 2085 Filii
670 2031 750 2085 sui
784 2048 895 2086 esse
940 2034 1210 2104 factorem.
1259 2034 1512 2103 Attende,
1544 2052 1750 2106 quasso,
1796 2037 1851 2093 in

239 2124 368 2189 istis
408 2123 699 2180 Fastidiosi
729 2125 908 2180 verbis
938 2126 1183 2195 quadam
1234 2129 1313 2184 sic
1362 2129 1505 2185 male
1552 2131 1747 2200 posita,
1791 2138 1853 2187 ut

240 2236 529 2291 nunquam
578 2221 785 2291 possint
832 2221 970 2277 bene
999 2222 1209 2288 asseri;
1241 2224 1487 2293 qumdam
1540 2225 1619 2280 sic
1658 2225 1728 2280 ab
1757 2224 1850 2280 illo

236 2311 415 2382 impie
436 2311 602 2375 dicta,
629 2319 761 2366 utet
788 2312 926 2367 bene
949 2313 1239 2383 possint,’si
1274 2321 1454 2369 tamen
1485 2315 1625 2370 adsit
1654 2315 1845 2386 pietas,

236 2412 296 2458 et
316 2402 429 2458 dici
451 2403 656 2473 pariter
675 2410 730 2458 et
751 2403 943 2459 audiri.
968 2402 1101 2459 Illud
1123 2406 1267 2460 enim
1294 2421 1402 2477 quo
1423 2422 1520 2461 nos
1544 2407 1849 2475 arguendos

233 2495 477 2566 putavit,
505 2495 631 2564 quia
662 2495 1078 2565 inseparabilem
1108 2505 1272 2565 atque
1318 2495 1644 2551 individuam
1671 2497 1849 2552 Trini-

235 2594 415 2645 tatem
439 2585 686 2651 dicimus,
718 2585 792 2640 ita
821 2586 961 2641 male
985 2596 1147 2655 atque
1177 2587 1343 2655 impie
1369 2587 1613 2657 protulit,
1644 2596 1702 2642 ut
1741 2588 1847 2643 hoc

234 2677 535 2748 quisquam
560 2676 718 2749 3&1
752 2675 892 2732 bene
914 2677 1157 2747 proferre
1189 2695 1294 2733 non
1324 2678 1516 2749 possit.
1542 2676 1674 2745 Quis
1698 2679 1843 2734 enim

232 2782 354 2829 non
405 2766 611 2833 videat,
641 2776 843 2845 quanta
872 2768 1149 2838 impietate
1172 2768 1240 2823 ab
1264 2769 1478 2825 Arianis
1499 2769 1733 2823 Trinitas
1755 2784 1845 2824 se-

230 2858 507 2929 parabilis
526 2860 836 2917 asseratur?
857 2858 1056 2914 Beatus
1078 2859 1371 2930 Apostolus
1394 2860 1461 2915 de
1490 2860 1647 2917 nobis
1674 2861 1804 2916 dicit
1828 2878 1841 2913 :
1877 2926 1883 2932 ρ

232 2945 374 3013 Quis
406 2966 505 3003 nos
553 2951 815 3020 separabit
841 2967 875 3004 a
910 2950 1131 3005 caritate
1162 2949 1395 3006 Christi?
1435 2950 1745 3017 Tribulatio,
1773 2969 1843 3006 an

228 3042 511 3109 angustia,
560 3055 628 3094 an
668 3041 971 3110 periculum,
1003 3057 1072 3095 an
1120 3036 1317 3114 fames;
1339 3059 1408 3095 an
1431 3023 1742 3115 persecutio,
1773 3059 1842 3096 an

1956 1851 2147 1909 beatus
2198 1853 2512 1923 loqueretur
2539 1855 2833 1926 Apostolus
2861 1865 2917 1912 et
2945 1856 3167 1913 dixisset
3200 1875 3212 1911 :
3262 1857 3556 1913 Divisiones

1960 1952 2133 1996 autem
2169 1945 2459 2014 gratiarum
2508 1954 2649 2012 sunt,
2676 1946 2813 2001 idem
2858 1955 3029 2001 autem
3061 1947 3325 2018 Spiritus;
3371 1958 3422 2002 et
3473 1948 3560 2002 di-

1951 2032 2173 2087 visiones
2221 2034 2664 2090 ministrationum
2703 2046 2846 2106 sunt,
2894 2038 3033 2091 idem
3083 2055 3201 2093 vero
3256 2038 3416 2105 Deus,
3466 2041 3558 2112 qui

1953 2136 2201 2196 operatur
2245 2128 2422 2181 omnia
2470 2129 2526 2182 in
2582 2127 2818 2183 omnibus
2870 2127 2933 2201 (ι
2975 2127 3095 2183 Car.
3132 2147 3236 2194 xu,
3269 2128 3365 2201 4);
3414 2146 3555 2186 enu-

1951 2223 2159 2271 merata
2187 2215 2387 2273 deinde
2406 2217 2682 2274 donorum
2727 2219 3042 2275 diversitate
3096 2220 3421 2285 coalestium,
3470 2221 3556 2276 in-

1954 2305 2076 2360 tulit
2105 2321 2121 2361 :
2159 2304 2290 2362 Illac
2329 2308 2503 2363 omnia
2532 2319 2779 2381 aperatur
2800 2327 2933 2363 unus
2961 2320 3116 2365 atoue
3156 2310 3292 2365 idem
3323 2311 3554 2381 Spiritus

1951 2395 2183 2450 dividens
2209 2398 2431 2469 singulis
2452 2409 2605 2469 prout
2635 2400 2741 2453 vult
2770 2399 2956 2470 (Ibid.,
2984 2400 3099 2468 12).
3128 2400 3266 2467 Quid
3289 2412 3469 2457 autem
3493 2416 3553 2458 ω

1950 2488 2201 2545 omnibus
2221 2488 2505 2557 creaturis,
2535 2491 2589 2545 in
2617 2491 2813 2561 quibus
2842 2492 3106 2562 sapientia
3142 2494 3356 2561 attingit
3377 2509 3406 2547 a
3439 2493 3547 2550 line

1949 2593 2119 2647 usque
2149 2579 2214 2632 ad
2248 2577 2408 2633 tinem
2457 2579 2689 2645 fortiter,
2721 2588 2777 2635 et
2813 2581 3051 2651 disponit
3091 2583 3272 2636 omnia
3302 2583 3551 2639 suaviter

1956 2665 2114 2737 (Sap.
2146 2683 2257 2731 vm,
2286 2667 2362 2739 1),
2396 2669 2465 2723 ab
2504 2669 2823 2739 operatione
2847 2670 3020 2725 sancti
3049 2668 3281 2739 Spiritus
3310 2672 3550 2729 inveniri

1953 2759 2156 2827 poterit
2181 2760 2438 2829 alienum,
2469 2776 2593 2815 cum
2616 2776 2675 2815 se
2705 2760 2758 2815 in
2787 2760 2990 2831 Spiritu
3012 2761 3107 2817 Dei
3128 2762 3327 2833 ejicere
3354 2763 3552 2818 dacmo.

1946 2850 2036 2905 nia
2066 2850 2331 2918 Christus,
2361 2853 2453 2923 qui
2482 2862 2566 2908 est
2596 2852 2691 2908 Dei
2736 2853 2897 2927 3&2
2940 2853 3133 2924 virtus,
3170 2864 3225 2910 et
3250 2855 3545 2927 sapientia,

1944 2948 2312 3015 protestetur?
2331 2946 2449 3017 Ipse
2474 2948 2619 3003 enim
2649 2946 2785 3002 dixit
2817 2966 2830 3001 :
2859 2947 2921 3004 Si
2949 2956 3122 3003 autem
3136 2965 3229 3020 ego
3259 2948 3315 3002 in
3337 2946 3545 3018 Spiritu

1947 3040 2044 3094 Dei
2070 3042 2222 3111 ejicio
2245 3041 2525 3109 dwmonia,
2555 3059 2678 3113 ergo
2703 3042 2939 3113 pervenit
2966 3041 3023 3095 in
3058 3057 3148 3096 vos
3182 3056 3400 3113 regnum
3442 3037 3546 3093 Dei

224 3132 452 3211 gladius
479 3131 656 3201 (Rom.
688 3148 801 3200 vui,
830 3130 960 3204 55)?
1002 3129 1073 3188 Et
1095 3132 1255 3203 paulo
1283 3140 1407 3203 post
1440 3151 1452 3186 :
1505 3131 1686 3188 Certus
1729 3149 1842 3188 sum
1871 3137 1917 3201 ρ
1954 3129 2176 3201 (Matth.
2211 3148 2305 3198 xu,
2337 3131 2449 3203 28).
2478 3131 2764 3199 Quomodo
2789 3146 2920 3202 ergo
2948 3131 3280 3187 Fastidiosus
3308 3130 3547 3186 Trinita-

224 3223 383 3297 quod
404 3240 565 3295 neque
593 3240 751 3288 mors,
783 3240 945 3294 neque
964 3223 1087 3291 rita,
1107 3238 1268 3298 neque
1289 3225 1486 3296 angeli,
1513 3241 1674 3296 neque
1694 3227 1841 3296 prin-

224 3318 474 3387 cipatus,
518 3331 675 3387 neque
701 3314 994 3380 instantia;
1026 3331 1186 3387 neque
1212 3317 1409 3386 futura,
1441 3331 1602 3386 neque
1631 3315 1843 3386 fortitu-

222 3408 415 3473 dines,
441 3422 599 3478 neque
625 3405 864 3471 altitudo,
883 3421 1046 3477 neque
1058 3404 1394 3477 profundum,
1420 3422 1583 3478 neque
1603 3414 1845 3460 creatura

222 3502 345 3559 alia
378 3500 571 3571 poterit
597 3514 690 3553 nos
741 3513 985 3568 separare
1011 3514 1044 3551 α
1094 3497 1313 3553 caritate
1357 3494 1488 3563 Dei,
1522 3513 1639 3571 qua:
1683 3506 1761 3552 est
1788 3498 1844 3552 in

222 3592 451 3653 Christo
476 3588 601 3646 Iesu
624 3587 848 3644 Domino
873 3596 1051 3645 nostra
1077 3586 1266 3659 (Ibid.,
1292 3585 1360 3642 58
1366 3598 1407 3657 ).

850 3743 1080 3803 CAPUT
1117 3744 1185 3803 ll.

297 3862 451 3919 Cum
497 3874 625 3930 ergo
652 3860 842 3917 beatus
872 3859 1165 3931 Apostolus
1193 3874 1293 3931 per
1334 3860 1565 3929 gratiam
1600 3860 1699 3918 Dei
1733 3877 1841 3917 non

216 3976 332 4020 nos
356 3970 527 4029 posse
541 3957 609 4011 ab
628 3955 796 4025 ipsius
806 3954 1047 4025 separari
1059 3955 1285 4011 caritate
1297 3954 1548 4022 confidat,
1568 3955 1843 4026 quomodo

216 4065 283 4106 se
314 4062 438 4103 non
482 4045 721 4101 sentiant
740 4044 933 4116 laqueo
971 4042 1252 4100 mortifero
1273 4044 1564 4116 impietatis
1592 4046 1841 4110 innexos,

213 4144 321 4216 qui
376 4151 627 4198 sanctam
676 4138 996 4197 Trinitatem
1041 4147 1347 4209 separatam
1398 4139 1692 4210 praedicare
1733 4155 1842 4195 non

214 4236 514 4298 dubitant,
546 4231 700 4300 cujus
728 4246 894 4301 opera
923 4229 979 4289 in
1025 4230 1206 4305 aliquo
1254 4230 1576 4301 separabilia
1617 4229 1844 4286 demon-

215 4343 417 4389 strare
446 4345 558 4389 non
606 4326 877 4399 possunt?
900 4325 1030 4380 Nam
1054 4326 1107 4380 in
1135 4341 1202 4381 eo
1241 4324 1385 4396 quod
1420 4325 1747 4394 evangelista
1776 4326 1843 4382 de

217 4426 376 4488 Filio
400 4422 570 4477 dicit:
597 4416 789 4472 Omnia
811 4434 904 4487 per
945 4419 1111 4487 ipsum
1162 4417 1303 4487 facta
1331 4425 1472 4482 sunt,
1504 4406 1554 4470 et
1594 4418 1707 4471 sine
1728 4416 1842 4488 ipso

1949 3232 2060 3279 tem
2090 3223 2502 3295 inseparabilem
2546 3231 2726 3294 negat,
2756 3239 2877 3280 cum
2919 3238 3088 3295 opera
3134 3221 3417 3278 Trinitatis
3444 3236 3548 3277 ea-

1944 3317 2068 3372 dem
2091 3325 2253 3387 atque
2284 3316 2666 3388 inseparabilia
2718 3332 2839 3374 esse
2890 3318 2945 3371 in
2996 3315 3259 3372 creaturis
3287 3314 3541 3373 omnibus

1944 3423 2106 3463 nemo
2164 3421 2362 3476 negare
2413 3405 2613 3463 audeat
2657 3405 3038 3463 Christianus?
3108 3404 3549 3475 lnseparabiliter

1944 3500 2143 3570 quippe
2173 3506 2435 3569 operatur
2454 3485 2591 3553 unus
2612 3498 2773 3564 Deus,
2796 3496 3045 3552 videlicet
3074 3493 3256 3559 Pater,
3280 3504 3337 3551 et
3352 3494 3545 3563 Filius,

1944 3599 2001 3644 et
2026 3588 2258 3660 Spiritus
2312 3595 2552 3642 sanctus.
2597 3585 2799 3640 Eadem
2829 3599 3061 3654 namque
3099 3591 3389 3655 opcra‘sua
3422 3600 3545 3640 c:sc

1944 3696 2064 3752 quae
2090 3679 2267 3734 Patris
2299 3679 2404 3746 sui,
2447 3677 2542 3733 Dei
2576 3677 2893 3751 Unigenitus
2921 3684 3273 3747 protestatur,
3304 3674 3492 3732 dicens
3525 3694 3541 3732 :

1946 3770 2288 3842 Quantumque
2308 3771 2445 3824 enim
2481 3770 2641 3824 Pater
2666 3770 2813 3840 facit,
2859 3769 2970 3824 hazc
2991 3768 3170 3823 eadem
3200 3766 3372 3822 Filius
3396 3768 3545 3822 simi-

1943 3863 2061 3918 liter
2091 3863 2218 3935 facit
2247 3861 2429 3933 (Joan.
2463 3878 2518 3929 v,
2550 3859 2674 3933 i9).
2708 3859 2775 3915 Et
2826 3870 3004 3915 tamen
3035 3875 3155 3930 qua:
3196 3858 3363 3914 Filius
3386 3859 3537 3927 facit,

1945 3953 1998 4009 in
2026 3953 2228 4025 Spiritu
2255 3962 2445 4009 sancto
2476 3951 2620 4019 facit,
2646 3953 2700 4007 in
2729 3968 2838 4024 quo
2864 3950 3131 4008 dccmonia
3160 3948 3324 4022 ejicit.

2108 4120 2111 4123 ν
2558 4044 2920 4103 CAPUTIH.

2014 4139 2091 4195 Ne
2132 4155 2282 4206 vero,
2313 4154 2411 4210 pro
2432 4153 2498 4195 eo
2546 4137 2689 4209 quod
2717 4138 2950 4194 diximus
2998 4137 3146 4209 quod
3182 4146 3238 4195 et
3273 4137 3313 4193 F
3317 4138 3444 4194 ilius
3476 4152 3546 4195 cx

1948 4235 2104 4309 (forte
2125 4234 2200 4307 in)
2215 4233 2420 4306 Spiritu
2431 4242 2621 4289 sancto
2635 4232 2763 4288 facit
2782 4247 3117 4303 quaicunque
3140 4231 3287 4301 iacit,
3309 4232 3545 4302 aliquam

1943 4326 2270 4383 diversitatis
2288 4324 2459 4380 velint
2487 4324 2672 4379 Ariani
2693 4339 2938 4381 asserere
2958 4324 3338 4394 quaestionem,
3356 4332 3483 4393 puta
3493 4338 3550 4377 n-

1943 4427 2027 4475 tes
2051 4420 2314 4474 minorem
2345 4417 2546 4473 debere
2567 4417 2739 4488 accipi
2767 4434 2890 4473 eum
2929 4417 2983 4472 in
3012 4433 3123 4487 quo
3152 4414 3356 4486 aliquid
3390 4414 3449 4468 lit
3475 4414 3546 4471 ab

217 4521 439 4590 factum
487 4521 566 4567 est
609 4511 740 4565 nihil
782 4509 962 4582 (Joan.
1004 4525 1043 4576 ι,
1073 4505 1161 4578 5);
1193 4516 1248 4563 et
1282 4508 1334 4561 in
1375 4522 1442 4562 eo
1473 4508 1618 4577 quod
1648 4508 1842 4564 beatus
1869 4528 1923 4588 D
1946 4529 2014 4569 eo
2042 4513 2133 4581 qui
2164 4511 2328 4575 facit,
2359 4510 2583 4565 audiant
2611 4509 2950 4566 Salvatorem
2981 4518 3226 4565 nostrum
3259 4506 3385 4563 huic
3413 4522 3540 4577 per-

213 4605 411 4663 David
439 4604 626 4660 canit:
655 4599 826 4666 Quam
871 4600 1213 4671 magniﬁcam
1251 4606 1373 4653 sunt
1401 4615 1561 4670 opera
1594 4609 1700 4665 tua,
1728 4597 1841 4655 Da-

211 4696 412 4756 miue!
435 4695 614 4749 omnia
635 4694 690 4747 in
710 4689 966 4761 sapientia
992 4691 1160 4762 fecisti
1188 4688 1359 4761 (Psal.
1387 4706 1499 4758 cur,
1527 4690 1652 4761 24);
1680 4689 1839 4747 Chri-

208 4800 382 4847 stum
413 4793 599 4839 autem
628 4783 726 4839 Dei
779 4784 1034 4838 virtutem
1077 4789 1131 4835 et
1158 4780 1253 4835 Dei
1301 4781 1623 4852 sapientiam
1650 4782 1841 4837 beatus

210 4881 531 4955 profitetur
573 4876 883 4949 Apostolus,
917 4875 986 4931 de
1031 4891 1139 4947 quo
1193 4875 1434 4935 dicitur:
1469 4873 1605 4940 Quia
1630 4876 1685 4931 in
1727 4876 1840 4947 ipsa

209 4973 456 5030 condita
485 4982 607 5025 sunt
633 4970 875 5027 universa
902 4969 958 5023 in
1000 4969 1141 5023 ctzlis
1172 4977 1223 5022 et
1251 4969 1307 5022 in
1338 4978 1495 5032 terra,
1541 4967 1763 5023 visibilia
1792 4976 1842 5027 et

206 5063 551 5128 invisibilia,
582 5064 686 5117 sive
714 5060 935 5128 Throni,
963 5063 1068 5119 sive
1098 5060 1516 5127 Dominatlonrs,
1547 5062 1655 5116 sive
1680 5059 1842 5116 Prin-

204 5163 468 5231 cipatus,
513 5156 618 5211 sive
667 5154 980 5221 Potestates,
1021 5155 1196 5211 omnia
1224 5171 1315 5224 per
1350 5155 1537 5224 ipsum,
1568 5163 1619 5208 et
1646 5156 1699 5208 in
1728 5156 1844 5224 ipso

206 5262 421 5311 creata
465 5258 585 5305 sunt
640 5248 862 5322 (Coloss.
895 5265 936 5313 ι,
983 5246 1115 5318 16);
1159 5246 1506 5303 manifestum
1543 5255 1629 5303 est
1655 5249 1838 5303 omnia

203 5359 409 5419 opera
438 5342 616 5397 Patris
642 5341 830 5397 eadem
871 5353 991 5395 esse
1019 5354 1183 5410 opera
1215 5338 1354 5406 Filii,
1379 5337 1678 5410 eademque
1708 5352 1843 5394 esse

206 5450 411 5510 Opera
440 5432 677 5505 Spiritus
723 5431 917 5489 sancti.
942 5429 1379 5501 lnseparahiliter
1414 5428 1616 5501 quippe
1648 5436 1837 5485 sancta

204 5525 487 5586 Trinitas
517 5530 772 5594 operatur
797 5539 810 5576 :
843 5536 945 5577 nec
991 5531 1074 5576 est
1101 5536 1237 5591 opus
1261 5520 1406 5600 quod
1438 5518 1629 5576 fecerit
1653 5518 1834 5586 Pater,

202 5630 274 5677 et
306 5631 439 5675 non
467 5613 659 5670 fecerit
685 5613 885 5680 Filius;
915 5620 1009 5667 aut
1038 5611 1185 5683 quod
1218 5611 1405 5668 fecerit
1425 5611 1609 5676 Filius,
1645 5619 1701 5667 et
1728 5626 1836 5667 non

200 5710 434 5773 fecerit
461 5709 697 5780 Spiritus
723 5718 982 5766 sanctus:
1013 5708 1281 5780 Scriptum
1328 5715 1410 5765 est
1460 5710 1629 5781 enim,
1668 5709 1836 5767 Verba

208 5800 458 5866 bonum
484 5801 596 5855 ω’ιὶ
647 5801 838 5855 ﬁrmati
886 5809 1028 5872 sunt,
1059 5810 1110 5856 ct
1141 5798 1341 5871 Spiritu
1372 5800 1480 5859 oris
1515 5800 1626 5874 ejus
1665 5804 1835 5864 omnis

1946 4602 2190 4659 versitati
2218 4600 2533 4658 omnimodo
2584 4602 2924 4658 resistentem
2969 4601 3136 4657 in-eo
3186 4600 3331 4671 quod
3360 4599 3539 4655 dicit:

1949 4697 2049 4762 Qui
2078 4705 2247 4750 autem
2290 4695 2417 4768 facit
2445 4696 2733 4761 veritatem,
2763 4697 2897 4751 venit
2926 4696 2996 4749 ad
3020 4695 3206 4761 lucem,
3236 4704 3292 4748 ut
3319 4695 3543 4767 manife-

1949 4796 2117 4843 tentur
2158 4787 2270 4858 ejus
2327 4804 2503 4858 opera,
2534 4803 2648 4855 qua:
2675 4788 2731 4841 in
2759 4785 2871 4841 Deo
2894 4797 3015 4842 sunt
3043 4790 3184 4859 facta
3235 4785 3427 4857 (Joan.
3458 4800 3516 4841 tn

1947 4878 2067 4949 20).
2111 4877 2209 4933 llic
2263 4876 2463 4948 eligant
2515 4877 2701 4935 Ariani
2744 4878 3018 4948 quomodo
3067 4876 3235 4945 velint
3289 4877 3543 4947 accipere

1948 4969 2117 5027 Deum
2139 4969 2191 5024 in
2220 4967 2356 5025 Filio
2386 4969 2687 5032 nominato,
2717 4976 2897 5024 utrum
2948 4967 3188 5038 Patrem,
3222 4984 3292 5022 an
3322 4967 3361 5022 F
3366 4968 3539 5033 ilium,

1948 5078 2015 5116 an
2047 5059 2304 5133 Spiritum
2340 5060 2632 5116 sanctum?
2661 5059 2719 5115 Si
2769 5044 2913 5115 enim
2957 5057 3175 5114 Patrem
3226 5060 3541 5131 putaverint

1947 5152 2317 5223 accipiendum
2343 5167 2487 5221 esse,
2521 5152 2573 5205 in
2604 5165 2715 5221 quo
2742 5152 2886 5206 bona
2921 5165 3090 5222 opera
3133 5149 3202 5206 ab
3232 5150 3542 5207 hominibus

1946 5240 2104 5311 ﬁunt,
2152 5241 2252 5313 ipsi
2291 5240 2579 5298 destruunt
2624 5240 2771 5311 quod
2802 5255 3055 5311 persona:
3094 5238 3331 5311 Spiritus
3365 5240 3541 5296 sancti

1942 5337 2379 5408 blasphemantes
2406 5333 2682 5403 objiciunt.
2717 5332 2901 5403 Neque
2948 5332 3091 5389 enim
3125 5331 3540 5404 Patrentiaude-

1938 5432 2075 5487 bunt
2102 5429 2367 5486 minorem
2396 5427 2595 5493 dicere,
2621 5427 2706 5483 cui
2744 5426 3044 5484 secundum
3073 5426 3410 5485 divinitatem
3442 5440 3539 5483 no-

1938 5523 2056 5579 lunt
2082 5520 2343 5590 mqualem
2372 5518 2565 5575 Filium
2593 5519 2911 5590 praedicare;
2937 5519 3016 5577 Ac
3046 5535 3142 5591 per
3170 5519 3294 5584 hoc,
3320 5534 3444 5575 cum
3475 5518 3533 5574 in

1940 5616 2099 5672 Patre
2145 5614 2309 5669 homo
2354 5612 2499 5669 bona
2528 5627 2693 5684 opera
2724 5611 2871 5677 facit,
2916 5621 2973 5668 et
3019 5612 3072 5666 in
3111 5610 3314 5683 Spiritu
3344 5619 3536 5666 sancto

1938 5711 2182 5768 Christus
2229 5706 2377 5779 cjicit
2429 5704 2734 5773 dtemonia,
2787 5714 3119 5775 cognoscant
3171 5702 3535 5773 :cqualitatem

1940 5800 2133 5869 Patris,
2166 5807 2222 5856 et
2276 5796 2510 5873 Spiritus
2554 5796 2743 5853 sancti.
2794 5795 2850 5854 Si
2879 5809 3012 5852 vero
3041 5794 3234 5851 Filium
3270 5794 3357 5849 hic
3385 5794 3533 5851 acci-
