4048 6342
511 303 520 330 ”
544 298 637 382 δη
1581 327 1638 382 ε.
1683 323 2048 382 FULGENTII
2091 322 2396 382 EPlSCOPl
2433 320 2805 378 nusrs-nsrs

3732 325 3857 382 Si!

545 449 800 518 picatum
827 444 1059 501 dixerint
1090 458 1154 498 ex
1186 444 1288 499 hoc
1310 439 1454 510 quod
1503 440 1554 494 in
1587 439 1722 494 Filio
1751 448 1807 493 et
1849 439 1904 494 in
1929 437 2132 508 Spiritu
2161 453 2211 510 Α
2237 436 2350 492 sine
2373 434 2633 489 intellectu
2665 436 2818 504 (Sap.
2852 452 2892 501 ι,
2923 435 2975 499 5,
3005 433 3058 501 4,
3078 435 3155 506 5).
3189 435 3287 491 llic
3312 443 3493 490 autem
3550 436 3674 505 quis
3722 451 3839 491 non

543 549 737 593 sancto
779 537 922 593 bona
975 551 1139 606 opera
1181 534 1327 596 tiant,
1361 547 1468 586 non
1512 530 1686 585 solum
1737 531 2134 600 compelluntur

546 633 740 688 Filium
771 641 827 687 et
867 630 1124 701 Spiritum
1153 635 1399 682 sanctum
1434 625 1670 693 aequales
1727 623 1904 689 fateri,
1948 639 2134 678 verum

523 722 711 776 etiam
771 721 1081 775 fatebuntur
1129 715 1320 772 eadem
1381 723 1543 783 atque
1593 713 1968 784 iuseparabilia
2017 728 2137 769 esse

546 831 712 886 opera
733 811 999 879 Patris,et
1028 809 1166 875 Filii,
1193 817 1248 864 et
1277 808 1507 878 Spiritus
1529 807 1700 862 sancti
1737 825 1749 859 :
1785 804 1976 860 Omnia
1998 808 2136 859 enim

547 912 790 974 operatur
831 919 964 956 unus
1007 911 1158 972 atque
1185 900 1323 954 idem
1373 899 1602 969 Spiritus
1633 897 1688 969 (Ι
1715 898 1836 953 Cor.
1889 915 1980 962 xu,
2025 895 2135 967 lit),

547 997 689 1049 sicut
734 994 925 1048 beatus
960 992 1251 1064 Apostolus
1289 998 1537 1046 testatur.
1588 990 1647 1046 Si
1694 1005 1824 1046 vero
1879 989 2137 1058 Spiritum

546 1095 795 1142 sanctum
817 1087 1092 1141 aestimant
1116 1085 1324 1149 Ariani,
1362 1099 1583 1139 necesse
1605 1092 1686 1137 est
1718 1091 1857 1138 utex
1890 1083 1992 1137 hoc
2021 1082 2140 1136 loco

546 1179 944 1248 compellantur
989 1179 1154 1234 Deum
1205 1177 1361 1232 lateri
1413 1175 1673 1245 Spiritum
1723 1181 1991 1228 sanctum.
2023 1171 2140 1259 Non

547 1271 690 1326 enim
729 1271 866 1325 dixit
893 1270 1114 1339 spiritus
1158 1268 1396 1335 Domini,
1445 1267 1546 1333 Qui
1579 1265 1706 1320 facit
1735 1265 2036 1330 veritatem,
2082 1271 2142 1318 ut

547 1359 965 1416 ntanifestentur
992 1359 1108 1428 ejus
1131 1374 1319 1428 opera,
1342 1373 1461 1428 quae
1499 1357 1550 1410 in
1577 1355 1778 1426 Spiritu
1801 1363 1988 1410 sancto
2017 1360 2144 1408 sunt

549 1451 728 1516 facta;
779 1451 894 1517 sed,
919 1449 1048 1516 Qua:
1079 1451 1132 1504 in
1164 1451 1274 1504 Deo
1303 1457 1429 1504 sunt
1470 1448 1630 1511 facta,
1661 1461 1780 1516 qua:
1815 1461 1914 1500 nos
1949 1461 2055 1499 non
2087 1445 2142 1498 iu

520 1525 523 1528 l
548 1543 668 1597 solo
691 1541 868 1606 Patre,
884 1556 983 1595 nec
1005 1541 1056 1594 in
1082 1541 1200 1595 solo
1223 1539 1496 1603 Filio,nec
1515 1539 1566 1592 in
1590 1538 1707 1593 solo
1729 1537 1932 1606 Spiritu
1953 1543 2144 1590 sancto

546 1637 689 1692 facta
719 1635 964 1697 dicimus,
994 1633 1091 1688 sed
1122 1635 1175 1687 in
1199 1634 1312 1703 ipsa
1336 1632 1596 1686 Trinitate
1625 1638 1833 1697 sancta,
1856 1644 1976 1698 qua:
2007 1643 2143 1682 unus

549 1727 692 1782 Deus
720 1735 824 1790 est,
863 1726 1148 1780 veritatem
1196 1727 1264 1779 ab
1295 1725 1514 1780 homine
1561 1722 1677 1778 ﬁeri
1699 1721 2044 1788 conﬁtemur,
2088 1722 2146 1776 in

545 1833 656 1886 quo
699 1817 954 1872 virtutem
989 1832 1020 1870 a
1053 1815 1445 1892 lidelibuslieri
1474 1816 1668 1870 beatus
1706 1812 1877 1868 David
1906 1812 2144 1866 insinuat

545 1909 730 1962 dicens
759 1925 772 1960 :
807 1907 873 1962 In
894 1907 1118 1960 Domino
1141 1907 1388 1972 faciemus
1413 1907 1673 1972 virtutem,
1697 1914 1747 1959 et
1772 1905 1881 1974 ipse
1911 1903 1980 1956 ad
2001 1902 2141 1956 nihi-

517 1979 520 1982 l
546 1998 653 2051 lunt
682 1998 897 2050 deducet
918 1996 1220 2050 tribulantes
1250 2013 1343 2050 nos
1368 1995 1542 2065 (Psal.
1567 2012 1673 2060 LIX,
1701 1993 1810 2057 Η).
1844 1993 1962 2062 lp:c
2001 1993 2145 2046 enim

547 2096 632 2141 est
656 2103 790 2141 unus
820 2086 962 2140 Deus
983 2085 1049 2140 de
1071 2101 1179 2156 quo
1200 2085 1391 2140 beatus
1414 2084 1704 2154 Apostolus
1721 2083 1870 2145 dicit,
1888 2081 2146 2145 Quoniam

546 2193 610 2232 ea:
652 2179 766 2248 ipso
786 2187 835 2231 et
867 2177 921 2230 in
959 2179 1071 2246 ipso
1115 2178 1290 2230 omnia
1320 2185 1441 2230 sunt
1477 2191 1495 2228 :
1534 2175 1634 2244 ipsi
1668 2175 1837 2245 gloria
1877 2175 1930 2226 in
1954 2173 2147 2227 sazcula

550 2265 734 2338 (Rom.
766 2284 838 2332 χι,
871 2265 997 2332 56).

1165 2358 1396 2413 CAPUT
1436 2357 1523 2413 IV.

555 2442 561 2452 ’
619 2452 902 2518 Quomodo
951 2453 1112 2520 igitur
1139 2461 1324 2507 sancta
1350 2453 1586 2506 Trinitas
1614 2451 1681 2506 ab
1712 2450 1891 2521 impiis
1921 2465 2144 2522 separa-

547 2545 669 2599 bilis
691 2545 906 2608 dicitur,
927 2560 1051 2598 cum
1081 2543 1521 2614 inseparabiliter
1549 2552 1828 2613 operatur,
1867 2560 1899 2597 a
1928 2545 2142 2613 quibus,

549 2647 809 2708 quantum
857 2641 1016 2695 datur
1044 2639 1292 2707 intelligi,
1341 2653 1442 2693 nec
1473 2639 1524 2692 in
1550 2637 1744 2706 spiritu
1773 2637 1918 2706 quod
1948 2637 2146 2692 dicitur

523 2795 528 2800 α
548 2735 958 2805 separari,sicut
970 2736 1049 2791 rei
1063 2736 1260 2790 veritas
1274 2735 1459 2804 exigit,
1475 2737 1778 2805 cogitatur?
1794 2735 1837 2789 A
1854 2734 2144 2806 35.3.Deo

547 2825 695 2881 enim
712 2834 919 2893 nostro,
936 2827 986 2881 id
999 2834 1081 2882 est
1094 2828 1162 2881 ab
1181 2826 1299 2895 ipsa
1311 2825 1576 2880 Trinitate
1593 2834 1802 2891 sancta,
1820 2824 1949 2880 nihil
1965 2830 2146 2895 potest

549 2914 796 2972 localiter
815 2919 1074 2987 separari,
1107 2916 1233 2987 quia
1261 2916 1400 2971 idem
1433 2917 1572 2971 Deus
1599 2931 1861 2980 summus,
1891 2930 2051 2971 verus
2091 2923 2148 2969 et

550 3005 753 3074 bonus,
778 3007 919 3062 sicut
939 3007 1118 3062 omnia
1148 3005 1292 3071 fecit,
1317 3006 1394 3060 sic
1414 3007 1594 3060 omnia
1623 3007 1866 3062 continet
1886 3015 1942 3061 et
1970 3007 2144 3076 replet

554 3098 870 3154 immensus.
895 3097 1012 3152 Non
1043 3107 1125 3151 est
1150 3105 1330 3150 autem
1360 3096 1682 3165 corporalis,
1708 3111 1884 3165 neque
1932 3096 2138 3161 localis,

552 3199 609 3244 et
651 3191 772 3245 ideo
820 3205 926 3245 nec
978 3189 1093 3259 ipsa
1124 3187 1428 3258 corporalia
1457 3197 1734 3256 possunta
1763 3188 1875 3243 Deo
1897 3187 2142 3243 localiter

550 3280 824 3350 separari;
856 3279 982 3349 quia
1013 3280 1065 3332 in
1096 3278 1214 3332 loco
1238 3285 1320 3332 εει
1341 3292 1502 3331 omne
1527 3293 1745 3347 corpus,
1769 3285 1824 3332 et
1865 3277 1981 3332 sine
2030 3277 2143 3332 Deo

551 3373 730 3427 nullus
752 3380 835 3426 est
853 3372 1023 3426 locus.
1051 3353 1192 3425 Deus
1217 3369 1360 3424 enim
1390 3370 1468 3423 sic
1488 3369 1636 3423 nullo
1661 3369 1969 3424 continetur
1997 3369 2140 3434 loco,

535 3451 749 3544 iutoipse
771 3464 1050 3520 contineat
1093 3477 1309 3517 omnem
1342 3461 1551 3526 locumo;
1596 3463 1650 3516 in
1697 3476 1806 3531 quo
1842 3463 2014 3517 moles
2061 3471 2144 3516 est

554 3555 722 3620 nulla,
753 3565 809 3609 et
829 3553 982 3623 cujus
1011 3561 1094 3608 est
1118 3553 1286 3608 virtus
1313 3553 1595 3608 inuneusa.
1629 3551 1765 3607 Cum
1815 3553 1974 3622 igitur
2020 3569 2143 3608 cor-

472 3655 478 3660 ‘
551 3660 707 3715 pora,
737 3661 857 3715 quze
877 3645 993 3701 sine
1015 3645 1134 3700 loco
1155 3659 1275 3698 esse
1297 3659 1406 3698 non
1431 3652 1677 3713 possunt,
1711 3659 1816 3698 non
1856 3643 2065 3714 possint
2111 3659 2141 3697 a

551 3737 665 3790 Deo
694 3735 940 3791 localiter
958 3736 1223 3805 separari,
1255 3734 1445 3804 procul
1475 3733 1641 3789 dubio
1699 3749 1874 3803 neque
1921 3731 2143 3804 spiritus

551 3842 687 3897 quos
707 3825 850 3881 Deus
876 3826 1083 3880 creavit
1111 3840 1142 3878 a
1174 3825 1284 3879 Deo
1313 3823 1561 3880 localiter
1601 3831 1940 3893 separantur.
1958 3821 2144 3877 Omnis

551 3918 696 3972 cnim
726 3918 945 3987 spiritus
973 3932 1135 3986 quem
1162 3916 1368 3971 creavit
1397 3915 1537 3970 Deus
1586 3916 1636 3969 in
1666 3930 1988 3983 quocunque
2019 3914 2142 3968 loco

551 4009 642 4073 sit,
677 3993 758 4062 ibi
773 4016 857 4063 est
873 4007 1020 4062 Deus
1047 4025 1058 4060 :
1084 4007 1176 4076 qui
1207 4007 1333 4061 licet
1361 4007 1414 4059 in
1437 4007 1716 4076 spiritibus
1745 4007 1899 4060 malis
1925 4022 2035 4093 n03
2074 4007 2144 4059 sit

553 4113 652 4169 per
679 4098 928 4166 gratiam,
956 4111 1054 4166 per
1074 4112 1234 4167 quam
1264 4097 1456 4164 quibus
1487 4097 1601 4164 ipse
1649 4096 1764 4148 vult
1808 4096 1973 4150 vitam
2019 4111 2143 4150 san-

552 4199 695 4246 ctam
727 4190 1225 4258 beatitudinemqne
1253 4189 1498 4256 largitur,
1520 4203 1618 4258 per
1638 4188 1938 4257 potentiam
1963 4196 2142 4244 tamen

530 4280 856 4353 naturalem
887 4281 938 4334 in
970 4280 1219 4335 omnibus
1247 4280 1510 4334 creaturis
1537 4280 1649 4334 suis
1692 4280 1769 4333 sic
1799 4294 2012 4349 semper
2038 4287 2140 4348 est,

553 4383 612 4430 ut
642 4374 787 4429 nulla
809 4384 1056 4430 creatura
1090 4373 1173 4428 vel
1201 4372 1462 4442 particula
1487 4381 1748 4428 creatum:
1774 4373 1997 4427 inveniri
2019 4387 2144 4443 pos-

552 4465 624 4520 sit
651 4465 702 4520 in
726 4480 832 4534 qua
856 4465 998 4520 Deus
1024 4479 1123 4535 per
1150 4464 1446 4534 potentiam
1479 4450 1586 4518 non
1615 4465 1702 4517 sit.
1734 4463 1825 4519 llla
1857 4465 2017 4536 igitur
2044 4481 2143 4519 na-

535 4567 673 4624 tura
716 4556 1180 4631 separari‘potest
1234 4571 1264 4608 a
1311 4555 1439 4618 Deo,
1483 4570 1601 4623 qum
1650 4555 1823 4631 potuit
1846 4565 1939 4610 aut
1968 4565 2144 4627 potest

536 4645 837 4717 'subjaccre
861 4655 1108 4717 peccato.
1141 4647 1252 4701 Nec
1279 4656 1362 4701 est
1391 4647 1493 4700 alia
1524 4663 1610 4701 res
1638 4662 1758 4717 qua:
1784 4649 1952 4717 possit
1975 4665 2003 4702 a
2036 4648 2144 4704 Deo

537 4722 851 4802 'discedere,
877 4739 979 4792 nisi
1001 4738 1302 4793 substantia
1333 4752 1452 4806 qua:
1475 4746 1654 4806 potest
1678 4746 1770 4791 aut
1799 4739 1976 4808 potuit
2015 4755 2145 4808 pro-

554 4831 672 4900 pria
701 4829 982 4883 voluntate
1007 4843 1255 4898 peccare.
1289 4829 1428 4883 Dicit
1450 4829 1590 4883 enim
1615 4827 1802 4902 Esaias
1829 4848 1840 4882 :
1877 4828 2011 4884 Ecce
2039 4848 2142 4884 non

553 4930 629 4973 est
658 4917 952 4973 abbreviata
981 4935 1164 4973 manus
1197 4917 1424 4984 Domini,
1454 4929 1509 4972 ut
1537 4920 1739 4973 salvare
1761 4932 1999 4989 nequeat,
2054 4939 2144 4976 ne-

553 5027 651 5082 que
671 5021 956 5083 aggravata
976 5021 1051 5066 est
1072 5013 1215 5065 auris
1241 5012 1374 5081 ejus,
1405 5022 1460 5065 ut
1483 5029 1586 5065 non
1609 5013 1892 5076 exaudiat;
1923 5015 2014 5067 sed
2039 5016 2144 5069 ini-

553 5107 776 5176 qttitates
821 5115 1000 5160 vestra:
1045 5106 1278 5160 dividunt
1328 5108 1465 5160 inter
1503 5125 1588 5162 vos
1628 5118 1676 5162 et
1735 5109 1899 5162 Deum
1925 5120 2144 5162 vestrum

560 5198 712 5270 (lsai.
741 5215 852 5266 ux,
878 5198 928 5263 l,
953 5197 1030 5268 Ξ).
1062 5199 1119 5252 ln
1142 5200 1280 5255 libro
1321 5181 1536 5270 quoque
1566 5201 1853 5272 Sapientizc
1905 5204 2144 5257 ostendi-

560 5300 647 5344 tur
675 5290 922 5346 homines
942 5305 973 5343 a
1003 5290 1132 5353 Deo,
1164 5307 1273 5345 non
1303 5291 1454 5357 locis,
1485 5291 1578 5346 sed
1601 5295 1779 5362 pravis
1803 5294 2144 5362 cogitationi-

557 5384 656 5437 bus
709 5395 764 5439 et
814 5377 1277 5452 iniquis‘actibus
1320 5387 1580 5454 separari.
1634 5385 2140 5443 Ibienimdicitnr:

559 5473 821 5529 l’erversce
842 5476 978 5530 enim
999 5475 1339 5545 cogitationes
1380 5489 1626 5547 separant
1667 5496 1698 5532 α
1740 5478 1869 5534 Deo.
1918 5480 2143 5534 Probata

555 5576 725 5619 autem
743 5568 897 5621 virtus
921 5568 1133 5637 corripit
1151 5567 1449 5637 insipientes
1471 5585 1485 5621 :
1510 5572 1748 5639 quoniam
1772 5571 1822 5624 in
1842 5572 2143 5626 malevolam

555 5655 782 5710 animam
807 5673 908 5709 non
931 5655 1451 5726 introibitsapientia,
1477 5674 1567 5712 nec
1588 5660 1894 5715 inliabitabit
1915 5664 1966 5716 in
1990 5664 2142 5717 corde

553 5743 754 5797 subdito
784 5747 1290 5816 peccatis;Spiritus
1307 5749 1442 5801 enim
1471 5760 1680 5804 sanctus
1719 5753 2006 5822 disciplina‘
2060 5757 2139 5825 ef-

556 5838 715 5909 fugiet
746 5839 942 5906 fictum,
976 5850 1021 5892 et
1051 5844 1248 5905 auferet
1270 5858 1324 5894 se
1347 5859 1378 5894 (ι
1425 5841 1815 5912 cogitationibus
1863 5864 1977 5916 quit
2024 5859 2140 5901 sunt

2239 527 2419 582 videat
2445 527 2735 580 trinitatem
2760 542 3110 596 personarum
3135 529 3562 598 proprietatibus
3610 531 3838 586 intima-

2240 618 2390 670 tam?
2421 616 2630 671 Dictum
2660 625 2743 672 est
2771 618 2913 671 enim
2966 619 3222 687 quoniam
3263 637 3517 689 perversa:
3556 623 3844 692 cogitatio-

2240 725 2330 762 nes
2358 718 2604 780 separant
2623 726 2656 762 a
2687 708 2818 776 Deo,
2849 725 2957 778 quo
2986 711 3205 766 nomine
3230 727 3460 781 persona
3504 713 3598 768 Dei
3658 713 3844 770 Patris

2239 803 2566 871 agnoscitur.
2593 803 2796 858 Deinde
2823 803 3097 871 adjectum
3122 814 3226 872 est,
3251 807 3509 875 quoniam
3532 809 3584 861 in
3608 808 3845 864 malevo-

2213 965 2216 967 Α
2239 895 2347 949 lam
2372 897 2602 948 animant
2623 913 2725 949 non
2751 896 2983 951 introibit
3009 898 3280 967 sapientia,
3305 912 3414 967 quo
3437 900 3658 954 nomine
3678 899 3847 954 Chri-

2241 997 2356 1044 stus
2385 989 2709 1054 ostenditur,
2741 1005 2904 1058 quem
2928 990 3024 1045 Dei
3046 991 3298 1044 virtutem
3319 999 3374 1046 et
3394 990 3489 1046 Dei
3514 993 3845 1062 sapientiam

2244 1079 2440 1137 Paulus
2469 1082 2723 1152 appellat.
2758 1082 2963 1138 Deinde
2987 1083 3189 1138 dictum
3215 1093 3298 1138 est
3326 1085 3578 1153 quoniam
3603 1084 3846 1155 Spiritus

2242 1189 2452 1233 sanctus
2499 1180 2708 1251 effugiet
2736 1181 2934 1248 fictum,
2962 1189 3011 1234 et
3041 1182 3239 1251 auferet
3284 1197 3340 1234 se
3377 1198 3410 1234 a
3437 1180 3847 1250 cogitationibus

2243 1287 2360 1342 qua:
2387 1279 2506 1324 sunt
2535 1272 2647 1325 sine
2672 1271 2950 1324 intellectu.
2985 1270 3063 1326 Ne
3087 1271 3206 1339 quis
3227 1279 3407 1326 autem
3437 1281 3658 1340 putaret
3683 1285 3848 1340 quos-

2245 1359 2379 1414 libet
2399 1359 2613 1429 iniquos
2641 1370 2735 1414 aut
2765 1360 2960 1431 impios
2988 1361 3056 1415 ab
3083 1361 3182 1416 ista
3204 1369 3390 1416 sancta
3411 1360 3699 1426 Trinitate,
3724 1375 3848 1430 qua:

2246 1465 2406 1517 unus,
2432 1465 2611 1515 verus,
2645 1459 2700 1505 et
2724 1451 2898 1508 bonus
2925 1459 3009 1506 est
3037 1451 3200 1520 Deus,
3225 1451 3469 1508 localiter
3500 1467 3662 1522 posse
3689 1467 3847 1522 sepa-

2245 1541 2372 1604 rari,
2402 1541 2564 1610 paulo
2595 1550 2719 1610 post
2743 1541 3020 1610 Scriptura
3053 1543 3131 1597 sic
3157 1543 3394 1612 loquitur
3419 1562 3431 1595 :
3472 1543 3750 1598 Numanus
3771 1552 3847 1597 est

2245 1631 2382 1684 enim
2415 1630 2644 1700 Spiritus
2674 1633 2964 1702 sapientior,
2991 1641 3058 1710 et
3078 1650 3182 1687 non
3217 1633 3452 1688 liberabit
3503 1635 3844 1688 maledictum

2247 1739 2279 1775 a
2317 1720 2468 1776 labiis
2491 1723 2619 1789 suis,
2649 1725 2890 1796 quoniam
2929 1741 3108 1778 renum
3137 1725 3276 1779 illius
3306 1727 3446 1779 testis
3474 1737 3552 1779 est
3579 1725 3751 1793 Deus,
3798 1739 3846 1780 et

2249 1803 2572 1882 cordis'ejus
2618 1813 2878 1882 inspector
2917 1829 3086 1879 verus,
3137 1826 3186 1868 et
3225 1815 3416 1885 lingua:
3446 1816 3583 1869 illius
3608 1817 3842 1871 auditor.

2254 1900 2514 1966 Quoniam
2564 1901 2789 1970 Spiritus
2840 1901 3050 1957 Domini
3105 1905 3314 1975 replevit
3361 1907 3536 1960 orbem
3581 1914 3846 1960 terrarum

2251 1990 2515 2062 (Ibid.,6,
2548 1993 2627 2064 7).
2671 1993 3093 2050 lmmeusitatem
3142 1997 3323 2066 itaque
3364 2008 3564 2054 sancta:
3603 1998 3844 2054 Trinita-

2251 2083 2319 2136 tis
2347 2082 2525 2138 divina
2551 2101 2656 2138 non
2680 2093 2896 2139 cessant
2924 2086 3137 2156 eloquia
3160 2087 3421 2158 proﬁteri.
3474 2089 3624 2146 Hanc
3653 2092 3847 2160 utique

2248 2170 2439 2226 beatus
2491 2173 2657 2226 David
2703 2174 3002 2230 certissime
3056 2187 3300 2243 noverat,
3329 2188 3384 2233 et
3423 2179 3546 2234 ideo
3574 2169 3795 2234 dicebat
3829 2198 3840 2230 :

2253 2263 2365 2326 Quo
2389 2263 2470 2316 ibo
2493 2264 2744 2334 aSpiritu
2773 2277 2878 2330 tuo,
2911 2279 2959 2321 et
2982 2286 3013 2320 α
3044 2269 3178 2340 facie
3218 2278 3308 2321 tua
3349 2287 3447 2342 quo
3500 2271 3740 2342 fugiam?
3784 2270 3846 2325 Si

2250 2357 2528 2409 ascendere
2558 2359 2608 2409 in
2633 2356 2832 2424 calum,
2859 2371 2910 2412 tu
2941 2361 3046 2413 illic
3073 2378 3126 2414 es
3149 2379 3167 2426 ;
3203 2364 3246 2414 si
3277 2362 3586 2416 descendero
3643 2364 3700 2414 in
3756 2363 3846 2415 in-

2250 2449 2471 2513 fernum,
2505 2449 2630 2503 ades
2657 2451 2828 2518 (Psal.
2864 2468 3126 2519 cxxxvm,
3149 2454 3198 2519 7,
3223 2454 3299 2522 8).
3318 2455 3392 2509 De
3413 2454 3688 2524 Sapientia
3710 2473 3847 2528 quo-

2248 2556 2371 2610 que,
2407 2541 2456 2594 id
2488 2550 2570 2596 est
2602 2543 2700 2597 Dei
2730 2543 2885 2610 Filio,
2918 2545 3198 2615 Scriptura
3228 2547 3374 2610 dicit,
3408 2549 3663 2618 quoniam
3685 2552 3847 2604 attin-

2247 2633 2322 2702 git
2351 2650 2381 2684 a
2409 2633 2516 2701 ﬁne
2536 2649 2692 2702 usque
2721 2636 2790 2687 ad
2813 2637 2989 2705 ﬁnem,
3021 2646 3069 2690 et
3119 2638 3347 2708 disponit
3394 2641 3568 2699 omnia
3614 2642 3847 2695 sua'iter

2249 2724 2540 2794 (Sap.vnt,
2580 2725 2652 2794 l).
2695 2727 2962 2794 Quoniam
3022 2730 3182 2798 igitur
3232 2747 3262 2784 a
3313 2741 3498 2786 sancta
3549 2733 3845 2795 Trinitate.

2247 2829 2366 2883 quae
2421 2816 2617 2886 ubique
2670 2826 2783 2872 tota
2825 2828 2928 2887 est,
2960 2821 3105 2874 nulla
3137 2838 3230 2876 res
3260 2822 3503 2877 localiter
3526 2833 3847 2893 separatur,

2246 2906 2339 2959 sed
2363 2909 2492 2961 solae
2520 2917 2775 2977 separant
2803 2927 2833 2963 a
2859 2910 2990 2974 Deo,
3021 2911 3160 2967 sicut
3184 2912 3297 2981 jam
3325 2913 3576 2979 diximus,
3633 2915 3848 2986 iniqui-

2247 3005 2387 3053 tates
2409 3007 2464 3053 ει
2488 3015 2756 3070 perversm
2783 3004 3173 3072 cogitationes;
3224 3005 3469 3074 quisquis
3517 3005 3845 3061 Trinitatem

2245 3087 2409 3160 344
2434 3091 2792 3159 separabilem
2821 3100 3049 3146 conatur
3079 3108 3341 3157 asserere,
3368 3108 3589 3148 necesse
3634 3103 3718 3149 est
3760 3096 3848 3149 di-

2246 3187 2352 3246 cat,
2386 3189 2481 3234 aut
2513 3180 2748 3252 Patrem,
2783 3191 2876 3236 aut
2897 3183 3109 3248 Filium,
3152 3194 3246 3238 aut
3285 3183 3542 3254 Spiritum
3589 3196 3846 3242 sanctum

2251 3273 2439 3345 pravis
2461 3275 2880 3342 cogitationibus
2903 3285 2957 3331 et
2989 3278 3362 3346 iniquitatibus
3393 3295 3550 3349 posse
3571 3282 3846 3346 naturali,-

2251 3374 2332 3420 ter
2355 3367 2656 3436 subjacere.
2689 3367 2820 3435 Quis
2841 3379 3021 3425 autem
3045 3371 3280 3441 scipsum
3305 3372 3498 3444 laqueo
3526 3383 3685 3427 tantm
3731 3374 3846 3429 im-

2249 3458 2462 3527 pietatis
2487 3461 2723 3528 evolvat,
2752 3469 2810 3515 ut
2831 3462 3068 3532 aliquam
3091 3466 3489 3534 separationem
3513 3467 3566 3520 in
3599 3467 3686 3520 illa
3715 3464 3848 3521 Tri-

2247 3551 2433 3615 nitate,
2465 3551 2553 3605 ubi
2583 3553 2844 3608 naturalis
2872 3563 2954 3608 est
2984 3555 3189 3623 unitas,
3209 3557 3539 3626 suspicetur,
3562 3573 3682 3612 cum
3737 3573 3849 3628 per

2247 3651 2523 3714 acceptam
2543 3647 2791 3712 gratiam,
2815 3646 2957 3700 sicut
2976 3655 3060 3702 est
3087 3648 3334 3718 superius
3357 3664 3388 3701 a
3413 3649 3567 3703 nobis
3605 3648 3845 3703 demon-

2247 3744 2494 3802 stratum,
2528 3737 2763 3793 conﬁdat
2793 3739 2991 3796 Paulus
3021 3738 3191 3796 ﬁdelis
3221 3756 3251 3795 a
3277 3741 3503 3796 caritate
3543 3741 3655 3806 Dei,
3710 3757 3847 3812 qum

2247 3831 2406 3886 estin
2429 3831 2646 3888 Christo
2669 3832 2796 3890 Jesu
2823 3832 3052 3888 Domino
3080 3843 3289 3900 nostro,
3323 3849 3484 3903 posse
3529 3834 3848 3892 nullatenus

2247 3923 2522 3991 separari?
2554 3922 2748 3978 Beatus
2775 3932 2956 3978 autem
2979 3923 3216 3980 Joannes
3241 3940 3362 3994 apo.
3376 3925 3517 3980 tolus
3538 3934 3593 3979 et
3639 3927 3850 3982 carita-

2250 4020 2355 4066 tem
2384 4028 2451 4067 ex
2475 4011 2586 4068 Deo
2611 4029 2751 4080 esse,
2777 4023 2831 4068 et
2859 4015 3141 4069 caritatem
3191 4014 3359 4070 Deum
3389 4030 3508 4070 esse
3555 4015 3847 4074 conﬁrmat

2248 4102 2330 4158 his
2373 4105 2586 4159 verbis:
2638 4105 2928 4173 Carissimi,
2975 4106 3251 4176 diligamus
3305 4107 3541 4175 invicem,
3589 4109 3850 4178 quoniam

2235 4196 2440 4264 caritas
2486 4213 2551 4250 ea:
2605 4195 2713 4251 Deo
2761 4207 2855 4260 est,
2903 4206 2952 4251 et
3003 4199 3168 4252 onmis
3214 4200 3300 4270 qui
3342 4199 3510 4270 diligit
3529 4215 3595 4252 ea:
3622 4199 3733 4254 Deo
3765 4207 3849 4254 est

2250 4285 2303 4356 (I
2321 4285 2480 4342 Joan.
2502 4305 2572 4353 tv,
2592 4288 2756 4354 7);et,
2782 4289 2916 4344 Deus
2942 4301 3018 4343 est
3047 4292 3238 4345 caritas
3263 4289 3447 4360 (Ibid.,
3465 4289 3573 4360 16).
3592 4292 3632 4346 A
3657 4293 3849 4363 seipsa

2248 4381 2434 4450 utique
2489 4399 2563 4450 se_
2587 4385 2726 4437 arari
2786 4401 2893 4439 non
2954 4395 3152 4455 potest,
3186 4388 3310 4455 quia
3335 4387 3844 4457 inseparabilisest.

2248 4473 2380 4528 Nam
2410 4491 2530 4530 cum
2561 4475 2805 4531 homines
2827 4478 2970 4546 quia
2991 4492 3049 4532 se
3072 4487 3295 4548 possunt
3319 4479 3546 4535 invicem
3570 4483 3846 4552 separari,

2251 4581 2354 4619 non
2385 4566 2560 4620 solum
2591 4567 2705 4636 ipsa
2728 4567 3030 4638 inscparata
3063 4569 3357 4638 possideat,
3389 4570 3484 4624 sed
3533 4587 3601 4625 ex
3651 4571 3849 4628 multis

2249 4656 2499 4712 cordibus
2520 4667 2682 4726 atque
2703 4659 2982 4715 animabus
3005 4675 3168 4714 unum
3191 4676 3288 4716 cor
3308 4676 3578 4733 unamque
3599 4663 3847 4718 animam

2249 4749 2444 4814 faciat;
2477 4765 2597 4820 qua:
2625 4749 2894 4806 dementia
2927 4761 3010 4808 est
3040 4753 3208 4821 ipsam
3239 4755 3519 4808 caritatem
3559 4755 3850 4824 separab'b

2248 4841 2352 4894 lem
2383 4841 2586 4908 dicere,
2611 4857 2731 4911 qum
2760 4852 3041 4912 separatas
3064 4852 3270 4899 mentes
3299 4844 3646 4914 inscparabili
3696 4846 3852 4902 solet

2249 4946 2435 4988 amore
2463 4935 2712 4989 sociare?
2732 4933 2868 4990 llinc
2889 4943 2970 4989 est
2995 4935 3177 5003 utique
3198 4935 3343 5005 quod
3368 4935 3565 4990 Paulus
3588 4936 3847 4991 dicebat:

2251 5023 2393 5077 Nam
2445 5027 2541 5079 etsi
2582 5043 2806 5097 corpore
2847 5026 3032 5082 absens
3077 5045 3210 5091 sum,
3254 5029 3344 5082 sed
3371 5031 3554 5099 spiritu
3579 5031 3852 5084 uobiscum

2251 5133 2382 5178 sum,
2415 5118 2641 5188 gaudens
2672 5130 2720 5172 et
2749 5121 2921 5173 videns
2943 5120 3175 5173 ordinent
3197 5131 3416 5174 vestrum
3439 5120 3661 5192 (Coloss.
3696 5120 3849 5192 ".51.

2255 5205 2315 5258 lit
2349 5207 2399 5259 in
2434 5208 2654 5262 Actibus
2685 5209 3054 5277 apostolorqu
3085 5210 3340 5279 scriptum
3391 5221 3472 5266 cst
3525 5211 3650 5280 quia
3705 5216 3854 5267 mulo

2251 5298 2484 5353 tifntlinis
2506 5300 2820 5354 credentium
2849 5312 2960 5354 erat
2983 5318 3070 5355 cor
3088 5311 3138 5354 et
3162 5303 3336 5355 anima
3357 5319 3461 5355 una
3485 5303 3543 5372 (Α
3553 5303 3848 5373 ct.lv,52);

2252 5388 2394 5456 quod
2425 5389 2609 5458 utique
2639 5407 2744 5444 non
2776 5391 2876 5445 scit
2898 5391 2996 5445 nisi
3027 5393 3246 5462 spiritus
3301 5391 3419 5446 ﬁdei
3469 5402 3522 5447 ct
3568 5394 3842 5448 caritatis.

2249 5479 2458 5535 Caritas
2477 5482 2620 5536 enim
2645 5482 2737 5536 Dei
2759 5481 2945 5538 diffusa
2959 5486 3112 5540 estin
3137 5485 3386 5541 cordibus
3402 5487 3600 5540 nostris
3619 5485 3848 5556 (Ep/tes.

2246 5587 2318 5637 tv,
2351 5571 2424 5640 li).
2453 5571 2517 5626 Et
2544 5589 2640 5643 per
2667 5575 2840 5644 ipsum
2869 5574 3126 5646 Spiritum
3155 5577 3211 5630 ﬁt
3234 5587 3292 5633 ut
3313 5594 3500 5633 omnes
3528 5579 3844 5645 credentes,

2247 5669 2383 5722 sicut
2415 5669 2704 5738 Apostolus
2731 5671 2825 5737 ait,
2856 5671 2962 5725 sint
2986 5689 3147 5726 unum
3196 5689 3393 5743 corpus
3420 5682 3476 5727 ct
3505 5690 3645 5728 unus
3672 5675 3846 5742 spiri-

2247 5766 2347 5811 tus.
2389 5757 2536 5813 Unde
2565 5760 2676 5832 ipse
2706 5759 2812 5813 alio
2843 5760 2962 5816 loco
2987 5763 3114 5816 dicit.
3142 5781 3151 5815 :
3187 5762 3389 5817 Etenim
3420 5765 3472 5817 in
3501 5782 3604 5817 uno
3649 5746 3846 5832 spiritu

2245 5866 2531 5903 emncsnos
2562 5830 2613 5903 in
2637 5866 2792 5903 unum
2817 5867 3001 5922 corytus
3044 5851 3287 5924 baptizati
3336 5871 3529 5924 mus,
3581 5855 3688 5907 sire
3727 5852 3844 5907 Αι-
