4066 6346
229 424 346 499 ω

1096 427 1369 483 CONTRA
1407 425 1774 482 SEBHONEM
1816 425 2186 483 FASTIDlOSl
2227 426 2426 482 LIBER
2467 426 2669 483 UNUS.

3418 426 3523 482 ευ.

234 537 362 607 sici,
392 543 498 596 sive
523 541 759 613 gmtiles,
782 542 885 594 sive
911 542 1061 604 servi,
1095 542 1199 595 sive
1227 540 1393 604 liberi,
1449 550 1499 592 et
1553 554 1727 594 omnes
1778 539 1841 599 in
1863 545 1907 600 Α
1938 547 2052 594 ιυηι
2073 549 2318 597 sanctum
2340 542 2420 597 sic
2445 556 2605 612 posse
2625 543 2693 597 ab
2713 541 2941 597 invicem
2963 535 3225 612 separari,
3248 541 3390 596 sicut
3406 557 3437 596 a
3460 558 3523 597 se

232 650 343 689 uno
363 634 551 705 spiritu
571 633 736 703 potati
758 646 932 685 sumus
960 629 1013 699 (1
1036 629 1155 686 Cor.
1186 647 1276 697 xu,
1311 630 1421 699 15).
1450 626 1723 706 Baptizari
1746 645 1835 683 au-

234 735 352 781 tem
385 740 578 781 omnes
607 731 797 792 gentes
827 723 880 777 in
910 723 1130 778 nomine
1160 721 1357 791 Patris,
1379 717 1596 784 etFilii,
1635 730 1689 775 et
1712 720 1833 791 Spi-

235 818 378 874 ritus
404 815 580 872 sancti
610 814 919 883 unigenitus
938 811 1035 868 Dei
1063 813 1234 869 Filius
1251 829 1347 869 ore
1378 829 1476 869 suo
1532 812 1829 867 mandavit.

854 966 1093 1024 CAPUT
1130 967 1194 1022 Υ.

296 1083 448 1139 Cum
478 1096 610 1152 ergo
640 1082 908 1153 baptisma
935 1079 1095 1135 datur
1122 1080 1177 1135 in
1203 1081 1423 1136 nomine
1450 1075 1742 1145 Trinitatis,
1767 1077 1830 1133 'in

230 1191 410 1233 unum
438 1187 636 1245 corpus
659 1172 844 1228 ﬁdeles
872 1187 1060 1227 omnes
1088 1172 1350 1242 baptizari
1381 1170 1526 1236 facit,
1551 1179 1606 1224 ut
1630 1185 1697 1224 ex
1725 1169 1847 1241 hoc.

231 1282 406 1324 unum
435 1281 631 1336 corpus
659 1279 849 1319 omnes
877 1262 1200 1329 e'lliciantur,
1229 1261 1443 1317 dicente
1477 1261 1638 1316 beato
1682 1261 1829 1329 Apo-

228 1359 402 1421 stolo,
434 1356 560 1427 quia
572 1370 740 1409 unum
760 1369 944 1422 corpus
971 1368 1145 1406 sumus
1173 1353 1225 1405 in
1256 1348 1492 1414 Christo,
1509 1346 1700 1418 singuli
1727 1363 1825 1399 au-

229 1458 337 1503 tem
358 1447 497 1501 alter
515 1445 732 1500 alterius
759 1441 989 1497 membra
1020 1438 1196 1513 (Rom.
1232 1454 1322 1505 xu,
1356 1437 1431 1507 5).
1474 1435 1828 1505 Multitudinis

226 1552 460 1609 quoque
488 1534 824 1591 credentium
854 1532 951 1586 fuit
975 1547 1069 1586 cor
1091 1542 1147 1585 et
1171 1529 1350 1585 anima
1377 1545 1483 1583 una
1509 1542 1606 1598 per
1630 1526 1828 1582 carita-

229 1642 367 1697 tem,
391 1646 515 1702 quae
542 1626 732 1684 diffusa
762 1636 843 1681 est
871 1627 924 1680 in
947 1623 1200 1680 cordibus
1227 1622 1427 1677 nostris
1448 1637 1548 1692 per
1566 1620 1825 1691 Spiritum

225 1732 506 1788 sanctum,
535 1721 627 1790 qui
656 1720 814 1774 datus
829 1717 1102 1773 estnobis.
1126 1713 1377 1769 Profecto
1390 1702 1825 1783 apparetqnanta

226 1813 516 1884 impietate
539 1810 776 1864 Trinitas
806 1808 920 1877 ipsa
949 1805 1267 1877 separabilis
1295 1803 1527 1870 dicatur,
1560 1818 1683 1858 cum
1719 1801 1825 1856 υιί⁴

1908 630 2184 687 homines
2211 642 2561 702 separantur;
2592 633 2686 701 qui
2715 633 2856 688 sicut
2903 632 3305 700 distinguuntur
3354 633 3520 689 modo

1935 729 1992 776 et
2016 723 2320 790 quantitate
2343 724 2764 794 uniuscujusque
2786 723 3053 794 corporis,
3087 737 3311 778 necesse
3338 731 3423 777 est
3445 722 3535 788 ita,

1934 809 2308 867 discernantur
2337 821 2391 867 et
2413 813 2566 868 locis.
2594 812 2752 868 Tales
2777 822 2956 868 autem
2982 812 3110 866 dum
3133 813 3187 866 in
3207 813 3322 867 luto
3342 814 3526 870 carnis

1934 904 2142 958 animas
2171 894 2414 968 volvunt,
2441 905 2639 958 creatis
2666 904 3130 973 pltantasmatibus
3156 904 3285 969 suis,
3317 912 3372 959 et
3390 919 3521 972 gra-

1933 994 2046 1047 vati
2073 993 2313 1062 pondere
2341 995 2610 1060 vanitatis,
2653 1004 2856 1062 quanto
2884 996 3056 1063 magis
3086 995 3139 1048 in
3166 995 3382 1069 illarum
3432 1010 3520 1049 re-

1933 1099 2051 1137 rum
2072 1083 2403 1151 cogitatione
2423 1092 2707 1138 versantur
2733 1099 2852 1154 qua:
2880 1085 3160 1153 corporeis
3186 1084 3355 1139 oculis
3397 1100 3520 1139 cor-

1930 1190 2152 1245 porcam
2180 1175 2433 1244 ingerunt
2456 1175 2674 1241 molem,
2704 1183 2857 1230 tanto
2877 1176 3063 1230 minus
3092 1183 3318 1245 possunt
3340 1175 3408 1230 ad
3434 1176 3532 1232 in-.

1932 1268 2277 1337 telligendam
2306 1268 2672 1324 conscendere
2693 1268 2971 1324 deitatem.
3023 1269 3132 1324 Nec
3160 1269 3443 1324 attendunt
3486 1284 3522 1325 a

1929 1355 2161 1413 Domino
2190 1358 2303 1414 Deo
2331 1374 2428 1428 per
2448 1369 2694 1415 sanctum
2718 1358 2931 1414 Esaiam
2952 1360 3191 1430 praecipi,
3239 1377 3305 1416 ne
3332 1360 3399 1417 de
3425 1361 3520 1416 illo

1928 1450 2007 1505 sic
2034 1451 2272 1518 cogitare
2303 1450 2547 1515 velimus,
2579 1451 2719 1504 sicut
2746 1450 2813 1504 de
2833 1450 3114 1514 creaturis,
3156 1464 3292 1519 quas
3333 1450 3402 1504 ab
3450 1465 3519 1504 eo

1927 1540 2099 1595 iactas
2124 1540 2400 1605 novimus;
2432 1541 2557 1609 quia
2579 1556 2681 1595 nec
2702 1542 2815 1612 ipse
2843 1542 2923 1596 sic
2960 1543 3179 1608 cogitat,
3234 1542 3375 1596 sicut
3417 1558 3519 1596 nos

1928 1630 2178 1686 homines
2225 1630 2546 1698 cogitamus.
2599 1629 2751 1685 Unde
2788 1632 2918 1685 dicit
2971 1630 3194 1685 Esaias:
3227 1630 3352 1688 Non
3378 1634 3518 1687 enim
3567 1648 3570 1651 ·

1907 1720 2265 1790 cogitationes
2290 1735 2417 1773 mea:
2436 1720 2772 1790 cogitationes
2808 1730 3009 1788 vestrae,
3041 1738 3201 1794 neque
3251 1723 3350 1776 ria:
3388 1739 3519 1777 metu

1925 1802 2023 1862 via:
2040 1818 2241 1874 vestra,
2271 1808 2398 1861 dicit
2425 1807 2681 1864 Dominus
2703 1826 2722 1863 :
2765 1812 2886 1881 quia
2914 1813 3045 1863 sicut
3072 1813 3374 1867 excitantur
3400 1813 3516 1869 caeli

224 1919 335 1975 que
364 1918 397 1957 a
422 1902 535 1956 Deo
555 1899 808 1971 quaelibet
831 1906 1098 1961 creatura,
1131 1910 1237 1948 non
1266 1893 1403 1959 loco,
1420 1908 1528 1947 non
1556 1899 1819 1961 tempore,

1935 1917 1959 1953 α
1990 1898 2151 1965 terra,
2183 1902 2257 1954 sic
2287 1902 2533 1954 excitata:
2561 1912 2681 1954 sunt
2709 1903 2804 1955 vim
2847 1919 2974 1957 mea:
3018 1920 3051 1955 a
3079 1904 3171 1957 viis
3220 1905 3423 1972 vestris,
3465 1914 3518 1959 et

218 1995 326 2050 sed
349 1994 486 2048 solis
513 1990 884 2060 iniquitatibus
913 1996 1211 2057 separetur.
1241 1984 1373 2041 lnde
1420 1993 1506 2039 est
1557 1983 1701 2057 quod
1755 1983 1825 2039 de

225 2083 556 2156 quibusdam
585 2082 714 2136 dicit
736 2080 879 2134 Deus
910 2097 922 2130 :
957 2076 1186 2148 Papulas
1208 2077 1289 2129 hic
1310 2075 1460 2129 labiis
1481 2091 1562 2128 me
1583 2076 1849 2137 honorat,

224 2190 320 2231 cor
345 2183 524 2230 autent
545 2188 721 2227 eorum
751 2172 901 2241 longe
928 2179 1003 2223 est
1023 2186 1055 2221 a
1082 2185 1163 2221 me
1194 2164 1411 2237 (Matth.
1437 2182 1525 2231 xv,
1550 2164 1627 2235 8).
1659 2161 1723 2217 Et
1744 2171 1826 2216 ta-
1848 2226 1853 2233 _

224 2281 357 2321 men
391 2265 509 2343 ipse
533 2263 665 2318 dicit
689 2280 703 2315 λ
735 2259 850 2332 Ego
875 2276 986 2313 sunt
1010 2258 1149 2312 Deus
1172 2256 1565 2328 approximans,
1591 2264 1827 2308 eteorum

223 2356 379 2410 Deus
402 2362 437 2391 τι
465 2354 530 2408 de
551 2352 847 2425 longinquo.
883 2349 943 2405 Si
975 2348 1304 2402 absconditus
1333 2348 1489 2419 fuerit
1517 2347 1698 2407 homo,
1729 2361 1825 2415 ego

223 2463 332 2502 non
367 2445 550 2501 ridebo
579 2445 737 2499 eum?
764 2459 935 2497 nonne
982 2442 1161 2495 caelum
1213 2449 1262 2493 et
1310 2450 1498 2493 terram
1519 2455 1613 2509 ego
1638 2438 1825 2507 impleo

226 2537 369 2609 (Jer.
407 2533 668 2601 “111,23,
702 2533 973 2604 24)?lpse
1017 2542 1196 2587 tamen
1252 2529 1421 2584 David
1470 2530 1638 2584 dicit:
1690 2527 1825 2581 Ecce

221 2629 316 2701 qui
337 2645 399 2682 se
422 2628 668 2696 elongant
690 2633 790 2678 ate
805 2623 1048 2695 peribunt
1079 2622 1251 2695 (Psal.
1282 2636 1446 2686 Lxxu,
1491 2620 1604 2687 27).
1664 2617 1730 2671 Et
1768 2626 1826 2671 ut

223 2719 495 2774 ostendat
520 2715 647 2787 quid
676 2715 747 2770 sit
773 2713 1028 2781 elongare
1058 2727 1088 2766 a
1124 2712 1255 2775 Deo,
1288 2710 1505 2779 adjecit,
1541 2708 1825 2762 Perdidisti

222 2825 415 2865 omnes
445 2808 531 2879 qui
554 2806 880 2879 fornicamur
915 2804 1005 2858 abs
1037 2797 1086 2858 te
1131 2802 1401 2876 (Ibidem).
1449 2801 1624 2857 Corde
1668 2801 1827 2869 igitur

224 2900 517 2957 receditur
537 2914 568 2952 a
597 2897 733 2964 Deo,
759 2897 825 2952 ad
854 2911 1012 2966 quem
1043 2905 1100 2951 et
1147 2895 1309 2950 corde
1357 2893 1649 2949 acceditur.
1695 2891 1827 2946 Nam

219 2990 585 3048 manifestum
614 2998 697 3045 est
724 2989 888 3045 Deum
919 2989 1117 3058 ubique
1148 2995 1320 3042 totum
1372 3001 1513 3050 esse,
1557 2986 1653 3039 sed
1705 2984 1827 3039 loco

223 3083 403 3156 πε
424 3083 731 3137 nullatenus
756 3080 1041 3136 contineri.
1070 3078 1303 3149 Spiritus
1343 3085 1427 3135 est
1476 3078 1619 3133 enim
1660 3075 1822 3143 Deus,

220 3184 459 3232 creator
481 3175 681 3244 utique,
711 3189 820 3229 non
844 3182 1080 3240 creatus,
1102 3172 1344 3229 omnium
1374 3186 1662 3241 corporum
1703 3185 1824 3256 om:

1927 1990 2266 2061 cogitationes
2289 2006 2415 2043 mete
2438 2006 2470 2042 a
2491 1992 2885 2060 cogitationibus
2916 1994 3095 2045 vestris
3125 1991 3285 2062 (lsai.
3314 2009 3401 2060 LV,
3432 1991 3515 2065 8).

2539 2137 2768 2192 CAPUT
2815 2138 2903 2193 Vl.

1997 2249 2141 2308 Deus
2162 2252 2343 2320 itaque
2371 2249 2553 2319 Pater,
2603 2262 2661 2306 et
2712 2252 2947 2308 Verbum
2998 2252 3133 2323 ejus,
3181 2262 3236 2308 et
3286 2252 3522 2325 Spiritus

1928 2352 2168 2407 sanctus,
2202 2344 2253 2398 id
2281 2353 2363 2400 est
2384 2352 2569 2399 sancta
2593 2343 2849 2409 Trinitas,
2877 2346 3046 2413 solus,
3072 2363 3228 2413 unus,
3276 2351 3434 2401 verus
3462 2354 3520 2400 et

1927 2432 2102 2492 bonus
2132 2437 2294 2502 Deus,
2325 2436 2464 2490 sicut
2486 2451 2595 2490 non
2618 2445 2703 2490 est
2733 2436 2785 2491 in
2819 2451 2886 2491 eo
2911 2435 3188 2504 cogitatio,
3220 2452 3338 2505 qua:
3383 2446 3519 2491 tem-

1927 2535 2076 2605 poris
2097 2533 2434 2588 volubilitate
2464 2533 2701 2587 varietur
2724 2532 2923 2603 (neque
2944 2532 3106 2596 enim,
3151 2516 3288 2586 sicut
3340 2531 3518 2586 homi-

1928 2642 2044 2691 nes,
2076 2626 2234 2680 aliter
2262 2626 2519 2694 cogitavit
2546 2624 2853 2693 priusquam
2886 2623 3140 2695 mundum
3172 2624 3392 2688 laceret,
3417 2624 3517 2677 ali-

1927 2726 2013 2773 ter
2037 2719 2239 2787 cogitat
2267 2726 2550 2788 postquam
2582 2716 2840 2771 mumlum
2871 2715 3015 2782 fecit,
3060 2726 3154 2771 aut
3181 2717 3337 2771 aliter
3363 2717 3516 2785 cogi-

1928 2819 2139 2867 taturus
2164 2823 2266 2876 est,
2298 2819 2588 2881 postquam
2621 2807 2803 2863 mundi
2827 2807 2988 2877 hujus
3021 2807 3186 2877 ﬁgura
3213 2808 3514 2874 transierit;

1877 2928 1882 2933 -
1927 2904 2053 2976 quia
2085 2902 2359 2956 consilium
2380 2899 2592 2954 Domini
2614 2907 2787 2952 manet
2810 2901 2866 2952 in
2888 2908 3137 2953 (sternunt
3159 2897 3516 2972 [Psal.xxxu,

1930 2993 2066 3066 llj);
2095 2993 2174 3048 sic
2192 2999 2278 3047 est
2306 2989 2698 3061 inseparabilis,
2727 2989 2867 3043 sicut
2890 2987 3360 3049 incommutabilis.
3392 2985 3516 3067 Tri-

1927 3085 2069 3140 nitas
2097 3083 2242 3138 enim
2270 3098 2409 3137 unus
2428 3081 2588 3153 Deus,
2640 3095 2741 3135 nec
2767 3094 2966 3149 corpus
3006 3087 3111 3145 est,
3159 3094 3259 3133 nec
3304 3086 3519 3133 creatus

1928 3177 2187 3246 spiritus;
2210 3174 2335 3245 quia
2356 3187 2555 3243 corpus
2582 3171 2703 3227 loco
2730 3170 3089 3227 concluditur.
3118 3177 3175 3225 et
3199 3184 3375 3224 omnis
3401 3169 3518 3240 spi-

219 3268 504 3336 υίωιιειιιθ
529 3267 811 3338 spirituum
840 3263 1013 3321 Ῑειοιον
1041 3264 1512 3329 ίηεοιηιιιιιιαὺὶὶίει
1567 3273 1821 3356 εειθνιὶιιε,
1851 3282 1897 3343 c
1928 3270 2068 3356 ritus
2093 3266 2185 3339 qui
2212 3272 2429 3322 creatus
2453 3272 2558 3330 est,
2586 3270 2790 3318 naturae
2811 3277 2922 3317 sua:
2939 3261 3157 3316 modulo
3179 3260 3516 3315 terminatur.

216 3364 563 3428 immensus,
582 3360 760 3430 justus
782 3367 839 3414 et
860 3358 1051 3414 bonus.
1098 3355 1201 3424 Qui
1247 3357 1316 3411 ab
1372 3357 1622 3434 omnibus
1670 3342 1834 3412 nibus

212 3471 377 3528 quas
408 3453 556 3519 fecit,
590 3467 867 3524 nunquam
893 3450 1121 3507 discedit
1148 3466 1242 3520 per
1273 3449 1688 3504 immensitatem
1739 3463 1834 3502 na-

214 3554 398 3600 tunc.
426 3542 614 3612 Neque
635 3542 778 3595 enim
802 3540 918 3595 tieri
937 3532 1117 3609 potest
1139 3546 1198 3592 ut
1225 3537 1387 3605 alicui
1412 3538 1489 3592 rei
1519 3552 1638 3602 qua:
1668 3536 1834 3591 habet

214 3652 256 3690 a
274 3635 409 3690 Deo
441 3641 501 3686 ut
517 3633 606 3698 sit,
631 3632 746 3701 ipse
775 3629 917 3685 Deus
945 3645 1043 3700 per
1064 3629 1359 3700 potentiam
1381 3628 1538 3684 desit.
1562 3626 1632 3680 Et
1654 3635 1832 3682 tamen

219 3738 329 3796 per
365 3719 795 3776 misericordiam
818 3726 873 3773 et
896 3716 1178 3786 judicium,
1213 3731 1322 3786 quo
1351 3731 1402 3770 et
1452 3726 1671 3771 cantare
1725 3730 1834 3770 non

214 3811 460 3870 desistit
490 3808 727 3865 Ecclesia
758 3807 934 3880 (Psal.
964 3823 1013 3871 c,
1050 3806 1125 3877 l),
1159 3798 1268 3861 non
1294 3806 1590 3873 incongrue
1615 3804 1832 3870 dicitur,

212 3913 281 3961 et
306 3902 570 3958 ﬁdelibus
599 3899 805 3963 adesse,
832 3907 887 3954 et
916 3897 1221 3952 inﬁdelibus
1245 3896 1404 3963 longe
1433 3897 1643 3951 abesse.
1701 3893 1833 3949 Nam

213 3994 387 4069 quod
408 3993 604 4049 attinet
631 3991 697 4045 ad
718 3999 988 4053 naturam,
1006 3990 1145 4058 quia
1178 3997 1348 4043 totum
1373 3974 1630 4056 quidquid
1677 4002 1833 4042 crea-

218 4103 348 4146 tum
375 4095 486 4151 est,
517 4086 632 4140 sive
659 4083 959 4153 corporale,
1019 4082 1133 4137 sive
1179 4078 1440 4151 spiritale,
1497 4080 1609 4133 sola
1653 4087 1835 4133 sancta

218 4180 509 4245 Trinitas,
540 4177 589 4230 id
611 4185 695 4230 est
717 4191 854 4229 unus
881 4172 1041 4240 Deus,
1066 4173 1157 4242 qui
1186 4185 1268 4227 est
1295 4169 1470 4235 Pater,
1503 4169 1617 4226 etF
1622 4172 1761 4236 ilius,
1784 4178 1846 4227 et

218 4272 483 4343 Spiritus
505 4276 741 4333 sanctus,
772 4282 875 4321 una
900 4256 1199 4331 voluntate,
1230 4278 1337 4318 una
1367 4263 1706 4333 operatione,
1730 4276 1837 4317 una

218 4367 468 4425 virtute,
504 4376 606 4414 una
639 4357 1034 4421 benevolentia,
1070 4369 1283 4423 unaque
1310 4354 1701 4424 omnipotentia
1757 4354 1839 4408 fe-

218 4466 303 4512 ctt
332 4475 350 4509 :
386 4455 534 4509 sicut
566 4461 732 4508 totam
762 4458 1064 4505 creaturam
1092 4448 1280 4517 implet
1305 4444 1488 4511 Pater,
1522 4447 1704 4515 utique
1733 4445 1844 4500 vir-
1878 4506 1881 4511 η

217 4557 379 4610 tute,
411 4560 521 4599 non
549 4541 730 4607 mole;
761 4540 840 4596 sic
870 4549 1038 4594 totam
1062 4538 1248 4607 implet
1298 4535 1484 4600 Filius,
1544 4537 1626 4590 sic
1670 4544 1842 4590 totam

1934 3343 2171 3415 Trinitas
2196 3365 2379 3412 autem
2401 3371 2536 3411 unus
2564 3343 2727 3423 Deus,
2754 3354 2893 3409 sicut
2912 3361 2996 3409 est
3022 3362 3277 3417 :eternus,
3302 3360 3356 3407 et
3374 3351 3521 3407 nulla

1934 3450 2014 3506 illi
2038 3456 2313 3505 coaeterna
2337 3454 2461 3502 sunt
2492 3455 2771 3515 tempora;
2800 3446 2881 3500 sic
2907 3454 2992 3499 est
3014 3444 3324 3506 immensus,
3357 3456 3519 3510 quem

1934 3541 2082 3596 nulla
2108 3546 2291 3610 potest
2319 3538 2481 3609 3&6
2508 3535 2832 3609 concludere
2860 3544 3143 3600 creatura;
3174 3542 3229 3588 et
3256 3533 3380 3603 quia
3421 3533 3521 3586 im-

1935 3647 2175 3699 mensus,
2198 3630 2397 3699 ubique
2424 3636 2598 3694 totus;
2622 3628 2747 3696 quia
2772 3643 2872 3683 nec
2893 3629 3201 3683 continetur
3229 3626 3370 3692 loco,
3419 3637 3522 3678 nec

1936 3722 2278 3785 distenditur,
2304 3728 2396 3774 aut
2413 3718 2753 3775 contrahitur
2779 3717 2975 3787 spatio.
3011 3717 3153 3772 Deus
3201 3708 3383 3784 itaque
3435 3728 3524 3768 sa-

1938 3815 2138 3886 pientia
2163 3821 2267 3880 est,
2299 3812 2441 3867 Deus
2463 3811 2667 3866 veritas
2692 3819 2798 3878 est,
2827 3810 2967 3864 Deus
3007 3809 3207 3864 caritas
3253 3815 3357 3862 est.
3409 3796 3525 3860 Hec

1940 3904 2124 3972 Pater,
2157 3905 2260 3959 hoc
2285 3902 2470 3968 Filius,
2504 3902 2607 3957 hoc
2634 3898 2867 3970 Spiritus
2890 3909 3122 3963 sanctus,
3149 3899 3251 3954 hoc
3276 3898 3392 3968 ipsa
3406 3895 3529 3951 Tri-

1940 3999 2099 4062 nitas,
2131 3997 2223 4067 qui
2251 4011 2411 4063 unus,
2459 4009 2618 4049 verus
2672 4004 2727 4053 et
2772 3994 2947 4048 bonus
2993 3984 3076 4047 est
3128 3992 3287 4045 Deus.
3318 3988 3375 4044 Si
3405 3989 3527 4060 quis

1942 4102 2071 4158 ergo
2101 4088 2298 4142 docere
2326 4094 2523 4156 potest,
2556 4084 2672 4139 sive
2700 4083 2754 4137 in
2783 4082 3071 4153 sapientia,
3120 4082 3235 4136 sive
3278 4080 3332 4135 in
3380 4079 3527 4134 veri-

1943 4188 2073 4245 tate,
2098 4179 2212 4234 sive
2237 4178 2291 4232 in
2321 4177 2545 4232 caritate
2565 4176 2799 4246 aliquam
2826 4173 3144 4231 divisionem
3168 4164 3308 4240 esse,
3333 4171 3533 4227 audeat

1946 4269 2313 4326 indubitanter
2336 4268 2365 4307 5
2392 4276 2448 4324 et
2470 4282 2716 4323 asserere
2763 4265 3102 4321 Trinitatem.
3149 4265 3220 4321 Si.
3256 4280 3386 4321 vero
3429 4278 3533 4322 nec

1944 4363 2227 4435 sapientia,
2261 4376 2363 4416 nec
2385 4362 2607 4428 veritas,
2639 4374 2741 4415 nec
2785 4359 2983 4414 caritas
3029 4358 3368 4428 aliquatenus
3395 4356 3534 4411 divi-

1946 4457 2110 4522 ditur,
2142 4469 2210 4510 ex
2233 4453 2341 4511 hoc
2368 4453 2554 4524 utique
2581 4452 2817 4507 Trinitas
2841 4450 3179 4506 indivisibilis
3205 4458 3368 4520 atque
3389 4448 3534 4503 inse-

1949 4546 2204 4617 parabilis
2227 4545 2558 4613 agnoscitur.
2587 4542 2828 4613 Apparct
2875 4542 3039 4610 igitur
3064 4552 3314 4608 magnam
3367 4535 3534 4593 fuisse

217 4640 441 4717 implet
460 4635 696 4706 Spiritus
717 4641 953 4701 sanctus.
981 4630 1165 4700 Neque
1185 4629 1329 4683 enim
1358 4637 1526 4683 totam
1539 4636 1840 4699 creaturam

1952 4635 2237 4692 Fastidiosi
2264 4634 2615 4704 impietatem,
2648 4648 2753 4704 qua
2781 4647 2880 4687 nos
2907 4633 2960 4686 in
2988 4645 3057 4687 eo
3077 4629 3285 4701 putavit
3309 4627 3532 4684 omnino

213 4734 307 4790 sic
339 4729 546 4800 implet
569 4725 822 4788 Trinitas,
853 4731 911 4778 ut
934 4730 1144 4793 partem
1170 4720 1391 4791 impleat
1420 4718 1603 4789 Pater,
1631 4728 1843 4789 partem

216 4826 437 4888 Filius,
470 4829 684 4891 partem
713 4818 944 4887 Spiritus
965 4824 1203 4879 sanctus,
1226 4829 1326 4869 nec
1352 4822 1531 4869 tamen
1582 4822 1697 4881 tota
1739 4815 1844 4867 im-

212 4924 464 4991 pleatur
493 4927 525 4965 a
553 4911 670 4965 solo
694 4908 872 4972 Patre,
896 4922 1069 4976 neque
1091 4924 1120 4961 a
1143 4908 1260 4977 solo
1284 4905 1439 4970 Filio,
1466 4919 1642 4974 neque
1671 4919 1701 4958 a
1722 4919 1842 4960 snio
1886 4968 1889 4971 _

213 5009 460 5081 Spiritu
501 5012 710 5058 sancto.
744 5000 875 5066 Quis
904 4999 1045 5053 enim
1068 5014 1147 5053 sm
1173 4999 1240 5052 de
1269 4996 1549 5069 Trinitate,
1590 4995 1644 5053 id
1671 5004 1751 5052 est
1778 4996 1846 5051 de
1882 5040 1888 5047 κ

212 5118 345 5158 uno
381 5096 503 5151 Deo
526 5093 723 5148 audeat
748 5092 973 5156 sentire,
1007 5105 1113 5144 non
1143 5089 1266 5143 dico
1310 5090 1527 5154 stultus,
1554 5087 1673 5142 sed
1721 5103 1843 5141 om-

214 5198 374 5253 nino
400 5188 737 5257 sacrilegus;
768 5200 890 5241 cum
922 5184 1093 5236 virtus
1124 5180 1218 5234 Dei
1262 5186 1424 5247 atque
1452 5178 1707 5234 divinitas
1747 5193 1836 5233 ne-

211 5299 405 5344 cesse
426 5290 513 5338 est
528 5283 599 5335 ita
620 5281 691 5335 sit
712 5276 1030 5333 naturaliter
1051 5276 1336 5336 immensa,
1357 5271 1497 5326 sicut
1515 5280 1599 5326 est
1618 5281 1843 5326 natura-

212 5386 366 5439 iiter
404 5374 771 5448 sempiterna?
800 5371 909 5428 Sed
956 5370 1203 5433 homines
1251 5366 1558 5427 carnalibus
1599 5366 1846 5422 sensibus

209 5471 424 5530 dediti
452 5468 618 5522 etiam
650 5465 821 5537 ipsum
843 5463 1012 5518 Deum
1039 5476 1144 5516 non
1171 5468 1398 5531 possunt
1425 5459 1527 5515 nisi
1554 5459 1845 5514 carnaliter

208 5566 519 5637 cogitare.
551 5561 619 5617 Et
643 5561 954 5618 existimant
978 5556 1214 5621 Patrem,
1259 5566 1314 5610 et
1343 5553 1555 5610 Filium.
1585 5560 1641 5608 et
1668 5550 1844 5623 Spiri-

303 5792 341 5818 ι
376 5772 699 5843 Lagea-lum
725 5777 776 5825 et
805 5784 907 5823 non
937 5765 1097 5830 Deus,
1127 5764 1203 5818 sic
1224 5762 1365 5816 enim
1395 5778 1556 5832 supra
1598 5761 1840 5835 pluribus

212 5856 285 5915 in
316 5850 491 5906 locis:

318 5905 355 5963 ε.
385 5913 672 5974 )lanifcste
720 5910 870 5968 deest
923 5908 1008 5962 hic
1055 5905 1355 5961 diuitibilem
1384 5914 1430 5959 et
1475 5907 1852 5978 separabilem;
1892 5946 1899 5953 .

1946 4728 2265 4801 culpandus,
2293 4727 2420 4797 quia
2449 4723 2681 4781 fatemur
2708 4724 3117 4795 inseparabilem
3146 4730 3310 4791 atque
3335 4719 3532 4775 indivi-

1945 4822 2104 4876 duam
2134 4817 2456 4873 Trinitatem
2482 4833 2495 4869 :
2527 4829 2651 4871 cum
2682 4814 2887 4884 utique,
2917 4814 3058 4869 sicut
3084 4801 3390 4883 praecedens
3417 4809 3532 4864 dis-

1948 4912 2159 4983 putatio
2181 4909 2366 4966 docuit
2395 4909 2581 4980 (quam
2602 4920 2711 4961 non
2759 4905 2935 4960 solum
2964 4904 3125 4972 ratio,
3154 4901 3250 4958 sed
3292 4909 3349 4956 et
3379 4900 3536 4955 testi-

1945 5004 2251 5059 moniorum
2276 5000 2547 5057 sufﬁciens
2569 4997 2871 5054 divinorum
2902 4997 3057 5068 copia
3084 4992 3403 5062 roboravit),
3432 5006 3537 5047 nec

1947 5095 2073 5150 loco
2101 5093 2367 5150 contineri
2394 5072 2559 5163 queai
2585 5098 2778 5147 natura
2801 5089 3077 5145 Trinitatis
3106 5088 3386 5155 immensa,
3431 5098 3537 5141 nec

1951 5192 2178 5257 peccato
2204 5186 2487 5254 subjacere
2517 5183 2688 5253 possit
2711 5180 2964 5252 qualibet
2990 5180 3043 5234 in
3091 5177 3354 5235 Trinitate
3407 5189 3535 5246 per-

1949 5292 2084 5334 sona
2109 5296 2122 5333 :
2151 5278 2276 5347 quia
2304 5278 2422 5348 ipsa
2447 5275 2681 5333 Trinitas
2699 5282 2785 5333 est
2810 5273 3129 5330 naturaliter
3151 5280 3375 5337 aeterna,
3408 5285 3536 5340 per-
3566 5272 3575 5281 '

1950 5370 2114 5440 fecta,
2138 5369 2699 5439 incommutabiliqu
2735 5367 2975 5439 iustitiae.
3003 5366 3263 5421 Minorem
3289 5377 3421 5417 vero
3444 5359 3535 5415 Fi-

1953 5464 2084 5520 lium
2112 5461 2367 5521 haeretica
2386 5460 2602 5532 quidem
2628 5460 2866 5532 pravitas
2886 5458 3032 5514 male
3047 5462 3297 5513 asserere
3316 5453 3535 5508 nititur:

1955 5554 2157 5626 pietate
2183 5567 2313 5610 vero
2334 5559 2570 5617 servata,
2598 5550 2866 5608 catholica
2887 5550 3086 5606 veritas
3112 5547 3374 5620 :equaletn
3401 5556 3540 5600 con-

1949 5760 2070 5829 quia
2100 5759 2261 5831 paulo
2284 5769 2404 5831 post
2427 5759 2642 5824 dicitur,
2677 5757 2906 5816 Trinitas
2933 5756 3263 5813 indivisibilis
3286 5767 3436 5828 atque
3462 5760 3538 5813 in-

1957 5829 2260 5902 separabilis
2283 5829 2599 5907 agnoscitur.
