4048 6342
508 436 615 493 διε,

1538 426 1592 485 S.
1636 422 1997 486 FULGENTII
2033 424 2333 490 EPISCOPI
2368 426 2740 490 RUSPENSIS

3668 437 3775 493 516

507 548 707 605 litetur.
770 541 1037 609 Hmretici
1071 543 1270 613 quippe
1326 536 1727 621 incorporeum,
1752 541 2084 597 divinitatem
2114 547 2166 609 Α
2190 552 2295 599 tur.
2319 540 2415 600 E<t
2436 544 2617 614 itaque
2647 544 2811 601 Filius
2831 545 3051 615 :equalis
3077 540 3249 617 Patri,
3268 548 3393 618 quia
3424 543 3527 607 hoc
3553 564 3777 624 semper

508 654 617 694 non
643 630 740 693 nisi
767 634 1120 706 corporaliter
1164 634 1483 702 cogitantes,
1513 645 1634 689 cum
1664 631 1957 688 secundum
1987 648 2085 688 na-
2183 635 2347 690 habet
2388 651 2455 690 ex
2508 634 2686 690 Patre.
2741 634 2834 691 Est
2880 634 3042 692 etiam
3091 636 3251 694 Patre
3279 641 3475 709 minor,
3503 643 3629 710 quia
3667 645 3777 701 hoc

505 737 683 784 turam
705 727 888 782 dicunt
905 719 1096 779 Filium
1125 719 1410 790 minorem,
1433 721 1531 778 sub
1548 723 1778 791 imagine
1795 721 2084 778 Christiani

506 817 756 882 nominis,
781 830 940 886 quam
971 810 1234 869 fallaciter
1262 816 1625 884 pnetendunt,
1649 814 1967 870 idololatria:
1990 829 2086 871 ne-

505 907 667 962 fando
695 906 916 962 crimine
937 905 1254 976 semetipsos
1284 906 1581 961 involvunt.
1615 906 1752 972 Quid
1805 910 1889 961 est
1932 906 2085 971 ,eni'm

505 1000 665 1054 deum
686 996 969 1066 majorem,
983 1006 1038 1052 et
1060 997 1220 1052 deum
1245 999 1507 1053 minorem
1523 996 1575 1052 iu
1600 998 1821 1066 singulis
1841 997 2087 1066 personis

506 1089 705 1154 dicere,
735 1089 836 1145 nisi
858 1088 1051 1145 diversi
1083 1089 1293 1157 generis
1331 1089 1659 1157 diversaeque
1683 1088 1893 1143 virtutis
1921 1086 2083 1153 idola,

506 1181 690 1239 nonin
711 1179 1026 1251 parietibus,
1051 1174 1170 1245 sed,
1194 1174 1339 1251 quod
1361 1174 1595 1236 deterius
1618 1188 1718 1245 est,
1747 1181 1797 1234 iu
1836 1176 2088 1234 cordibus

472 1322 487 1330 -
506 1271 810 1327 collocare?
835 1267 969 1327 Hinc
996 1272 1140 1327 enim
1168 1287 1227 1327 se
1255 1270 1390 1325 duos
1418 1272 1550 1327 deos
1572 1265 1750 1325 colere
1776 1271 1958 1325 Ariani
1983 1269 2091 1325 evi-

506 1363 698 1419 denter
724 1363 1031 1427 ostendunt,
1064 1361 1188 1417 dum
1238 1360 1499 1433 {aqualem
1554 1362 1698 1416 Patri
1747 1356 1938 1416 Filium
1988 1374 2087 1415 ne-

506 1460 667 1519 gant:
699 1461 896 1507 etcum
921 1451 1016 1522 (at.
1049 1454 1194 1525 eum)
1220 1454 1504 1521 minorem,
1557 1469 1664 1508 non
1721 1451 2090 1524 assumptione

507 1546 685 1598 carnis
709 1544 873 1614 (quod
899 1543 1019 1599 lidei
1040 1544 1238 1599 veritas
1263 1544 1577 1617 habet),sed
1600 1551 1789 1599 natura
1815 1539 2090 1598 immensa:

509 1634 804 1689 divinitatis
832 1644 1164 1700 asseverant,
1194 1650 1314 1691 cum
1360 1636 1427 1689 de
1456 1637 1571 1705 ipso
1602 1631 1800 1691 dictum
1849 1633 1939 1699 sit,
1997 1634 2091 1704 qui

508 1723 772 1792 sapientia
794 1724 888 1780 Dei
917 1737 1022 1792 est,
1045 1724 1135 1794 qui
1163 1725 1361 1779 candor
1381 1735 1458 1779 est
1494 1722 1623 1779 luris
1677 1736 1884 1780 (eterna!
1925 1725 2088 1797 (Sap.

508 1829 602 1875 vn,
634 1812 750 1884 26).
776 1814 853 1870 De
881 1830 989 1884 quo
1018 1815 1071 1870 in
1100 1811 1338 1885 Epistula
1363 1816 1429 1870 ad
1459 1816 1713 1870 llehrmos
1735 1817 1929 1871 dicitur
1954 1834 1966 1870 :
1988 1814 2090 1880 Qui

2189 726 2555 795 temporaliter
2608 721 2814 796 accepit
2860 742 2927 782 ex
2963 720 3199 797 Virgine.
3232 724 3496 796 Quocirca
3523 733 3661 790 sicut
3681 736 3778 806 pie

2186 809 2352 871 Filius
2378 816 2600 887 mqualis
2627 816 2821 872 dicitur
2861 812 3007 873 Patri
3036 820 3250 888 quando
3276 819 3328 876 in
3349 838 3413 878 eo
3444 819 3775 893 humanitas,

2185 922 2291 976 qua
2316 907 2473 961 Patre
2498 907 2676 962 minor
2713 917 2814 974 est,
2848 925 2955 964 non
3003 913 3314 980 agnoscitur
3342 932 3354 967 :
3380 916 3461 970 sic
3486 917 3650 986 impie
3669 919 3778 975 mi-

2187 1014 2289 1053 nor
2310 999 2453 1053 idem
2474 991 2640 1054 Filius
2667 999 2861 1056 dicitur
2887 1001 3101 1071 quando
3131 1005 3183 1059 in
3208 1020 3273 1060 eo
3296 1009 3612 1065 naturaliter
3648 1027 3776 1067 cum

2189 1088 2347 1146 Patre
2373 1085 2667 1146 divinitatis
2704 1092 2879 1165 unitas
2907 1097 2964 1148 et
2989 1090 3269 1163 aequalitas
3290 1096 3605 1168 denegatur.
3631 1101 3780 1157 Dicio

2186 1172 2314 1237 imus
2341 1195 2471 1250 ergo
2492 1174 2683 1236 Filium
2712 1183 3029 1239 naturaliter
3046 1186 3329 1256 :cqualem,
3347 1183 3572 1246 dicimus
3593 1201 3651 1246 et
3671 1188 3779 1248 mi-

2190 1289 2398 1327 norem.
2429 1265 2668 1329 Dicimus
2688 1274 2982 1329 secundum
3010 1276 3234 1332 formam
3258 1279 3350 1335 Dei
3387 1281 3651 1353 mqualem
3668 1300 3779 1339 na-

2189 1369 2323 1427 tum,
2347 1361 2639 1417 secundum
2661 1356 2884 1418 formam
2903 1378 3032 1421 vero
3052 1370 3190 1425 servi
3212 1370 3398 1427 habitu
3424 1366 3776 1431 tninoratum.

2190 1451 2425 1507 Dicimus
2475 1454 2735 1521 :cqualem
2784 1454 2953 1522 Patri,
3000 1453 3053 1512 iu
3102 1469 3211 1528 quo
3264 1463 3639 1532 cognoscimus
3658 1465 3780 1522 sine

2192 1539 2344 1594 initio
2390 1549 2574 1595 natum
2623 1540 2691 1595 de
2745 1534 2942 1609 Patre;
2970 1544 3196 1602 dicimus
3230 1552 3284 1603 et
3327 1548 3615 1617 minorem.
3646 1555 3779 1623 quia

2191 1641 2311 1682 cum
2362 1628 2510 1683 venit
2549 1624 2824 1698 plenitudo
2871 1635 3147 1702 temporis,
3202 1636 3346 1694 misit
3392 1641 3535 1697 Deus
3580 1642 3779 1700 Filium

2191 1732 2348 1771 suum
2378 1715 2575 1771 factum
2604 1732 2671 1772 ex
2700 1727 2893 1786 matre,
2923 1720 3121 1777 factum
3143 1726 3242 1780 sub
3268 1728 3387 1797 lege
3417 1727 3560 1800 (Gal.
3589 1751 3666 1801 tv,
3690 1730 3774 1795 Δ).

2193 1802 2446 1874 Proinde,
2476 1807 2614 1861 sicut
2658 1803 3026 1866 indubitanter
3050 1812 3413 1881 'pnrdicamus
3465 1832 3673 1890 natum,
3698 1826 3779 1880 sic

510 1921 623 1958 cum
652 1906 720 1958 sit
742 1904 988 1975 splendor
1032 1904 1217 1977 gratia:
1247 1916 1296 1973 ει,
1341 1914 1388 1960 ct
1432 1907 1605 1977 ﬁgura
1654 1903 1955 1963 substantia:
1979 1903 2088 1977 ejus

2194 1896 2387 1964 utique.
2431 1895 2779 1965 praedicamus
2830 1906 2886 1952 et
2928 1897 3142 1953 factum.
3176 1902 3412 1961 Dicimus
3459 1910 3603 1965 enim
3658 1890 3813 1969 sine,

512 1991 761 2061 (Πειθώ,
795 1993 873 2066 5).
908 1995 1201 2050 Attendant
1226 2004 1403 2050 autem
1431 1996 1721 2051 candorem
1750 1994 1885 2052 lucis
1930 2004 2089 2052 mter-

512 2100 617 2151 nar,
646 2093 702 2140 et
728 2094 1023 2154 agnoscant
1049 2087 1197 2154 quia,
1226 2088 1365 2141 sicut
1395 2086 1484 2142 illa
1507 2088 1598 2142 lux
1653 2097 1855 2143 aeterna
1896 2097 1980 2143 est
2037 2094 2095 2143 et

513 2175 794 2242 immensa,
822 2177 895 2230 ita
924 2193 1077 2235 suum
1107 2192 1321 2247 quoque
1350 2178 1640 2234 candorem
1682 2194 1784 2233 nec
1828 2179 2094 2248 posterio-

511 2281 627 2322 rem
653 2267 974 2323 naturaliter
997 2268 1530 2337 habetaliquatenus,
1558 2286 1656 2325 nec
1677 2270 1969 2334 minorem;
1999 2267 2094 2323 sed

510 2359 783 2414 aeternitas
838 2359 1279 2423 immensitatem,
1338 2363 1700 2417 aeternitatem
1756 2360 2094 2416 immensitas

426 2453 435 2459 ’
508 2449 792 2521 παυειειιι.
866 2486 869 2489 -

1107 2558 1335 2618 CAPUT
1372 2560 1483 2618 VII.

580 2674 738 2732 Fides
785 2676 947 2745 igitur
985 2675 1322 2741 Christiana,
1371 2691 1492 2744 qum
1547 2675 1696 2730 novit
1750 2674 2094 2743 Unigenitum

509 2767 699 2833 Deum,
721 2776 777 2824 et
797 2767 864 2824 de
893 2768 1067 2824 Patris
1093 2778 1281 2824 natura
1308 2767 1483 2824 solum
1522 2776 1726 2829 natum,
1757 2777 1814 2822 et
1854 2769 1922 2823 de
1974 2769 2095 2824 Vir-

508 2861 633 2925 gine
659 2860 825 2914 Maria
848 2869 1107 2924 creatum,
1132 2875 1469 2929 cognoscens
1499 2860 1551 2914 in
1575 2876 1642 2915 eo
1660 2875 1843 2914 veram
1867 2876 2089 2916 manere

507 2958 793 3018 utramque
821 2950 1193 3014 substantiam,
1227 2950 1306 3006 sic
1334 2965 1456 3005 eum
1479 2965 1608 3005 vere
1647 2951 1714 3005 de
1762 2946 1924 3007 Patre
1980 2952 2094 3007 Deo

511 3041 658 3096 Patri
678 3041 964 3097 conﬁtetur
988 3042 1271 3110 :cqualem,
1304 3050 1362 3095 ut
1383 3042 1501 3097 sine
1528 3040 1794 3098 mendacii
1820 3051 1982 3111 atque
2003 3043 2097 3097 im-

508 3133 728 3201 pietatis
754 3133 978 3189 crimine
1007 3134 1259 3203 pratdicet
1285 3144 1341 3190 et
1369 3136 1653 3191 minorem.
1679 3133 1814 3191 Nam
1836 3134 1962 3207 quia
1988 3150 2094 3191 una

510 3234 593 3279 est
621 3224 697 3279 illi
724 3224 981 3280 naturalis
1009 3241 1130 3281 cum
1152 3226 1313 3281 Patre
1332 3227 1606 3293 divinitas,
1631 3235 1688 3282 et
1714 3243 1816 3280 una
1840 3242 1961 3281 cum
1984 3241 2096 3280 ma-

511 3326 597 3371 tre
625 3316 882 3372 naturalis
904 3316 1227 3382 humanitas,
1253 3318 1305 3373 in
1337 3334 1404 3374 eo
1432 3328 1515 3373 est
1541 3319 1763 3387 mqualis
1804 3316 1951 3372 Patri
2005 3316 2094 3372 Fi-

511 3408 616 3466 lius
666 3410 719 3466 in
744 3424 852 3479 quo
898 3408 966 3466 de
1009 3408 1170 3465 Patre
1199 3426 1358 3465 verus
1383 3419 1467 3466 est
1497 3411 1660 3474 Deus,
1683 3418 1738 3464 et
1762 3412 1814 3463 in
1837 3409 1996 3480 3&7
2027 3423 2095 3462 eo

508 3511 595 3559 cst
638 3499 799 3559 Pater
840 3502 1011 3573 major
1059 3502 1195 3558 Filio
1243 3503 1297 3558 in
1323 3506 1431 3572 quo
1454 3504 1568 3572 ipse
1600 3500 1914 3571 linigenitus
1944 3500 2085 3556 Deus

508 3612 670 3652 verus
696 3604 781 3652 est
800 3597 981 3651 homo.
1009 3593 1123 3665 Ipsa
1145 3606 1226 3651 est
1245 3609 1374 3662 ergo
1398 3594 1526 3650 fides
1566 3611 1711 3657 vera,
1762 3595 1875 3663 ipsa
1925 3593 2097 3663 pietas

510 3695 717 3754 sancta,
744 3686 857 3757 ipsa
880 3686 1169 3743 credulitas
1194 3686 1519 3743 Christiana.
1553 3686 1604 3739 in
1634 3700 1740 3740 uno
1789 3684 2092 3753 eodemque

510 3777 604 3834 Dei
635 3777 791 3843 Filio,
819 3786 878 3834 et
904 3784 1151 3832 naturam
1181 3786 1419 3847 pateram
1440 3777 1734 3847 divinitatis
1774 3774 2014 3840 credere,
2040 3782 2098 3831 et

510 3876 769 3925 materna:
794 3867 1144 3922 humanitatis
1172 3846 1525 3921 substantiam
1556 3882 1661 3920 non
1705 3846 1942 3934 negare;
1993 3879 2096 3920 nec

511 3959 779 4013 diversam
803 3956 1025 4013 credere
1046 3956 1383 4027 divinitatem
1432 3955 1547 4009 Filii
1590 3972 1619 4009 a
1669 3955 1948 4010 divinitate
2000 3953 2095 4009 Dei

510 4047 708 4115 Patris,
739 4062 839 4102 nec
858 4048 1097 4116 separari
1122 4046 1508 4101 humanitatem
1534 4046 1652 4101 Filii
1674 4048 1742 4100 ab
1761 4046 2097 4101 humanitate

511 4138 748 4207 Virginis
770 4138 1064 4208 genitricis,
1091 4137 1186 4192 sed
1214 4138 1266 4192 in
1293 4137 1482 4192 eodem
1508 4153 1637 4193 vero
1661 4137 1776 4192 Deo
1801 4153 1984 4193 veram
2009 4146 2095 4194 to-

511 4239 730 4300 tamque
748 4228 975 4286 credere
992 4229 1158 4285 nostri
1173 4230 1388 4298 generis
1407 4229 1815 4296 humanitatem,
1836 4232 1887 4286 in
1901 4231 2095 4287 eodem

510 4337 645 4377 vero
669 4328 894 4391 totoque
914 4320 1135 4377 homine
1158 4336 1338 4377 veram
1378 4321 1702 4393 plenamque
1733 4331 1967 4392 paterna:
1994 4340 2095 4379 na-

511 4420 648 4467 tura:
672 4411 895 4469 credere
920 4411 1195 4468 deitatem.
1219 4412 1320 4479 Qui
1342 4413 1486 4468 enim
1515 4414 1827 4469 substantia:
1854 4414 2094 4471 Patrisin

510 4501 653 4560 Filio
677 4504 909 4573 denegat
936 4505 1220 4570 unitatem,
1250 4505 1448 4575 Ariana
1494 4505 1774 4575 impietate
1802 4507 2091 4577 polluitur;

510 4597 605 4665 qui
632 4605 811 4653 autem
836 4606 997 4666 negat
1022 4599 1301 4653 veritatem
1330 4600 1507 4654 carnis
1529 4600 1580 4653 in
1623 4599 1909 4669 Unigcnito
1958 4602 2090 4668 Deo,

512 4688 821 4744 Manichaee
848 4692 1016 4759 pestis
1043 4690 1268 4746 crimine
1295 4690 1639 4760 profanatur;
1663 4692 1755 4760 qui
1779 4708 1910 4749 vero
1934 4700 2097 4760 negat

513 4781 566 4837 in
590 4781 782 4838 eodem
807 4782 903 4837 Dei
929 4781 1065 4838 Filio
1087 4783 1394 4847 humanam,
1441 4783 1494 4838 id
1519 4792 1601 4839 εει
1626 4784 1950 4839 rationalem
1980 4785 2097 4839 ani-

512 4887 678 4937 mam,
726 4871 1229 4943 Apollinaristarum
1284 4873 1568 4944 sacrilegio
1617 4874 1865 4945 protinus
1917 4875 2094 4945 inqui-

513 4973 691 5019 natur.

1095 5054 1325 5112 CAPUT
1360 5056 1495 5114 Vill.

585 5166 847 5236 Quocirca
866 5174 1101 5237 paterna:
1120 5176 1479 5239 malorumque
1501 5176 1705 5225 natura:
1728 5172 1782 5225 in
1810 5166 2095 5237 Unigeuito

512 5255 629 5314 Deo
651 5256 877 5312 veritate
901 5255 968 5311 ad
986 5257 1369 5329 plenitudinem
1389 5258 1612 5323 credita,
1626 5267 1681 5314 et
1700 5260 1752 5314 in
1773 5274 1876 5314 una
1897 5260 2095 5315 Christi

509 5360 746 5416 persona
773 5345 997 5415 geminat
1016 5344 1325 5402 substantiae
1350 5347 1579 5402 naturali
1603 5348 1934 5418 proprietate
1977 5362 2095 5402 ser-

509 5446 660 5500 vata.
677 5438 766 5506 pie
781 5451 1017 5505 vereque
1035 5436 1183 5491 Patri
1194 5436 1359 5493 Filius
1368 5441 1588 5507 aequalis
1608 5447 1665 5495 et
1683 5440 1862 5494 minor
1877 5439 2090 5503 dicitur,

511 5528 602 5597 pie
646 5543 882 5598 vereque
926 5536 1223 5584 coaeternus
1248 5536 1304 5582 et
1331 5531 1599 5599 posterior
1642 5529 1978 5600 prtedicatur,
2007 5530 2096 5601 pie

513 5631 750 5687 vereque
793 5625 850 5671 et
895 5633 1108 5688 semper
1161 5626 1341 5682 natus,
1388 5627 1445 5674 et
1483 5620 1534 5674 in
1566 5628 1808 5690 tempore
1835 5629 2007 5683 natus,
2039 5628 2096 5675 et

514 5720 729 5777 semper
756 5708 1200 5764 incommutabilis
1213 5716 1267 5764 et
1289 5709 1341 5762 iu
1373 5718 1613 5781 tempore
1635 5717 1870 5766 mutatus
1897 5709 2094 5767 asseri-

647 5863 817 5919 Duh'o
860 5870 1044 5936 procul
1091 5877 1329 5923 erratum
1383 5876 1466 5922 est
1509 5866 1637 5929 hic,
1694 5864 2090 5936 legendumque

513 5937 761 6013 splendor
788 5935 987 6008 glorier,
1009 5946 1067 5993 ιιι
1093 5939 1355 6009 superius,
1390 5954 1497 5993 non
1524 5952 1633 5991 uno
1659 5935 1711 5990 in
1739 5935 1895 6003 loco;
1927 5944 1983 5991 et
2032 5935 2089 5990 in

2198 1984 2350 2038 initio
2396 1990 2579 2037 natum
2636 1978 2705 2037 de
2749 1985 2912 2040 corde
2965 1983 3158 2051 Patris,
3178 1983 3404 2050 dicimus
3441 1995 3494 2051 in
3526 2000 3780 2069 tempore

2194 2073 2392 2128 tactum
2422 2086 2585 2142 opere
2606 2073 2898 2157 Trinitatis.
2917 2068 3104 2129 Filium
3134 2080 3275 2134 enim
3298 2098 3450 2136 suum
3472 2068 3776 2157 proprium,

2196 2169 2251 2247 et
2295 2161 2361 2215 de
2390 2176 2485 2247 sua
2516 2168 2720 2247 natura
2750 2156 2910 2218 Pater
2935 2167 3139 2233 genuit,
3171 2171 3225 2222 et
3245 2169 3311 2224 de
3337 2182 3527 2229 natura
3554 2156 3779 2247 virginis

2194 2244 2341 2307 fecit.
2390 2243 2654 2317 Quidquid
2710 2254 2889 2305 autem
2956 2250 3098 2315 fecit.
3156 2258 3483 2326 cooperante
3536 2243 3673 2320 Filio
3721 2276 3781 2322 et

2195 2336 2397 2408 Spiritu
2436 2346 2624 2394 sancto
2656 2339 2796 2394 fecit.
2823 2334 3012 2397 Filium
3048 2356 3178 2412 ergo
3206 2363 3359 2401 suum
3380 2351 3535 2407 solus
3559 2355 3779 2423 quidem

2197 2424 2359 2483 Pater
2377 2429 2582 2496 genuit,
2605 2428 2699 2483 sed
2731 2446 2836 2485 non
2861 2432 3008 2487 solus
3036 2430 3181 2489 fecit.
3213 2432 3267 2491 lu
3300 2434 3435 2495 Filio
3462 2443 3603 2499 enim
3640 2438 3776 2503 Uni-

2196 2521 2380 2585 genito
2430 2519 2596 2575 solius
2651 2531 2848 2576 acterna
2877 2526 3151 2591 generatio
3194 2526 3383 2595 Patris,
3416 2536 3472 2587 et
3500 2533 3551 2589 in
3581 2537 3778 2594 eodem

2196 2608 2331 2664 Filio
2354 2608 2494 2665 facto
2523 2627 2627 2664 una
2657 2606 2820 2665 totius
2848 2616 3090 2681 operatio
3115 2626 3198 2670 est
3221 2611 3513 2679 Trinitatis.
3546 2623 3780 2684 Creator

2196 2702 2393 2773 quippe
2432 2698 2662 2756 hominis
2704 2694 3020 2771 Unigenitns
3048 2700 3205 2769 Deus,
3239 2716 3451 2767 creatus
3480 2724 3559 2769 est
3581 2716 3779 2782 homo.

2196 2804 2251 2849 et
2291 2793 2431 2850 idem
2469 2792 2559 2863 qui
2594 2794 2661 2850 de
2709 2796 2822 2850 viro
2867 2791 3142 2852 mulierem
3168 2796 3308 2865 fecit,
3343 2797 3410 2857 de
3432 2800 3649 2864 muliere
3683 2806 3782 2866 vir

2195 2884 2365 2939 factus
2411 2889 2511 2940 cst.
2542 2875 2695 2939 Unde
2740 2896 2969 2954 apparet
3024 2884 3146 2957 quia
3204 2893 3511 2949 testimonia
3538 2913 3658 2966 quae
3702 2902 3784 2959 de

2200 2974 2489 3041 Evangelia
2517 2986 2571 3030 et
2604 2975 2672 3030 de
2702 2972 2922 3031 Actibus
2949 2980 3335 3048 apostolorum,
3362 2997 3425 3039 ac
3462 2984 3782 3059 Salomone,

2193 3063 2524 3120 Fastidiosus
2551 3061 2713 3134 impie
2735 3067 2980 3135 protulit,
3002 3084 3108 3122 non
3133 3071 3391 3127 unitatem
3411 3072 3653 3136 Paterna:
3674 3096 3781 3137 na-

2195 3168 2330 3215 tura:
2357 3159 2495 3215 Filio
2544 3160 2805 3224 adimunt,
2833 3161 2927 3214 sed
2956 3173 3348 3219 sacramentum
3378 3159 3572 3224 divinzc
3598 3173 3785 3229 incar-

2121 3286 2165 3346 ρ
2199 3249 2431 3303 nationis
2481 3249 2789 3303 ostendunt.
2824 3246 2976 3315 Quod
3005 3248 3303 3309 certissime
3343 3257 3519 3313 sciens
3543 3254 3788 3320 Joannes

2201 3337 2454 3407 Baptista,
2485 3339 2618 3394 dixit
2649 3357 2662 3392 :
2690 3336 2792 3392 Hic
2820 3344 2897 3394 est
2926 3336 2989 3394 de
3015 3354 3112 3410 quo
3160 3340 3272 3400 dixi
3311 3362 3330 3401 :
3378 3340 3509 3403 Post
3536 3369 3616 3406 me
3642 3359 3789 3412 renit

2196 3425 2283 3497 qui
2309 3437 2430 3481 ante
2454 3442 2536 3482 me
2558 3430 2725 3498 factus
2754 3438 2829 3483 est
2852 3429 3031 3500 (Joan.
3059 3444 3095 3494 ι,
3123 3432 3231 3505 15}.
3259 3434 3424 3504 Cujus
3453 3449 3785 3503 sacramenti

2195 3521 2480 3575 veritatem
2502 3520 2797 3589 praedicans
2824 3519 3016 3577 Petrus
3042 3524 3320 3592 apostolus
3340 3527 3415 3582 ait
3442 3548 3455 3581 ε
3488 3529 3789 3593 Certissima

2198 3613 2551 3683 3&8itaque
2579 3615 2708 3667 sciat
2729 3610 2897 3668 omnis
2920 3613 3100 3669 domus
3147 3610 3315 3672 Israel
3336 3617 3566 3690 .quia'et
3611 3623 3788 3681 Deum

2194 3706 2362 3765 itlum.
2393 3713 2442 3758 et
2476 3700 2736 3759 Christum
2784 3702 2923 3759 Deus
2962 3706 3081 3774 fecit
3127 3707 3261 3762 hunc
3302 3709 3480 3765 Iesum
3517 3727 3661 3784 quem
3688 3732 3788 3770 vos

2197 3794 2527 3863 cruciﬁxistis
2558 3795 2693 3861 (Act.
2718 3806 2776 3860 ll,
2808 3789 2921 3853 56).
2956 3795 3122 3864 Digne
3152 3796 3335 3867 utique
3360 3799 3515 3855 dixit
3552 3802 3779 3871 factum,

2195 3900 2355 3955 quem
2386 3885 2640 3955 praedicat
2669 3886 3007 3954 cruciﬁxum,
3036 3883 3174 3941 Deus
3200 3892 3397 3961 quippe
3444 3887 3785 3963 Unigenitus,

2197 3974 2753 4045 incomprehensibilis
2803 3982 2859 4030 et
2906 3964 3242 4046 immortalis,
3276 3997 3303 4034 a
3327 3982 3473 4037 nullo
3502 3983 3692 4053 tinctus,
3719 3996 3788 4042 et

2194 4083 2375 4123 rerum
2425 4069 2664 4123 omnium
2708 4066 2880 4123 factor
2932 4076 3185 4138 :eternus,
3236 4087 3334 4126 suo
3386 4074 3633 4144 dignatus
3693 4088 3788 4134 est

2196 4175 2363 4231 opere
2413 4158 2660 4216 Christus
2708 4159 2819 4214 lieri
2853 4201 2868 4223 .
2923 4169 2980 4215 ut
3026 4158 3329 4217 Iudaeorum
3379 4176 3564 4234 posset
3609 4182 3787 4237 opere

2196 4251 2435 4320 crucitigi
2463 4269 2475 4303 :
2503 4252 2626 4319 quia
2669 4246 3085 4319 Redemptorem
3114 4251 3294 4305 mundi
3341 4253 3597 4308 traditum
3641 4271 3785 4313 crux

2196 4340 2340 4395 nulla
2386 4339 2594 4394 ratione
2649 4345 2936 4408 portasset,
2967 4339 3068 4393 nisi
3115 4340 3295 4395 mundi
3343 4341 3598 4399 factorem
3642 4362 3786 4401 con-

2197 4440 2413 4502 ceptum
2458 4430 2678 4498 virginis
2730 4437 2915 4484 uterus
2962 4430 3231 4486 edidisset.
3261 4428 3393 4502 Ipse~
3426 4435 3586 4504 igitur
3611 4436 3782 4491 etiam

2196 4536 2297 4592 per
2322 4519 2664 4575 Salomonem
2691 4518 3054 4587 generationis
3081 4521 3476 4593 creatiouisque
3512 4534 3619 4579 sate
3644 4526 3787 4582 insi-

2200 4626 2373 4666 uuans
2423 4611 2728 4676 veritatem,
2757 4608 2936 4665 dixit:
2969 4610 3222 4665 Dominus
3268 4615 3460 4668 creavit
3504 4632 3584 4669 me
3625 4618 3786 4673 initio

2198 4704 2395 4757 viarum
2416 4717 2627 4756 suarum
2643 4701 2696 4756 in
2721 4717 2873 4771 opere
2893 4718 2985 4755 suo
3014 4700 3192 4766 (Prov.
3220 4720 3326 4768 vnt,
3356 4704 3470 4776 22).
3493 4706 3599 4777 sed
3619 4717 3785 4764 antc-

2197 4807 2360 4863 quam
2383 4792 2490 4848 hoc
2519 4791 2756 4856 diceret,
2788 4790 3130 4845 manifestum
3171 4791 3360 4848 futura:
3390 4794 3785 4853 incarnationis

2196 4899 2307 4940 suae
2335 4883 2593 4955 prtcmisit
2619 4881 2894 4947 indicium,
2945 4879 3131 4943 dicens
3169 4900 3182 4935 :
3212 4883 3273 4938 Si
3312 4887 3611 4941 nuntiarem
3631 4888 3787 4945 vobis

2195 4993 2309 5050 qua?
2349 4975 2575 5047 quotidie
2611 4974 2766 5045 ﬁunt,
2795 4956 3201 5027 commeinorabo
3232 4990 3346 5045 qua
3380 4992 3414 5028 a
3441 4978 3628 5031 saeculo
3655 4987 3789 5032 sunt

2196 5068 2384 5138 (Ibid.,
2406 5067 2468 5120 2i
2482 5107 2495 5131 ,
2511 5066 2668 5137 juxta
2687 5063 2784 5119 LX
2788 5063 2840 5117 Χ
2846 5065 2884 5131 ).
2914 5062 3447 5123 Enumeransdeinde
3466 5068 3740 5138 subiunxit
3760 5090 3779 5122 :

2198 5158 2450 5213 Dominus
2475 5156 2665 5211 creavit
2683 5172 2764 5210 me
2780 5154 2929 5209 initio
2950 5156 3151 5209 viarum
3171 5172 3379 5211 suarum
3401 5158 3457 5211 in
3481 5175 3632 5229 opere
3650 5176 3778 5225 suo.

2203 5249 2327 5305 Huic
2349 5248 2532 5318 utique
2558 5247 2762 5302 creatio
2791 5262 2822 5300 a
2850 5246 3045 5301 smculo
3074 5254 3156 5301 est
3178 5289 3192 5311 ,
3217 5262 3324 5302 non
3353 5255 3480 5303 ante
3500 5248 3777 5303 szeculum.

2201 5343 2332 5398 Nam
2359 5340 2703 5415 postmodum
2727 5340 2877 5407 dicit,
2920 5342 3053 5394 Ante
3079 5340 3268 5395 sarcula
3304 5342 3539 5413 fundavit
3575 5359 3693 5406 me;
3721 5351 3787 5394 et

2200 5437 2362 5509 paulo
2390 5435 2712 5506 postulate
2756 5448 2932 5487 omnes
2972 5432 3129 5488 colles
3176 5434 3350 5503 genuit
3376 5450 3475 5487 me.
3512 5432 3610 5487 Hic
3627 5433 3778 5500 quod

2199 5528 2346 5593 dicit,
2370 5536 2490 5581 ante
2516 5525 2729 5588 sarcula,
2752 5533 2800 5578 et
2844 5532 2965 5577 ante
3008 5540 3181 5581 omnes
3218 5523 3394 5591 colles,
3416 5523 3761 5577 aeternitatem

2199 5618 2370 5675 voluit
2416 5615 2637 5683 intelligi
2685 5614 2979 5669 nativitatis
2997 5613 3205 5668 divinat.
3233 5612 3301 5669 Et
3320 5621 3448 5668 ante
3475 5611 3695 5677 accola,
3723 5623 3787 5666 et

2198 5714 2323 5777 post
2361 5705 2615 5762 saeculum
2657 5704 2931 5761 aeternitas
2978 5712 3077 5758 cst.
3101 5702 3169 5757 Et
3217 5704 3295 5759 sic
3340 5702 3616 5758 aeternitas
3655 5698 3783 5757 Filii

2198 5871 2350 5920 textu
2372 5862 2637 5949 Apostoli,
2661 5881 2751 5926 τῆς
2775 5863 2938 5928 δόξης.
