4048 6342
250 402 353 463 317

1101 400 1381 462 CONTRA
1402 404 1782 482 SERMONEM
1820 406 2199 469 FASTIDIOSI
2239 406 2437 470 LIBER
2477 408 2682 471 UNUS.

3436 422 3543 483 5l'8

252 522 342 577 Dei
366 527 495 576 ante
524 518 783 575 saeculum
813 534 921 579 non
949 519 1113 576 habet
1139 520 1371 585 initium,
1402 521 1539 576 sicut
1572 522 1849 579 aeternitas
1877 530 1927 589 Λ
1955 525 2100 600 illam
2149 541 2258 581 non
2302 526 2570 582 dubitavit
2618 541 2866 583 asserere
2892 526 3305 600 blasphemiam,
3354 534 3552 595 dicens‘

251 611 365 681 ejus
393 617 519 680 post
545 608 801 664 smculum
849 623 958 664 non
995 609 1158 671 habet
1207 609 1389 664 linem.
1414 609 1506 665 Sic
1534 620 1716 667 autem
1746 628 1847 683 pro

252 716 494 774 tempore
534 700 716 756 futuro
737 709 955 780 tempus
983 702 1317 771 praeteritum
1345 716 1571 771 ponens,
1591 701 1722 757 dicit
1743 702 1846 758 Sa-

1947 597 2094 685 quod
2119 633 2173 671 se
2189 617 2486 672 nullatenus
2505 620 2673 688 potuit
2693 618 2923 675 Trinitas
2934 597 3205 689 separare,
3223 597 3384 689 quam
3420 644 3544 681 con-

1946 717 2051 763 stat
2072 712 2286 765 omnino
2305 727 2410 765 non
2440 710 2623 765 dividi.
2650 710 2794 781 Ergo
2822 722 2928 766 tota
2961 712 3196 769 Trinitas
3215 730 3558 773 contentas:

250 793 473 865 pictilia,
496 789 754 845 Dominus
775 792 965 845 creavit
993 807 1095 859 me,
1120 805 1219 861 Pl‘O
1239 806 1307 846 eo
1335 790 1480 861 (illud
1510 798 1611 854 εει»
1635 799 1848 846 οΐθεὶιιι-
1940 803 2185 871 sumpsit,
2216 810 2326 856 tota
2352 800 2586 857 Trinitas
2614 804 2919 873 passionum
2964 805 3189 874 injurias
3218 809 3401 873 sensit,
3435 810 3567 863 tota'

256 900 341 937 rus
361 893 445 938 est
473 896 559 936 me
583 899 597 946 ;
622 891 677 936 et
698 881 771 935 ita
795 879 930 935 elisit
959 890 1216 951 tanquam
1248 878 1448 936 factum
1493 879 1639 948 quod
1663 880 1847 951 utique

255 986 366 1029 crat
421 971 720 1029 iaciendum
766 990 780 1025 :
831 973 969 1027 sicut
1016 989 1114 1042 per
1157 974 1374 1027 beatum
1426 971 1592 1026 David
1645 972 1780 1027 dixit
1828 990 1841 1024 :

258 1064 521 1120 Foderunt
544 1082 734 1119 manus
790 1082 931 1120 meas
983 1075 1034 1119 et
1080 1064 1231 1135 pedes
1264 1081 1401 1119 meos
1431 1082 1450 1118 :
1490 1065 1846 1119 dinumeraoe-

249 1157 560 1211 “incumin
577 1172 697 1209 ossa
727 1172 859 1208 mea.
895 1154 1007 1226 Ipsi
1028 1172 1145 1209 vero
1174 1154 1626 1208 consideraverunt
1651 1164 1702 1207 et
1730 1171 1848 1208 con-

247 1257 527 1318 spexerunt
562 1265 658 1301 me.
687 1247 986 1303 Diviserunt
1034 1247 1130 1301 sibi
1174 1249 1481 1301 vestimenta
1523 1264 1665 1313 mea,
1705 1257 1753 1302 et
1790 1250 1844 1301 in

254 1341 602 1394 vestimentum
622 1355 790 1391 meum
813 1339 1062 1392 miserunt
1085 1346 1275 1391 sortem
1297 1337 1467 1408 (Psal.
1488 1354 1596 1402 xxi,
1623 1337 1712 1406 18,
1736 1339 1843 1409 l9).

254 1434 445 1487 Diceris
467 1433 672 1500 itaque,
703 1430 958 1484 Dominus
1008 1431 1199 1484 crearit
1247 1446 1348 1497 me,
1383 1432 1622 1487 ostendit
1655 1446 1845 1500 queui-

256 1522 540 1578 admodum
561 1521 725 1576 l'uerit
751 1521 944 1577 factus.
977 1521 1172 1576 Dicens
1200 1522 1390 1591 etiam,
1424 1519 1688 1576 Foderunt
1721 1538 1841 1575 sna-

234 1624 345 1666 nas
368 1628 511 1665 meas
534 1622 587 1665 et
608 1611 769 1681 pedes
797 1627 956 1675 meos,
981 1611 1216 1666 ostendit
1243 1611 1697 1681 quemadmodum
1724 1611 1841 1666 lue-

247 1703 323 1775 rit
345 1698 651 1756 cruciﬁxus.
682 1700 834 1755 Sicut
868 1708 1048 1755 autem
1088 1701 1194 1756 hoc
1234 1701 1418 1770 utique
1443 1699 1677 1755 futurum
1703 1710 1839 1766 erat,

246 1794 393 1863 quod
423 1802 680 1862 tanquam
710 1791 910 1847 factum
962 1792 1029 1848 de
1076 1808 1173 1847 sua
1222 1794 1474 1864 passione
1527 1810 1626 1864 per
1672 1794 1841 1850 David

252 1885 345 1941 Dei
374 1883 541 1940 Filius
585 1884 813 1950 cecinit;
844 1884 918 1939 ita
947 1884 1183 1940 futurum
1229 1894 1347 1940 erat
1397 1888 1543 1956 quod
1588 1895 1840 1957 tanquam
1877 1903 1919 1961 Β

251 1979 449 2033 tactum
473 1974 541 2032 de
568 1993 664 2031 sua
695 1977 1067 2032 incarnatione
1109 1993 1208 2047 per
1243 1976 1588 2034 Salomonem
1617 1978 1731 2047 ipse
1751 1980 1843 2049 qui

247 2077 337 2124 est
373 2067 472 2124 Dei
528 2067 793 2137 sapientia
847 2068 1211 2138 prophetavit.
1243 2068 1376 2123 Nam
1428 2069 1542 2138 ipse
1586 2068 1844 2124 Salomon

246 2166 412 2237 paulo
449 2165 598 2235 prius
626 2164 701 2219 ait
731 2180 746 2216 :
779 2162 1053 2233 Sapientia
1090 2162 1369 2234 aediﬁcavit
1412 2164 1513 2217 sibi
1541 2164 1771 2231 domum,
1793 2172 1845 2219 et

248 2257 479 2311 subdidit
523 2255 792 2330 columnas
825 2264 1019 2325 septem
1050 2254 1231 2326 (Prov.
1264 2272 1339 2322 ιι,
1366 2255 1441 2324 l),
1463 2256 1609 2324 quod
1653 2257 1722 2310 ad
1759 2258 1845 2311 in-

245 2349 579 2404 carnationis
601 2347 895 2404 Dominica:
919 2347 1151 2417 pertinet
1179 2356 1388 2404 ortum.
1410 2347 1598 2404 Esaias
1625 2364 1844 2421 quoque

246 2441 316 2493 de
335 2437 536 2492 Christi
559 2438 811 2508 passione
832 2437 1067 2506 loquitur
1092 2439 1191 2501 sic,
1208 2438 1424 2508 utquod
1454 2438 1689 2493 futurum
1717 2455 1845 2509 pro-

248 2531 437 2599 phetat
466 2536 719 2597 tanquam
763 2527 1097 2597 praeteritum
1119 2528 1283 2583 dicat.
1306 2528 1427 2598 ipse
1454 2530 1596 2583 enim
1621 2530 1752 2586 dicit
1776 2532 1846 2586 de

242 2615 501 2673 Christo:
524 2616 674 2671 Sicut
694 2618 801 2671 ovis
830 2616 902 2669 ad
925 2616 1301 2671 immolandum
1329 2618 1511 2672 ductus
1540 2627 1636 2684 est,
1666 2629 1716 2673 et
1737 2621 1845 2674 sic-

241 2717 303 2760 ut
348 2724 514 2779 agnus
544 2723 720 2761 coram
755 2706 1001 2761 tondente
1028 2708 1136 2761 sine
1156 2724 1296 2771 voce,
1321 2709 1398 2762 sic
1424 2725 1528 2761 non
1557 2710 1759 2773 aperuit
1788 2728 1844 2765 os

246 2816 397 2853 suun.
433 2797 591 2869 (Isai.
622 2812 735 2862 un,
781 2796 857 2867 7).
912 2796 1046 2850 Nam
1101 2806 1157 2852 ct
1211 2797 1382 2867 ipsam
1438 2796 1704 2867 Unigeniti
1750 2798 1846 2853 Dei

255 2888 558 2944 secundum
582 2902 801 2943 carnem
830 2886 900 2942 de
919 2887 1140 2957 Virgine
1166 2889 1526 2953 nativitatem,
1546 2906 1655 2945 non
1671 2891 1844 2946 solum

246 2978 537 3051 aliquando
579 2986 835 3048 tanquam
889 2978 1120 3034 futuram
1150 2981 1410 3051 praedicit,
1437 2983 1533 3038 sed
1558 2983 1845 3054 aliquando

243 3078 504 3137 tanquam
524 3069 852 3139 praeteritam
874 3068 1022 3124 dicit.
1050 3069 1290 3140 Denique
1312 3073 1547 3141 quodam
1577 3074 1698 3130 loco
1719 3075 1795 3130 ait
1828 3093 1840 3129 :

208 3214 223 3224 ,
243 3157 384 3213 Ecce
412 3159 556 3230 virgo
580 3159 636 3212 in
664 3166 810 3213 utero
837 3158 1063 3227 habebit,
1094 3169 1144 3213 et
1173 3162 1339 3231 pariet
1364 3163 1535 3231 ﬁlium
1564 3163 1839 3233 (Isaixvn,

245 3248 362 3319 ιι).
394 3249 515 3304 Alio
543 3249 675 3304 item
714 3249 835 3304 loco
890 3255 1143 3320 tanquam
1186 3251 1385 3306 factum
1414 3262 1576 3323 atque
1607 3263 1846 3313 transac-
1876 3270 1920 3330 ρ

239 3348 363 3394 tum
382 3339 658 3395 insinuans
685 3341 762 3394 ait
794 3358 807 3393 :
836 3339 976 3395 Puer
1003 3352 1157 3396 natus
1177 3355 1252 3398 est
1281 3343 1455 3412 nobis,
1487 3357 1537 3400 et
1564 3349 1705 3418 ﬁlius
1733 3350 1831 3403 da-

242 3439 332 3484 tus
352 3436 431 3486 est
455 3428 603 3484 nobis
630 3428 785 3498 (Isai.
813 3445 888 3494 is,
921 3429 998 3500 ϐ).
1028 3429 1159 3497 Quis
1196 3445 1324 3500 ergo
1375 3449 1481 3488 non
1507 3435 1687 3491 videat
1714 3436 1845 3493 illud

242 3527 422 3576 totum
443 3505 587 3592 quod
614 3522 681 3578 de
708 3522 1044 3578 humanitate
1072 3532 1129 3578 et
1154 3526 1407 3594 passione
1441 3524 1717 3597 Unigeniti
1746 3528 1843 3585 Dei

252 3611 464 3667 dictum
489 3620 576 3667 est
598 3627 697 3683 per
720 3612 1033 3683 prophetas,
1059 3613 1251 3669 eodem
1277 3622 1523 3685 tempore
1569 3616 1649 3671 sic
1678 3615 1844 3673 fuisse

189 3708 201 3721 ‘
251 3705 310 3759 in
341 3702 573 3760 veritate
601 3705 862 3771 luturum,
884 3704 1023 3760 sicut
1056 3721 1199 3761 nunc
1224 3714 1309 3761 est
1351 3706 1405 3761 in
1448 3708 1679 3763 veritate
1706 3724 1846 3779 prm-

239 3794 490 3858 terilum.
506 3790 589 3849 Ad
603 3794 989 3853 ostendendam
1001 3810 1131 3851 vero
1149 3796 1744 3854 incommutabilitatem
1758 3799 1810 3854 di
1820 3829 1842 3840 -
1936 3806 1940 3811 '

239 3885 362 3941 vini
384 3872 615 3949 consilii,
646 3884 846 3941 factum
868 3893 952 3940 est
981 3894 1040 3940 ut
1068 3885 1379 3957 prophetica
1419 3886 1695 3958 Scriptura
1723 3896 1845 3944 tan-

238 3992 413 4049 quam
440 3976 774 4048 prseteritum
809 3979 881 4033 sit
912 3977 1115 4034 diceret
1144 3980 1199 4034 in
1224 3994 1476 4036 sermone
1505 3981 1651 4051 quod
1699 3981 1844 4038 futu-

240 4086 371 4125 rum
390 4069 981 4142 exspectabatur3&,9
997 4071 1050 4125 in
1078 4086 1262 4142 opere.
1296 4062 1434 4128 Deus
1451 4074 1616 4142 enim,
1639 4074 1706 4129 de
1733 4091 1843 4145 quo

240 4161 339 4216 hii:
359 4158 489 4215 diéit
516 4160 802 4230 propheta,
833 4158 934 4224 Qui
986 4162 1107 4233 fecit
1153 4178 1268 4234 qua:
1296 4164 1470 4234 futura
1513 4173 1632 4217 sunt
1684 4163 1839 4237 (lsai.

245 4264 382 4316 ην,
415 4249 504 4314 ll,
534 4264 639 4303 sec.
662 4248 856 4320 LXX),
895 4249 1015 4304 ideo
1044 4266 1165 4320 quae
1193 4250 1435 4306 facienda
1464 4251 1694 4319 fuerant,
1720 4264 1841 4310 tan-

237 4354 416 4410 quam
474 4339 615 4394 tacta
666 4354 888 4395 narrare
931 4340 1121 4406 v’oluit,
1153 4340 1282 4409 quia
1331 4356 1451 4411 qua:
1501 4343 1553 4396 in
1598 4350 1843 4414 tempore

243 4427 584 4485 mutabiliter
623 4427 776 4494 liunt,
811 4429 1237 4486 incommutabili
1265 4431 1634 4501 dispositionis
1679 4444 1842 4491 teter-

242 4522 423 4574 nitate
458 4518 707 4574 ﬁrmavit.
736 4519 927 4590 itaque
976 4531 1031 4576 et
1078 4521 1160 4575 his
1201 4521 1254 4576 in
1280 4521 1476 4591 quibus
1508 4523 1737 4579 necdum
1760 4535 1844 4581 est

1949 890 2179 948 Trinitas
2204 894 2257 945 in
2287 894 2527 963 sepulcro
2546 893 2742 963 jacuit,
2774 904 2881 948 tota
2905 892 3136 949 Trinitas
3166 898 3428 968 infernum
3447 916 3542 967 pe-
3594 941 3601 951 .

1942 987 2185 1051 uetravit,
2212 994 2320 1039 tota
2371 984 2601 1040 Trinitas
2628 988 2783 1040 tertia
2808 987 2893 1041 die
2930 1004 2963 1040 a
2986 992 3204 1043 mortuis
3229 992 3540 1057 resurrexit,

1941 1082 2053 1127 tota
2106 1073 2339 1128 Trinitas
2366 1076 2770 1147 quadragesimo
2794 1078 2881 1131 die
2898 1079 2955 1131 in
2986 1082 3139 1133 corios
3161 1081 3434 1133 ascendit?
3460 1080 3544 1132 Ad

1946 1167 2093 1236 cujus
2120 1165 2392 1221 dexteram
2418 1176 2532 1221 tota
2559 1166 2790 1221 Trinitas
2810 1168 2985 1233 sedet,
3004 1170 3082 1223 vel
3108 1186 3258 1238 quem
3284 1168 3542 1238 Spiritum

1944 1256 2029 1309 die
2082 1254 2413 1311 Pentecostes
2464 1266 2571 1311 tota
2616 1255 2849 1311 Trinitas
2878 1260 2934 1312 in
2984 1260 3247 1328 apostolos
3270 1262 3430 1325 misit,
3452 1265 3561 1314 aut“

1944 1350 2029 1403 cui
2057 1348 2167 1404 Deo
2199 1360 2306 1404 tota
2363 1349 2597 1404 Trinitas
2623 1351 2679 1403 in
2706 1367 2857 1404 cruce
2910 1351 3082 1405 dicere
3121 1353 3307 1420 potuit,
3343 1371 3363 1405 ι
3398 1352 3542 1407 Deus

1945 1458 2107 1504 meus,
2132 1441 2273 1496 Deus
2300 1459 2463 1508 meus,
2495 1459 2654 1514 quare
2681 1460 2761 1497 me
2790 1444 3136 1515 dereliquisti;
3171 1465 3191 1498 ι
3225 1447 3300 1500 vel
3318 1446 3401 1499 cui
3426 1444 3542 1500 Pa-
3574 1472 3579 1477 -

1943 1534 2014 1587 tri
2041 1542 2150 1586 tota
2183 1533 2413 1588 Trinitas
2462 1536 2576 1588 ait:
2615 1553 2633 1586 ι
2668 1534 2861 1600 Pater,
2893 1537 2949 1589 in
2996 1552 3181 1590 manus
3233 1546 3348 1591 tuas
3394 1552 3540 1591 com-

1944 1624 2130 1678 mendo
2158 1626 2400 1696 spiritum
2432 1641 2619 1690 meum,
2642 1644 2661 1676 ›
2696 1627 2742 1679 si
2785 1635 3033 1693 possunt,
3062 1627 3291 1680 edicunt.
3319 1612 3468 1690 Quod
3492 1628 3539 1680 si

1944 1717 2115 1770 dicere
2142 1727 2416 1788 nequeunt,
2440 1718 2541 1789 ipsi
2570 1734 2627 1771 se
2650 1718 2879 1787 propriis
2899 1719 3098 1789 jaculis
3142 1720 3423 1789 perimunt,
3454 1720 3539 1790 qui

1948 1805 2255 1861 Trinitatem
2276 1807 2680 1879 inseparabilem
2702 1825 2815 1862 esse
2842 1809 3177 1863 contendunt.

2575 1918 2808 1997 CAPUT
2845 1918 2915 1973 Χ.

2017 2029 2290 2086 Hactenus
2320 2030 2374 2084 in
2416 2030 2509 2086 illo
2539 2031 2767 2100 profano
2795 2046 3046 2086 sermone
3073 2039 3264 2088 contra
3303 2031 3537 2088 catholi-

1945 2136 2065 2175 cam
2090 2121 2248 2176 tidem
2271 2121 2556 2177 Fastidiosi
2584 2123 2752 2177 verba
2782 2122 3092 2178 tenduntur.
3125 2123 3182 2177 ln
3203 2138 3311 2193 quo
3334 2132 3538 2190 tamen,

1946 2211 2187 2282 exceptis
2215 2211 2299 2266 his
2330 2227 2446 2281 qum
2474 2213 2529 2267 in
2576 2220 2776 2270 sancta:
2830 2212 3111 2268 Trinitatis
3159 2216 3541 2271 contumeliam

1947 2303 2359 2372 blasphemavit,
2390 2319 2529 2373 pene
2579 2303 2790 2369 omnia,
2839 2305 2954 2358 sive
3000 2304 3388 2373 praecedentia,
3420 2306 3537 2361 sive

1947 2393 2355 2462 subsequentia,
2385 2394 2453 2448 de
2479 2393 2715 2451 aliorum
2730 2393 2890 2447 dictis
2920 2393 3280 2462 nequissimus
3310 2409 3539 2465 usurpa-

1947 2484 2044 2537 vit.
2081 2483 2321 2553 Denique
2364 2483 2544 2539 omnia
2572 2499 2693 2554 qua:
2722 2483 2980 2539 adversus
3008 2484 3318 2539 Donatistas
3337 2488 3538 2555 posuit,

1950 2575 2016 2629 de
2038 2575 2355 2645 quibusdam
2390 2576 2598 2630 duabus
2626 2575 2870 2644 epistolis
2892 2574 3097 2629 furatus
3125 2584 3227 2639 est,
3260 2576 3315 2629 in
3342 2575 3540 2645 quibus
3570 2646 3573 2647 ν

1947 2675 2137 2720 contra
2167 2665 2482 2734 Pelagianos
2538 2675 2702 2734 atque
2753 2664 3061 2720 Donatistas
3090 2680 3213 2720 cum
3266 2667 3424 2720 nobis
3487 2667 3545 2721 in

1973 2757 2163 2811 exsilio
2193 2756 2451 2810 Sardiniae
2483 2756 2790 2810 constitutis
2832 2755 2900 2809 ad
2941 2756 3245 2824 religiosam
3292 2754 3545 2813 Ecclesiae

1952 2850 2113 2904 ﬁliam
2137 2849 2488 2920 Stephanium
2518 2857 2662 2904 esset
2696 2848 2765 2903 ab
2810 2847 3062 2904 omnibus
3108 2847 3540 2911 rescribendum,

1951 2943 2068 3011 ipso
2096 2956 2320 3011 prorsus
2372 2938 2664 2994 verborum
2691 2937 2882 2993 ordine
2907 2952 3017 3005 quo
3040 2937 3129 2991 illa
3160 2937 3301 2992 idem
3327 2936 3547 3005 ncquis-

1950 3035 2118 3090 simus
2148 3032 2519 3089 fraudulenter
2541 3032 2641 3087 sub
2669 3031 2888 3087 nomine
2909 3047 3007 3087 suo
3037 3030 3238 3102 posuit,
3271 3030 3549 3085 inveniun-

1951 3136 2038 3182 tur
2065 3127 2287 3182 inserta.
2314 3124 2385 3180 Ut
2416 3134 2595 3181 autem
2620 3125 2716 3179 tibi
2747 3139 2854 3179 non
2876 3123 3091 3179 deesset
3116 3124 3195 3178 rei
3224 3123 3383 3193 hujus
3402 3123 3549 3192 agni-

1953 3219 2051 3286 tio,
2086 3220 2103 3238 ⁶
2131 3218 2264 3273 duas
2290 3217 2551 3288 epistolas
2579 3230 2715 3286 quas
2741 3214 2810 3269 ad
2841 3230 2945 3270 nos
2972 3221 3275 3269 memorata
3314 3212 3547 3283 Stepha-

1952 3312 2041 3365 nia
2070 3309 2377 3373 destinavit,
2404 3316 2460 3362 et
2481 3323 2618 3376 quas
2662 3306 2713 3361 ei
2743 3321 2842 3361 nos
2857 3296 3263 3374 rescripsimus,
3290 3303 3415 3360 huic
3441 3302 3547 3361 feci

1949 3402 2211 3475 opusculo
2232 3400 2444 3470 subjici.
2480 3398 2552 3454 Ut
2572 3412 2836 3468 agnoscas
2861 3397 2916 3452 in
2944 3396 3036 3451 illo
3064 3410 3314 3451 sermone
3335 3410 3399 3448 ea
3432 3401 3549 3448 tan»

1949 3504 2062 3549 tum
2091 3492 2255 3547 fuisse
2275 3489 2582 3556 Fastidiosi,
2603 3489 2797 3558 quibus
2824 3487 2879 3541 in
2902 3486 3071 3556 ipsius
3092 3493 3291 3540 sancta:
3313 3483 3544 3538 Trinita-

1948 3586 2018 3640 tis
2057 3582 2308 3652 injuriam
2338 3596 2483 3637 caeco
2511 3580 2675 3635 corde
2702 3577 2991 3649 prosiliens
3016 3575 3335 3631 catholicam
3362 3589 3541 3645 oppa-

1949 3689 2118 3744 gnare
2145 3680 2373 3730 conatus
2395 3679 2479 3727 est
2505 3670 2811 3726 veritatem.
2909 3706 2929 3719 .

2470 3780 2633 3852 350
2668 3776 2899 3835 CAPUT
2935 3777 3029 3833 XI.

2017 3886 2170 3943 Nunc
2197 3886 2379 3958 itaque
2408 3884 2757 3955 blasphemiis
2780 3882 2917 3954 ejus,
2966 3882 3197 3940 Domino
3219 3883 3532 3954 adiuvante,

1946 3979 2271 4050 respondeo.
2304 3978 2421 4034 Non
2454 3985 2567 4033 tota
2597 3976 2831 4032 Trinitas
2853 3991 3073 4032 carnem
3101 3977 3408 4047 assumpsit,
3438 3991 3544 4033 nec

1947 4080 2059 4126 tota
2091 4070 2325 4125 Trinitas
2348 4060 2666 4141 passionum
2719 4068 2942 4138 injurias
2970 4068 3169 4133 sensit,
3204 4083 3379 4137 neque
3426 4075 3543 4123 tota

1947 4166 2183 4220 Trinitas
2213 4165 2267 4219 in
2315 4164 2564 4235 sepulcro
2604 4162 2793 4232 jacuit,
2827 4176 3002 4232 neque
3037 4170 3153 4216 tota
3186 4160 3424 4215 Trinitas
3452 4160 3540 4215 in—

1946 4259 2156 4314 fernum
2184 4260 2510 4329 penetravit,
2556 4272 2733 4327 neque
2761 4265 2875 4312 tota
2924 4256 3161 4311 Trinitas
3204 4256 3364 4312 tertia
3391 4254 3478 4309 die
3506 4270 3539 4309 a

1946 4350 2174 4405 mortuis
2201 4350 2518 4416 resurrexit,
2550 4358 2607 4404 et
2632 4349 2677 4405 si
2705 4363 2809 4418 qua
2858 4355 2984 4403 sunt
3030 4348 3133 4401 alia
3162 4363 3282 4416 qua:
3314 4346 3538 4403 convin-

1946 4449 2140 4496 cantur
2168 4441 2221 4495 in
2247 4450 2588 4497 sacramento
2616 4442 2709 4496 illo
2749 4441 3134 4496 incarnationis
3163 4441 3231 4493 ad
3258 4440 3423 4494 solius
3449 4438 3540 4493 Fi-

1946 4532 2002 4587 lii
2032 4532 2306 4600 pertinere
2334 4548 2640 4603 personam.
2671 4532 2798 4587 Htec
2826 4534 2968 4587 enim
2998 4547 3119 4601 quae
3140 4531 3417 4587 catholicae
3435 4546 3535 4585 vc-

241 4613 480 4669 ell'ectus
492 4614 692 4684 operis,
722 4613 871 4668 ﬁrma
911 4620 1194 4684 permanet
1232 4613 1286 4667 in
1334 4614 1636 4669 aeternitate
1664 4615 1846 4685 dispo-
1873 4632 1927 4691 D
1949 4621 2096 4676 ritati
2127 4620 2465 4678 Fastidiosus
2491 4623 2651 4692 plena
2698 4623 2945 4678 falsitatis
2965 4632 3021 4678 et
3047 4621 3414 4693 perversitatis
3441 4621 3541 4676 ob-

240 4706 380 4760 sitio
432 4705 713 4761 creatoris.
757 4704 848 4761 Sic
893 4718 1024 4774 ergo
1071 4706 1167 4761 Dei
1212 4705 1379 4761 Filius
1424 4723 1547 4761 cum
1576 4723 1675 4762 suo
1704 4716 1848 4764 esset

239 4810 421 4867 opere
466 4796 749 4862 creandas,
782 4810 843 4851 se
887 4796 1026 4851 dixit
1051 4805 1312 4863 creatum,
1336 4797 1473 4852 sicut
1524 4795 1847 4868 cruciﬁgen-

238 4890 351 4943 dus
380 4902 488 4942 non
509 4901 569 4942 se
596 4885 859 4942 dubitavit
885 4886 1065 4942 dicere
1093 4886 1427 4943 cruciﬁxum.

870 5044 1099 5103 CAPUT
1136 5046 1227 5103 IX.

318 5161 516 5218 Adhuc
538 5169 717 5218 autem
763 5163 927 5220 corde
962 5176 1220 5233 perverso
1265 5171 1427 5233 atque
1462 5180 1557 5222 ore
1585 5168 1849 5238 sacrilego

237 5254 592 5312 Fastidiosus
613 5256 887 5313 insaniens
914 5272 984 5313 ex
1008 5258 1112 5313 hoc
1131 5256 1304 5312 voluit
1323 5272 1565 5314 asserere
1592 5258 1785 5315 Filium
1815 5276 1847 5315 a

240 5349 422 5404 Patre
443 5357 499 5403 et
518 5347 723 5419 Spiritu
745 5357 934 5406 sancto
961 5357 1291 5420 separatum,
1341 5362 1468 5417 quia
1508 5350 1682 5405 solum
1717 5366 1849 5406 con-

247 5445 381 5494 stat
409 5438 702 5494 thalamum
731 5439 871 5495 uteri
900 5438 1177 5508 virginalis
1206 5440 1528 5511 ingressum.
1557 5438 1633 5495 De
1662 5456 1770 5510 quo
1795 5442 1849 5498 in

237 5530 400 5586 libro
427 5527 762 5586 Psalmorum
811 5530 1046 5587 dicitur:
1082 5530 1150 5585 Et
1178 5533 1288 5601 ipse
1334 5542 1581 5605 tanquam
1626 5550 1847 5606 sponsus

160 5618 169 5623 ’
233 5620 537 5693 procedens
575 5622 640 5676 de
686 5623 916 5678 thalamo
961 5640 1056 5679 suo
1099 5623 1271 5695 (Psal.
1323 5641 1470 5696 xvm,
1501 5625 1579 5696 6).
1609 5626 1845 5699 Cupiens

236 5709 453 5766 deinde
500 5711 869 5782 perversitatis
896 5727 1007 5768 sua:
1038 5713 1255 5771 llrmare
1298 5716 1644 5787 sententiam,
1676 5721 1841 5775 etiam

320 5892 345 5914 °
368 5887 623 5960 Egistolae
651 5892 767 5947 ista:
794 5909 901 5950 non
934 5901 1170 5949 exstant.

1943 4709 2094 4779 jecit,
2128 4725 2235 4766 non
2257 4711 2358 4766 nisi
2398 4711 2735 4778 Sabellianis,
2762 4713 2812 4767 id
2843 4721 2925 4767 est
2957 4710 3368 4783 Patripassianis
3407 4725 3536 4780 pos-

1950 4809 2079 4855 sunt
2123 4802 2394 4858 veraciter
2422 4802 2606 4871 objici,
2638 4803 2692 4857 in
2722 4804 2917 4872 quibus
2943 4818 3131 4859 revera
3179 4802 3255 4856 illi
3295 4801 3541 4857 conclusi

1950 4901 2113 4962 atque
2141 4892 2374 4948 convicti
2402 4893 2680 4960 deficiunt,
2710 4895 2800 4964 qui
2831 4902 3030 4950 sancta:
3076 4893 3375 4955 Trinitatis,
3397 4893 3539 4948 sicut

1950 5000 2112 5038 unam
2141 4992 2409 5051 naturam,
2439 4985 2518 5041 sic
2538 5001 2699 5041 unam
2753 5000 3041 5058 personam
3072 4983 3361 5055 pnedicare
3399 4999 3534 5039 con-

1952 5076 2199 5131 tendunt.
2233 5075 2333 5132 Ubi
2356 5092 2453 5133 eos
2498 5092 2595 5132 sua
2639 5076 2966 5148 perversitas
3014 5085 3411 5146 consequenter
3466 5074 3535 5130 τιό

1949 5167 2090 5224 hanc
2116 5168 2500 5225 absurditatem
2528 5169 2850 5241 prmcipitat,
2873 5180 2930 5225 ut
2953 5169 3288 5224 nativitatem
3312 5166 3526 5239 quidem

1952 5258 2190 5316 divinam
2211 5262 2517 5317 nullatenus
2530 5261 2784 5328 credant;
2813 5270 3059 5316 naturam
3085 5276 3213 5316 vero
3242 5260 3535 5316 secundum

1950 5368 2191 5421 carnem,
2215 5353 2560 5410 nihilominus
2574 5355 2880 5424 passionem
2904 5370 2968 5410 ac
2988 5363 3240 5420 mortem,
3268 5367 3537 5408 resurrec-

1952 5445 2151 5501 tionem
2197 5461 2414 5517 quoque
2443 5446 2511 5502 ab
2540 5446 2744 5515 inferis,
2769 5456 2824 5503 et
2846 5448 3215 5503 ascensionem
3242 5463 3292 5500 Ill
3317 5444 3531 5508 etclam,

1954 5549 2012 5595 et
2038 5541 2216 5596 omnia
2245 5542 2334 5597 illa
2386 5558 2505 5614 qua:
2557 5544 2610 5599 in
2663 5553 3005 5601 sacramento
3056 5543 3442 5599 incarnationis
3467 5542 3537 5597 ad

1954 5647 2241 5702 personam
2273 5634 2432 5693 unius
2462 5636 2578 5692 Filii
2631 5638 2922 5709 pertinent,
2957 5634 3102 5691 Patri
3138 5623 3539 5705 consequenter

1952 5726 2242 5795 assignent.
2266 5711 2685 5786 Catliolicavero
2706 5728 2945 5785 Ecclesia
2973 5728 3229 5785 divinitus
3255 5725 3534 5797 inspirata,
3594 5770 3595 5773 η
