4066 6346
466 381 574 437 619

1502 370 1556 429 S.
1599 369 1961 429 FULGENTII
2002 365 2308 427 EPISCOPI
2340 369 2713 428 llUSPENSlS

3640 340 3759 430 Μ,

454 506 649 554 tenens
701 495 826 551 ﬁdei
868 494 1175 560 verit'atem,
1204 491 1344 547 sicut
1396 490 1549 545 novit
1586 504 1750 544 unam
1797 497 2042 544 naturam
2075 489 2124 549 Α
2150 485 2446 541 divinitatis
2477 485 2533 540 in
2574 500 2639 541 se
2681 484 2897 541 divitias
2946 500 3054 542 non
3086 486 3327 542 haberet.
3380 485 3597 559 Pauper
3615 458 3757 558 ergo-

456 595 658 643 sanctaz
686 586 966 642 Trinitatis
986 596 1249 646 asserere,
1279 581 1356 636 ita
1376 581 1688 636 cautissime
1724 594 1820 635 sua
1860 580 2048 635 tribuit

454 678 747 745 unicuique
775 689 1038 745 personae.
1073 671 1239 728 Filius
1276 684 1405 739 ergo
1435 670 1529 724 Dei
1561 685 1661 724 nos
1684 669 2048 725 misericordi-

448 770 544 825 ter
570 768 964 837 redempturus,
990 765 1041 823 in
1066 779 1132 818 eo
1155 771 1305 819 recte
1343 762 1582 818 creditur
1605 762 1754 817 solus
1798 776 2045 830 assump-

456 862 611 924 sisse,
639 859 764 930 quia
811 860 1101 912 humanam
1149 863 1396 909 naturam
1448 870 1554 909 non
1589 854 1663 908 ita
1688 853 1947 923 suscepit,
1989 860 2052 906 ut

456 968 565 1008 una
594 953 646 1006 in
673 965 741 1004 eo
770 948 925 1004 ﬁeret
968 956 1159 1002 natura
1206 946 1506 1001 divinitatis
1534 955 1591 1000 et
1615 946 1813 1001 carnis.
1860 945 2049 1013 Neque

458 1043 600 1097 enim
649 1042 704 1095 in
733 1039 950 1095 Christo
977 1040 1082 1094 hoc
1116 1039 1292 1094 deitas
1338 1038 1513 1108 potuit
1552 1052 1694 1103 esse,
1723 1036 1868 1105 quod
1895 1051 2045 1099 caro,

456 1135 583 1205 quia
626 1141 858 1201 utraque
907 1139 1097 1187 natura
1143 1131 1413 1185 retinente
1461 1130 1851 1200 proprietatem
1874 1143 2046 1191 suam,

457 1223 575 1282 ﬁeri
603 1241 710 1280 non
740 1226 916 1295 potuit
968 1232 1029 1279 ut
1070 1224 1325 1293 quaslibet
1353 1240 1539 1278 earum
1584 1231 1677 1277 aut
1698 1237 1818 1278 esse
1838 1222 2050 1276 desine-

370 1356 383 1363 -
458 1323 562 1379 ret,
595 1325 689 1370 aut
739 1315 792 1370 in
841 1315 1068 1370 alteram
1122 1314 1431 1370 onmimoda
1490 1330 1711 1384 prorsus
1757 1312 2051 1367 abolitione

458 1409 732 1463 transiret.
759 1407 914 1474 Quod
942 1409 988 1462 si
1014 1408 1186 1472 ﬁeret,
1211 1407 1370 1476 digne
1413 1407 1686 1462 diceretur
1710 1421 1739 1458 a
1782 1411 1896 1459 tota
1926 1402 2050 1457 Tri-

463 1499 631 1554 nitate
659 1514 879 1554 carnem
909 1505 1239 1566 susceptam,
1267 1495 1485 1567 quando
1524 1510 1743 1551 carnem
1771 1508 1923 1548 suam
1961 1492 2051 1546 Fi-

459 1592 566 1647 lius
593 1592 648 1646 in
677 1591 823 1646 illam
867 1598 1213 1646 converteret
1256 1589 1628 1654 divinitatem,
1658 1601 1820 1657 quam
1849 1585 1899 1639 ei
1928 1599 2051 1657 cum

457 1680 619 1736 Patre
664 1690 722 1737 et
768 1680 974 1751 Spiritu
1022 1688 1211 1735 sancto
1260 1679 1577 1750 proﬁtemur
1630 1691 1850 1732 manere
1898 1689 2075 1732 com--

461 1786 706 1827 munem.

1070 1901 1302 1956 CAPUT
1340 1901 1456 1955 XII.

535 2018 689 2076 Nunc
714 2033 867 2083 vero,
897 2017 1021 2086 quia
1050 2016 1101 2070 in
1124 2014 1338 2070 Christo
1363 2015 1586 2067 alteram
1616 2012 1870 2076 divinam,
1903 2018 1958 2065 et
1984 2008 2055 2064 al-

464 2118 636 2164 teram
683 2109 972 2163 humanam
1004 2106 1231 2160 dicimus
1272 2121 1392 2159 esse
1440 2114 1686 2159 naturam
1715 2111 2052 2174 :‘propterea

468 2200 654 2268 utique
683 2198 973 2252 humanam
997 2205 1264 2260 naturam,
1285 2195 1336 2249 id
1361 2204 1443 2250 est
1470 2211 1687 2250 carnem
1716 2196 2059 2251 rationalem-

462 2306 569 2362 que
615 2290 873 2355 animam,
907 2304 1017 2344 non
1044 2304 1073 2341 a
1100 2296 1213 2342 tota
1244 2286 1529 2353 Trinitate,
1560 2287 1655 2342 sed
1682 2303 1713 2341 a
1753 2287 1870 2342 solo
1916 2286 2055 2342 Filio

460 2382 729 2438 credimus
793 2379 1222 2449 conﬁtemurque
1291 2386 1621 2448 susceptam.
1671 2376 1729 2431 In
1791 2377 2079 2432 unitatem.

464 2474 667 2544 quippe
712 2476 990 2542 personaz,‘
1011 2486 1118 2524 non
1151 2470 1202 2523 in
1236 2469 1497 2523 unitatem
1524 2477 1731 2523 natura:
1762 2469 1904 2523 Deus
1925 2466 2058 2521 Uni-

461 2548 678 2633 genitus
725 2576 943 2618 carnem
1003 2560 1243 2631 suscepit
1272 2568 1328 2613 et
1379 2559 1614 2613 animam
1655 2558 1828 2628 :quia
1872 2556 2057 2626 utique

461 2668 699 2727 persona
729 2651 848 2707 Filii
874 2667 981 2706 non
1026 2659 1109 2705 est
1133 2651 1319 2705 eadem
1349 2665 1468 2720 qua:
1498 2649 1672 2703 Patris
1701 2658 1784 2704 est
1811 2657 1903 2702 aut
1931 2646 2046 2718 Spi-

463 2746 602 2803 ritus
623 2746 819 2799 sancti.
852 2740 1042 2797 Unitas
1070 2755 1197 2809 ergo
1228 2756 1493 2811 personae,
1520 2749 1769 2794 manente
1796 2738 2058 2793 duntaxat

463 2838 743 2907 utriusque
764 2835 1099 2906 proprietate
1114 2834 1441 2891 substantim.
1463 2833 1602 2886 sicut
1626 2832 1676 2885 in
1698 2831 1913 2886 Christo
1927 2846 2056 2902 per-

461 2945 657 2985 sonam
682 2944 789 2983 non
836 2926 965 2983 fecit
1009 2925 1302 2995 duplicem,
1332 2926 1410 2979 sic
1437 2925 1683 2978 humanae
1713 2932 1916 2978 natura:
1937 2938 2060 2978 sus—

465 3021 776 3091 ceptionem
819 3033 928 3073 non
980 3016 1107 3071 iecit
1152 3023 1350 3070 saneta:
1399 3014 1645 3068 Trinitati
1695 3028 2053 3069 communem.

464 3093 603 3168 Filio
645 3112 788 3166 enim
816 3109 914 3164 Dei
957 3123 1066 3162 non
1090 3107 1229 3162 sicut
1254 3115 1337 3161 est
1364 3120 1469 3160 una
1501 3105 1909 3173 communisque
1933 3119 2056 3159 cum

466 3199 626 3257 Patre
647 3208 703 3255 et
720 3196 923 3270 Spiritu
947 3207 1135 3253 sancto
1160 3204 1371 3265 natura,
1403 3196 1483 3251 Sic
1514 3203 1569 3250 et
1598 3209 1703 3249 una
1735 3194 2058 3250 communis-

465 3310 572 3366 que
592 3307 844 3366 persona.

960 3405 1065 3477 35
1077 3408 1118 3476 ι
1162 3401 1390 3458 CAPUT
1428 3401 1561 3457 xm.

504 3517 825 3588 .Proprium
854 3526 939 3574 est
967 3518 1148 3587 itaque
1176 3516 1345 3571 solius
1375 3515 1495 3569 Filii
1528 3513 1778 3569 servilem
1829 3512 2057 3569 formam

466 3609 890 3666 misericorditer
937 3608 1243 3680 accepisse.
1283 3606 1364 3661 Ad
1403 3621 1694 3675 personam
1720 3605 1920 3674 quippe
1962 3603 2057 3658 Dei
2088 3680 2091 3687 Ι

468 3704 631 3761 Verbi
651 3704 744 3776 (al.
773 3703 921 3775 vera)
952 3702 1193 3773 acceptio
1223 3701 1313 3755 illa
1342 3699 1555 3754 servilis
1576 3699 1759 3753 formae
1781 3696 2059 3767 pertinuit,

467 3811 589 3865 qua:
630 3811 738 3850 non
787 3796 840 3849 in
868 3795 1103 3850 divinam
1147 3800 1397 3847 naturam
1446 3788 1762 3846 confusione
1794 3790 2057 3843 transivit.

467 3886 596 3941 Ideo
624 3886 766 3939 illius
795 3882 980 3940 formae
1012 3882 1224 3938 servilis
1253 3881 1527 3951 acceptio,
1574 3878 1871 3934 secundum
1899 3893 2061 3946 quam

469 3976 567 4030 Dei
616 3974 811 4042 Filius,
869 3976 960 4044 qui
1003 3982 1086 4028 est
1137 3974 1379 4028 omnium
1429 3987 1611 4025 rerum
1662 3970 1952 4037 Dominus,
2009 3980 2066 4024 et

470 4072 526 4120 in
566 4078 673 4133 quo
713 4064 977 4118 inhabitat
1015 4063 1190 4117 omnis
1222 4061 1504 4132 plenitudo
1544 4061 1860 4127 divinitatis,
1906 4078 2066 4118 verus

470 4165 529 4212 et
556 4156 747 4225 plenus
770 4153 941 4209 factus
962 4163 1044 4209 est
1066 4154 1248 4219 homo,
1268 4153 1400 4207 nihil
1427 4154 1475 4207 ei
1500 4153 1692 4207 divina:
1718 4154 2067 4223 plenitudinis

473 4246 714 4312 abstulit,
748 4246 878 4301 nihil
906 4246 1291 4302 dominationis
1319 4245 1521 4300 ademit
1552 4264 1565 4300 :
1591 4247 1714 4316 quia
1739 4247 1789 4299 in
1818 4246 1932 4315 ipsa
1960 4262 2068 4299 una

472 4341 709 4410 persona
735 4337 852 4392 sine
878 4334 1194 4393 confusione
1243 4336 1444 4391 mansit
1496 4336 1676 4390 divina
1729 4336 2068 4405 humanaque

473 4436 691 4485 natura.
721 4425 861 4483 Hinc
889 4436 971 4483 est
999 4427 1147 4498 quod
1178 4428 1231 4483 in
1271 4443 1382 4483 uno
1407 4426 1708 4496 eodemque
1749 4427 1983 4493 Christo,
2016 4435 2071 4481 et

473 4520 723 4578 humana:
752 4531 961 4577 naturae
989 4521 1190 4577 veritas
1219 4522 1430 4587 claruit,
1458 4530 1513 4576 et
1539 4521 1733 4575 divina:
1756 4531 1959 4577 natura:
1984 4522 2069 4577 in—

2151 575 2324 634 factus
2349 587 2433 633 est
2459 579 2756 634 secundum
2786 578 3014 636 formam
3043 582 3205 645 servi,
3239 580 3404 637 dives
3441 585 3745 653 permansit

2149 669 2447 723 secundum
2477 669 2702 723 formam
2732 670 2845 725 Dei.
2878 670 3177 741 Paupertas
3206 672 3389 742 itaque
3419 672 3605 728 forma:
3631 689 3747 730 ser-

2150 758 2270 813 vilis
2330 774 2437 812 non
2479 766 2564 814 est
2590 759 2664 814 illi
2694 775 2816 815 cum
2866 760 3027 816 Patre
3067 770 3122 817 et
3147 762 3348 833 Spiritu
3374 772 3565 820 sancto
3592 781 3750 820 com-

2150 851 2367 917 munis;
2418 850 2540 920 quia
2566 859 2704 922 'post
2749 860 2958 907 natura:
3006 853 3255 908 humana:
3284 864 3658 925 paupertatem
3688 858 3746 911 in

2151 943 2359 996 unitate
2410 957 2656 1012 personae
2698 951 3030 1013 susceptam,
3071 945 3224 1009 dives
3254 947 3308 1001 in
3355 962 3423 1002 eo
3451 950 3752 1018 permansit

2150 1034 2329 1088 divina
2374 1035 2694 1091 substantia.
2728 1036 2858 1103 Qua:
2894 1036 2992 1091 fuit
3039 1046 3222 1093 autem
3274 1038 3457 1095 divitis
3504 1039 3623 1095 Filii
3653 1039 3751 1096 Dei

2152 1135 2470 1198 paupertas,
2500 1128 2601 1183 nisi
2652 1136 2837 1183 nostra
2869 1129 3156 1193 inﬁrmitas
3174 1142 3479 1202 _n05traque
3506 1133 3753 1188 mortali-

2153 1220 2276 1273 tas?
2298 1217 2566 1289 Quidquid
2598 1227 2777 1274 autem
2808 1220 2861 1274 in
2904 1220 3217 1277 inlirmitate
3264 1235 3328 1277 ac
3353 1232 3530 1277 morte
3558 1239 3754 1279 secun-

2150 1310 2276 1364 dum
2306 1325 2524 1366 carnem
2557 1312 2698 1366 Deus
2732 1309 3045 1389 Upigenitus
3076 1312 3321 1384 pertulit,
3343 1313 3597 1371 divinitas
3638 1332 3749 1371 non

2152 1401 2340 1455 sensit.
2364 1399 2507 1455 Misit
2536 1402 2678 1455 enim
2706 1400 2849 1457 Deus
2879 1402 3074 1457 Filium
3104 1403 3159 1458 in
3189 1404 3597 1461 similitudinem
3625 1422 3753 1462 car-

2155 1490 2238 1545 nis
2284 1492 2491 1561 peccati
2524 1491 2701 1561 (Rom.
2742 1508 2853 1559 vm,
2885 1492 2975 1563 5),
3008 1494 3060 1548 in
3109 1508 3219 1563 quo
3273 1494 3375 1550 fuit
3416 1512 3546 1552 vera
3596 1513 3751 1565 caro,

2152 1580 2251 1636 sed
2272 1581 2413 1635 nulla
2441 1582 2538 1636 fuit
2559 1583 2766 1652 peccati
2796 1583 3044 1652 pollutio.
3083 1583 3392 1639 Similitudo
3419 1599 3550 1655 ergo
3571 1589 3755 1643 carnis

2155 1672 2366 1743 peccati
2396 1672 2484 1727 illa
2515 1673 2616 1728 fuit
2658 1674 2710 1727 in
2741 1688 2905 1729 carne
2934 1674 3156 1739 Christi,
3189 1690 3311 1731 cum
3338 1676 3428 1732 illa
3459 1692 3567 1731 non
3608 1686 3753 1733 esset

2154 1780 2285 1820 caro
2331 1767 2558 1834 peccati,
2612 1766 2757 1835 quod
2804 1766 2901 1821 fuit
2948 1765 3180 1833 inﬁrma,
3208 1768 3355 1837 quod
3383 1768 3655 1839 passibilis
3696 1779 3755 1824 et

2082 1865 2129 1925 Β
2159 1855 2419 1920 mortalis,
2464 1856 2606 1926 quod
2637 1857 2845 1912 vulneri
2899 1859 3115 1913 subdita
3165 1859 3447 1930 dolorique
3484 1860 3751 1931 subjecta.

2155 1938 2539 1999 Verumtamen
2588 1945 2704 2001 haec
2759 1948 2939 2001 omnia
2992 1964 3102 2003 non
3152 1949 3598 2016 substantialiter,
3656 1951 3756 2008 sed

2155 2034 2513 2101 personaliter
2541 2034 2808 2090 divinitati
2841 2036 3040 2092 Christi
3065 2037 3492 2108 humanitatique
3509 2054 3756 2094 commu-

2157 2124 2266 2178 nia.
2294 2123 2532 2180 Persona
2554 2140 2685 2181 vero
2707 2125 2905 2181 Christi
2928 2142 2958 2180 a
2986 2142 3220 2197 persona
3243 2127 3416 2183 Patris
3437 2137 3493 2183 et
3518 2118 3757 2199 spiritus

2156 2214 2327 2269 sancti
2355 2215 2577 2270 omnino
2607 2216 2951 2271 discernitur.
2984 2217 3115 2284 Qua:
3142 2234 3246 2272 una
3274 2235 3508 2289 persona
3553 2220 3754 2275 divini-

2156 2306 2281 2361 tatis
2309 2314 2473 2375 atque
2501 2307 2851 2363 humanitatis
2879 2309 2932 2363 in
2973 2309 3190 2365 Christo
3236 2311 3314 2366 sic
3359 2320 3668 2383 permanet,
3696 2322 3761 2367 ut

2157 2410 2260 2450 nec
2281 2395 2507 2450 alteram
2536 2405 2785 2451 naturam
2833 2399 3077 2469 separari
3106 2399 3175 2453 ab
3220 2399 3390 2454 altera
3441 2401 3608 2471 sinat,
3650 2416 3758 2457 nec

2158 2488 2722 2558 confundi'utramque
2743 2492 3039 2560 permittat.
3071 2492 3318 2548 Christus
3346 2493 3524 2563 igitur,
3547 2495 3641 2564 qui
3669 2505 3761 2552 est

2157 2579 2266 2647 via,
2294 2579 2495 2635 veritas
2551 2589 2608 2635 et
2659 2596 2785 2636 vera
2826 2583 2959 2646 vita,
2985 2583 3069 2637 via
3098 2583 3254 2638 nobis
3283 2593 3384 2651 est,
3416 2586 3540 2654 quia
3567 2603 3757 2642 veram

2159 2671 2528 2728 inﬁrmitatem
2575 2674 2627 2728 in
2655 2675 2887 2731 veritate
2915 2676 3095 2730 carnis
3122 2675 3348 2744 habuit;
3392 2684 3446 2732 et
3473 2693 3599 2732 vera
3640 2679 3757 2734 vita

2158 2763 2315 2818 nobis
2361 2772 2461 2830 est,
2494 2764 2621 2833 quia
2669 2781 2798 2820 vera
2829 2766 2998 2822 virtus
3048 2767 3101 2821 in
3148 2767 3265 2836 ejus
3293 2782 3421 2824 vera
3472 2768 3759 2826 divinitate

2158 2857 2474 2927 permansit.
2507 2856 2623 2913 Hoc
2652 2858 2943 2928 Apostolus
2971 2859 3286 2916 discernens
3324 2861 3420 2927 ait,
3464 2859 3607 2915 Nam
3657 2871 3759 2917 ctu

2159 2946 2440 3015 cruciﬁxus
2465 2956 2541 3000 est
2588 2964 2653 3002 ex
2689 2950 3015 3020 inﬁmitate,
3048 2951 3141 3005 sed
3183 2952 3304 3005 vivit
3349 2969 3414 3006 ex
3442 2954 3626 3006 virtute
3654 2950 3760 3007 Det

2160 3035 2250 3105 (ll
2280 3034 2401 3091 Cor.
2432 3053 2547 3104 xm,
2575 3036 2667 3110 4).

2657 3149 2820 3221 352
2843 3145 3070 3205 CAPUT
3108 3150 3247 3206 xw.

2084 3242 2129 3304 ρ
2200 3237 2207 3241 ’
2230 3237 2287 3292 In
2316 3254 2424 3294 uno
2446 3253 2576 3308 ergo
2597 3239 2897 3312 eodemque
2927 3242 3168 3308 Christo,
3195 3244 3335 3300 sicut
3362 3244 3613 3300 humanze
3636 3261 3763 3302 car-

2160 3332 2242 3388 nis
2263 3330 2549 3388 iaﬁrmitas
2588 3348 2697 3389 non
2725 3334 2827 3390 sibi
2858 3336 3034 3405 potuit
3056 3336 3220 3391 vitam
3244 3337 3331 3392 vel
3353 3336 3508 3406 dare,
3527 3336 3619 3393 vel
3636 3338 3764 3395 red-

2159 3410 2317 3488 dere,
2351 3424 2475 3493 quia
2507 3431 2748 3493 potestas
2778 3424 2866 3479 illa
2895 3425 3133 3495 ponendi
3163 3426 3396 3480 animam
3421 3435 3477 3481 et
3504 3422 3763 3484 sumendi

2159 3531 2268 3570 non
2294 3516 2387 3569 'uit
2415 3531 2483 3571 ex
2509 3515 2819 3572 inﬁrmitate
2840 3517 3096 3587 humana,
3118 3519 3210 3573 sed
3231 3535 3297 3574 ex
3322 3519 3518 3574 virtute
3540 3520 3751 3589 divina;

2162 3608 2234 3662 ita
2263 3604 2458 3662 divinae
2496 3607 2712 3664 virtutis
2739 3600 3039 3678 :eternitas,
3071 3611 3157 3666 cui
3189 3612 3462 3681 proprium
3493 3612 3758 3666 naturali-

2104 3755 2111 3761 ,
2163 3708 2246 3752 ter
2275 3706 2359 3752 est
2389 3698 2903 3755 incommutabiliter
2930 3709 3094 3769 atque
3142 3700 3515 3757 indeﬁeienter
3550 3702 3765 3770 vivere,

2119 3848 2122 3852 λ
2165 3789 2295 3844 nihil
2326 3790 2652 3846 inlirmitatis
2682 3798 2776 3845 aut
2824 3792 3014 3846 mortis
3040 3793 3219 3861 potuit
3246 3793 3300 3847 in
3341 3793 3797 3870 cruee’sentire..

2166 3880 2483 3950 Unigenitus
2533 3882 2715 3952 itaque
2764 3883 2859 3937 Dei
2901 3883 3069 3940 Filius
3099 3885 3150 3939 in
3182 3901 3248 3941 eo
3275 3900 3344 3940 ex
3389 3884 3547 3940 Patre
3600 3894 3768 3942 natus

2092 4046 2097 4051 ἠ
2167 3972 2308 4028 Dens
2335 3990 2515 4035 verus,
2546 3982 2601 4029 et
2630 3974 2697 4029 d3
2726 3984 2899 4030 matre
2931 3974 3105 4031 factus
3149 3977 3314 4033 homo
3342 3993 3505 4033 verus
3556 3991 3771 4048 cogno-

2167 4064 2357 4129 scitur,
2406 4063 2532 4135 quia
2575 4071 2631 4119 et
2661 4063 2857 4119 indicia
2895 4065 3223 4121 inlirmitatis
3253 4067 3305 4121 iu
3335 4067 3563 4122 veritate
3585 4068 3773 4123 carnis

2169 4155 2426 4219 o‘stendit,
2458 4163 2512 4209 et
2540 4154 2863 4209 documenta
2888 4156 3102 4211 virtutis
3124 4157 3176 4211 in
3208 4155 3506 4212 divinitatis
3529 4157 3769 4231 veritate

2169 4245 2523 4312 monstravit;
2568 4245 2859 4301 ostendens
2907 4246 3115 4302 scilicet
3146 4248 3200 4301 in
3247 4248 3455 4303 unitate
3512 4262 3769 4318 personae

2170 4335 2312 4389 aliud
2343 4334 2443 4390 sibi
2475 4336 2779 4403 nobiscum,
2810 4335 2957 4390 aliud
2983 4352 3106 4391 cum
3135 4337 3292 4392 Patre
3323 4345 3376 4391 et
3406 4338 3606 4407 Spiritu
3638 4353 3772 4393 san-

2171 4440 2260 4482 cto
2292 4427 2610 4482 naturaliter
2638 4443 2759 4483 esse
2802 4444 3109 4487 commune.
3141 4428 3358 4485 Christo
3405 4431 3548 4485 enim
3579 4431 3774 4488 nobis-

2173 4535 2294 4573 cum
2347 4519 2606 4573 naturalis
2640 4504 2723 4573 est
2751 4521 3060 4575 communio
3091 4522 3283 4575 animae
3315 4529 3370 4576 et
3397 4521 3608 4587 carnis;
3644 4538 3778 4579 cum

476 4614 931 4670 commutabilitas
958 4622 1163 4668 aeterna
1212 4615 1526 4684 permansit.
1569 4613 1755 4683 Neque
1803 4614 1948 4668 enim
1989 4614 2076 4669 vel
2103 4606 2152 4665 Ι)
2181 4608 2339 4663 Patre
2359 4617 2540 4662 autem
2571 4607 2883 4679 Spirituque
2911 4620 3101 4667 sancto
3133 4613 3392 4668 naturalis
3424 4623 3509 4667 est
3533 4613 3585 4668 ei
3616 4628 3775 4668 com-

478 4705 819 4761 imminutum
874 4716 957 4760 est
1009 4705 1064 4760 in
1113 4704 1206 4760 illo
1255 4705 1619 4776 aliquatenus,
1648 4706 1734 4760 vel
1780 4713 2066 4770 mutatum,

478 4800 623 4869 quod
652 4800 973 4855 naturaliter
994 4799 1185 4855 habuit
1213 4799 1263 4853 in
1286 4800 1609 4865 arternitate,
1658 4814 1753 4869 per
1777 4798 1903 4853 illud
1928 4797 2071 4868 quod

478 4893 684 4963 accepit
713 4908 781 4947 ex
806 4900 1070 4963 tempore.
1102 4891 1295 4948 Factus
1323 4904 1406 4947 est
1430 4893 1629 4963 quippe
1656 4893 1840 4947 habitu
1865 4908 2072 4959 servus,

478 4984 572 5039 sed
604 4984 860 5039 Dominus
887 5000 1065 5039 rerum
1099 4985 1341 5040 omnium
1363 4974 1684 5039 naturaliter
1702 5000 1825 5039 esse
1852 5000 1959 5039 non
1990 4984 2079 5040 de-

476 5074 635 5131 stitit.
667 5072 735 5128 Et
762 5074 935 5130 factus
960 5083 1042 5131 est
1067 5075 1362 5131 secundum
1385 5091 1598 5130 carnem
1617 5090 1819 5145 pauper
1839 5094 1850 5128 :
1874 5075 2072 5131 nihilo-

473 5165 659 5221 minus
687 5173 865 5222 tamen
891 5167 1187 5222 secundum
1216 5167 1554 5222 divinitatem
1584 5166 1880 5221 ditissimus
1915 5182 2069 5221 man-

472 5258 564 5312 sit.
636 5256 773 5313 liinc
812 5265 899 5313 est
946 5256 1093 5326 quod
1146 5258 1338 5313 beatus
1381 5255 1672 5327 Apostolus
1729 5255 2070 5312 Christianos

412 5370 419 5376 ’
476 5349 674 5403 asserit
705 5355 1023 5418 paupertate
1049 5348 1268 5416 ditatos,
1298 5348 1483 5404 dicens
1514 5367 1526 5401 :
1556 5346 1741 5403 Nostis
1762 5349 1933 5421 gratia
1960 5348 2072 5403 Do-

474 5443 604 5496 mini
634 5441 797 5494 nostri
819 5439 943 5495 Jesu
973 5439 1167 5494 Christi
1190 5480 1205 5502 ,
1239 5441 1359 5510 quia
1389 5450 1599 5511 prapter
1625 5458 1719 5495 nos
1743 5457 1932 5512 egenus
1961 5443 2074 5513 {ac-

477 5540 559 5585 tus
583 5538 660 5584 est
688 5545 801 5582 cum
829 5537 963 5583 esset
990 5529 1153 5593 dives,
1182 5538 1238 5583 ut
1270 5530 1411 5584 illius
1452 5540 1751 5601 paupertate
1778 5548 1868 5586 vos
1897 5531 2077 5586 divites

477 5620 661 5674 essetis
693 5617 779 5689 (il
827 5617 950 5674 Cor.
988 5636 1101 5682 vni,
1130 5620 1219 5690 9).
1256 5619 1365 5674 Nos
1393 5629 1572 5675 autem
1599 5621 1795 5676 divites
1823 5635 1916 5676 sua
1947 5635 2081 5691 pau-

478 5715 694 5779 pertate
721 5709 1024 5765 nullatenus
1055 5710 1280 5781 faceret,
1309 5711 1353 5769 si
1383 5727 1592 5786 pauper
1618 5711 1790 5770 factus
1820 5712 2081 5769 naturalis

560 5901 586 5929 ⁸
609 5890 771 5946 Forte
792 5908 891 5947 non
917 5890 1102 5951 potuit.

2174 4701 2358 4756 munio
2386 4699 2622 4755 deitatis.
2650 4700 2931 4767 Quomodo
2954 4703 3112 4772 igitur
3132 4719 3252 4774 qua:
3271 4706 3449 4759 carnis
3469 4712 3614 4770 sunt,
3644 4721 3780 4761 cum

2179 4790 2341 4847 Pa're
2372 4800 2425 4847 et
2453 4791 2656 4862 Spiritu
2684 4801 2873 4849 sancto
2903 4796 3207 4850 communia
3239 4796 3331 4851 Dei
3360 4795 3528 4852 Filius
3568 4797 3780 4869 habere

2179 4889 2357 4957 potuit
2378 4896 2423 4952 ³,
2448 4887 2537 4955 qui
2561 4876 2778 4942 carnem
2800 4902 2953 4942 suam
2985 4889 3291 4944 nullatenus
3310 4903 3434 4943 eum
3455 4904 3551 4944 sua
3577 4889 3782 4944 divini-

2179 4988 2291 5034 tate
2312 4979 2589 5034 confundit
2606 4998 2618 5033 :
2635 4980 2710 5034 ita
2726 4995 2833 5035 non
2850 4980 3160 5050 pnrjudicat
3174 4980 3455 5036 catholicae
3468 4979 3610 5046 ﬁdei,
3625 4981 3780 5049 quod

2182 5072 2449 5128 credimus
2471 5080 2709 5126 nostram
2732 5081 2975 5127 naturam
3001 5073 3054 5127 in
3075 5073 3282 5128 unitate
3303 5087 3548 5142 persona:
3563 5073 3633 5128 ab
3651 5074 3782 5127 uni-

2179 5165 2362 5235 genito
2377 5163 2661 5220 Salvatore
2678 5175 3005 5237 susceptam,
3020 5181 3141 5222 cum
3158 5165 3597 5221 fateamurunam
3612 5180 3781 5233 sauc-

2182 5264 2248 5310 L12
2278 5254 2554 5311 Trinitatis
2584 5272 2804 5313 manere
2844 5257 3219 5313 substantiam.
3253 5255 3404 5312 illam
3437 5258 3638 5328 quippe
3665 5257 3778 5314 hu-

2181 5348 2495 5405 manitatem
2521 5348 2638 5403 Filii
2669 5357 2781 5404 tota
2808 5347 3042 5403 Trinitas
3069 5348 3216 5412 fecit,
3235 5349 3329 5403 sed
3359 5365 3466 5404 non
3496 5348 3633 5404 sicut
3657 5356 3779 5404 tota

2178 5439 2413 5495 Trinitas
2459 5440 2604 5506 fecit,
2637 5441 2715 5496 sic
2737 5439 2972 5496 Trinitas
3017 5448 3131 5495 tota
3158 5442 3438 5511 suscepit,
3490 5441 3616 5511 quia
3644 5455 3783 5509 per-

2178 5545 2333 5598 sona,
2365 5545 2487 5601 qua:
2515 5547 2623 5586 non
2657 5539 2739 5589 est
2760 5526 2896 5586 Filio
2922 5547 3048 5586 cum
3086 5530 3248 5594 Patre
3268 5541 3323 5610 et
3348 5533 3554 5603 Spiritu
3580 5538 3783 5610 sancto

2179 5622 2502 5689 communis,
2533 5622 2647 5693 ipsa
2671 5622 2723 5677 in
2752 5620 2970 5677 Christo
2997 5638 3100 5677 una
3141 5631 3224 5678 est
3243 5623 3544 5678 divinitatis
3568 5630 3626 5677 et
3645 5609 3784 5678 car-

2183 5712 2286 5770 nis.
2323 5710 2424 5770 Ubi
2445 5721 2628 5769 autem
2657 5713 2770 5770 sive
2808 5728 3184 5785 personarum,
3213 5714 3325 5772 sive
3346 5715 3785 5773 substantiarum
