4066 6346
258 405 353 460 521

1102 400 1380 458 CONTRA
1418 400 1797 459 SERMONEM
1835 401 2214 460 FASTIDIOSI
2254 402 2454 462 LIBER
2494 403 2625 461 UNlI
2641 404 2696 461 S.

3441 411 3547 469 532

259 517 528 574 invenitur
546 516 655 572 ulla
668 515 947 583 discretio,
969 532 1077 573 non
1093 533 1307 590 semper
1329 517 1399 573 ad
1414 518 1848 575 communionem
1880 521 1926 581 Α
1956 524 2125 571 centes
2157 534 2173 571 :
2207 518 2331 584 Quis
2359 526 2434 573 est
2463 519 2565 585 hic,
2607 522 2694 591 qui
2722 521 2947 593 loquitur
2987 521 3399 594 blasphemiam?
3421 510 3549 592 Quis

258 609 591 681 acceptionis
618 608 851 665 refertur
877 608 1140 681 quidquid
1178 610 1232 665 in
1262 611 1645 667 communione
1673 612 1855 680 operis

260 704 553 760 invenitur.
579 701 735 770 Quod
772 704 901 775 quia
953 704 1243 760 obscurum
1291 704 1523 769 videtur,
1577 705 1705 760 dum
1735 703 1857 759 solo

262 797 536 870 profertur
564 797 800 868 eloquio,
845 798 1036 854 melius
1060 807 1144 854 est
1172 807 1233 854 ut
1261 798 1596 868 intelligendi
1625 797 1858 852 facilitas

260 899 410 963 apto,
440 900 701 961 quantum
730 907 817 947 res
844 892 1132 962 permittit,
1159 893 1467 964 pratbeatur
1489 891 1760 963 exemplo.

862 1047 1091 1104 CAPUT
1130 1047 1241 1104 XV.

333 1161 431 1217 Est
457 1159 678 1230 quidem
730 1160 1027 1216 similitudo
1076 1150 1147 1215 ad
1196 1160 1561 1230 cognitionem
1611 1159 1857 1214 fidelibus

259 1260 532 1325 prompta,
559 1266 723 1323 quam
752 1251 805 1306 in
850 1266 946 1305 sua
972 1251 1115 1307 Deus
1159 1250 1506 1306 similitudine
1545 1250 1855 1306 collocavit.

258 1344 444 1412 Imago
467 1350 649 1397 autem
690 1344 791 1398 ista
838 1359 991 1398 mens
1030 1343 1268 1398 humana
1317 1354 1419 1398 est.
1453 1342 1673 1413 Legitur
1712 1344 1859 1399 enim

258 1436 462 1491 dixisse
488 1434 773 1494 Dominum
809 1454 822 1489 :
858 1435 1140 1491 Faciamus
1171 1436 1432 1491 hominem
1460 1437 1530 1492 ad
1576 1438 1859 1509 imaginem

258 1535 307 1581 et
340 1526 732 1581 similitudinem
760 1535 992 1582 nostram
1023 1525 1041 1598 (
1066 1526 1255 1582 Cenes.
1287 1543 1323 1592 ι,
1348 1526 1418 1580 26
1437 1529 1477 1597 ).
1513 1526 1571 1582 In
1598 1544 1706 1597 quo
1737 1543 1857 1584 ser-

261 1633 426 1673 mone
463 1619 696 1673 multum
752 1617 969 1673 dolendi
1021 1626 1149 1673 sunt
1190 1618 1430 1674 haeretici
1482 1617 1708 1679 Ariani.
1763 1618 1860 1689 qui

261 1712 573 1783 Seripturas
597 1721 814 1768 sanctas
853 1712 1068 1782 legunt,
1101 1728 1203 1768 nec
1230 1712 1563 1781 intelligunt;
1595 1721 1651 1768 et
1677 1714 1859 1769 cordis

261 1805 507 1861 accitate
533 1804 765 1871 confusi,
783 1806 1045 1860 unitatem
1078 1799 1376 1860 naturalem
1400 1806 1451 1860 in
1473 1814 1658 1862 sancta
1689 1805 1861 1861 Trini-

1959 619 2124 680 potest
2166 611 2421 666 dimittere
2445 622 2675 683 peccata,
2708 615 2811 669 nisi
2838 612 2980 670 solus
3010 616 3187 671 Deus?
3220 618 3287 673 Ut
3316 626 3551 692 cognorit

1959 713 2133 767 autem
2160 703 2312 758 Jcsns
2359 707 2698 775 cogitationes
2745 724 2941 773 eorum,
2983 711 3298 781 respondens
3327 716 3461 770 dixit
3485 719 3555 771 ad

1957 793 2108 848 illos:
2134 792 2274 858 Quid
2297 796 2535 866 cogitatis
2551 797 2688 852 ntala
2712 799 2764 852 in
2788 799 3027 855 cordibus
3043 803 3221 857 vestris
3246 804 3432 874 (Ibid.,
3460 807 3555 877 ΕΙ,

1957 883 2090 956 29.)?
2135 885 2288 952 Quod
2339 895 2519 943 autem
2568 888 2744 945 Lucas
2794 891 2949 957 dixit,
2996 892 3271 963 (imperant
3325 901 3555 970 cogitare

1959 979 2140 1033 scribw
2172 987 2221 1033 et
2270 979 2530 1035 Pharisa'i
2559 982 2820 1048 dicentes;
2863 984 2968 1040 hoc
3018 985 3304 1044 Matthmus
3342 991 3440 1058 ait,
3485 991 3553 1047 Et

1959 1085 2073 1122 ecce
2097 1071 2307 1141 quidam
2336 1072 2402 1126 de
2420 1074 2605 1127 scribis
2635 1074 2872 1130 dicebant
2901 1077 3040 1131 intra
3066 1095 3121 1133 se
3146 1094 3167 1134 :
3196 1079 3552 1152 Blaspltentat.

1960 1157 2032 1212 Et
2068 1178 2184 1215 cum
2228 1161 2435 1217 vidisset
2479 1164 2633 1219 Jesns
2662 1168 2998 1237 cogitationes
3020 1185 3226 1237 eorum,
3256 1172 3431 1227 dixit:
3485 1173 3554 1230 Ut

1960 1253 2082 1323 quid
2121 1255 2358 1325 cogitatis
2396 1260 2538 1310 mata
2579 1259 2631 1311 in
2655 1244 2895 1314 cordibus
2934 1264 3113 1317 vestris
3144 1263 3358 1334 (Matth.
3392 1282 3468 1332 Ix,
3497 1268 3552 1335 '5,

1962 1343 2070 1415 Ii)?
2128 1344 2187 1400 In
2244 1346 2383 1401 libro
2440 1363 2659 1419 quoque
2715 1350 3004 1421 Sapientia:
3068 1353 3261 1409 dicitur
3321 1356 3391 1412 de
3441 1358 3553 1428 qui-

1960 1435 2185 1491 husdam
2213 1455 2224 1489 :
2263 1438 2518 1494 Dixerunt
2540 1442 2678 1497 intra
2701 1459 2756 1497 se
2786 1446 3073 1516 cogitantes
3100 1464 3205 1502 non
3228 1459 3363 1504 recte
3393 1451 3551 1523 (Sap.

1961 1542 2020 1592 ιι,
2048 1526 2122 1598 l).
2154 1526 2494 1584 Manifestum
2527 1541 2610 1587 est
2649 1548 2781 1604 ergo
2817 1535 2920 1590 hoc
2945 1551 3065 1591 esse
3105 1538 3374 1606 cogitare,
3407 1542 3552 1613 quod

1961 1626 2046 1672 est
2093 1618 2229 1672 intra
2261 1634 2320 1674 sc
2362 1620 2561 1678 dicere.
2601 1624 2677 1679 lbi
2727 1639 2858 1694 ergo
2907 1626 3243 1684 invisibiliter
3261 1630 3552 1700 cogitatur.

1961 1708 2088 1766 Sine
2110 1712 2337 1781 strepilu
2383 1728 2513 1783 ergo
2537 1718 2684 1772 vocis
2706 1734 2985 1789 corporeae
3016 1721 3381 1792 unusquisque
3406 1724 3553 1795 quod

1960 1800 2166 1869 cogitat
2209 1801 2358 1867 dicit,
2404 1806 2549 1874 quod
2579 1814 2760 1864 tamen
2789 1809 2858 1865 ad
2897 1811 3121 1867 alterius
3149 1812 3390 1870 auditum
3442 1831 3553 1875 non

263 1894 376 1949 tate
403 1910 514 1950 non
541 1902 861 1964 agnoscunt,
893 1895 945 1950 in
970 1909 1077 1965 qua
1107 1909 1367 1965 personas
1394 1893 1590 1961 Patris,
1623 1903 1680 1950 et
1707 1894 1849 1955 Filii.
1889 1905 1934 1964 Β
1961 1894 2062 1949 nisi
2090 1910 2352 1966 corporea
2383 1900 2656 1959 locutione
2685 1904 2949 1975 perducit.

262 1993 317 2042 et
346 1986 584 2059 Spiritus
605 1989 798 2055 sancti,
832 1990 1215 2061 praedicatione
1244 1989 1580 2046 discernunt.
1597 1987 1732 2045 Cum
1762 1988 1861 2045 uti.

263 2096 370 2152 que
418 2080 472 2135 in
515 2096 583 2137 eo
631 2081 965 2147 testimonio,
998 2082 1142 2152 quod
1197 2098 1360 2154 supra
1409 2083 1708 2153 posuimus,
1742 2082 1859 2155 ipsa

263 2174 520 2240 Trinitas,
548 2188 667 2244 qum
692 2183 774 2229 est
803 2174 942 2229 Deus
970 2189 1128 2240 unus,
1162 2189 1340 2242 verus,
1365 2182 1421 2230 et
1446 2175 1640 2238 bonus,
1665 2182 1721 2230 et
1742 2174 1860 2230 uni-

264 2274 435 2321 tatem
457 2280 567 2322 sutc
595 2264 889 2321 divinitatis
918 2266 1191 2333 ostendat,
1222 2274 1278 2323 et
1303 2267 1466 2322 trium
1498 2281 1862 2338 personarum

263 2357 544 2414 evidenter
566 2358 903 2414 demonstret
923 2357 1199 2414 indicium.
1220 2358 1365 2414 Dixit
1385 2359 1554 2426 enim,
1577 2358 1859 2415 Faciamus

264 2450 523 2506 hominem
553 2449 623 2504 ad
650 2450 929 2522 imaginem
976 2459 1027 2504 et
1067 2450 1459 2506 similitudinem
1489 2460 1744 2517 nostram,
1789 2465 1862 2506 ne

264 2544 314 2599 in
349 2543 524 2598 tribus
551 2542 801 2613 personis
830 2542 1009 2597 unitas
1039 2541 1356 2598 substantim
1393 2551 1714 2612 negaretur;
1756 2556 1861 2597 nec

264 2634 397 2690 dixit
417 2652 431 2687 :
452 2631 669 2689 Faciam
690 2633 965 2690 hominem
983 2630 1052 2687 ad
1072 2632 1363 2703 imaginem
1378 2639 1433 2687 et
1449 2630 1861 2686 similitudinem

264 2741 462 2791 meam,
499 2740 568 2781 ne
598 2724 650 2779 in
682 2724 772 2779 illa
801 2724 981 2780 divina
1008 2732 1201 2780 natura
1230 2739 1338 2779 una
1368 2731 1576 2778 tantum
1604 2718 1857 2779 credere-

264 2825 351 2873 tur
377 2831 503 2873 esse
531 2831 796 2887 persona;
841 2815 938 2871 sed
966 2814 1223 2884 singulari
1246 2815 1406 2886 353
1434 2828 1659 2869 numero
1673 2814 1859 2884 plura-

264 2912 367 2967 lem
397 2909 691 2965 salubriter
718 2907 955 2974 miscuit,
985 2917 1041 2963 et
1069 2924 1192 2964 cum
1228 2908 1401 2963 Deum
1429 2907 1720 2970 dicentem,
1748 2904 1857 2960 Fa-

264 3004 465 3058 ciamus
504 3004 773 3057 hominem
790 3002 860 3056 ad
906 3002 1186 3074 imaginem
1213 3010 1263 3056 et
1305 3000 1699 3054 similitudinem
1735 3015 1863 3055 nos-

265 3104 401 3148 tram
424 3093 675 3161 legimus,
708 3092 810 3148 hoc
838 3092 982 3162 quod
1003 3092 1345 3161 singulariter
1368 3090 1595 3147 dicimus
1614 3105 1735 3147 esse
1761 3105 1862 3146 na-

264 3193 418 3240 turae.
455 3183 739 3254 pluraliter
772 3182 825 3237 in
849 3182 1097 3254 personis
1125 3197 1245 3238 esse
1272 3180 1575 3237 definimus.
1610 3180 1737 3237 Haec
1758 3181 1862 3236 ita-

265 3294 370 3349 que
399 3277 599 3347 imago,
626 3276 676 3332 id
706 3284 790 3331 est
812 3276 1036 3332 interior
1062 3277 1245 3342 homo,
1276 3276 1377 3331 tria
1406 3274 1651 3345 quredam
1673 3290 1859 3331 secum
1888 3283 1935 3349 α

263 3369 474 3424 habere
500 3366 820 3422 naturaliter
862 3366 1154 3434 invenitur,
1183 3365 1523 3431 memoriam,
1557 3365 1863 3435 intelligen-

263 3458 420 3524 tiam,
456 3465 512 3512 et
555 3456 910 3513 voluntatem.
937 3457 1200 3512 Memoria
1245 3455 1407 3526 igitur
1427 3464 1510 3512 est
1546 3457 1628 3511 vis
1667 3456 1864 3512 animae

262 3563 369 3619 qua
428 3549 847 3605 reminiscimur.
878 3548 1241 3619 lntelligentia
1280 3557 1382 3615 est,
1443 3564 1549 3620 qua
1598 3548 1688 3604 illa
1744 3560 1866 3619 qute

264 3641 533 3696 memoria
561 3641 909 3713 concepimus
929 3640 1260 3712 cogitatione
1280 3655 1578 3696 versamus.
1602 3638 1865 3695 Voluntas

263 3742 384 3803 est,
448 3749 557 3804 qua
611 3734 698 3791 vel
762 3734 1067 3805 appetimus
1123 3733 1351 3804 aliquid,
1413 3732 1497 3789 vel
1548 3732 1784 3788 vitamus
1847 3748 1860 3785 :

262 3825 369 3882 hoc
398 3834 506 3894 est,
519 3840 625 3897 qua
651 3827 953 3883 invenimur
968 3826 1055 3883 vel
1072 3826 1296 3897 diligere
1318 3826 1641 3896 aliquid,vel
1661 3825 1862 3882 odisse.

263 3914 395 3973 “me
425 3918 614 3987 itaque
658 3918 780 3982 tria,
811 3918 939 3975 licet
964 3918 1216 3989 proprias
1242 3931 1505 3989 personas
1545 3917 1601 3972 in
1645 3917 1868 3973 homine

261 4023 375 4065 non
400 4009 664 4077 habeant,
695 4009 1023 4067 discretione
1050 4017 1232 4065 tamen
1277 4010 1344 4064 ab
1375 4008 1603 4064 invicem
1633 4008 1863 4075 distant;

262 4106 320 4155 et
338 4099 427 4157 sic
455 4099 512 4155 in
535 4099 707 4156 tribus
726 4100 842 4156 istis
868 4109 952 4156 est
980 4099 1138 4156 unius
1157 4099 1394 4154 hominis
1421 4114 1528 4155 una
1556 4113 1789 4169 persona
1811 4107 1871 4155 et

261 4191 524 4247 humana:
552 4191 749 4248 mentis
776 4207 882 4249 una
910 4191 1228 4257 substantia,
1254 4198 1314 4246 ut
1341 4198 1525 4246 tamen
1554 4190 1607 4245 in
1630 4191 1747 4261 ipsa
1772 4206 1870 4246 na-

262 4291 388 4340 tura
422 4285 711 4341 rationalis
733 4285 944 4354 animae,
972 4285 1026 4341 in
1054 4299 1161 4356 qua
1200 4283 1300 4341 Dei
1327 4292 1544 4341 constat
1570 4299 1692 4341 esse
1728 4285 1871 4340 ima-

261 4376 477 4447 ginem,
508 4376 668 4431 aliam
700 4377 1036 4432 inveniamus
1075 4376 1428 4442 memoriam,
1457 4376 1622 4433 aliam
1670 4375 1872 4431 intelli-

262 4468 541 4537 gentiam,
564 4475 621 4522 et
647 4465 808 4522 aliam
831 4467 1182 4524 nihilominus
1199 4468 1555 4524 voluntatem.
1584 4467 1720 4524 Nam
1742 4467 1872 4524 licet

262 4557 400 4614 nihil
430 4558 698 4627 cogitare,
725 4559 810 4614 vel
832 4558 1074 4628 diligere,
1096 4558 1182 4614 vel
1210 4558 1391 4615 odisse
1416 4560 1706 4630 possimus,
1726 4557 1871 4628 quod

267 4650 322 4707 in
350 4650 628 4723 memoria
649 4667 756 4707 non
785 4652 1108 4718 habeamus,
1140 4652 1267 4721 quia
1294 4651 1439 4722 quod
1468 4650 1669 4708 oblivio
1689 4650 1872 4707 abstu-

260 4740 393 4800 lerit
421 4742 498 4799 de
527 4743 713 4810 corde,
745 4758 854 4800 non
899 4744 972 4800 ibi
1000 4751 1182 4816 potest
1222 4744 1480 4813 cogitatio
1502 4754 1597 4799 aut
1624 4743 1875 4800 voluntas

258 4834 623 4907 aliquatenus
650 4835 923 4901 invenire;
947 4844 1129 4891 tamen
1159 4834 1225 4890 ad
1255 4833 1653 4904 agnoscendam
1678 4833 1879 4891 discre-

258 4926 486 4983 tionem
515 4924 810 4991 memoriae,
835 4927 1201 4997 cogitationis,
1229 4933 1286 4982 et
1303 4925 1618 4991 voluntatis,
1644 4925 1878 4998 plerum-

260 5035 373 5091 que
424 5018 832 5076 reminiscimur
881 5019 1028 5090 quod
1075 5034 1178 5076 nec
1202 5034 1483 5076 versamus
1521 5018 1873 5087 cogitatione,

261 5127 367 5167 nec
395 5111 713 5183 appetimus
739 5112 1044 5178 voluntate;
1065 5111 1195 5167 item
1216 5110 1518 5182 cogitamus
1556 5112 1734 5182 aliqua
1755 5126 1876 5183 qua:

260 5220 376 5259 non
402 5202 703 5273 diligimus.
725 5200 997 5273 Cogitatio
1012 5204 1194 5275 itaque
1217 5212 1424 5271 nostra,
1446 5217 1567 5274 qua:
1585 5202 1641 5258 in
1669 5219 1877 5259 memo-

259 5297 345 5354 ria
372 5298 629 5354 nascitur
658 5305 713 5352 et
742 5294 1027 5364 formatur,
1053 5297 1214 5367 digne
1240 5295 1467 5352 verbum
1493 5295 1719 5352 interius
1744 5296 1880 5353 dici-

260 5400 375 5445 tur.
424 5388 573 5457 Quid
599 5390 745 5445 onim
791 5398 875 5446 est
919 5389 1198 5460 cogitatio,
1249 5387 1355 5443 nisi
1383 5388 1598 5445 interna
1635 5389 1880 5445 locutio?

258 5479 513 5553 Propter
552 5482 700 5553 quod
727 5482 989 5553 scriptum
1030 5490 1154 5538 est:
1190 5478 1319 5547 Qua:
1345 5481 1519 5536 dicitis
1547 5481 1602 5535 in
1639 5480 1882 5537 cordibus

258 5572 487 5636 uestris,
515 5582 564 5626 et
584 5574 639 5626 in
669 5570 920 5627 cubitibus
949 5573 1133 5626 vestris
1162 5573 1569 5645 compangimini
1600 5572 1769 5644 (Psal.
1804 5588 1878 5641 tv,

259 5664 343 5733 5).
381 5663 529 5737 Nam
553 5672 609 5718 et
636 5664 688 5718 in
710 5662 1025 5732 Evangelio,
1056 5678 1179 5717 cum
1206 5664 1467 5719 Dominus
1497 5663 1652 5720 Jesus
1678 5664 1752 5719 illi
1782 5678 1880 5733 pa-

256 5757 516 5830 ralytieo
541 5770 703 5826 quem
732 5754 966 5821 sanavit,
993 5753 1239 5821 dixisset,
1266 5753 1620 5809 Remitlzmtur
1647 5753 1736 5809 tibi
1764 5769 1883 5824 pec-

258 5861 389 5906 cata
426 5859 526 5903 tua
556 5846 708 5919 (Luc.
734 5863 789 5915 v,
820 5846 949 5916 20);
985 5845 1161 5901 Lucas
1210 5848 1539 5918 evangelista
1580 5845 1879 5920 subjunxit,
1902 5871 1931 5891 ο

259 5943 471 6003 dicens
508 5937 615 5994 :Et
638 5947 898 6006 cmperunt
928 5938 1155 6010 cogitare
1194 5940 1379 5996 scribta
1417 5953 1465 5996 et
1510 5940 1767 6002 Pliarisa’i
1797 5940 1881 5995 dio

730 6034 1005 6098 ΡΑτισι..
1042 6032 1232 6094 LXV.

2544 2014 2777 2071 CAPUT
2818 2016 2957 2073 XVI.

2034 2132 2167 2189 Illud
2199 2133 2381 2201 itaque
2410 2130 2636 2185 verbum
2685 2131 2832 2201 quod
2867 2146 2933 2188 ex
2957 2136 3217 2191 memoria
3241 2147 3423 2197 natum
3448 2115 3567 2204 est,"

1962 2223 2260 2278 secundum
2284 2222 2456 2277 solam
2486 2229 2755 2285 naturam,
2775 2238 2881 2293 qua
2907 2222 2977 2280 de
2998 2228 3258 2283 memoria
3285 2208 3555 2286 invenitur

1960 2318 2132 2386 nasci,
2179 2332 2287 2373 non
2323 2324 2520 2386 potest
2565 2316 2633 2369 ad
2662 2332 2822 2371 aures
2846 2318 3134 2386 cujuslibet
3170 2321 3404 2379 hominis
3435 2324 3556 2380 sine

1961 2424 2224 2480 corporea
2255 2423 2391 2464 voce
2435 2407 2683 2479 perduci.
2712 2407 2946 2464 Proinde
2975 2418 3031 2464 ut
3059 2411 3289 2481 proferri
3325 2414 3390 2468 ad
3421 2414 3558 2472 alios

1962 2502 2153 2577 possit,
2178 2501 2365 2556 habitu
2394 2515 2673 2571 corporea:
2693 2501 2848 2555 vocis
2876 2500 3133 2557 induitur.
3167 2503 3265 2559 Cui
3295 2506 3460 2561 verbo
3488 2521 3557 2563 ex

1963 2610 2060 2649 ore
2088 2611 2194 2650 vox
2239 2609 2504 2665 corporea
2534 2593 2838 2664 copulatur.
2873 2592 3049 2665 Atque
3098 2594 3169 2649 ita
3222 2595 3280 2649 lit
3328 2606 3387 2651 ut
3423 2597 3555 2653 illud

1960 2689 2207 2754 verbum,
2251 2687 2396 2760 quod
2429 2693 2602 2743 totum
2634 2687 2688 2741 in
2715 2695 2897 2742 mente
2926 2687 3240 2757 spiritaliter
3266 2688 3382 2755 fuit,
3406 2699 3461 2746 et
3488 2690 3556 2747 ad

1963 2780 2103 2835 alios
2149 2793 2249 2849 per
2295 2777 2637 2847 corporalem
2686 2792 2880 2833 vocem
2926 2777 3130 2845 veniat,
3183 2787 3241 2835 et
3281 2781 3350 2835 ab
3394 2781 3557 2854 356

1962 2869 2167 2935 animo,
2198 2868 2266 2924 de
2287 2883 2395 2937 quo
2425 2874 2481 2923 et
2521 2868 2575 2922 in
2604 2883 2714 2937 quo
2759 2868 3078 2937 spiritaliter
3111 2879 3421 2939 permanet,
3450 2885 3557 2927 non

1962 2959 2204 3016 recedat.
2242 2959 2438 3014 Totum
2467 2959 2613 3014 enim
2662 2973 2888 3014 necesse
2935 2968 3020 3014 est
3067 2968 3128 3015 ut
3161 2972 3476 3031 permaneat
3504 2965 3557 3019 in

1964 3058 2169 3116 mente,
2198 3050 2362 3105 etiam
2400 3048 2619 3118 quando
2648 3056 2823 3104 totum
2866 3048 3141 3120 profertur
3170 3052 3223 3106 in
3262 3067 3417 3109 voce.
3453 3053 3561 3112 Nec

1966 3151 2144 3198 tamen
2166 3157 2456 3214 possumus
2466 3143 2649 3198 dicere
2670 3142 2818 3197 illam
2841 3143 3198 3215 prolationem
3220 3145 3388 3202 solius
3410 3146 3559 3203 verbi

1966 3252 1997 3291 a
2026 3235 2290 3292 memoria
2319 3234 2459 3290 vela
2480 3234 2762 3291 voluntate
2781 3250 2890 3290 non
2924 3235 3058 3291 fieri.
3085 3234 3272 3292 Omnis
3300 3237 3443 3291 enim
3470 3238 3561 3309 qui

1968 3330 2229 3401 loquitur,
2259 3338 2316 3384 et
2342 3328 2592 3384 meminit
2610 3328 2819 3399 utique,
2844 3338 2900 3385 et
2922 3329 3126 3398 cogitat
3138 3329 3266 3400 quid
3290 3329 3561 3399 loquatur;

1970 3433 2025 3478 et
2062 3430 2354 3493 propterea
2399 3420 2657 3488 loquitur,
2697 3420 2823 3488 quia
2864 3419 3013 3474 illam
3068 3419 3398 3475 locutionem
3440 3435 3561 3477 cum

1969 3514 2232 3569 memoria
2258 3521 2317 3568 et
2352 3512 2687 3581 cogitatione
2729 3511 2983 3566 voluntas
3033 3511 3240 3581 pariter
3284 3521 3573 3582 operatur:

1970 3603 2102 3659 Nam
2138 3604 2193 3658 in
2220 3610 2428 3657 tantum
2458 3600 2715 3670 quidquid
2743 3601 2908 3655 homo
2937 3600 3177 3669 loquitur
3223 3601 3421 3667 sciens,
3453 3616 3563 3657 non

1972 3694 2157 3763 utique
2183 3690 2425 3762 loquitur
2443 3691 2545 3745 nisi
2567 3690 2777 3754 volens,
2808 3699 2868 3744 ut
2886 3690 3148 3761 quidquid
3174 3690 3338 3747 homo
3360 3691 3563 3747 invitus

1968 3785 2153 3841 dicere
2186 3781 2556 3854 compellitur,
2602 3796 2710 3836 non
2740 3781 2905 3847 dicat,
2949 3780 3189 3852 quandiu
3215 3782 3468 3839 voluntas
3495 3782 3563 3840 ad

1971 3874 2299 3947 loquendum
2328 3873 2637 3929 nullatenus
2658 3871 2962 3929 inclinatur.
2991 3871 3120 3929 Inde
3147 3880 3234 3929 est
3274 3874 3422 3944 quod
3451 3889 3564 3930 non

1970 3967 2145 4022 solum
2158 3964 2253 4032 illi,
2268 3964 2358 4035 qui
2370 3979 2516 4020 nunc
2531 3978 2712 4020 rerum
2725 3964 3122 4035 temporalium,
3135 3964 3562 4035 tribulationum,

1972 4058 2057 4112 vel
2086 4064 2475 4112 tormentorum
2508 4056 2704 4111 timore
2725 4054 2841 4110 sive
2860 4054 3051 4112 dolore
3078 4056 3398 4127 compressi,
3423 4058 3563 4114 veri-

1973 4157 2142 4206 tatem
2173 4148 2457 4205 catboliea:
2479 4146 2602 4204 ﬁdei
2623 4146 3013 4218 relinquentes,
3046 4147 3114 4203 ad
3142 4147 3473 4219 impietatem
3502 4164 3565 4207 ac

1972 4242 2253 4314 perfidiam
2281 4242 2630 4308 transierunt,
2654 4240 2855 4299 nullam
2886 4240 3295 4297 excusationem
3324 4241 3565 4299 invenire

1975 4343 2251 4407 poterunt,
2283 4343 2343 4390 ut
2369 4334 2551 4391 dicant
2576 4332 2725 4404 quod
2752 4332 2903 4388 inviti
2937 4333 3255 4402 negaverint
3288 4348 3477 4389 veram
3505 4333 3566 4388 ἢ·
3619 4381 3644 4391 -

1975 4426 2098 4483 dem
2116 4466 2131 4492 ,
2156 4441 2277 4483 cum
2296 4426 2405 4482 hoc
2422 4440 2518 4482 eos
2540 4423 2759 4496 propria
2775 4423 2966 4481 fecisse
2986 4433 3249 4496 appareat
3266 4425 3566 4484 voluntate.

1975 4516 2091 4574 Etsi
2115 4518 2260 4574 enim
2279 4517 2367 4573 vel
2385 4516 2757 4584 tribulatione,
2772 4516 2860 4571 vel
2884 4521 3155 4571 tormento
3171 4512 3240 4568 ad
3267 4514 3567 4583 negandam

1920 4643 1949 4679 λ
1978 4607 2139 4664 tidem
2163 4606 2458 4679 perductus
2484 4614 2569 4662 est
2596 4606 2826 4671 animus,
2853 4621 2960 4661 non
2990 4619 3110 4661 eam
3138 4611 3321 4660 tamen
3349 4606 3567 4673 negarit

1898 4667 2196 4756 l)invitus:
2231 4698 2302 4755 Ut
2330 4700 2474 4755 enim
2518 4698 2675 4754 tidem
2718 4667 2969 4768 negaret,
3009 4698 3161 4769 prius
3203 4667 3462 4767 cogitavit
3513 4704 3567 4755 et
3650 4759 3661 4770 ,

1977 4791 2170 4859 voluit,
2193 4797 2251 4846 et
2276 4791 2358 4847 sic
2382 4791 2529 4846 illam
2560 4791 2906 4861 negationem
2932 4790 3160 4861 protulit
3183 4807 3197 4843 :
3217 4780 3355 4860 'quia
3378 4791 3484 4847 hoc
3508 4798 3568 4847 ut

1981 4883 2156 4951 ﬁeret,
2179 4883 2438 4953 cogitatio
2459 4883 2618 4939 simul
2641 4898 2763 4938 cum
2786 4882 3066 4938 voluntate
3091 4881 3353 4939 decrevit.

2555 4995 2785 5052 CAPUT
2813 4994 2973 5052 XVII.

2057 5111 2128 5167 Ut
2174 5124 2303 5180 ergo
2342 5109 2411 5165 ad
2453 5109 2581 5165 illud
2610 5109 2755 5179 quod
2808 5110 3033 5177 agebam
3061 5108 3303 5178 redeam,
3360 5110 3415 5165 in
3458 5110 3570 5180 ipsa

1982 5206 2215 5276 imagine
2238 5203 2354 5269 Dei,
2380 5202 2486 5257 hoc
2511 5210 2594 5257 est
2619 5203 2674 5256 in
2697 5202 2810 5271 ipsa
2833 5209 3015 5257 mente
3034 5202 3287 5270 hominis,
3314 5203 3575 5272 cogitatio

1984 5311 2104 5369 qua:
2132 5310 2201 5351 ex
2231 5294 2489 5350 memoria
2537 5292 2776 5349 nascitur
2806 5300 2972 5363 atque
3019 5294 3311 5360 formatur,
3344 5303 3398 5350 et
3424 5304 3574 5352 recte

1984 5388 2209 5443 verbum
2237 5384 2452 5449 dicitur,
2483 5382 2653 5439 solam
2686 5398 3007 5455 corpoream
3033 5399 3223 5440 vocem
3265 5386 3481 5456 accipit,
3515 5395 3576 5443 ut

1986 5478 2158 5536 audiri
2179 5479 2457 5549 corporeis
2478 5477 2699 5533 auribus
2723 5479 2912 5549 possit.
2945 5476 3038 5534 Sic
3068 5491 3199 5547 ergo
3229 5479 3287 5534 in
3326 5479 3413 5534 illa
3444 5496 3575 5539 san:

1985 5580 2071 5629 cta
2094 5587 2158 5628 ac
2185 5571 2364 5626 divina
2388 5570 2689 5652 Trinitate,
2720 5571 2893 5626 solum
2925 5571 3102 5627 Patris
3140 5571 3396 5639 Verbum,
3429 5575 3574 5643 quod

1984 5671 2069 5719 est
2113 5662 2404 5734 Speculum
2441 5663 2559 5719 sine
2588 5664 2825 5730 macula,
2867 5673 2923 5719 et
2958 5662 3141 5733 Imago
3179 5664 3437 5722 bonitatis
3480 5666 3575 5721 Dei

1987 5755 2142 5826 (δαν.
2174 5771 2266 5818 vu,
2298 5754 2412 5826 26),
2458 5755 2716 5826 splendor
2761 5755 2969 5812 scilicet
2988 5764 3045 5811 et
3072 5755 3239 5825 figura
3264 5757 3574 5812 substantia:

1986 5849 2103 5919 ejus
2132 5848 2322 5919 (Hebr.
2356 5866 2394 5914 ι,
2424 5848 2513 5922 5),
2541 5866 2657 5904 cum
2701 5850 2757 5904 in
2788 5852 2957 5922 forma
2987 5848 3085 5904 Dei
3113 5858 3266 5912 esset,
3299 5866 3401 5905 non
3433 5849 3574 5918 rapi-

1989 5959 2107 5997 nam
2138 5940 2422 5997 arbitratus
2446 5952 2521 5996 est
2562 5962 2671 5999 esse
2700 5961 2755 5998 se
2783 5944 3031 6000 a'aualem
3054 5943 3193 6002 Deo:
3222 5940 3312 5995 sed
3330 5939 3572 6011 semetip-

3018 6042 3077 6097 Π
