4066 6346
485 384 595 455 515

1520 392 1979 485 S.'FULGENTII
2014 391 2322 454 EPISCOP!
2363 393 2737 452 RUSPENSIS

3665 409 3773 468 εει

482 528 595 568 sum
616 508 923 580 exinaniuit,
947 510 1171 585 fortnam
1196 510 1327 567 servi
1361 509 1620 583 accipiens
1651 509 1870 583 (Philip.
1892 526 1949 577 ιι,
1974 511 2008 565 ϐ
2033 512 2072 579 ).
2103 510 2158 571 Α
2183 509 2295 564 visa
2325 507 2412 563 vel
2435 516 2687 580 separata
2717 508 2996 570 Trinitatis
3016 527 3124 570 una
3147 515 3419 576 diV‘initas.
3450 517 3577 579 Ideo
3599 520 3651 577 in
3673 537 3770 581 so-

480 603 643 661 Solus
663 618 794 673 ergo
820 601 989 660 Filius
1014 603 1221 674 accepit
1240 618 1481 672 carnem,
1511 612 1573 658 ut
1599 605 1771 675 possit
1791 605 2072 675 corporeis

481 693 653 751 oculis
673 693 869 762 videri,
898 694 1145 749 manibus
1173 693 1531 761 contrectari;
1576 694 1727 750 solus
1777 694 2070 751 humanam

480 795 728 843 naturam
751 787 832 843 sic
858 786 1087 857 accepit,
1119 796 1178 842 ut
1226 804 1380 843 suam
1423 786 1647 852 faceret,
1679 796 1737 843 et
1775 803 1874 861 per
1922 789 2071 845 illam

479 879 1010 950 divinitatisquoque
1035 895 1147 935 sum
1174 881 1423 938 notitiam
1445 882 1871 940 misericorditer
1898 883 2073 940 infun-

478 972 649 1029 deret.
679 971 783 1040 Qui
808 980 990 1029 tamen
1019 973 1269 1030 revelans
1298 976 1554 1046 seipsum,
1590 977 1643 1032 in
1672 964 1854 1048 seipse
1882 980 2070 1049 utique

477 1063 735 1120 revelavit
752 1070 809 1119 et
828 1062 1066 1121 Patrem.
1092 1064 1355 1123 Tribuens
1379 1068 1579 1138 quippe
1599 1070 1929 1137 agnitionem
1956 1085 2070 1125 sum

476 1155 792 1222 divinitatis,
821 1157 980 1212 simul
1006 1158 1332 1226 agnitionem
1362 1159 1584 1214 donavit
1611 1167 1667 1215 et
1696 1159 1885 1216 Patris.
1925 1162 2069 1217 Divi-

476 1250 617 1305 nitas
636 1250 780 1306 enim
802 1265 922 1320 quae
949 1266 1055 1306 una
1084 1259 1165 1305 est
1192 1250 1367 1306 Patris
1392 1260 1447 1307 et
1474 1251 1615 1317 Filii,
1648 1253 1776 1309 facit
1796 1263 1851 1309 ct
1874 1252 2069 1311 Filium

473 1343 593 1401 sine
622 1339 801 1413 Patre,
824 1352 880 1399 et
906 1342 1119 1400 Patrem
1140 1344 1257 1399 sine
1280 1345 1417 1399 Filio
1438 1361 1545 1399 non
1571 1346 1810 1415 agnosci.
1835 1346 1966 1403 Inde
1986 1344 2070 1402 est

474 1436 620 1507 quod
648 1437 725 1491 ait
755 1454 770 1491 :
802 1437 969 1493 Tanto
991 1448 1216 1509 tempore
1234 1440 1492 1493 vobiscum
1511 1455 1647 1506 sum,
1676 1448 1724 1494 et
1749 1456 1853 1494 non
1874 1456 2069 1512 cogno-

448 1527 620 1583 uistis
658 1528 779 1582 me?
828 1527 1086 1599 Philippe,
1137 1530 1224 1599 qui
1270 1529 1406 1585 videt
1444 1546 1525 1583 me
1546 1572 1561 1595 ,
1593 1530 1728 1584 videt
1765 1541 1814 1585 et
1850 1530 2067 1587 Patrem

473 1617 655 1691 (Join.
689 1634 796 1681 xiv,
829 1618 926 1691 9).
957 1618 1047 1677 Sic
1087 1634 1217 1688 ergo
1245 1620 1432 1687 Filius,
1448 1623 1541 1691 qui
1562 1637 1779 1677 carnem
1801 1623 1948 1678 solus
1975 1639 2068 1681 ae-

475 1710 637 1781 cepit,
664 1711 715 1765 in
743 1712 921 1782 seipse
954 1711 1166 1767 Patrem
1190 1711 1313 1781 jure
1340 1713 1498 1767 unius
1522 1712 1817 1770 divinitatis
1843 1723 2068 1770 natura-

472 1800 599 1857 liter
645 1803 918 1868 ostendit;
976 1804 1115 1859 sicut
1164 1805 1577 1875 sermocinator,
1625 1805 1753 1861 dum
1783 1807 2067 1864 veritatem

2177 601 2282 656 lius
2327 599 2449 656 Filii
2494 616 2727 673 persona
2775 602 3088 661 humanitas
3139 608 3410 666 invenitur
3467 623 3769 686 assumpta.

2177 689 2407 763 Propter
2433 698 2686 747 naturam
2714 706 2845 764 ergo
2874 711 2981 751 una
3007 712 3225 769 semper
3252 707 3337 756 est
3365 711 3568 759 sanctse
3590 702 3781 771 Trini-Q

2176 783 2303 839 tatis
2330 782 2611 854 operatio;
2636 793 2863 856 propter
2900 802 3187 857 personas.
3208 800 3410 859 autem,
3439 794 3608 851 solius
3649 796 3774 853 Filii

2177 883 2263 932 est
2282 875 2517 931 humana
2539 877 2837 949 susceptio.
2868 877 3252 938 Verumtamen
3277 883 3406 939 dum
3457 886 3560 941 ista
3589 888 3658 943 ad
3686 889 3773 944 in-

2175 971 2532 1026 structionem
2561 969 2794 1027 ﬁdelium
2828 972 3182 1045 disputamus,
3224 977 3484 1036 debemus
3529 984 3774 1052 cogitem

2175 1061 2338 1117 etiam
2369 1062 2653 1118 haereticos
2683 1063 2869 1134 utique
2921 1066 3167 1123 carnales
3195 1077 3358 1139 atque
3403 1072 3683 1141 animales,
3713 1083 3771 1131 et

2175 1154 2247 1208 oh
2272 1154 2376 1209 hoc
2396 1170 2575 1209 rerum
2606 1156 2928 1226 spiritalium
2985 1148 3289 1231 incapaces,
3317 1162 3385 1218 de
3412 1164 3663 1236 qualibus
3689 1167 3752 1222 di

2174 1245 2249 1301 cit
2277 1246 2568 1317 Apostolus
2596 1264 2607 1299 :
2633 1248 2888 1303 Auimalis
2916 1257 3087 1305 autem
3109 1251 3260 1308 homo
3286 1266 3390 1309 nou
3412 1257 3630 1326 percipit
3658 1274 3770 1327 qua

2175 1346 2296 1391 sunt
2320 1338 2531 1408 spiritus
2563 1336 2682 1393 Dei.
2709 1339 2948 1395 Stultitia
2986 1343 3124 1398 enim
3155 1353 3232 1400 est
3258 1346 3355 1412 illi,
3383 1357 3563 1403 etnon
3605 1360 3750 1420 potes

2173 1428 2490 1500 intelligere,
2519 1431 2641 1502 quia
2665 1430 2972 1502 spiritaliter
2992 1438 3323 1492 examinatur
3347 1437 3403 1513 (Ι
3424 1439 3547 1497 Cor.
3570 1457 3629 1509 υ,
3656 1440 3769 1512 li).

2174 1517 2433 1575 Carnales
2479 1528 2709 1589 autem,
2747 1521 2859 1578 sive
2906 1524 3168 1582 animales
3205 1530 3442 1586 maxime
3486 1531 3773 1589 hasreticos

2175 1624 2296 1666 esse
2315 1611 2614 1681 apostolica
2642 1619 2877 1668 testatur
2903 1616 3218 1674 auctoritas.
3244 1617 3443 1676 Beatus
3462 1621 3609 1676 enim
3635 1620 3759 1679 Pau-

2171 1699 2258 1757 lus
2282 1701 2426 1756 inter
2452 1717 2619 1774 opera
2649 1704 2829 1760 carnis
2856 1713 2911 1772 et
2933 1704 3171 1763 hzereses
3197 1711 3372 1779 ponit.
3414 1710 3616 1768 Beatus
3641 1729 3756 1784 quo

2171 1806 2280 1864 que
2320 1792 2488 1876 ludas
2514 1794 2796 1864 apostolus
2826 1810 2924 1852 eos
2971 1797 3063 1867 qui
3109 1813 3169 1855 se
3214 1799 3283 1855 ab
3310 1799 3556 1857 Ecclesia
3581 1817 3772 1872 segre—

473 1902 634 1964 quam
664 1896 912 1951 meminit
937 1896 1193 1966 loquitur,
1217 1896 1366 1967 quod
1392 1912 1425 1952 a
1464 1913 1524 1953 se
1546 1898 1816 1969 prolatum
1842 1900 2065 1965 indicat,

2174 1894 2305 1955 gant
2350 1888 2614 1943 animales
2658 1889 2926 1959 appellat,
2957 1889 3284 1949 dicenszlii
3329 1899 3553 1966 suntqui
3598 1915 3758 1970 segre-

472 1986 579 2043 hoc
605 1987 751 2043 intus
780 1989 834 2043 in
863 1996 1048 2043 mente
1075 1989 1373 2058 repositum
1412 1996 1699 2045 monstrat.
1731 1988 1850 2045 Vox
1883 1998 2067 2046 autem

473 2080 565 2137 illa
593 2096 858 2151 corporea
899 2095 1007 2151 qua
1048 2080 1292 2150 spiritale
1328 2080 1552 2137 verbum
1594 2080 1864 2149 induitur,
1894 2090 1958 2137 ut
1998 2082 2068 2138 ad

472 2171 802 2228 audientium
827 2173 1075 2239 notitiam
1104 2170 1426 2242 proferatur,
1454 2173 1614 2229 simul
1636 2172 1696 2229 iit
1722 2189 1754 2229 a
1782 2175 2069 2243 memoria,

472 2274 528 2325 et
556 2279 585 2318 a
632 2265 984 2334 cogitatione,
1024 2273 1084 2320 et
1106 2281 1137 2320 a
1169 2266 1482 2333 voluntate;
1518 2265 1616 2325 sed
1642 2281 1675 2323 a
1710 2268 1827 2325 sola
1854 2269 2093 2339 cogita-.

470 2354 640 2434 tione,
674 2354 728 2410 id
759 2364 842 2410 est
869 2355 1132 2412 interiore
1152 2357 1444 2428 suscipitur
1470 2359 1663 2426 verbo,
1689 2359 1837 2416 utad
1863 2376 2066 2434 corpo-

467 2460 593 2503 reas
648 2448 1110 2507 circumstantium
1175 2466 1341 2513 aures
1389 2452 1665 2510 interioris
1721 2455 2070 2524 cogitationis

468 2539 731 2611 procedat
758 2541 1005 2610 augurio.
1048 2541 1186 2598 Illud
1212 2551 1397 2599 autem
1416 2543 1667 2611 verbum,
1696 2544 1837 2605 sicut
1877 2528 2075 2602 habitu.

470 2647 748 2701 corporea:
758 2632 907 2688 vocis
926 2642 1153 2704 accepto
1179 2641 1349 2690 totum
1375 2634 1445 2691 ad
1471 2635 1753 2692 audientes
1766 2635 2069 2706 egreditur,

469 2725 615 2783 sicin
642 2725 808 2782 corde
837 2735 1011 2783 totum
1038 2743 1161 2784 cum
1189 2730 1453 2785 memoria
1482 2740 1539 2786 et
1556 2731 1835 2787 voluntate
1853 2730 2069 2803 spirita-

469 2819 594 2879 liter
621 2822 910 2878 invenitur.
925 2822 1087 2894 355
1103 2822 1338 2881 Proinde
1351 2826 1596 2897 quisquis
1614 2827 1755 2885 hanc
1773 2828 2064 2899 imaginem

468 2909 525 2971 in
554 2920 740 2968 mente
767 2914 1002 2969 hominis
1032 2917 1397 2986 conspexerit,
1441 2916 1821 2975 btoreticorum
1846 2921 2063 2978 vanilo-

470 3006 594 3075 quia
625 3006 787 3061 citius
836 3007 1118 3073 irridebit;
1148 3009 1242 3080 qui
1282 3008 1577 3067 carnaliter
1614 3005 1684 3067 de
1727 3013 2063 3083 spiritalibus

470 3098 792 3163 sentientes,
824 3099 1021 3154 nolunt
1055 3099 1279 3155 credere
1323 3100 1381 3159 in
1435 3100 1530 3157 illa
1571 3112 1760 3160 sancta
1797 3102 2071 3162 Trinitate-

2173 1989 2301 2051 gant
2326 1981 2542 2051 seipsos,
2572 1983 2850 2050 animales,
2879 1985 3117 2055 spiritum
3169 2003 3271 2041 non
3313 1988 3559 2045 habentes
3591 1991 3769 2063 (Just,

2172 2071 2286 2145 i9).
2319 2072 2433 2129 Hoc
2462 2082 2547 2129 est
2593 2075 2779 2145 utique
2834 2075 2979 2146 quod
3035 2077 3253 2134 beatum
3310 2078 3534 2136 Paulum
3564 2083 3770 2143 dixisse

2172 2166 2589 2220 monstravimus
2619 2182 2634 2216 τ
2664 2167 2923 2222 Animalis
2968 2178 3139 2224 autem
3196 2170 3347 2227 homo
3394 2190 3499 2228 non
3545 2176 3767 2246 percipis

2171 2275 2286 2331 qua:
2305 2268 2427 2313 sunt
2446 2259 2662 2329 spiritus
2690 2257 2808 2314 Dei.
2839 2257 2956 2314 Non
2986 2261 3057 2315 sit
3078 2274 3209 2331 ergo
3233 2262 3427 2317 mirum
3455 2265 3582 2333 quia
3604 2265 3761 2320 intel-‘

2170 2349 2340 2418 ligere
2367 2348 2547 2404 divina
2571 2365 2680 2406 non
2701 2351 2886 2406 valent
2908 2353 3001 2423 qui
3025 2354 3272 2423 spiritum
3292 2353 3389 2408 Dei
3409 2370 3515 2410 non
3540 2355 3766 2413 habent.

2171 2442 2441 2512 Scriptum
2489 2450 2573 2497 est
2617 2459 2851 2515 namque
2901 2444 2955 2499 in
2983 2445 3123 2501 libro
3178 2445 3468 2518 Sapientixe
3500 2447 3765 2504 :Sensum

2172 2543 2343 2589 autem
2374 2544 2516 2590 tuum
2542 2537 2658 2607 quis
2705 2538 2850 2603 sciet,
2882 2537 2983 2592 nisi
3012 2546 3066 2592 tu
3095 2538 3299 2594 dederis
3347 2541 3686 2609 sapientiam,
3716 2556 3765 2598 et

2170 2625 2375 2679 miseris
2426 2624 2685 2696 Spiritum
2729 2635 2967 2681 sanctum
3011 2635 3156 2682 tuum
3189 2629 3254 2683 de
3282 2629 3547 2685 altissimis
3604 2630 3765 2704 (Sap.

2169 2733 2246 2782 li,
2274 2718 2407 2789 l7)?
2434 2717 2567 2775 Inde
2595 2727 2678 2775 est
2720 2719 2867 2790 quoii
2909 2719 3073 2776 etiam
3122 2730 3341 2778 sanctus
3380 2722 3675 2794 Apostolus
3699 2739 3767 2780 ea

2169 2823 2292 2879 quae
2321 2807 2418 2864 Dei
2445 2818 2589 2875 sunt,
2613 2825 2722 2865 non
2750 2811 2851 2867 nisi
2880 2826 2910 2866 a
2940 2811 3144 2883 Spiritu
3167 2821 3358 2869 saneto
3387 2816 3583 2879 asserit
3604 2831 3767 2872 reve—

2166 2901 2291 2970 l‘ari,
2341 2902 2564 2960 dicens:
2593 2893 2761 2959 Nobis
2798 2905 2936 2959 enim
2984 2906 3225 2960 revelarit
3282 2905 3420 2961 Deus
3460 2909 3623 2982 356
3673 2927 3768 2981 per

2168 2992 2428 3063 Spiritum
2478 3010 2628 3049 suum
2675 2993 2874 3068 (ICor.
2907 2995 3110 3066 11,10).
3162 2996 3228 3051 Et
3270 2999 3445 3068 'paulo
3494 3008 3617 3068 post
3645 3001 3763 3054 ait:

2168 3081 2286 3140 Nos
2314 3095 2486 3141 autem
2508 3103 2613 3141 non
2628 3088 2867 3169 spiritum
2887 3089 3066 3143 mundi
3080 3091 3387 3158 accepimus,
3412 3091 3503 3146 sed
3522 3094 3770 3163 spiritum

468 3192 672 3262 aliquid
700 3207 731 3246 a
760 3192 931 3248 uibus
951 3190 1171 3259 factum,
1200 3192 1351 3263 quod
1374 3193 1445 3251 ab
1468 3209 1574 3251 una
1596 3208 1831 3266 ρεηοηε
1850 3204 2060 3254 tamam
2111 3263 2135 3266 μ
2165 3180 2255 3250 qui
2276 3194 2343 3233 ea:
2362 3177 2474 3233 Deo
2494 3187 2669 3245 est,‘ut
2687 3182 2912 3235 sciamus
2933 3198 3047 3253 qua:
3066 3199 3100 3236 a
3120 3181 3232 3238 Deo
3260 3183 3457 3239 donata
3495 3192 3615 3239 sunt
3662 3202 3769 3241 no-

467 3282 634 3339 luerit
660 3281 841 3338 divina
879 3281 1236 3353 dispositione
1284 3263 1638 3355 susceptum}
1667 3301 1792 3344 cum
1839 3287 1932 3347 illa
1957 3287 2064 3345 hu-

2169 3267 2250 3322 lris
2270 3266 2460 3339 (Μήτι,
2486 3266 2597 3341 Η).
2627 3268 3015 3327 Verumtamen
3044 3271 3246 3355 bonum
3277 3282 3362 3330 est
3385 3282 3445 3331 ut
3469 3283 3525 3332 et
3558 3291 3684 3343 nos,
3712 3278 3769 3333 in

467 3388 631 3441 mana
651 3382 845 3431 natura
872 3374 1041 3430 totius
1058 3374 1275 3445 quidem
1302 3374 1585 3434 Trinitatis
1606 3392 1775 3449 opere
1800 3378 1875 3435 sit
1897 3379 2058 3449 facta,

468 3484 504 3525 a
532 3469 650 3525 solo
678 3477 864 3525 tamen
887 3465 1026 3524 Filio
1069 3452 1237 3525 fuerit
1276 3468 1334 3525 in
1379 3469 1640 3527 unitatem
1663 3485 1913 3541 personae
1936 3486 2061 3529 sus-

466 3567 649 3632 cepta.
688 3558 842 3615 Sicut
868 3559 1014 3617 enim
1040 3567 1250 3616 certum
1278 3569 1364 3616 est
1388 3561 1517 3631 quia
1547 3559 1614 3616 In
1640 3562 1903 3635 principio
1948 3571 2065 3619 eras

464 3649 721 3716 .Verbum,
750 3658 807 3705 et
852 3648 1077 3706 Verbum
1124 3659 1239 3707 erat
1264 3652 1406 3724 apud
1432 3651 1633 3722 Deum,
1666 3662 1721 3709 et
1765 3652 1907 3711 Deus
1948 3665 2069 3712 erat

463 3741 913 3817 .Verbumann.
944 3743 1111 3815 1,4);
1144 3744 1219 3801 ita
1266 3752 1476 3802 certum
1522 3754 1609 3804 est
1658 3748 1784 3818 quia
1839 3736 2073 3805 Verbum-

472 3852 599 3892 caro
630 3837 825 3907 factum
860 3843 965 3904 est,
1005 3844 1057 3891 et
1101 3835 1350 3892 habitavit
1402 3838 1459 3892 in
1504 3837 1657 3894 nobis
1705 3836 1904 3910 (lbid.,
1933 3837 2067 3911 14)..

470 3925 613 3995 Quid
641 3934 820 3981 autem
873 3926 1216 3997 accepimus?
1258 3926 1478 3984 Domini
1503 3928 1738 3986 Verbum
1790 3937 1845 3985 et
1889 3928 2074 3987 Dem

470 4020 612 4091 apud
632 4036 792 4091 quem
814 4028 933 4077 erat
959 4020 1216 4088 Verbum,
1238 4037 1346 4076 non
1377 4020 1595 4077 Patrem
1630 4030 1688 4078 et
1706 4021 1921 4079 Filium.

1047 4178 1277 4236 CAPUT
1301 4177 1484 4237 XVIII.

498 4338 501 4341 .
541 4290 768 4349 Nomine
796 4292 979 4363 itaque
1006 4292 1171 4349 Verbi
1197 4294 1500 4352 ostenditur
1526 4297 1755 4355 discreta
1775 4299 1952 4359 Patris
1971 4303 2061 4359 Fi-

469 4386 636 4459 liique
661 4401 924 4458 persona:
943 4388 1040 4444 sed
1058 4388 1185 4459 quia
1205 4388 1502 4458 Beuserat,
1516 4391 1741 4449 docetur
1760 4409 1866 4451 una
1886 4394 2069 4454 Patris

468 4479 704 4553 Filiique
729 4479 1051 4537 substantia.
1072 4481 1199 4538 Non
1222 4497 1355 4553 ergo
1382 4482 1578 4555 Patris,
1606 4501 1784 4558 neque
1828 4489 2069 4561 Spiritus

469 4576 676 4640 sancti,
706 4574 797 4631 illa
843 4589 966 4646 quae
1008 4575 1178 4631 solius
1222 4575 1387 4633 Verbi
1433 4587 1519 4634 est
1561 4595 1734 4638 caro:
1771 4584 1898 4652 quia
1946 4584 2065 4642 Deo

392 4733 397 4737 ,
470 4666 655 4725 Verbo
674 4682 787 4723 non
809 4674 901 4723 est
939 4680 1063 4723 eum
1105 4666 1268 4723 Patre
1305 4676 1363 4724 et
1408 4668 1613 4740 Spiritu
1658 4657 1859 4730 sancio.
1897 4677 2063 4734 unius

466 4773 717 4835 per-solm
759 4750 1092 4815 erimmnnio.
1123 4757 1428 4815 Secundum
1458 4751 1828 4831 operationem
1856 4765 2061 4838 quippe

465 4851 762 4908 divinitatis
781 4864 1127 4907 communem
1144 4892 1162 4917 ,
1211 4850 1267 4905 in
1293 4864 1400 4921 qua
1423 4861 1507 4908 est
1553 4854 1766 4913 trinitas
1791 4871 2059 4927 persona-

467 4962 586 5002 rum
606 4987 622 5012 ,
644 4946 783 5001 sicut
804 4958 926 5000 eam
951 4944 1170 5015 accepit.
1188 4942 1392 5013 Filius,
1422 4946 1501 5002 sic
1547 4949 1757 5019 accepit
1788 4948 1969 5020 Pater,
1999 4961 2055 5008 et

466 5036 700 5108 Spiritus
728 5032 1151 5103 sanetulelum
1178 5037 1320 5093 enim
1374 5037 1566 5093 Filium
1616 5040 1706 5108 qui
1761 5044 2052 5101 secundum

468 5128 808 5185 divinitatem
838 5127 1158 5183 naturaliter
1181 5128 1328 5184 solus
1350 5128 1418 5184 de
1437 5130 1556 5187 solo
1587 5140 1744 5187 natus
1769 5142 1852 5188 est
1872 5132 2054 5203 Patre,

467 5223 645 5294 ipsum
668 5218 852 5290 utique
871 5219 1165 5274 secundum
1195 5235 1413 5277 carnem
1442 5222 1758 5279 naturaliter
1787 5226 1934 5285 nasci
1964 5226 2059 5284 de-

469 5317 629 5374 cebat
649 5330 718 5371 ex
736 5310 981 5384 Virgine.
1017 5311 1086 5367 At
1111 5313 1163 5368 in
1194 5313 1283 5369 illa
1313 5312 1609 5383 Trinitate,
1642 5317 1904 5374 sicutnon
1933 5328 2058 5379 sunt

467 5409 577 5465 duo
599 5408 806 5473 Patres,
838 5422 1013 5479 neque
1042 5406 1150 5464 duo
1175 5406 1408 5478 Spiritus
1429 5410 1621 5477 sancti,
1654 5411 1732 5468 sic
1760 5427 1870 5470 non
1898 5423 2060 5472 erunt

469 5504 635 5561 etiam
663 5502 771 5558 duo
800 5500 942 5559 Filii.
969 5499 1063 5556 Illa
1088 5501 1231 5557 enim
1257 5500 1491 5557 Trinitas
1519 5519 1682 5561 unum
1706 5504 1869 5563 habet
1918 5509 1972 5565 in
1997 5524 2061 5567 se

468 5592 708 5658 Patrem,
730 5606 897 5649 unum
918 5589 1140 5659 Filium,
1166 5606 1332 5651 unum
1368 5593 1626 5664 Spiritum
1655 5605 1919 5654 sanctum.
1950 5598 2060 5656 Sed

470 5701 639 5741 unum
662 5684 902 5753 Patrem,
931 5693 988 5751 et
1013 5701 1179 5741 unum
1201 5684 1460 5758 Spiritum
1490 5698 1736 5746 sanctum
1763 5693 2061 5750 secundum

470 5778 706 5834 divinam
736 5786 1012 5844 naturam;
1036 5795 1199 5835 unum
1244 5796 1375 5836 vero
1402 5781 1623 5847 Filium,
1650 5787 1943 5842 secundum
1971 5788 2056 5845 di-

469 5871 649 5924 vinam
676 5870 1074 5940 humanamque
1094 5872 1465 5927 substantiam.
1498 5875 1553 5929 lu
1581 5879 1823 5945 personis
1875 5880 2055 5951 itaque

471 5960 700 6019 discreta
734 5969 815 6014 est
843 5958 1093 6024 Trinitas,
1126 5962 1368 6029 quamvis
1390 5963 1441 6017 in
1490 5973 1679 6021 natura
1720 5983 1826 6025 non
1873 5971 1939 6029 sit
1970 5972 2051 6033 di-

1715 6124 1743 6141 κ

2165 3366 2428 3428 quantum
2491 3360 2750 3418 divinitus
2808 3353 3159 3433 adjuvamur,
3208 3366 3425 3423 beatum
3489 3368 3770 3429 imitantes

2165 3447 2507 3521 Apostolum,
2525 3453 2777 3509 omnibus
2797 3455 2978 3509 omnia
3005 3455 3122 3512 ﬁeri
3143 3456 3481 3530 studeamus,
3496 3468 3556 3516 ut
3570 3470 3768 3519 omnes

2165 3538 2562 3597 lucrifaciamus
2593 3541 2647 3613 (1
2673 3540 2794 3599 Cor.
2822 3559 2900 3613 tx,
2930 3543 3044 3616 20).

2759 3656 2989 3717 CAPUT
3017 3657 3160 3719 XIX.

2237 3771 2504 3840 Quoniam
2525 3770 2690 3843 igitur
2716 3788 2827 3830 non
2855 3773 3078 3845 capiunt
3096 3774 3283 3839 Ariani
3308 3776 3465 3846 quod
3494 3777 3765 3850 diximus,

2164 3864 2225 3923 in
2269 3864 2362 3921 illa
2404 3880 2511 3925 una
2568 3873 2764 3925 natura
2808 3865 2990 3923 divina
3047 3868 3251 3938 aliquid
3278 3884 3311 3925 a
3338 3877 3463 3931 tota.
3498 3870 3771 3932 Trinitate

2163 3956 2390 4025 factum,
2414 3957 2559 4028 quod
2578 3974 2688 4015 non
2710 3974 2741 4013 a
2766 3967 2881 4015 tota
2908 3955 3185 4019 Trinitate
3215 3960 3381 4024 fuerit
3423 3973 3769 4037 amomum,

2164 4063 2269 4113 nec
2292 4048 2532 4107 creditur
2561 4050 2816 4120 possibile
2842 4051 2988 4120 quod
3029 4067 3251 4111 carnem
3297 4054 3455 4113 illam
3488 4064 3603 4113 tota
3632 4056 3767 4114 Tri-

2163 4140 2309 4198 nitas
2327 4138 2536 4206 fecerit,
2562 4155 2725 4211 quam
2779 4149 2963 4205 tamen
2990 4158 3096 4201 una
3121 4158 3191 4202 ex
3218 4144 3489 4205 Trinitate
3520 4162 3781 4217 pensans:

2163 4232 2436 4302 suscepit,
2464 4230 2796 4301 efﬁci-muli»
2815 4234 2956 4299 sicut
3001 4237 3299 4307 Apostolus
3324 4239 3404 4295 ait
3458 4238 3523 4311 (ΙΔ
3568 4239 3768 4299 Thess.

2162 4341 2223 4393 ιι,
2249 4326 2325 4398 7),
2348 4333 2603 4396 tanquam
2634 4326 2846 4398 par-mli
2872 4328 2929 4385 in
2972 4328 3159 4387 medio
3186 4345 3407 4399 eorum,
3426 4332 3619 4390 ethoc
3652 4333 3781 4392 illis

2166 4430 2534 4487 proponamus
2587 4419 2917 4491 exemplum,
2964 4420 3033 4477 ad
3086 4421 3453 4492 intelligentia:
3491 4423 3771 4493 spiritalis

2164 4507 2511 4567 latitudinem
2558 4509 2923 4575 uutriendam,
2954 4510 3103 4581 quod
3125 4511 3366 4570 haeretici
3414 4514 3594 4571 cordis
3649 4532 3781 4575 non

2167 4598 2356 4668 fatiget
2382 4612 2484 4657 nec
2502 4598 2785 4669 perturbet
2808 4600 3130 4669 angustiam.
3158 4592 3373 4659 Scit'nus
3407 4602 3554 4659 illam
3581 4604 3775 4661 solam

2166 4704 2288 4748 esse
2315 4688 2579 4754 divinam,
2597 4688 3007 4759 inseparabilem
3037 4698 3205 4761 atque
3254 4691 3585 4753 individuam
3636 4692 3774 4751 Tri-

2164 4780 2412 4844 nitatem,
2443 4779 2603 4848 cujus
2624 4792 2801 4848 neque
2824 4795 2932 4837 una
2960 4788 3151 4836 natura
3198 4781 3374 4853 possit
3399 4796 3774 4853 personarum

2167 4868 2433 4925 Trinitate
2457 4870 2648 4939 dividi,
2674 4884 2848 4944 neque
2874 4880 2984 4929 tres
3011 4886 3267 4942 personis.
3284 4873 3494 4946 possint
3545 4882 3785 4937 natura:

2164 4959 2505 5017 indivisibilis
2531 4961 2738 5017 unitate
2765 4960 3037 5019 confundi.
3068 4960 3203 5018 Nam
3229 4971 3288 5019 et
3328 4963 3446 5035 ipsa
3476 4979 3632 5021 tuens
3660 4962 3772 5023 ho-

2164 5055 2345 5119 minis,
2380 5055 2435 5109 in
2455 5070 2560 5126 qua
2588 5056 2871 5127 imaginem
2912 5057 3007 5114 Dei
3046 5073 3168 5115 esse
3194 5058 3465 5127 diximus,
3490 5060 3572 5122 sic
3596 5076 3774 5121 acce-

2162 5146 2249 5217 pit
2269 5153 2328 5201 ut
2347 5144 2545 5203 habeat
2572 5146 2626 5203 in
2668 5163 2729 5203 se
2766 5147 3035 5217 quoddam
3079 5158 3281 5208 sancta:
3308 5149 3590 5209 Trinitatis
3608 5153 3773 5213 indi-

2162 5237 2325 5303 cium,
2355 5238 2911 5299 utdistinCtioneutiu
2939 5256 2999 5298 se
3023 5242 3185 5298 trium
3242 5258 3352 5300 non
3402 5244 3605 5302 habeat
3628 5263 3759 5318 pen

2162 5344 2437 5387 sonarum.
2472 5330 2589 5388 Hoc
2638 5333 2782 5389 enim
2811 5333 2913 5391 sibi
2958 5334 3237 5406 proprium
3285 5335 3522 5395 Trinitas
3567 5338 3780 5398 divina

2161 5423 2418 5478 servavit.
2446 5422 2598 5483 Unde
2624 5427 2870 5496 (psalmis
2892 5428 2965 5482 sit
2991 5427 3045 5484 in
3075 5428 3311 5487 hominis
3332 5438 3516 5488 mente
3542 5446 3751 5492 metuo

2160 5515 2261 5583 ria,
2287 5515 2661 5587 intelligentia,
2683 5527 2741 5575 et
2766 5520 3043 5587 voluntas;
3073 5522 3175 5579 tria
3220 5522 3439 5594 quidem
3484 5524 3578 5585 illa
3601 5539 3780 5599 sunt,

2158 5606 2253 5667 sed
2282 5614 2463 5666 tamen
2492 5624 2743 5680 personas
2791 5620 2906 5668 tres
2932 5627 3054 5670 esse
3079 5629 3188 5699 non
3219 5622 3489 5686 possunt:
3517 5617 3651 5687 quia
3712 5622 3793 5680 ius

2157 5715 2486 5772 unoquoque
2505 5703 2745 5770 homine,
2773 5704 2829 5759 in
2851 5705 3005 5775 cujus
3029 5714 3237 5775 mente,
3268 5708 3355 5764 vel
3411 5708 3569 5781 cujus
3595 5725 3798 5773 utens.

2128 5800 2240 5850 -est
2262 5794 2438 5865 imago
2466 5796 2667 5862 divina,
2696 5814 2803 5854 non
2833 5798 3008 5854 solum
3041 5799 3214 5870 ipsius
3241 5802 3459 5868 mentis,
3491 5802 3588 5858 sed
3631 5808 3748 5865 ani

2162 5901 2265 5941 ωω
2305 5887 2463 5942 simul
2488 5897 2545 5943 et
2572 5890 2750 5945 carnis
2805 5907 2909 5945 una
2965 5889 3234 5948 invenitur
3283 5895 3603 5952 naturaliter
3627 5912 3781 5960 esse

2163 5991 2415 6055 persona.
2447 5977 2505 6034 ln
2537 5989 2783 6037 creatura
2817 5981 2993 6067 igitur,
3045 5991 3305 6064 quantum
3347 5994 3508 6044 tantm
3555 5988 3638 6045 rei
3693 5991 3788 6065 dg
