4066 6346
323 437 431 497 525

1042 392 1045 393 ί
1096 504 1101 507 ἶ
1172 428 1448 500 comma
1486 441 1861 501 ssnnonsu
1899 441 2279 505 rasumosr
2314 448 2518 507 LIBER
2556 447 2759 523 usus.

3499 464 3604 521 526

322 569 429 625 qua
484 554 759 625 loquimur
829 555 1142 626 magnitudo
1223 560 1521 631 permittit,
1572 540 1911 634 requirentes
1939 561 2300 633 AQuomodo
2347 566 2490 621 enim
2522 566 2772 624 divinitas
2800 568 2915 638 ejus
2955 578 3179 641 poterat
3215 546 3462 633 concludi
3510 596 3601 637 sc-

320 647 650 717 exemplum,
682 648 736 702 in
759 648 964 704 naturis
985 649 1093 705 tale
1115 650 1313 721 aliquid
1330 652 1557 715 forsitan
1584 656 1908 725 invenimus,

319 738 469 809 quod
501 738 553 793 in
580 740 824 810 personis
879 741 1124 798 invenire
1178 760 1285 799 non
1334 748 1620 815 possimus.
1671 748 1913 805 Diximus

317 832 468 885 enim
489 831 631 900 quod
652 831 1045 891 humanitatem
1069 833 1189 891 Filii
1220 835 1318 891 Dei
1348 845 1459 895 tota
1490 837 1725 894 Trinitas
1760 840 1908 905 iecit,

315 937 483 993 quam
514 928 694 977 tamen
740 922 848 983 non
892 931 1007 980 tota
1059 925 1321 991 Trinitas,
1347 927 1441 983 sed
1489 929 1636 985 solus
1665 930 1831 997 Filius
1855 932 1912 987 in

314 1028 472 1067 suam
501 1028 788 1083 personam
818 1016 1046 1087 accepit.
1078 1015 1121 1075 A
1153 1024 1265 1073 tota
1295 1018 1495 1090 quippe
1532 1019 1824 1088 Trinitate,
1858 1024 1917 1093 id

315 1112 403 1158 cst
432 1118 462 1157 a
496 1102 656 1159 Patre
700 1103 902 1175 Verbo,
933 1115 988 1162 et
1023 1106 1229 1179 Spiritu
1258 1094 1465 1177 sancto,
1495 1110 1634 1168 faeta
1689 1124 1774 1170 est
1819 1116 1915 1190 illa

314 1209 477 1260 caro;
512 1196 610 1253 sed
638 1195 815 1257 solum
848 1194 1081 1253 Verbum
1103 1197 1301 1254 factum
1331 1208 1414 1255 est
1460 1210 1608 1257 caro.
1640 1200 1915 1270 Quoniam-

316 1284 501 1357 igitur,
534 1285 674 1343 sicut
701 1288 971 1383 superius.
1005 1287 1260 1359 diximus,
1291 1301 1550 1363 quantum
1607 1295 1801 1359 attinet
1839 1296 1917 1352 ad'

314 1385 640 1445 creaturam,
667 1386 776 1437 tres
800 1382 1057 1453 personas
1083 1382 1138 1437 in
1168 1399 1271 1438 una
1296 1392 1495 1451 mente,
1525 1384 1578 1440 id
1608 1394 1692 1442 est
1716 1386 1769 1442 in
1800 1403 1908 1445 una

313 1483 482 1529 carne
509 1470 751 1535 invenire
796 1488 905 1537 non
935 1489 1251 1546 possumus,
1280 1476 1416 1534 duas
1444 1479 1634 1536 saltem
1682 1489 1907 1539 naturas

314 1561 370 1626 in
399 1578 505 1617 una
536 1576 769 1637 persona
793 1581 899 1620 non
931 1566 1239 1635 laboramus
1259 1578 1319 1624 ut
1345 1569 1589 1627 invenire
1610 1573 1902 1642 possimus.

314 1649 751 1733 Uniuscujusque
794 1656 937 1712 enim
983 1672 1216 1727 persona
1272 1660 1504 1717 vhrentis
1552 1661 1785 1720 hominis
1835 1677 1906 1720 ex

310 1743 493 1811 anima
542 1747 805 1803 rationali
841 1757 1058 1817 constat
1103 1757 1160 1806 et
1186 1766 1417 1833 corpore
1448 1770 1462 1806 :
1496 1768 1527 1808 a
1556 1768 1667 1825 quo
1719 1763 1905 1813 tamen

308 1836 479 1892 multa
505 1837 585 1905 ita
606 1836 762 1921 (lunt,
790 1846 851 1894 ut
877 1841 1122 1910 quamvis
1150 1838 1217 1898 ab
1247 1843 1427 1899 anima
1475 1852 1532 1900 et
1570 1861 1800 1917 corpore
1821 1847 1901 1903 si-

2020 654 2210 724 pulcro
2235 695 2250 719 ,
2303 671 2421 727 qum
2461 672 2560 712 nec
2591 665 2730 711 terra
2772 659 2954 729 potest
2981 662 3250 728 concludi,
3292 680 3392 720 nec
3420 669 3599 724 creto?

2019 744 2164 809 [llam
2218 762 2345 817 ergo
2394 750 2698 819 passionem
2748 751 3002 823 illamque
3047 756 3376 826 sepulturam
3425 746 3615 819 unitas

2018 838 2318 908 personalis
2346 855 2508 912 unam
2555 841 2609 896 in
2646 841 2860 898 Christo
2907 842 3033 899 fecit
3061 860 3181 901 esse
3229 847 3517 907 divinitatis
3547 860 3605 909 et

2017 930 2228 996 Carnis;
2267 931 2361 985 sed
2384 933 2689 1003 proprietas
2719 919 3082 1004 utriusque‘in
3113 937 3328 994 Christo
3347 943 3606 999 substan-

2018 1021 2106 1075 tiae
2150 1021 2277 1087 fecit
2305 1022 2475 1077 solam
2505 1039 2721 1079 carnem
2751 1024 2949 1081 Christi
2980 1016 3217 1097 paesioni
3242 1039 3297 1085 et
3318 1034 3477 1087 morti
3509 1051 3606 1101 na-

2018 1098 2265 1169 turaliter
2285 1114 2582 1188 subjacere,
2610 1120 3413 1199 permanente-impossibilitate
3440 1098 3605 1197 atque

2016 1206 2421 1285 immortalitate
2446 1208 2644 1265 divina:
2677 1210 3246 1292 incommutabilisquc
3266 1216 3613 1284 substantiam

2014 1291 2262 1351 Christus
2294 1298 2475 1371 itaque
2498 1341 2511 1363 ,
2558 1301 2650 1371 qui
2679 1317 2787 1356 non
2813 1288 2896 1358 est
2926 1288 3172 1362 Trinitas
3196 1347 3211 1371 ,
3242 1290 3358 1366 sed
3387 1327 3492 1366 una
3532 1328 3603 1368 ex

2014 1380 2278 1443 Trinitatc
2327 1404 2597 1458 persona,
2649 1392 2726 1448 sic
2775 1395 3069 1450 secundum
3099 1400 3381 1457 veritatem
3421 1404 3602 1460 carnis

2010 1492 2139 1533 vere
2168 1479 2222 1533 in
2252 1496 2413 1536 cruce
2443 1482 2699 1552 pependit
2725 1527 2739 1553 ,
2780 1492 2835 1540 et
2865 1486 2915 1541 in
2959 1489 3208 1558 sepulcro
3248 1503 3491 1550 mortuus
3514 1495 3603 1565 ja-

2010 1567 2140 1633 cuit,
2172 1568 2435 1639 Apostolo
2466 1571 2681 1629 dicente
2708 1576 2837 1644 quia
2865 1577 3099 1634 Clu-istas
3140 1594 3372 1639 mortuus
3398 1597 3476 1641 est
3502 1605 3597 1658 pro
3664 1648 3671 1658 ,

2009 1661 2235 1727 peccatis
2262 1663 2475 1730 nostris,
2504 1665 2787 1720 secundum
2825 1666 3152 1740 Scripturas,
3191 1683 3241 1728 et
3266 1677 3386 1744 quia
3418 1680 3596 1749 sepul-

2010 1757 2092 1803 tas
2118 1759 2216 1817 est,
2244 1759 2295 1805 et
2333 1754 2457 1823 quia
2482 1756 2773 1811 resurrexit
2795 1773 2828 1811 a
2858 1762 3071 1816 mortuis
3103 1765 3254 1819 tertia
3282 1766 3384 1832 die,
3421 1780 3599 1823 serun-

2009 1840 2132 1896 dum
2151 1842 2455 1914 Scripturas
2484 1843 2540 1918 (I
2564 1844 2797 1914 Cor.,xv,
2829 1849 2906 1915 ὃ).
2933 1849 3063 1918 Quae
3091 1856 3271 1917 omnia
3300 1859 3597 1917 secundum

306 1926 420 1987 mul
443 1924 609 1997 ﬂant,
650 1927 716 1983 ad
746 1929 918 1986 solam
967 1938 1151 1989 tamen
1196 1934 1430 1990 animam
1467 1943 1562 1991 aut
1606 1937 1689 1992 ad'
1723 1939 1903 1996 solum
1931 1940 1982 2003 Β
2008 1944 2255 2001 personae
2281 1932 2541 1995 unitatem
2568 1943 2714 1993 totus
2748 1937 2997 1997 Christus
3024 1944 3264 2012 pertulit,
3300 1950 3598 2011 secundum

302 2034 508 2095 corpus
536 2021 827 2092 aliquando
855 2022 1182 2096 pertineant.
1207 2026 1338 2105 Quis
1362 2030 1505 2085 enim
1561 2031 1769 2087 nesciat
1819 2048 1905 2090 so-

302 2111 418 2167 lum
445 2126 648 2185 corpus
677 2110 800 2171 cibo
824 2114 1032 2185 carnali
1052 2116 1205 2174 refici
1235 2127 1401 2189 atque
1423 2121 1641 2190 nutriri,
1668 2122 1722 2177 in
1745 2123 1903 2194 cujus

298 2203 640 2261 comestione
678 2208 982 2264 communis
1010 2210 1258 2281 operatio
1279 2219 1363 2267 est
1391 2212 1569 2268 carnis
1595 2222 1651 2269 et
1680 2215 1905 2273 animat?

299 2299 497 2357 Anima
526 2302 687 2359 enim
737 2320 837 2376 per
881 2321 1107 2378 corpus,
1142 2308 1250 2376 imo
1304 2324 1427 2366 cum
1472 2326 1702 2382 corpore
1748 2312 1898 2384 facit,

291 2391 517 2463 quando
547 2409 744 2465 corpus
772 2396 1043 2465 comedit;
1073 2408 1130 2454 et
1156 2407 1339 2455 tamen
1369 2400 1545 2456 solum
1586 2417 1784 2473 corpus
1806 2418 1899 2461 ac-

295 2482 450 2554 cipit,
483 2483 632 2554 quod
660 2494 718 2541 ut
746 2488 1063 2559 accipiatur,
1096 2491 1275 2546 anima
1305 2492 1463 2547 simul
1510 2508 1633 2549 cum
1664 2510 1897 2566 corpore

295 2574 444 2632 facit.
471 2570 530 2643 in
560 2576 652 2643 illa
681 2579 865 2649 itaque
892 2583 1226 2639 comestione
1244 2625 1259 2649 ,
1294 2599 1400 2639 una
1427 2593 1509 2640 est
1555 2586 1748 2641 animae
1775 2602 1895 2643 car-

293 2668 491 2738 nisque
519 2672 789 2741 operatio,
814 2673 909 2729 sed
962 2675 1135 2731 solius
1162 2683 1247 2732 est
1292 2678 1470 2733 carnis
1513 2678 1782 2750 acceptio.
1832 2678 1892 2738 In

291 2766 510 2815 tantum
537 2762 738 2841 quippe
765 2762 881 2820 sola
911 2780 1041 2822 caro
1076 2766 1199 2823 cibo
1242 2769 1512 2839 corporali
1537 2771 1807 2840 pascitur,
1832 2779 1893 2828 ut

289 2852 431 2918 sola,
458 2852 503 2910 si
526 2866 651 2909 eum
682 2857 975 2929 acceperit,
1004 2858 1338 2935 pinguescat.
1361 2861 1567 2917 Anima:
1586 2871 1768 2920 autem
1798 2880 1889 2940 re-

292 2942 462 3001 fectio
491 2952 657 3015 atque
684 2947 977 3027 pinguedo,
1002 2966 1109 3007 non
1130 2952 1185 3007 in
1209 2967 1350 3022 pane
1395 2955 1686 3026 corporali,
1713 2957 1809 3014 sed
1833 2958 1889 3014 in

288 3050 435 3105 pane
452 3036 681 3108 spiritali
704 3039 866 3125 357
891 3041 1159 3098 consistit.
1194 3040 1321 3099 Non
1350 3045 1496 3100 enim
1525 3046 1580 3101 in
1613 3063 1750 3119 pane
1774 3051 1886 3104 solo

285 3126 414 3181 sivit
440 3129 628 3196 homo,
673 3130 767 3186 sed
800 3134 856 3188 in
885 3134 1029 3189 omni
1069 3134 1220 3191 verbo
1267 3137 1403 3208 quod
1430 3138 1661 3209 procedit
1705 3141 1770 3195 de
1796 3158 1887 3197 ore

285 3216 389 3273 Dei
416 3217 635 3290 (Matth.
664 3237 737 3288 IV,
767 3221 847 3292 4).
873 3220 931 3279 In
951 3223 1105 3295 cujus
1133 3232 1315 3282 tamen
1335 3227 1487 3283 verbi
1509 3230 1880 3301 perceptione,

2007 2021 2310 2079 naturalem
2338 2024 2726 2095 proprietatem
2745 2070 2760 2096 ,
2807 2030 2875 2091 ad
2903 2032 3077 2093 solam
3118 2038 3298 2097 carnis
3324 2042 3599 2110 pertinent

2004 2113 2310 2172 veritatem.
2340 2115 2420 2173 ita
2439 2120 2736 2177 secundum
2766 2110 2939 2183 selam
2965 2127 3200 2189 animam
3228 2131 3298 2191 ad
3324 2132 3596 2197 infernum

2003 2205 2304 2265 descendit.
2337 2206 2463 2266 Uno
2491 2211 2696 2284 quippe
2733 2216 3035 2288 eodemque
3063 2228 3309 2293 tempore
3331 2228 3476 2295 quod
3511 2229 3596 2291 in-

2002 2297 2219 2355 venitur
2278 2299 2422 2357 inter
2472 2311 2703 2361 mortem
2759 2304 2965 2373 Christi,
3026 2315 3591 2389 resurrectionemun

2001 2388 2222 2455 distare,
2248 2405 2388 2451 unus
2415 2392 2669 2464 idemque
2695 2395 2961 2464 Christus,
2991 2409 3046 2455 et
3070 2407 3365 2461 secundum
3392 2388 3594 2467 verita.

2002 2489 2110 2536 tem
2135 2481 2313 2538 carnis
2341 2498 2470 2540 vere
2500 2485 2557 2541 in
2584 2488 2838 2557 sepulcro
2857 2489 3048 2557 jacuit,
3080 2502 3137 2549 et
3179 2498 3475 2557 secundum
3502 2516 3593 2559 ve-

1997 2572 2213 2628 ritatem
2237 2574 2430 2631 anima:
2459 2577 2770 2643 rationalis,
2816 2596 2945 2636 vere
2980 2583 3033 2639 in
3064 2584 3331 2643 infernum
3358 2589 3590 2649 descen-

1997 2665 2095 2720 dit.
2121 2666 2201 2723 Ac
2218 2682 2320 2738 per
2340 2668 2446 2725 hoc
2472 2670 2769 2729 secundum
2796 2674 3077 2732 veritatem
3094 2678 3342 2736 humanae
3355 2691 3588 2755 naturai,

1995 2772 2064 2814 ex
2104 2773 2214 2829 quo
2241 2758 2485 2817 Christus
2519 2763 2575 2818 in
2605 2779 2766 2821 cruce
2791 2781 3087 2839 suspensus
3112 2772 3373 2832 inclinato
3400 2779 3583 2850 capite

1994 2849 2175 2907 emisit
2212 2851 2461 2922 spiritum
2485 2893 2502 2919 ,
2543 2855 2895 2927 quoadusque
2920 2869 3144 2932 recepto
3171 2864 3365 2935 spiritu
3399 2883 3586 2926 resur-

1992 2941 2139 2996 rexit
2165 2956 2197 2996 a
2225 2943 2482 3012 mortuis,
2514 2960 2626 3002 non
2651 2946 2742 3002 ubi
2762 2948 2873 3005 fuit
2899 2953 3197 3011 secundum
3227 2971 3468 3027 carnem,
3510 2963 3588 3021 ibi

1992 3029 2093 3088 fuit
2110 3032 2416 3091 secundum
2444 3036 2701 3093 animam.
2733 3038 3037 3099 Secundum
3058 3050 3276 3103 carnem
3305 3050 3508 3122 quippe
3526 3054 3585 3110 in

1991 3128 2243 3200 sepulcro
2264 3138 2512 3188 mortuus
2534 3132 2733 3203 iacuit;
2765 3139 3063 3196 secundum
3085 3143 3318 3201 animam
3347 3148 3477 3205 vero
3495 3165 3586 3206 ra-

1990 3219 2250 3278 tionalem
2274 3222 2345 3278 ad
2371 3223 2536 3296 353
2562 3224 2830 3283 infernum
2854 3228 3164 3303 descendit;
3186 3238 3488 3295 secundum
3507 3241 3586 3298 di-

284 3316 351 3363 ut
370 3309 495 3366 cibo
539 3326 641 3368 suo
670 3313 847 3369 anima
875 3324 1149 3385 pascatur,
1173 3332 1301 3374 caro
1324 3317 1402 3383 illi
1430 3319 1483 3374 in
1514 3336 1680 3391 opere
1705 3323 1884 3380 socia-
1907 3314 1957 3384 ϐ
1986 3312 2268 3371 νίηίῑαῑθηῖ
2290 3331 2442 3384 νεῖον
2464 3331 2577 3388 (illa
2595 3334 2717 3375 cum
2741 3318 2903 3378 Ρθῑνθ
2922 3332 2979 3379 ει
3005 3324 3421 3396 Spiritusne“)
3441 3349 3582 3393 nam

283 3409 397 3467 tur.
424 3400 542 3459 Hoc
570 3397 715 3459 enim
763 3406 958 3487 agitur,
982 3408 1201 3490 quando
1229 3417 1323 3465 aut
1368 3427 1527 3468 aures
1568 3417 1884 3485 corporales

280 3493 545 3551 admovet
568 3498 748 3553 anima
773 3499 973 3567 verbis,
997 3509 1059 3556 ut
1086 3502 1298 3569 audiat,
1331 3512 1425 3559 aut
1453 3505 1640 3561 oculos
1694 3523 1907 3580 corpo-'

280 3584 433 3641 rales
457 3585 716 3651 admovet
743 3589 1043 3661 scripturis,
1076 3598 1137 3646 ut
1156 3591 1320 3661 legat.
1346 3591 1488 3651 Ecce
1515 3597 1642 3652 etin
1673 3597 1779 3655 hoc
1805 3601 1881 3654 sl-

279 3674 397 3729 mul
419 3683 505 3731 est
532 3677 712 3733 carnis
739 3684 795 3734 et
815 3679 1008 3735 anima:
1034 3681 1303 3752 operatio,
1328 3683 1425 3739 ubi
1440 3693 1526 3740 est
1569 3688 1763 3743 anima:
1788 3703 1880 3745 so-

278 3763 387 3819 lius
405 3766 676 3837 acceptio.
701 3764 807 3825 Ista
835 3768 891 3823 in
920 3769 1185 3826 creaturis
1210 3770 1430 3826 videant
1454 3772 1659 3842 Ariani,
1683 3783 1738 3831 et
1766 3791 1878 3833 non

276 3854 531 3915 dubitent
557 3868 760 3917 sancite
791 3859 1073 3919 Trinitatis
1093 3877 1257 3918 unam
1287 3877 1407 3919 esse
1436 3862 1675 3920 divinam
1726 3875 1878 3923 natu-

276 3965 417 4017 ram,
453 3958 508 4008 et
529 3948 647 4019 ﬁeri
668 3955 932 4024 potuisse,
963 3956 1074 4013 imo
1102 3955 1301 4013 factum
1331 3972 1470 4023 esse,
1503 3968 1563 4015 ut
1608 3960 1698 4015 illa
1744 3977 1873 4019 caro

274 4040 449 4096 totius
476 4040 755 4099 Trinitatis
774 4060 882 4102 uno
911 4052 1075 4117 atque
1102 4046 1449 4119 iuseparabili
1500 4066 1667 4122 opere
1694 4050 1868 4118 fieret;

274 4132 330 4187 in
352 4145 697 4193 sacramento
724 4153 855 4195 vero
875 4140 1261 4199 incarnationis
1290 4143 1357 4198 ad
1378 4144 1551 4201 solam
1582 4160 1868 4216 personam

274 4223 372 4280 Dei
403 4223 676 4296 Unigeniti
698 4230 1013 4300 pertineret.

875 4391 1105 4451 CAPUT
1134 4392 1252 4453 XX.

344 4503 465 4560 Non
480 4517 613 4575 ergo
637 4512 750 4562 tota
777 4505 1015 4565 Trinitas
1043 4525 1262 4566 carnem
1283 4515 1589 4584 assumpsit,
1622 4531 1723 4572 nec
1751 4526 1864 4574 tota

268 4594 512 4652 Trinitas
539 4597 851 4667 passionum
1130 4602 1323 4668 sensit,
1349 4618 1527 4674 neque
1554 4614 1665 4661 tota
1696 4605 1876 4662 Trini-‘

1986 3413 2068 3461 est
2098 3406 2260 3473 Deus,
2304 3415 2473 3464 totam
2502 3419 2807 3466 creaturam
2855 3415 3087 3484 replevit
3118 3418 3430 3479 immensus.
3475 3423 3577 3481 Se.

1984 3497 2216 3553 cundum
2247 3514 2466 3555 carnem
2505 3515 2639 3570 ergo
2679 3503 2758 3558 sic
2788 3503 2969 3560 fuitin
3017 3508 3138 3564 solo
3183 3513 3433 3582 sepulcro
3456 3557 3472 3583 ,
3516 3524 3579 3573 ut

1982 3586 2282 3642 secundum
2306 3589 2539 3647 animam
2569 3590 2623 3645 in
2651 3592 2773 3648 solo
2800 3592 2988 3651 fuisset
3015 3595 3255 3665 inferno;
3277 3603 3576 3662 secundum

1980 3677 2321 3734 divinitatem
2365 3695 2522 3747 vero,
2575 3697 2680 3751 qua
2727 3684 2877 3740 nullo
2903 3686 3025 3743 loco
3053 3691 3432 3762 concluditur,
3474 3699 3573 3756 sed

1978 3767 2180 3837 ubique
2221 3769 2311 3842 (at.
2368 3772 2676 3843 utrobique)
2711 3782 2857 3832 totus
2904 3777 3250 3838 ineil'abiliter
3278 3784 3570 3858 invenitur,

1979 3858 2052 3913 ita
2080 3874 2300 3915 carnem
2340 3875 2493 3917 suam
2539 3878 2646 3920 non
2689 3864 2973 3937 dereliquit
3002 3870 3055 3925 in
3084 3875 3353 3943 sepulcro,
3388 3895 3568 3950 neque

1976 3949 2212 4005 animam
2252 3966 2405 4007 suam
2444 3953 2684 4030 deseruit
2723 3956 2776 4011 in
2824 3958 3055 4028 inferno,
3106 3964 3246 4021 sicut
3274 3952 3375 4024 nec
3407 3949 3567 4030 terra

1974 4049 2159 4112 potest
2183 4042 2476 4112 aliquando
2494 4044 2706 4114 deesse,
2740 4064 2841 4105 nec
2861 4051 3022 4107 ctelo.
3052 4052 3197 4110 ldem
3222 4072 3440 4130 quoque
3469 4062 3567 4120 Dei

1972 4130 2140 4188 Filius
2166 4134 2267 4205 qui.
2301 4136 2598 4220 secundum
2640 4154 2858 4196 carnem
2908 4138 2961 4198 in
2992 4148 3240 4218 sepulcro
3261 4149 3462 4222 jacuit,
3508 4164 3566 4212 et

1971 4224 2269 4281 secundum
2321 4214 2493 4283 solam
2536 4231 2772 4286 animam
2822 4234 2877 4288 in
2928 4214 3194 4295 infernum
3243 4241 3559 4315 descendit,

1971 4315 2227 4385 quoniam
2258 4318 2373 4388 ipse
2396 4319 2611 4376 dixerat
2630 4322 2699 4378 de
2737 4324 2917 4380 anima
2944 4342 3041 4383 sua
3075 4346 3088 4382 :
3116 4329 3435 4389 Potestatem
3461 4337 3561 4392 ha-

1970 4408 2062 4467 beo
2086 4411 2315 4480 ponendi
2347 4428 2489 4477 eam,
2516 4424 2567 4468 et
2586 4424 2892 4486 potestatem
2921 4419 3085 4476 habeo
3112 4422 3298 4478 iterum
3320 4430 3560 4485 sumendi

1969 4514 2085 4555 eam
2111 4498 2291 4570 (Joau.
2326 4517 2379 4563 x,
2411 4501 2500 4572 18)
2524 4512 2920 4582 ,posteaquam
2945 4511 3126 4579 posuit
3147 4514 3378 4570 animam
3403 4527 3456 4572 et
3478 4534 3561 4575 re-

1966 4592 2213 4660 sumpsit,
2247 4594 2541 4649 secundum
2572 4605 2738 4652 totam
2763 4596 3152 4661 humanitatem
3177 4621 3329 4663 suam
3362 4610 3413 4664 in
3444 4628 3559 4670 cce-

267 4693 354 4739 tas
382 4684 547 4741 tertio
574 4684 663 4741 die
687 4700 719 4742 a
744 4687 975 4751 mortuis
992 4690 1307 4758 resurrexit,
1333 4708 1510 4763 neque
1537 4703 1651 4751 tota
1681 4695 1861 4753 Trini-

1988 4697 2076 4736 um
2120 4682 2384 4750 ascendit,
2435 4694 2493 4741 et
2530 4687 2583 4741 in
2613 4688 2835 4746 dextera
2886 4693 3029 4753 sedis
3068 4696 3165 4753 Dei
3193 4699 3375 4768 sedet,
3413 4703 3556 4760 sicut

264 4783 354 4833 tas
389 4776 806 4847 quadragesimo
833 4780 922 4837 die
948 4782 1005 4838 in
1032 4784 1229 4851 ctelum
1256 4787 1530 4848 ascendit:
1565 4789 1679 4852 sed,
1721 4792 1863 4849 sicut

263 4866 522 4937 superius
576 4870 829 4940 ostendi,
893 4888 1033 4930 unus
1078 4875 1226 4932 solus
1277 4876 1445 4933 Filius
1500 4894 1718 4935 carnem
1773 4899 1862 4940 as-

260 4957 497 5028 sumpsit
532 4976 545 5012 :
579 4958 635 5015 in
672 4975 782 5032 quo
823 4962 951 5032 quia
979 4979 1086 5020 una
1108 4967 1390 5037 utriusque
1432 4978 1637 5025 natum
1677 4982 1860 5029 manet

259 5050 551 5108 inconfusa
580 5055 905 5125 proprietas,
935 5055 1058 5114 ideo
1093 5074 1230 5116 unus
1270 5060 1518 5131 idemque
1549 5072 1648 5128 est,
1683 5066 1774 5136 qui
1805 5074 1861 5131 et

258 5142 566 5199 secundum
613 5160 796 5202 veram
837 5147 1175 5206 divinitatem
1230 5153 1574 5223 impassibilis
1632 5158 1857 5214 omnino

258 5237 586 5304 permansit.
619 5236 948 5297 Naturaliter
988 5242 1134 5298 enim
1162 5243 1415 5302 divinitas
1448 5247 1535 5301 illa
1565 5249 1695 5303 nihil
1719 5252 1856 5319 pati-

258 5330 372 5388 tur,
402 5324 549 5381 sicut
575 5326 895 5385 naturaliter
937 5346 1044 5386 non
1076 5339 1335 5389 mutatur.
1372 5332 1641 5391 Mutabilis
1673 5347 1853 5395 autem

254 5422 473 5471 natur-te
501 5426 584 5473 est
613 5418 897 5492 sabjacere
925 5423 1283 5493 passionibus.
1317 5424 1471 5481 Nulla
1505 5442 1634 5498 ergo
1662 5430 1735 5484 illi
1760 5446 1855 5488 na—

251 5512 400 5561 tura:
447 5506 630 5578 passio
674 5509 921 5567 accidere
947 5513 1160 5587 potuit,
1213 5514 1298 5570 cui
1328 5517 1554 5572 mutatio
1596 5520 1854 5576 naturalis

254 5595 443 5654 inesse
486 5599 749 5671 nequivit.
781 5600 945 5660 Solus
973 5604 1138 5660 etiam
1186 5605 1354 5663 Filius
1378 5606 1549 5677 jacuit
1577 5608 1629 5663 in
1672 5611 1856 5681 sepul-

250 5695 379 5755 cro',
429 5691 529 5749 sed
558 5692 649 5750 illa
700 5691 1093 5766 UnigenltiDei
1138 5707 1329 5754 natura
1379 5700 1555 5770 putuit
1595 5702 1849 5774 sepeliri,

250 5795 385 5850 qua:
437 5784 612 5854 potuit
661 5786 820 5846 mori.
870 5785 1171 5843 Secundum
1214 5797 1460 5845 naturam
1505 5790 1686 5860 itaque
1728 5808 1850 5848 car-

244 5873 348 5930 nis
390 5868 547 5932 Deus
603 5875 921 5947 Unigenitus
989 5880 1162 5949 jacuit
1216 5882 1456 5951 sepultus
1528 5883 1579 5937 in
1636 5884 1849 5955 lapide,

251 5967 559 6027 Fecundum
603 5985 764 6042 quam
813 5972 981 6029 clavis
1023 5972 1213 6032 allixus
1262 5976 1513 6048 pependit
1566 5976 1619 6031 in
1662 5992 1845 6037 cruce.

1965 4775 2174 4831 Marcus
2203 4779 2532 4848 evangelista
2554 4787 2783 4837 testatur
2802 4784 2988 4842 dicens
3020 4808 3032 4840 ε
3064 4787 3320 4847 Dominus
3348 4795 3555 4866 quidem

1961 4866 2133 4935 Iesus,
2166 4876 2438 4941 postquam
2470 4870 2669 4927 locutus
2697 4884 2774 4928 est
2803 4877 2895 4942 eis,
2929 4889 3220 4952 assumptus
3250 4893 3327 4937 cst
3354 4885 3408 4939 in
3447 4904 3551 4943 coe-

1962 4960 2088 5025 lum,
2120 4970 2171 5015 et
2195 4962 2338 5016 sedet
2367 4980 2398 5016 a
2423 4956 2744 5020 ἀραιήδίὶεὶ
2785 4966 2977 5037 (Marc.
3008 4986 3116 5035 xvi,
3150 4972 3262 5044 i9).
3296 4973 3422 5032 Ilzec
3451 4993 3550 5035 au-
3578 5010 3599 5029 .

1966 5059 2071 5109 tem
2101 5052 2281 5108 omnia
2307 5093 2322 5118 ,
2365 5068 2486 5122 qua:
2511 5056 2705 5125 partim
2753 5058 3046 5114 secundum
3089 5062 3260 5119 solam
3292 5066 3549 5137 animam,

1962 5149 2155 5217 partim
2187 5138 2481 5206 secundum
2501 5151 2671 5207 solam
2712 5168 2950 5219 carnem,
2980 5158 3174 5226 partim
3205 5175 3337 5215 vero
3358 5175 3549 5216 secun-

1961 5236 2087 5293 dum
2116 5240 2348 5295 animam
2369 5240 2527 5296 simul
2556 5248 2610 5296 et
2626 5257 2864 5309 carnem,
2886 5244 2935 5299 in
2962 5244 3247 5315 linigenito
3277 5247 3389 5305 Deo
3414 5260 3551 5304 tem-

1960 5330 2219 5400 poraliter
2250 5329 2389 5386 facta
2418 5340 2562 5398 sunt,
2584 5333 2724 5388 sicut
2752 5333 2911 5404 digne
2941 5336 3246 5395 referuntur
3269 5339 3339 5394 ad
3361 5356 3545 5408 unam,

1958 5435 2079 5491 qua:
2130 5422 2182 5476 in
2215 5422 2309 5478 Del
2338 5422 2474 5479 Filio
2502 5432 2585 5480 est
2620 5423 2914 5481 divinitatis
2942 5428 3395 5499 humanitatisque
3425 5446 3549 5501 per-

1958 5529 2166 5578 sonam,
2210 5514 2289 5570 sic
2316 5514 2384 5570 ad
2414 5515 2821 5587 illiusdlvinam
2848 5519 3154 5575 nullatenus
3202 5530 3427 5591 possunt
3454 5537 3543 5579 re»

1957 5604 2085 5661 ferri
2106 5606 2478 5662 substantiam.
2505 5608 2582 5665 Ac
2603 5624 2702 5680 per
2726 5610 2832 5668 hoc
2856 5612 2989 5668 nihil
3007 5613 3198 5670 horum
3220 5623 3397 5686 potest
3420 5631 3545 5687 per-

1957 5716 2103 5755 sonae
2135 5699 2336 5770 Patris,
2368 5703 2450 5758 vel
2493 5705 2662 5761 sancti
2691 5705 2922 5776 Spiritus
2962 5707 3237 5780 deputari,
3270 5712 3396 5781 quia
3434 5728 3544 5769 non

1957 5804 2037 5846 est
2070 5810 2170 5847 una
2199 5810 2428 5864 persona
2448 5794 2640 5863 Patris,
2672 5805 2728 5852 et
2763 5796 2905 5867 Filii,
2936 5808 2990 5854 et
3015 5798 3248 5871 Spiritus
3277 5803 3467 5858 sancti.

2028 5883 2135 5937 Nec
2165 5886 2442 5955 quisquam
2490 5872 2668 5958 potest
2707 5890 3008 5959 passionem
3054 5894 3540 5964 assninptioncmve

1956 5980 2132 6035 carnis
2168 5977 2313 6035 Patri
2340 5980 2451 6036 sive
2480 5990 2665 6038 sancto
2706 5983 2929 6055 Spiritui
2956 5986 3255 6053 ascribere,
3288 5988 3413 6056 quia
3434 6000 3538 6053 nec
