4066 6346
467 394 569 452 827

1495 377 1550 433 s.
1592 358 1962 431 FULGEN'ru
1999 363 2311 425 EPlSCOPI
2336 361 2711 422 RUSPENSIS

3633 356 3742 413 528

464 512 544 569 fas
569 517 654 567 est
699 469 935 565 divinam
976 511 1218 560 naturam
1261 496 1573 553 mutabilem
1621 494 1674 547 in
1715 492 1895 560 aliquo
1953 494 2046 541 aut
2075 487 2127 546 Α
2151 481 2449 547 consortio,
2481 485 2539 534 ut
2569 489 2841 569 nunquam
2861 472 3032 545 possit
3060 483 3247 527 carere
3268 468 3568 540 supplicio:
3593 473 3745 569 ett-ad

473 605 772 678 passibilem
800 601 1092 673 praedicare
1133 614 1144 648 :
1189 591 1482 650 secundum
1520 603 1680 658 quam
1727 584 1968 640 Christus
1995 587 2051 635 et

471 675 579 756 sine
607 697 761 753 initio
787 709 1001 763 semper
1019 697 1178 744 natus
1203 688 1271 742 de
1298 685 1460 740 Patre
1486 680 1800 753 permansit,
1833 675 2050 746 quando

468 791 531 848 tle
554 797 727 845 matre
754 786 962 841 initium
993 779 1367 851 conceptionis
1394 787 1450 831 et
1481 771 1778 830 nativitatis
1804 767 2046 837 accepit;

471 892 521 940 et
548 877 1125 951 incomprehensibilis,
1155 873 1370 944 quando
1400 887 1459 926 se
1499 864 1882 938 comprehendi
1923 877 2050 933 per-

471 976 641 1040 misit;
667 982 723 1029 et
750 968 1116 1040 impassibilis,
1147 964 1363 1036 quando
1388 960 1655 1032 passionis
1684 956 1910 1026 injurias
1935 967 2054 1006 sen-

473 1069 565 1133 sit;
597 1073 653 1121 et
690 1061 1031 1124 immortalis,
1061 1057 1277 1128 quando
1305 1054 1467 1109 morti
1497 1048 1795 1119 subjacuit;
1829 1054 1884 1100 et
1915 1042 2054 1098 indi-

472 1158 633 1221 visus,
680 1153 894 1224 quando
923 1149 1218 1207 secundum
1247 1160 1465 1202 carnem
1496 1144 1550 1197 in
1587 1139 1836 1210 sepulcro
1861 1135 2051 1206 jacuit,

372 1291 380 1296 -
473 1258 526 1306 et
551 1247 844 1304 secundum
885 1244 1118 1298 animam
1150 1242 1203 1295 in
1228 1239 1510 1294 inferiores
1550 1241 1732 1304 partes
1757 1239 1913 1284 terra:
1954 1226 2051 1280 dc-

474 1340 710 1405 scendit;
734 1345 791 1393 et
819 1338 1130 1398 immensus,
1161 1330 1374 1402 quando
1397 1330 1462 1383 ad
1485 1325 1822 1383 altitudinem
1841 1321 1964 1378 coeli
1987 1319 2056 1376 de

474 1433 628 1504 hujus
651 1440 806 1486 terrm
836 1427 1134 1482 humilitate
1160 1421 1492 1479 conscendit.

1070 1534 1299 1592 CAPUT
1335 1533 1470 1588 XXI.

541 1637 705 1691 [stam
737 1633 894 1688 fidem
915 1633 961 1687 si
989 1629 1152 1686 miser
1176 1626 1509 1684 Fastidiosus
1537 1638 1640 1677 non
1671 1627 1911 1689 negaret,
1943 1617 2061 1671 sine

477 1726 637 1782 dubio
678 1741 783 1779 non
815 1723 1037 1794 periret.
1068 1718 1175 1775 Sed
1206 1718 1461 1787 quoniam
1492 1720 1547 1768 et
1577 1711 1728 1767 factis
1755 1725 1875 1765 eam
1907 1720 2062 1774 nega-

479 1820 552 1874 vit
578 1826 636 1875 et
674 1818 830 1873 dictis
853 1859 868 1882 ,
911 1817 1105 1870 mirum
1146 1829 1253 1867 non
1281 1818 1383 1876 est,
1413 1810 1539 1880 quia
1582 1822 1748 1878 opere
1796 1804 2061 1875 pessimus

2149 575 2258 630 hoc
2285 589 2344 629 se
2362 571 2538 627 voluit
2564 571 2682 626 sine
2711 568 2891 640 aliquo
2919 566 3112 621 timore
3133 577 3382 634 peccare,
3415 569 3475 616 ut
3494 560 3611 616 sine
3638 559 3750 618 fine

2153 677 2454 727 mereretur
2483 666 2695 723 ardere.

2668 815 2896 874 CAPUT
2933 814 3098 870 XXII.

2228 957 2331 1014 Ubi
2359 960 2485 1011 sunt
2513 967 2655 1008 nunc
2682 950 2789 1005 duo
2815 949 2939 1004 anni
2964 947 3039 1002 illi
3066 960 3204 1016 quos
3233 943 3564 1000 Fastidiosus
3591 947 3744 1010 quasi

2155 1051 2342 1108 felices
2394 1047 2602 1113 habuit,
2633 1045 2757 1114 quia
2786 1058 2903 1106 eos,
2932 1041 3074 1096 sicut
3102 1038 3292 1105 voluit,
3344 1036 3660 1091 libidinosus
3687 1035 3748 1090 in

2157 1143 2516 1211 fornicatione
2567 1135 2949 1207 consumpsit?
2996 1132 3166 1200 Quam
3215 1129 3464 1185 celeriter
3515 1128 3738 1183 transie-

2159 1237 2316 1294 runt!
2349 1235 2452 1303 Qui
2495 1234 2658 1289 etiam
2706 1246 2816 1286 non
2845 1229 3020 1283 solum
3045 1225 3281 1286 ducenti,
3313 1222 3408 1278 sed
3434 1222 3596 1278 etiam
3641 1222 3744 1278 duo

2159 1330 2328 1388 millia
2349 1329 2395 1384 si
2421 1334 2622 1390 essent,
2654 1340 2774 1380 cum
2803 1321 3079 1378 celeritate
3106 1318 3464 1374 transiissent.
3496 1315 3635 1382 Quid
3661 1331 3742 1370 au-

2163 1433 2274 1480 tem
2326 1421 2492 1476 miser
2538 1419 2714 1487 faciet,
2746 1431 2869 1472 cum
2921 1414 2988 1469 ad
3031 1412 3288 1483 judicium
3346 1410 3485 1464 illius
3514 1408 3746 1472 venerit,

2162 1531 2324 1589 quem
2353 1513 2610 1582 negavit?
2638 1509 2766 1580 quid
2793 1508 3022 1578 recipiet
3055 1520 3156 1576 pro
3182 1503 3377 1559 talibus
3404 1501 3559 1558 factis
3585 1511 3640 1556 et
3669 1501 3745 1556 di-

2164 1609 2265 1665 ctis
2284 1610 2307 1662 ?
2327 1605 2455 1676 quid
2476 1604 2564 1659 ille
2592 1601 2836 1672 recipiet,
2866 1600 2956 1654 ille
2983 1612 3212 1668 corpore
3238 1595 3564 1661 luxuriosus,
3586 1593 3749 1649 corde

2166 1718 2360 1768 aecus,
2390 1715 2575 1755 errore
2603 1696 2994 1767 blasphemus?
3023 1695 3116 1764 qui
3144 1693 3294 1764 prius
3323 1691 3377 1746 in
3405 1706 3464 1747 se
3492 1689 3749 1761 templum

2167 1796 2265 1851 Dei
2294 1793 2650 1849 fornicatione
2679 1790 2918 1853 violavit,
2960 1787 3158 1844 deinde
3183 1800 3413 1856 corpore
3441 1799 3658 1856 quoque
3687 1783 3751 1839 ab

479 1916 647 1970 factus
675 1921 782 1980 est,
811 1920 867 1967 et
884 1911 994 1980 jam
1022 1924 1274 1965 sermone
1295 1876 1604 1977 perversos,
1621 1876 1681 1956 et
1705 1900 1986 1956 ambulans
2009 1899 2063 1952 in
2094 1885 2142 1945 Β
2168 1886 2414 1944 Ecclesia
2443 1891 2723 1955 separatus
2747 1881 2933 1939 exivit.
2949 1878 3086 1947 Quid
3109 1877 3332 1950 recipiet
3357 1877 3425 1932 ab
3448 1876 3539 1930 illa
3566 1883 3751 1932 sancta

481 2005 714 2061 tenebris
737 2005 982 2058 inimicus
1003 2001 1208 2057 exstitit
1231 1995 1696 2053 lucis.Fornicatio
1718 1993 1914 2062 quippe
1943 2005 2064 2044 cor-

482 2100 698 2170 poralis,
731 2112 851 2168 quae
879 2096 1020 2150 illius
1045 2095 1221 2164 primo
1259 2099 1494 2146 mentem
1519 2101 1847 2156 carnemque
1875 2097 2064 2153 posse-

482 2191 576 2256 dit,
609 2191 723 2260 ipsa
752 2204 875 2244 eum
905 2192 1300 2255 consequenter
1328 2183 1394 2237 ad
1421 2180 1776 2252 praecipitium
1813 2175 2068 2248 spiritalis

485 2281 849 2337 fornicationis
877 2279 1117 2334 attraxit.
1145 2277 1290 2332 Tulit
1317 2275 1458 2330 enim
1486 2273 1724 2329 membra
1755 2270 1978 2336 Christi,
2013 2277 2069 2323 et

483 2375 608 2430 fecit
628 2373 868 2428 membra
897 2370 1214 2437 meretricis.
1241 2367 1308 2421 Et
1334 2368 1456 2422 ideo
1486 2379 1594 2419 non
1624 2362 1888 2417 dubitavit
1914 2360 2071 2414 casti-

485 2473 651 2518 tatem
699 2461 819 2516 lidei
851 2460 1107 2531 perdere,
1149 2458 1275 2527 quia
1308 2471 1412 2510 non
1462 2469 1521 2508 se
1550 2451 1720 2506 doluit
1766 2448 2070 2504 castitatem

484 2554 725 2624 corporis
751 2552 1013 2607 amisisse.
1042 2549 1180 2604 Ecce
1203 2554 1463 2617 quantum
1490 2544 1691 2599 malum
1722 2541 1931 2596 luxuria
1947 2555 2070 2595 car-

425 2634 431 2642 ’
487 2645 588 2710 nis,
619 2659 739 2714 quze
768 2643 916 2696 illum
947 2641 1203 2694 miserum
1229 2652 1400 2707 usque
1428 2635 1494 2690 ad
1526 2633 1866 2702 negationem
1897 2629 2074 2700 potuit

487 2733 783 2805 perducere
816 2731 1084 2787 veritatis!
1126 2730 1253 2784 Hme
1304 2727 1420 2791 fuit,
1473 2728 1588 2781 haec
1617 2724 1716 2780 fuit
1745 2731 2071 2792 tempestas,

487 2837 602 2892 quae
632 2822 842 2892 paleam
880 2819 948 2874 de
994 2833 1118 2873 area
1147 2816 1418 2872 dominica
1465 2813 1684 2884 rapuit,
1735 2822 1790 2866 et
1822 2810 2076 2882 vepribus

489 2914 752 2969 haereticze
799 2911 1091 2981 impietatis
1120 2908 1308 2963 inﬁxit.
1357 2905 1488 2961 Hzee
1520 2905 1669 2959 illum
1716 2902 1843 2958 fecit
1886 2907 2076 2956 contra

491 3010 637 3057 suam
677 2999 1062 3056 conscientiam
1106 2995 1272 3067 loqui,
1307 3001 1363 3050 et
1390 2994 1443 3049 in
1485 2991 1870 3048 contumeliam
1910 2989 2078 3058 ipsius

492 3089 768 3144 Trinitatis
797 3103 1052 3158 perverso
1073 3100 1326 3142 sermone
1345 3083 1570 3138 versari.
1601 3080 1787 3149 Neque
1813 3079 1958 3135 enim
1984 3093 2078 3133 ve-

494 3197 608 3236 rum
637 3180 894 3237 credebat
923 3195 1042 3234 esse
1071 3178 1212 3248 quod
1243 3177 1396 3242 dixit,
1422 3175 1515 3231 sed
1540 3175 1654 3244 jam
1683 3173 1882 3242 duplici
1913 3171 2078 3227 corde

2167 1978 2451 2041 Trinitate,
2482 1976 2573 2047 qui
2602 1974 2792 2030 maluit
2818 1987 3007 2028 servus
3033 1984 3154 2026 esse
3181 1967 3407 2024 luxuriae
3445 1973 3606 2038 atque
3634 1981 3751 2038 per-

2169 2071 2345 2126 tidize?
2365 2069 2502 2137 Quid
2528 2069 2712 2138 utique
2740 2067 2841 2122 nisi
2870 2068 3052 2137 ignem
3072 2075 3354 2130 aeternum,
3379 2077 3538 2135 quem
3560 2063 3756 2121 talibm

2169 2171 2383 2219 constat
2439 2160 2693 2230 operibus
2743 2157 3150 2230 praeparatum?
3195 2155 3264 2212 Et
3314 2157 3369 2212 in
3411 2157 3517 2211 hoc
3544 2155 3753 2224 quidem

2169 2263 2414 2326 tempore
2442 2255 2551 2309 cito
2583 2254 2730 2308 finita
2757 2259 2840 2307 est
2857 2251 3142 2307 Fastidiosi
3171 2249 3476 2312 fornicatio,
3506 2247 3660 2317 cujus
3686 2259 3753 2301 ta-

2170 2362 2295 2401 men
2327 2347 2379 2400 in
2408 2345 2500 2400 illo
2530 2345 2651 2413 igne
2683 2360 2792 2399 non
2827 2342 3045 2398 finietur
3071 2350 3272 2398 aeterna
3300 2341 3624 2398 combustio.
3653 2338 3754 2393 Fu-

2173 2439 2321 2507 giant
2348 2451 2477 2505 ergo
2506 2437 2797 2491 Christiani
2825 2444 3109 2506 utramque
3136 2433 3570 2497 fornicationem,
3603 2445 3757 2502 quam

2173 2531 2339 2587 miser
2384 2529 2717 2584 Fastidiosus
2760 2529 3026 2593 incurrit;
3058 2536 3114 2582 ut
3144 2526 3512 2584 custodientes
3557 2524 3757 2579 animas

2175 2637 2318 2686 suas,
2334 2621 2635 2676 castitatem
2654 2628 2871 2675 servent
2891 2631 2945 2674 et
2966 2618 3144 2674 cordis
3171 2626 3226 2674 et
3244 2615 3508 2687 corporis.
3525 2615 3758 2671 Teneant

2181 2712 2323 2769 intra
2347 2711 2646 2766 Ecclesiam
2671 2709 2993 2766 catholicam
3023 2708 3204 2764 fidem.
3244 2707 3485 2763 Credant
3512 2715 3565 2761 et
3593 2705 3757 2762 confi.

2179 2812 2398 2860 teantur
2422 2802 2836 2872 inseparabilem
2867 2808 3033 2870 atque
3063 2800 3391 2855 individuam
3420 2797 3758 2865 Trinitatem;

2179 2910 2297 2966 qua:
2320 2895 2373 2948 in
2400 2909 2495 2949 sua
2516 2892 2695 2947 divina
2718 2900 2906 2946 natura
2930 2890 3063 2945 nihil
3085 2890 3250 2944 habet
3278 2887 3644 2953 factum,nihil
3672 2887 3760 2942 ali-

2180 2999 2448 3060 quatenus
2474 2987 2826 3052 inchoatum;
2875 2985 3028 3055 cujus
3077 3001 3186 3040 uno
3214 2991 3377 3053 atque
3431 2981 3764 3052 inseparabil'

2181 3097 2347 3153 opere
2373 3082 2511 3136 facta
2542 3088 2668 3135 sunt
2692 3079 2872 3134 omnia
2921 3078 2973 3132 in
2996 3077 3146 3132 emlis
3188 3083 3244 3131 et
3272 3076 3326 3130 in
3351 3083 3512 3138 terra,
3541 3073 3764 3128 visibilis

2182 3183 2237 3228 et
2285 3171 2589 3227 invisibilia.
2640 3167 2876 3224 Credant
2924 3167 3271 3223 nihilominus
3310 3174 3365 3220 et
3414 3161 3765 3220 confiteantur

496 3273 679 3328 maluit
703 3273 865 3344 359
883 3269 1028 3328 aliud
1056 3271 1237 3325 dicere
1256 3283 1419 3338 quam
1447 3266 1721 3322 credebat.
1745 3263 1860 3331 Qua
1882 3262 2076 3332 deSpe-
2106 3265 2152 3330 C
2184 3262 2529 3332 Unigenitum
2561 3262 2756 3324 Deum,
2808 3261 2983 3316 solum
3012 3258 3309 3314 secundum
3349 3271 3532 3310 veram
3579 3252 3767 3308 divini-

495 3365 703 3419 ratione
731 3378 1030 3433 possessus,
1075 3369 1136 3415 ut
1163 3361 1279 3431 ipse
1305 3359 1407 3415 sibi
1439 3357 1676 3413 auferret
1703 3371 1856 3426 spem
1883 3355 2076 3411 remis-

497 3457 676 3522 sionis,
715 3456 887 3510 voluit
914 3470 1010 3526 per
1038 3453 1308 3508 licentiam
1340 3451 1564 3521 implere
1593 3448 1991 3504 delectamenta
2017 3446 2081 3500 li-

496 3550 706 3605 bidinis.
748 3547 826 3602 Ex
869 3564 965 3603 ore
1013 3547 1198 3616 itaque
1245 3560 1345 3599 suo
1387 3559 1495 3613 quo
1540 3539 1824 3612 justiﬁcari
1873 3539 2103 3603 debuit,-

498 3647 850 3708 augmentum
891 3637 1356 3694 condenmationis
1397 3634 1635 3704 accepit,
1665 3632 1878 3703 quando
1907 3631 2087 3700 lingua

499 3729 632 3799 ejus,
665 3746 784 3799 quae
805 3729 1037 3784 debebat
1060 3728 1393 3798 paenitentia:
1412 3726 1578 3781 verba
1609 3725 1869 3795 proferre,
1897 3730 2090 3793 protu-

500 3822 561 3875 lit
588 3821 752 3875 verba
782 3821 1148 3889 blasphemiae.
1192 3819 1322 3873 Illuc
1356 3819 1536 3886 itaque
1561 3817 1724 3871 miser
1752 3814 2084 3869 Fastidiosus

500 3913 689 3964 maluit
717 3911 968 3973 transire,
1001 3911 1088 3965 ubi
1113 3919 1168 3964 et
1195 3918 1383 3966 contra
1409 3909 1576 3963 Deum
1601 3907 1859 3976 sacrilega
1889 3919 2085 3975 proca-

501 4003 665 4056 citate
703 4001 944 4064 latraret,
979 4009 1032 4056 et
1062 4003 1112 4055 in
1146 4001 1257 4055 suis
1285 3999 1750 4064 fornicationibus,
1783 3999 1907 4066 quia
1931 3997 2087 4051 timo-

504 4109 615 4147 rem
641 4092 735 4146 Dei
763 4108 868 4146 nou
906 4092 1111 4154 habuit,
1145 4093 1308 4146 etiam
1332 4092 1602 4145 hominem
1629 4106 1735 4152 non
1760 4087 2092 4144 timeret.Vm

2182 3363 2350 3410 tatem
2381 3362 2563 3409 natum
2591 3353 2660 3408 de
2689 3351 2874 3417 Patre,
2924 3351 3099 3407 solum
3129 3349 3422 3405 secundum
3449 3363 3635 3402 veram
3674 3347 3770 3401 hu-

2185 3445 2504 3500 manitatem
2545 3451 2785 3499 creatum
2815 3459 2884 3498 ex
2926 3442 3168 3512 Virgine;
3221 3457 3285 3497 ac
3312 3456 3411 3512 per
3438 3440 3562 3508 hoc,
3613 3455 3770 3510 opere

2175 3543 2468 3598 Trinitatis
2504 3556 2722 3597 carnem
2772 3548 2934 3611 atque
2962 3542 3195 3594 animam
3222 3537 3541 3606 rationalem
3569 3536 3625 3592 in
3656 3534 3753 3590 uni

2193 3644 2305 3691 tate
2337 3648 2582 3704 persona:
2626 3648 2728 3702 pro
2753 3632 2937 3686 mundi
2988 3629 3161 3686 salute
3189 3635 3515 3698 susceptam.
3547 3625 3664 3682 Hoc
3688 3625 3760 3680 lir

2196 3727 2435 3782 missime
2463 3725 2760 3780 retinentes
2809 3723 3088 3793 proferant
3115 3729 3170 3777 et
3195 3727 3545 3792 perseverent
3573 3719 3627 3773 in
3651 3733 3775 3788 ope-

2186 3818 2335 3874 ribus
2385 3816 2564 3871 bonis.
2595 3814 2652 3869 In
2686 3813 2901 3868 Christo
2935 3812 3076 3868 enim
3107 3811 3233 3867 Jesu
3280 3809 3396 3868 sola
3445 3809 3590 3864 valet
3628 3808 3768 3863 fndes

2190 3923 2310 3977 qua:
2335 3922 2431 3978 per
2460 3906 2742 3962 caritatem
2765 3911 3022 3974 operat-ur
3050 3901 3194 3972 (Gal.
3219 3917 3271 3964 v,
3297 3900 3374 3970 6),
3403 3916 3434 3954 a
3463 3915 3567 3970 qua
3591 3898 3634 3953 si
3664 3898 3779 3968 quis

2193 3999 2520 4064 discesserit,
2554 3999 2669 4068 ipse
2699 4012 2806 4052 sum
2859 3996 3053 4050 animae
3083 4009 3208 4049 reus
3237 3993 3360 4048 erit.
3392 3989 3577 4045 Omnis
3603 3998 3783 4044 auter:

2196 4090 2288 4159 qui
2316 4090 2368 4144 in
2414 4105 2478 4143 ea
2511 4086 2945 4159 perseveraverit
2971 4100 3141 4156 usque
3170 4084 3224 4139 in
3260 4082 3441 4150 finem,
3494 4081 3581 4137 hic
3606 4081 3783 4136 salvm

506 4183 580 4238 illi
624 4182 822 4242 misero
848 4224 861 4246 ,
914 4183 1005 4251 qui
1056 4182 1122 4236 ad
1151 4182 1256 4237 hoc
1285 4182 1658 4236 ecclesiastico
1688 4180 1859 4235 voluit
1894 4181 2095 4251 privari
2197 4184 2301 4237 erit
2331 4181 2544 4256 (Matth.
2581 4199 2636 4250 x,
2665 4180 2779 4252 9.2).

1525 4421 1673 4535 S.
1761 4422 2768 4535 FULGENTII

1020 4621 1195 4732 DE
1285 4617 2133 4732 REMISSIONE
2179 4585 3216 4757 'PECCATORUM,

1304 4809 1462 4939 Al.)
1538 4798 2285 4913 EUTHYMIUM
2339 4805 2647 4888 LIBRI
2701 4803 2990 4897 DUO.

1770 5063 2060 5140 LIBER
2117 5059 2528 5140 PRIMUS.

922 5284 1083 5355 360
1119 5279 1346 5336 CAPUT
1386 5277 1675 5334 PRIMUM.

576 5378 863 5450 Explicare
891 5389 1102 5444 nequeo
1130 5373 1328 5435 verbis,
1347 5369 1598 5444 Euthymi
1620 5369 1916 5435 carissime,
1935 5383 2098 5437 quan-

508 5480 619 5526 tum
648 5469 829 5526 studio
862 5476 956 5522 tuo
985 5464 1384 5534 congaudeam:
1415 5462 1559 5532 quod
1581 5477 1690 5517 non
1719 5461 1892 5516 solum
1919 5461 1972 5516 in
2000 5459 2098 5515 do-

467 5637 470 5640 .
510 5577 594 5616 mo
623 5567 717 5615 tua
744 5559 954 5630 positus
982 5556 1290 5613 cmlestibus
1313 5556 1553 5610 animum
1597 5554 1891 5625 Scripturis
1918 5551 2096 5609 indul-

511 5667 618 5722 ges,
644 5651 739 5708 sed
769 5652 930 5707 etiam
984 5657 1228 5704 sanctam
1281 5648 1426 5716 vigili
1465 5647 1629 5703 corde
1667 5647 1976 5716 frequentas
2003 5661 2095 5703 ec-

513 5744 746 5811 clesiam,
761 5751 821 5798 ut
841 5758 961 5798 cum
985 5741 1180 5796 divinis
1200 5740 1431 5808 eloquiis
1459 5739 1703 5808 corporis
1723 5739 1960 5794 exterior
1987 5738 2101 5809 pul-

515 5847 655 5892 satur
695 5836 925 5901 auditus,
956 5833 1182 5888 interior
1227 5834 1417 5886 anima:
1446 5838 1547 5886 tum
1575 5839 1826 5901 pascatur
1851 5832 2094 5886 allectus.

515 5930 706 5988 Gratia:
734 5929 930 5998 quippe
959 5928 1151 5981 divina:
1182 5941 1317 5996 opus
1345 5925 1831 5994 aguoscitur.quod
1861 5926 1914 5981 in
1937 5925 2098 5982 domo

2122 5281 2177 5342 D
2201 5277 2299 5334 Dei
2319 5277 2529 5332 illorum
2547 5274 2818 5345 colloquio
2833 5273 3147 5346 spiritaliter
3164 5271 3356 5328 frueris
3371 5286 3508 5342 quos
3527 5271 3582 5327 in
3607 5286 3816 5330 amore

2200 5369 2394 5424 divinae
2436 5368 2568 5437 legis
2597 5366 2807 5423 fervere
2835 5365 3149 5435 cognoscis;
3183 5379 3283 5420 nec
3308 5379 3428 5420 cum
3469 5363 3818 5433 quibusdam

2200 5459 2486 5517 delectaris
2515 5459 2758 5516 inutilem
2788 5459 3016 5514 miscere
3049 5470 3377 5523 sermonem,
3407 5454 3500 5525 qui
3528 5454 3598 5509 ad
3623 5454 3822 5512 vitale

2200 5558 2440 5614 cmlestis
2490 5555 2638 5611 verbi
2686 5554 2992 5609 convivium
3039 5553 3159 5608 sine
3201 5566 3297 5606 sua
3326 5549 3560 5606 utilitate
3590 5563 3822 5608 conve-

2161 5697 2167 5701 ,
2201 5649 2356 5704 niunt
2380 5691 2395 5717 ,
2427 5655 2506 5717 et,
2536 5645 2829 5702 secundum
2878 5659 3129 5699 veracem
3179 5643 3521 5712 coarguentis
3558 5642 3827 5713 apostoli

2200 5739 2349 5795 Pauli
2365 5755 2695 5804 sermonem,
2717 5753 2748 5792 a
2770 5737 2996 5792 veritate
3017 5735 3232 5806 quidem
3254 5735 3495 5789 auditum
3516 5741 3827 5800 avertunt,

2203 5831 2268 5883 ad
2295 5829 2500 5884 fabulas
2533 5837 2714 5883 autem
2745 5834 3130 5884 convertuntur
3154 5824 3207 5895 (Ι
3215 5825 3241 5879 1
3273 5823 3406 5880 Tim.
3439 5841 3513 5890 tv,
3539 5825 3616 5895 4).
3642 5825 3833 5890 Quos

2202 5936 2310 5978 non
2356 5920 2622 5977 immerito
2670 5920 2897 5980 dixerim
2945 5919 3148 5975 similes
3179 5917 3281 5974 illis
3319 5932 3552 5986 quorum
3582 5923 3796 5977 stoma
