4048 6342
288 392 386 451 $29

1303 391 1389 449 DE
1422 393 1822 451 REMISSIONE
1864 387 2323 452 PECCATORUM
2364 396 2489 451 LIB.
2531 398 2571 453 l.

3464 397 3572 460 550

288 507 437 573 :hus,
483 504 764 561 mortifero
803 511 1089 577 superatus
1119 505 1353 572 fastidio,
1382 507 1559 563 inedia
1587 506 1759 576 magis
1786 508 1868 562 in-
1897 510 1951 571 Α
1972 518 2021 563 et
2042 509 2296 577 laetitiam,
2314 518 2364 564 et
2383 509 2713 564 exsultabant
2734 525 2854 565 ossa
2897 510 3170 567 humiliata
3193 510 3363 584 (Psal.
3381 529 3433 580 ι,
3456 515 3568 585 10).

286 597 500 655 venitur
539 597 797 677 delectari
826 612 987 668 quam
1012 597 1174 665 cibo;
1207 607 1262 654 et
1290 598 1361 653 ob
1400 599 1504 656 hoc
1534 598 1726 656 frustra
1777 600 1880 657 sibi

284 686 636 751 medicinales
655 686 867 742 divitias
886 688 1162 759 appositas
1192 686 1452 757 cernunt;
1483 705 1617 760 quas
1642 690 1770 747 dum
1789 707 1880 747 re-

283 787 477 835 eusant
506 780 809 851 percipere,
840 794 946 835 nec
971 778 1186 836 virtutis
1209 780 1412 851 aliquid
1438 781 1582 850 inde,
1606 797 1708 838 nee
1729 783 1878 843 sani-

279 878 413 930 tatis
458 872 779 942 acquirunt;
827 880 992 943 atque
1044 873 1099 928 in
1128 872 1291 929 domo
1338 874 1534 931 medici
1563 883 1882 945 spernentes

283 964 534 1020 oblatum
553 962 776 1020 medela:
802 962 1059 1035 Spiritalis
1081 964 1184 1021 sibi
1212 965 1531 1033 antidotum,
1546 966 1614 1021 ad
1641 967 1746 1024 hoc
1759 982 1883 1023 cum

281 1054 689 1111 infirmitatibus
717 1055 830 1111 suis
853 1055 1101 1126 (intrant,
1139 1064 1200 1111 ut
1244 1056 1483 1113 deterius
1511 1057 1706 1113 infirmi
1727 1073 1885 1114 rece-

280 1148 437 1204 dant.
469 1148 676 1216 Quibus
704 1156 885 1204 tamen
914 1157 1112 1220 potens
1149 1158 1235 1206 est
1270 1150 1530 1207 Dominus
1555 1152 1703 1208 verbi
1740 1153 1823 1208 sui
1855 1161 1883 1191 ι

279 1240 710 1297 delectationem
754 1241 1229 1311 cognitionemque
1279 1242 1482 1314 largiri,
1512 1253 1571 1300 ut
1614 1244 1883 1301 bonorum

279 1332 699 1393 mﬂammentur
742 1337 1024 1408 exemplis.
1071 1337 1276 1404 Quibus
1319 1337 1577 1395 admoniti
1608 1339 1911 1410 negligen--

278 1426 419 1481 tiam
448 1441 561 1481 suae
587 1426 950 1483 cunctationis
964 1425 1244 1496 abjieiant,
1270 1434 1325 1483 et
1345 1426 1596 1485 effectum
1617 1428 1806 1484 salutis
1826 1429 1881 1485 in

278 1518 459 1589 ipsius
484 1518 681 1576 medici
706 1517 1010 1581 salubribus
1036 1522 1320 1591 praeceptis
1347 1530 1592 1592 qumrant
1617 1541 1630 1576 :
1671 1531 1731 1577 ut
1757 1539 1882 1578 eum

278 1609 363 1666 his
416 1610 536 1680 qui,
565 1618 966 1681 perscrutantes
998 1612 1309 1668 testimonia
1330 1611 1564 1679 Domini,
1592 1614 1883 1683 exquirunt

278 1716 433 1768 eum,
480 1702 584 1773 ipsi
612 1717 830 1773 quoque
874 1719 975 1775 pro
1003 1703 1177 1760 salute
1196 1720 1292 1760 sua
1320 1721 1428 1761 non
1454 1704 1715 1763 desistant
1735 1721 1883 1778 quite-

278 1809 410 1851 rere
441 1794 587 1865 quod
615 1796 785 1866 possit
812 1811 843 1851 a
872 1796 1241 1867 quaerentibus
1270 1797 1519 1854 inveniri.
1563 1870 1570 1877 ο

817 1930 977 2002 331
1027 1929 1256 1987 CAPUT
1293 1931 1358 1988 ιι.

352 2042 611 2115 Epistola
641 2045 824 2116 itaque
864 2061 1027 2117 quam
1066 2047 1200 2102 mihi
1227 2047 1442 2116 misisti,
1474 2047 1600 2105 licet
1621 2049 1689 2106 de
1716 2049 1884 2109 corde

279 2143 383 2190 tuo
426 2151 540 2192 non
581 2135 784 2207 aliquid
815 2137 972 2194 nobis
1023 2137 1286 2194 intimarit
1334 2138 1686 2209 incognitum,
1732 2141 1884 2201 cordi

278 2235 474 2284 tamen
515 2237 703 2285 nostro
748 2244 1002 2299 magnum
1049 2231 1441 2290 incrementum
1468 2234 1665 2292 laetitiae
1692 2237 1746 2293 in
1770 2236 1885 2297 Do-

278 2323 442 2379 mino
460 2320 789 2393 subrogavit.
809 2322 1094 2395 Cognitum
1115 2325 1315 2399 quippe
1340 2327 1498 2384 nobis
1517 2337 1620 2395 est,
1644 2329 1883 2387 divinam

274 2413 337 2469 in
367 2420 433 2470 te
457 2414 687 2484 gratiam
705 2414 1130 2473 misericorditer
1152 2417 1388 2488 operari,
1422 2426 1474 2475 te
1494 2434 1636 2491 Stepe
1656 2435 1721 2477 ac
1743 2420 1885 2477 mul-

278 2511 402 2559 tum
428 2504 499 2561 de
518 2505 837 2563 remissione
855 2516 1201 2578 peccatorum
1217 2510 1476 2581 cogitare.
1498 2510 1882 2571 Verumtamen

279 2597 414 2654 ideo
442 2607 683 2655 nostram
709 2600 821 2656 dixi
842 2592 1083 2659 crevisse
1109 2601 1375 2674 ltetitiam,
1398 2604 1525 2674 quia
1550 2605 1631 2661 sic
1657 2605 1884 2677 adipisci

277 2689 666 2746 remissionem
695 2699 1043 2763 peccatorum
1082 2692 1376 2763 desideras,
1419 2703 1480 2751 ut
1518 2695 1759 2766 ejusdem
1795 2714 1886 2755 re-

278 2781 568 2837 missionis
595 2781 845 2839 effeetum
875 2782 1191 2855 frequenter
1218 2800 1283 2841 ac
1310 2785 1596 2856 vigilanter
1618 2788 1880 2861 inquiras.

278 2870 431 2928 Dicis
451 2872 615 2942 igitur
632 2873 775 2930 inter
799 2889 897 2932 vos
924 2883 1108 2931 natam
1135 2891 1257 2933 esse
1299 2878 1675 2948 qumstionem,
1719 2896 1882 2953 quam

277 2966 412 3021 licet
456 2966 574 3036 ipse
626 2967 855 3034 recolas,
906 2968 1074 3025 malui
1102 2977 1285 3026 tamen
1332 2970 1497 3027 verba
1531 2987 1651 3043 qua:
1697 2972 1751 3029 in
1792 2982 1885 3030 tua

276 3057 633 3113 continentur
651 3060 899 3131 epistola,
923 3061 1043 3132 ipso
1071 3078 1181 3134 quo
1209 3077 1241 3118 a
1261 3070 1317 3120 te
1342 3073 1467 3119 sunt
1492 3071 1685 3122 tenore
1704 3067 1884 3138 posita

278 3149 414 3206 huic
445 3150 709 3220 opusculo
737 3152 1009 3209 inserere:
1040 3160 1098 3210 ut
1125 3170 1235 3211 non
1268 3154 1448 3211 solum
1490 3163 1549 3211 tu
1570 3172 1637 3212 ex
1662 3157 1883 3229 propria

277 3240 586 3296 dictatione
611 3257 988 3313 recognoscas,
1012 3245 1112 3303 sed
1139 3246 1303 3302 etiam
1331 3247 1574 3318 quisquis
1616 3248 1752 3305 alius
1798 3250 1882 3308 le-

279 3332 447 3401 gerit,
479 3331 609 3387 dum
649 3334 975 3404 cognitionis
1018 3339 1465 3407 percunctatione
1508 3339 1781 3407 imbuitur,
1813 3340 1883 3397 ad

280 3423 699 3492 intelligentiam
748 3427 1119 3496 responsionis
1187 3429 1520 3485 commodius
1563 3430 1878 3487 instruatur.

279 3512 500 3581 Qumris
525 3515 706 3584 itaque
729 3526 902 3571 utrum
931 3534 1107 3573 rerum
1152 3520 1391 3576 conditor
1411 3518 1664 3575 Dominus
1700 3522 1754 3575 in
1784 3522 1883 3578 hoc

281 3605 482 3661 sascuto
507 3608 859 3665 tantummodo
886 3608 1066 3682 quibus
1096 3610 1310 3665 uoluerit
1338 3620 1548 3682 peccata
1575 3613 1804 3678 dimittit,
1832 3623 1885 3670 et

281 3697 357 3751 sic
386 3695 419 3735 ι)
446 3696 568 3751 hinc
588 3699 855 3770 quisquam
880 3701 1079 3756 solutus
1119 3712 1296 3767 exeat;
1343 3718 1411 3756 an
1439 3718 1530 3773 per
1556 3703 1882 3773 omnipoten-

282 3788 411 3841 tiam
429 3804 582 3843 suam
629 3787 808 3861 quibus
858 3791 915 3845 in
964 3793 1153 3847 saeculo
1208 3793 1451 3863 prtesenti
1507 3809 1611 3847 non
1663 3793 1882 3861 dimisit,

281 3882 593 3938 exeuntibus
617 3883 680 3937 de
704 3900 918 3955 corpore
940 3893 1062 3940 ante
1086 3886 1221 3940 diem
1239 3884 1427 3957 judieii
1466 3893 1676 3957 peccata
1701 3887 1884 3941 dimit-

282 3983 385 4040 tat,
411 3976 492 4029 νει
518 3976 575 4030 in
600 3976 780 4031 eodem
807 3978 891 4032 die
918 3979 1082 4051 futuri
1105 3979 1303 4034 swcuti.
1335 3975 1463 4033 Haec
1498 3993 1690 4049 nempe
1716 3978 1883 4034 verba

284 4080 411 4136 qua:
440 4067 600 4136 posui
651 4069 956 4126 recordaris
1007 4070 1255 4142 profecto
1306 4070 1429 4138 tuis,
1482 4080 1542 4125 ut
1585 4069 1699 4141 jam
1747 4071 1879 4139 dixi,

283 4159 560 4215 contineri

882 4288 893 4291 ‘
913 4272 1147 4332 CAPUT
1184 4274 1271 4331 Ill.

358 4385 419 4440 ln
463 4383 628 4455 hujus
689 4386 1029 4443 absolutione
1082 4388 1395 4458 qumstionis
1462 4386 1707 4458 ﬂagitare
1785 4405 1885 4448 vos

287 4478 448 4535 video
482 4481 769 4550 parvitatis
812 4491 1010 4539 nostra:
1058 4482 1401 4538 sententiam.
1443 4480 1677 4538 Proinde
1723 4498 1884 4553 spero

286 4573 345 4630 in
375 4572 704 4629 abundantia
728 4574 989 4631 bonitatis
1019 4573 1135 4641 Dei,
1167 4590 1274 4644 qua
1320 4575 1397 4630 sic
1426 4583 1511 4630 est
1551 4575 1640 4630 ille
1669 4590 1882 4646 semper

1984 600 2106 671 Alio
2128 601 2257 657 loco
2285 602 2541 672 majestas
2560 602 2676 673 ipsa
2705 602 2782 658 sic
2811 602 3051 671 loquitur
3079 621 3093 657 :
3128 602 3297 674 Super
3317 621 3462 677 quem
3492 623 3573 659 re-

1983 692 2203 763 quiescet
2233 692 2461 761 Spiritus
2490 709 2655 762 meas,
2684 693 2785 747 nisi
2813 708 2967 763 super
2996 693 3237 749 humilem
3257 682 3570 767 etquietum,

1981 791 2032 836 et
2058 782 2537 838 trementem'uerba
2557 798 2671 838 mea
2712 781 2869 855 (Isai.
2892 799 3037 851 LXV],
3065 785 3166 857 2)?
3195 785 3302 841 Nec
3322 797 3453 842 vero
3473 785 3575 842 iste

1981 871 2240 945 Spiritus
2267 873 2363 931 Dei
2417 874 2496 932 sic
2524 891 2688 947 super
2714 876 2973 932 humilem
3002 885 3058 933 et
3090 878 3331 946 quietum
3360 878 3575 948 requie-

1984 967 2107 1033 scit,
2138 975 2199 1021 ut
2234 982 2343 1023 non
2383 967 2518 1049 ipse.
2538 967 2780 1037 quietum
2826 968 3192 1039 humilemque
3238 968 3422 1038 faciat,
3476 968 3576 1026 sed

1983 1063 2243 1126 tanquam
2270 1058 2525 1114 humilem
2555 1059 2907 1130 quietumque
2944 1058 3286 1131 requieturus
3314 1060 3575 1117 inveniat.

1984 1146 2047 1204 In
2075 1165 2143 1206 eo
2180 1150 2381 1221 quippe
2427 1167 2591 1222 super
2626 1150 2887 1208 humilem
2933 1160 2990 1208 et
3036 1152 3279 1221 quietum
3324 1149 3577 1222 dignatu'r

1984 1240 2344 1309 requiescere,
2372 1242 2497 1312 quia
2527 1258 2693 1313 super
2711 1258 2872 1313 quem
2902 1243 3213 1313 requiescit,
3242 1244 3483 1317 quietum
3521 1255 3579 1302 et

1986 1332 2243 1388 humilem
2280 1332 2427 1388 facit.
2466 1334 2581 1391 Hoc
2608 1350 2740 1405 ergo
2766 1334 3000 1407 Spiritus
3034 1344 3254 1393 sanctus
3298 1346 3576 1410 operatur,
3638 1390 3643 1397 ,
3674 1412 3675 1415 η

1985 1433 2048 1480 ιιι
2073 1426 2260 1481 vitium
2287 1427 2551 1496 superbia:
2572 1434 2737 1498 atque
2765 1426 3149 1497 inquietudinis
3184 1428 3252 1485 ab
3277 1429 3496 1485 homine
3521 1430 3578 1486 in
3631 1419 3643 1433 ’

1985 1530 2096 1585 quo
2129 1518 2439 1587 requiescit,
2485 1518 2755 1589 expellat;
2781 1535 2845 1574 ac
2872 1521 2952 1576 sie
2996 1520 3361 1590 praeveniente
3387 1523 3578 1579 sancti

1987 1607 2149 1678 362
2179 1605 2409 1677 Spiritus
2436 1610 2775 1679 operatione,
2798 1610 3034 1666 hominis
3062 1611 3394 1667 voluntatem
3414 1612 3577 1669 mise-

1986 1698 2275 1753 ricorditer
2300 1699 2637 1767 immntante,
2668 1717 2830 1757 omne
2855 1702 3139 1773 praeterita:
3181 1702 3429 1760 humana:
3475 1705 3576 1761 ini-
3658 1764 3666 1768 _

1988 1789 2213 1859 quitatis
2243 1790 2512 1848 vinculum
2537 1794 2707 1863 gratis
2728 1794 2853 1851 data
2888 1795 3067 1853 solvat
3103 1796 3348 1856 remissio
3382 1812 3579 1878 pecca-_

1912 1883 1963 1944 Β
1988 1886 2189 1937 torum.

2610 1998 2838 2056 CAPUT
2873 2000 2962 2057 IV.

2059 2086 2180 2143 Non
2196 2088 2379 2160 itaque
2396 2088 2464 2145 de
2484 2104 2544 2146 re
2562 2105 2730 2161 parva
2758 2090 3092 2158 disserimus,
3114 2105 3218 2148 nec
3241 2092 3351 2149 vile
3378 2094 3578 2165 aliquid

1987 2178 2296 2250 quaerimus,
2324 2195 2449 2237 cum
2476 2179 2544 2237 de
2571 2181 2890 2239 remissione
2916 2190 3283 2253 peccatorum,
3317 2191 3579 2255 quantum

1986 2270 2169 2326 divina
2193 2271 2414 2342 largitas
2439 2271 2690 2343 adjuvat,
2734 2273 3090 2345 disputamus.
3122 2273 3226 2331 Per
3268 2275 3409 2333 hanc
3435 2282 3578 2333 enim

1987 2364 2058 2421 de
2085 2372 2358 2435 potestate
2382 2365 2728 2422 tenebrarum
2759 2366 3062 2437 eripiuntur
3080 2383 3217 2438 quos
3245 2367 3387 2424 Deus
3415 2374 3578 2426 trans-
3617 2363 3627 2372 ”

1988 2454 2129 2511 feret
2164 2455 2219 2511 in
2247 2471 2475 2527 regnum
2524 2456 2617 2512 filii
2661 2457 2966 2514 dilectionis
3012 2473 3122 2514 sua:
3161 2457 3355 2531 (Catos.
3394 2476 3430 2527 ι,
3466 2460 3577 2532 l5).

1989 2545 2097 2603 Per
2114 2547 2287 2618 ipsam
2315 2548 2410 2618 (at.
2443 2548 2603 2621 hanc)
2645 2549 2945 2606 liberantur
2980 2550 3050 2606 ab
3076 2559 3277 2607 interna
3314 2568 3493 2622 pcena,
3522 2560 3577 2608 ut

1988 2640 2269 2711 potiantur
2292 2647 2498 2696 aeterna
2544 2641 2748 2698 laetitia.
2791 2640 2899 2699 Per
2924 2642 3072 2698 illam
3102 2643 3393 2714 deponitur
3420 2661 3577 2717 onus,

1987 2747 2087 2787 seu
2121 2733 2269 2802 quod
2287 2732 2542 2790 nativitas
2567 2732 2762 2790 vitiosa
2791 2733 2977 2801 traxit,
3007 2733 3123 2791 sive
3149 2734 3295 2805 quod
3328 2736 3577 2806 iniquitas
3647 2772 3655 2779 -

1987 2822 2200 2878 vitiosae
2218 2821 2515 2892 juventutis
2557 2833 2580 2863 ο
2610 2823 2831 2893 adjecit.
2875 2823 2981 2881 Per
3026 2834 3148 2882 eam
3189 2824 3437 2897 Christus
3486 2841 3578 2884 eos

1987 2914 2085 2985 qui
2113 2914 2363 2971 laborant
2390 2923 2446 2970 et
2473 2916 2687 2972 onerati
2707 2925 2833 2976 sunt
2863 2918 3144 2975 venientes
3184 2918 3251 2975 ad
3287 2935 3347 2976 se
3384 2918 3579 2992 reficit,

1988 3006 2184 3076 quibus
2212 3006 2335 3063 lene
2361 3006 2453 3079 (al.
2484 3006 2629 3078 leve)
2646 3007 2836 3077 jugum
2879 3009 3161 3080 levemque
3185 3012 3456 3068 sarcinam
3472 3028 3581 3073 sua:

1990 3096 2232 3152 caritatis
2270 3097 2500 3168 imponit
2527 3096 2741 3167 (Matth.
2785 3115 2863 3168 ιι,
2892 3098 3009 3172 28).
3050 3098 3155 3156 Per
3198 3101 3387 3173 ipsam
3417 3103 3581 3171 gratis

1983 3184 2314 3256 justiﬁcatur
2353 3186 2449 3258 (at.
2472 3186 2887 3258 justifieabitur)
2926 3189 3151 3260 impius,
3194 3198 3268 3261 (ut
3306 3199 3579 3263 reputetut

1911 3260 1959 3325 (ἶ
1989 3279 2125 3338 ﬁdes
2151 3282 2268 3353 ejus
2287 3281 2667 3353 adjustitiam.‘
2686 3281 2790 3339 Per
2811 3283 2957 3339 illam
2984 3293 3135 3340 caret
3160 3285 3301 3340 mala
3326 3260 3455 3353 vita,
3477 3301 3578 3356 qua

1989 3374 2168 3431 fuerat
2194 3375 2528 3446 implicatus;
2560 3383 2617 3432 et
2661 3376 2860 3445 accipit
2898 3376 3067 3445 gratis
3093 3376 3312 3443 bonam,
3352 3391 3458 3446 qua
3484 3376 3578 3433 fuit

1989 3466 2258 3535 indignus.
2293 3466 2398 3521 Per
2427 3467 2598 3537 ipsam
2646 3465 2706 3520 lit
2729 3473 2788 3520 ut
2829 3466 2883 3520 in
2905 3467 3049 3522 bona
3095 3466 3206 3520 vita
3247 3465 3275 3503 ει
3304 3466 3578 3538 deinceps,

1988 3560 2134 3616 dono
2155 3560 2540 3619 misericordias
2561 3558 2942 3631 praevenientis
2964 3559 3295 3615 illuminatus
3322 3559 3578 3626 ambulet,

1989 3660 2045 3709 et
2073 3654 2127 3708 in
2155 3669 2219 3709 ea
2248 3653 2511 3709 deductus
2536 3651 2922 3729 misericordiae
2955 3650 3333 3720 subsequentis
3360 3666 3578 3709 munere

1988 3754 2337 3815 perseveret:
2372 3752 2430 3798 ut
2455 3742 2695 3798 indebita
2724 3742 2896 3811 gratia
2937 3742 3076 3797 bene
3121 3740 3335 3797 vivendi
3380 3742 3578 3798 donum

1988 3833 2209 3889 inchoet
2232 3835 2287 3889 in
2318 3833 2555 3898 homine,
2597 3840 2948 3902 peccatorum
2977 3821 3309 3887 remissione
3346 3831 3580 3904 donata;

1987 3924 2135 3996 quod
2162 3922 2405 3995 perficiat
2424 3922 2804 3994 perseverandi
2833 3922 3032 3978 virtute
3055 3936 3335 3979 concessa.
3363 3921 3467 3978 Per
3493 3938 3576 3981 re-

1988 4017 2302 4072 missionem
2330 4016 2677 4087 peccatorum
2717 4015 2885 4085 gratis
2916 4015 3164 4070 homines
3204 4013 3577 4072 discernuntur

1988 4108 2059 4163 ab
2085 4107 2192 4163 illis
2219 4108 2312 4179 qui
2351 4106 2736 4163 cruciabuntur
2776 4106 2833 4161 in
2874 4114 3137 4162 aeternum
3178 4121 3304 4162 cum
3343 4105 3587 4185 diabolo,

1988 4210 2045 4257 et
2067 4201 2430 4271 adjunguntur
2449 4199 2533 4255 his
2556 4199 2651 4270 qui
2675 4200 2793 4255 sine
2821 4198 2927 4255 ﬁne
2947 4199 3248 4270 regnabunt
3283 4215 3407 4257 cum
3431 4200 3580 4257 Chri-

1988 4300 2096 4347 sto.
2122 4289 2407 4346 Postremo
2436 4288 2558 4344 talis
2585 4296 2673 4343 est
2696 4288 2944 4344 remissio
2985 4296 3359 4359 peccatorum,
3399 4297 3458 4343 ut
3486 4305 3582 4361 pro

1989 4380 2105 4452 ipsa
2135 4379 2285 4435 lieret
2314 4379 2477 4433 homo
2508 4375 2826 4446 Unigenitus
2856 4366 2971 4441 Dei,
2996 4392 3094 4447 pro
3123 4377 3237 4447 ipsa
3267 4378 3429 4432 etiam
3459 4393 3580 4433 san-

1988 4470 2108 4541 guis
2127 4468 2245 4538 ejus
2273 4468 2463 4523 fuisset
2508 4466 2727 4522 etfusus.
2762 4465 2937 4520 Unum
2967 4466 3159 4521 horum
3196 4481 3299 4520 vox
3331 4466 3580 4537 angelica

1988 4561 2214 4616 visionis
2238 4559 2478 4630 aperuit;
2506 4557 2734 4611 alterum
2768 4571 2898 4637 vero
2933 4556 3048 4626 ipse
3077 4554 3334 4610 Dominus
3383 4554 3579 4611 indica-

288 4668 460 4732 dives,
514 4675 572 4721 ιη
591 4667 786 4723 exinde
831 4676 1017 4723 nostra
1046 4642 1262 4737 quoq—ue
1289 4666 1461 4737 ροεείι
1490 4666 1647 4721 ἀίω-ί
1678 4642 1880 4737 μυξη-
1905 4642 1964 4704 D
1986 4653 2085 4709 vit.
2118 4651 2251 4708 Nam
2272 4666 2392 4706 cum
2422 4650 2749 4719 desponsata
2779 4656 2923 4703 esset
2947 4647 3115 4702 Maria
3145 4656 3319 4703 mater
3341 4647 3459 4718 ejus
3487 4648 3580 4704 Jo-

287 4761 415 4825 ries,
442 4769 499 4815 et
527 4775 593 4814 ex
627 4775 732 4829 qua
752 4760 961 4815 creteris
989 4767 1248 4829 quantum
1271 4758 1385 4814 vult
1413 4758 1493 4813 sic
1520 4757 1707 4827 donat,
1736 4766 1794 4812 ut
1822 4758 1876 4814 in

288 4868 351 4908 ea
401 4852 615 4923 plenius
654 4853 771 4922 ipse
816 4864 1165 4923 permaneat;
1188 4851 1315 4920 quia
1344 4849 1472 4905 talia
1505 4858 1691 4904 nostro
1727 4847 1879 4904 cordi

289 4943 603 5016 spiritaliter
639 4943 949 5012 dignabitur
997 4940 1302 5009 infundere,
1344 4956 1464 5012 quae
1516 4949 1571 4996 et
1607 4939 1761 4997 nobis
1797 4938 1880 4995 di-

290 5052 411 5092 cere
439 5036 630 5106 prosit,
663 5043 718 5091 et
737 5035 890 5090 vobis
915 5034 1118 5090 audire.
1150 5033 1344 5088 Sermo
1373 5033 1517 5088 enim
1543 5046 1703 5101 quem
1728 5030 1883 5087 vobis

265 5115 339 5182 'iu
371 5127 468 5181 Dei
498 5129 668 5196 gratia
700 5126 1086 5191 lninistramus,
1112 5135 1241 5179 tunc
1266 5125 1430 5178 etiam
1460 5123 1616 5178 nobis
1638 5121 1885 5201 prodest,

292 5218 331 5274 si
361 5219 507 5287 quod
538 5218 691 5273 vobis
712 5235 809 5289 pro
838 5220 1009 5274 salute
1030 5218 1196 5273 verbo
1217 5216 1462 5289 styloque
1476 5214 1606 5271 foris
1626 5215 1873 5283 dicimus,

294 5326 391 5366 nos
437 5310 584 5365 intus
637 5311 797 5365 mites
844 5319 900 5365 et
947 5310 1179 5365 humiles
1207 5308 1504 5362 audiamus.
1565 5305 1682 5361 Non
1732 5306 1879 5360 enim

294 5402 486 5459 [rustra
517 5395 680 5458 David
710 5404 1083 5459 sanctissimus
1107 5402 1237 5457 dicit
1261 5418 1273 5455 :
1305 5400 1529 5453 Audiam
1548 5397 1671 5470 quid
1697 5398 1879 5471 loqua-

294 5505 372 5552 tur
398 5499 454 5552 in
483 5515 564 5551 me
593 5495 845 5552 Dominus
877 5495 1017 5551 Deus
1044 5494 1217 5568 (Psal.
1242 5510 1458 5560 Lxxxw,
1492 5492 1569 5562 9).
1600 5492 1701 5558 Qui
1730 5491 1882 5548 audi-

297 5595 376 5643 tus
405 5590 625 5659 proprie
650 5588 717 5643 ad
755 5588 984 5643 humiles
1014 5588 1267 5659 pertinet.
1318 5583 1547 5655 Propter
1585 5582 1733 5653 quod
1774 5582 1882 5639 alio

295 5696 413 5744 ioco
441 5683 582 5739 idem
607 5683 872 5754 propheta
898 5680 1026 5736 dicit
1049 5699 1063 5735 :
1094 5679 1309 5735 Auditui
1334 5695 1445 5733 meo
1466 5675 1614 5731 dabis
1637 5676 1884 5747 gaudium

368 5871 396 5973 ἰ
418 5859 599 5988 lauet
611 5862 776 5990 sagi,
808 5860 951 5918 verbi
980 5862 1089 5932 tui,.
1101 5858 1201 5920 sed
1226 5858 1514 5927 manifesto
1544 5870 1751 5916 errore.

547 5973 584 6002 ὀ

1986 4747 2142 4818 seph,
2170 4754 2243 4812 et,
2272 4745 2411 4800 sicut
2440 4741 2773 4810 evangelista
2804 4748 3052 4807 testatur,
3070 4739 3406 4811 priusquam
3454 4739 3584 4796 con:

1985 4837 2254 4904 venirent,
2301 4836 2519 4892 inventa
2565 4845 2709 4890 esset
2764 4834 2818 4888 in
2861 4841 3016 4889 utero
3038 4833 3245 4888 habens
3285 4832 3353 4888 de
3381 4831 3582 4903 Spiritu

1986 4938 2197 4997 sancto,
2252 4927 2625 5000 conceptionis
2673 4926 2815 4981 illius
2862 4940 3024 4980 causa
3071 4924 3330 4980 nescienti
3384 4923 3583 4996 Joseph

1988 5023 2107 5088 istis
2130 5030 2215 5078 est
2234 5020 2415 5077 verbis
2444 5020 2510 5075 ab
2535 5018 2727 5088 angelo
2751 5018 2995 5073 nuntiata
3025 5016 3253 5086 :Joseph
3282 5015 3361 5087 ﬁli
3392 5012 3583 5083 David,

1988 5115 2097 5171 noli
2140 5117 2317 5170 timere
2363 5114 2595 5184 accipere
2640 5109 2869 5165 Mariam
2920 5109 3192 5181 conjugem
3218 5117 3404 5162 tuam:
3446 5118 3582 5177 quoa

1988 5216 2125 5268 enim
2163 5214 2217 5266 in
2255 5229 2317 5266 ea
2363 5220 2542 5264 natum
2570 5217 2665 5276 est,
2695 5207 2759 5262 de
2806 5205 3007 5277 Spiritu
3050 5215 3229 5260 sancto
3258 5214 3359 5275 est.
3403 5202 3582 5256 Pariet

1985 5313 2157 5360 autem
2184 5304 2371 5374 ﬁlium,
2396 5313 2445 5357 et
2472 5299 2677 5375 vocabis
2711 5315 2896 5353 nomen
2927 5298 3037 5367 ejus
3071 5298 3269 5352 Jesum.
3297 5294 3418 5366 Ipse
3446 5293 3583 5347 enim

1985 5397 2185 5452 salvum
2208 5395 2362 5467 faciet
2389 5392 2634 5464 populum
2663 5407 2811 5445 suum
2834 5408 2865 5443 a
2891 5391 3115 5461 peccatis
3158 5403 3334 5442 eorum
3364 5383 3579 5457 (Matth.

1955 5496 1959 5500 ’
1988 5505 2028 5559 ι,
2061 5488 2148 5555 18,
2178 5493 2225 5540 et
2247 5482 2400 5557 seq.).
2427 5480 2569 5550 Quid
2589 5497 2720 5537 vero
2749 5480 2893 5535 aliud
2919 5488 3003 5534 est
3031 5495 3061 5533 a
3089 5476 3324 5549 peccatis
3350 5475 3580 5542 salvare,

1993 5585 2094 5640 nisi
2123 5588 2345 5655 peccata
2373 5578 2681 5636 dimittere?
2707 5575 2842 5633 Nam
2867 5582 2923 5630 et
2953 5575 3068 5645 ipse
3099 5571 3350 5627 Salvator
3378 5577 3579 5633 noster,

1991 5676 2086 5748 qui
2116 5673 2261 5730 venit
2281 5672 2491 5733 salvum
2522 5670 2700 5726 facere
2728 5666 2872 5740 quod
2902 5666 3141 5739 perierat
3167 5664 3382 5739 (Matth.
3437 5676 3583 5735 xviu,

2071 5867 2093 5893 ε
2127 5853 2247 5921 bis,
2279 5856 2461 5909 vitiose
2480 5851 2710 5907 viventis.

2069 5925 2092 5965 ³
2120 5924 2242 5997 Ms,
2275 5927 2330 5984 in
2356 5924 2490 5984 bona
2518 5924 2620 5980 via.
