4066 6346
485 333 634 391 551-

1523 333 1584 388 S.
1623 333 1988 390 FULGENTH
2007 329 2328 388 0EPISC0PI
2369 326 2736 387 RUSPENSIS

3663 322 3767 383 532

487 450 513 501 i
534 450 600 519 l),
633 449 702 504 ob
723 451 835 505 hoc
855 465 913 506 se
941 451 1151 506 venisse
1185 457 1428 512 testatur,
1460 457 1517 502 ut
1547 459 1763 504 vocaret
1813 458 2061 520 peccalo-
2089 452 2143 510 Α
2167 447 2544 513 haereticorum
2583 443 2856 500 consortio
2908 439 3176 511 usquead
3217 447 3445 496 mortem
3478 445 3764 495 teneantur

487 557 572 596 res
596 543 648 596 in
679 544 1072 612 paenitentiam.

1111 654 1339 710 CAPUT
1380 655 1444 709 V.

552 768 864 825 Vocationis
892 777 1070 824 autem
1085 769 1251 839 "hujus
1271 770 1338 825 ad
1364 772 1736 842 paenitentiam
1775 773 2070 842 principale

474 871 553 914 t‘sl
596 862 933 927 beneficium,
983 863 1213 931 gratuita
1252 865 1499 919 remissio
1553 875 1918 934 peccatorum.
1960 867 2067 923 Pro

473 968 574 1020 qua
605 953 742 1006 idem
762 950 1094 1022 Redemptor
1115 965 1319 1019 noeter,
1356 965 1575 1025 peracto
1601 959 1872 1026 paschalis
1900 965 2066 1014 cunne

472 1043 744 1110 (τι)ηνίνὶο,
793 1044 1108 1111 sanguinem
1159 1059 1314 1100 suum
1363 1048 1613 1100 enuntiat
1661 1049 2060 1105 chtnuiendu-m.

477 1131 660 1197 Bibite,
693 1133 883 1200 inquit,
927 1149 992 1188 ea:
1035 1135 1128 1190 hoc
1170 1147 1366 1190 milites.
1416 1136 1516 1190 llic
1555 1147 1630 1191 est
1673 1141 1807 1192 enim
1849 1142 2066 1210 sanguis

474 1238 611 1276 utens
635 1225 748 1278 novi
773 1223 1107 1288 Testamenti,
1133 1227 1220 1297 qui
1241 1244 1334 1297 pro
1363 1231 1536 1282 inultis
1569 1230 1861 1298 eﬂ‘nmletu'r
1887 1233 1937 1284 in
1978 1249 2060 1284 re-

473 1317 768 1370 missionem
796 1327 1119 1387 peccatorum
1149 1318 1361 1389 (Mat—th.
1381 1307 1533 1385 xxvi,
1565 1319 1676 1391 28).
1719 1321 1877 1392 3'63
1911 1321 2063 1378 Hanc
2144 1335 2155 1352 '

474 1407 653 1473 igitur,
686 1408 825 1462 sicut
854 1409 1107 1475 arbitror,
1140 1419 1233 1464 aut
1259 1425 1465 1477 omms,
1492 1418 1582 1466 aut
1609 1428 1744 1483 pene
1775 1416 1948 1468 omnis
1963 1415 2062 1484 qui

474 1500 714 1566 quolibet
742 1501 907 1556 modo
949 1504 1252 1572 appellatur
1288 1504 1594 1560 Christiano
1634 1509 1868 1573 non'linc,
1916 1508 2062 1563 inve-

473 1589 585 1642 nire
613 1590 914 1658 desiderat;
946 1593 1040 1647 sed
1069 1593 1294 1648 interest
1325 1595 1413 1648 ubi
1434 1596 1684 1664 quisque,
1709 1597 1792 1650 vel
1821 1597 2056 1667 quando,

473 1681 554 1735 vel
596 1682 827 1750 qualiter
875 1693 1100 1752 quaerat.
1151 1685 1334 1755 Neque
1374 1689 1516 1740 enim
1565 1688 1630 1741 ad
1687 1690 2057 1745 remissionem

471 1783 814 1843 peccatorum
847 1777 1046 1846 poterit
1073 1780 1374 1848 pervenire,
1403 1781 1446 1834 si
1471 1781 1595 1851 quis
1623 1791 1715 1836 aut
1745 1797 1924 1838 veram
1947 1797 2058 1840 non

471 1871 656 1919 teneat
686 1865 866 1934 ﬁdem,
893 1875 986 1922 aut
1011 1868 1250 1938 hegiigat
1272 1869 1426 1924 bonae
1447 1874 1776 1941 operationis
1799 1874 2056 1942 ofﬁcium,

471 1966 563 2011 aut
600 1967 758 2012 rectze
811 1959 1142 2015 credulitatis
1171 1961 1338 2016 1honre
1384 1965 1686 2034 pperationi
1739 1981 2058 2022 concessum

453 2049 721 2104 divinitus
769 2059 982 2120 tempus
1030 2053 1305 2108 inartife‘ra
1363 2065 1770 2126 prteoccupatus
1817 2061 2060 2115 vanitate

469 2147 800 2201 contemnat.
833 2139 960 2198 Haec
987 2159 1220 2213 namque
1241 2145 1372 2208 tria,
1408 2145 1460 2200 id
1495 2153 1595 2211 cet,
1648 2147 1796 2212 fides,
1828 2165 1966 2219 opus
1998 2159 2062 2204 et

468 2240 702 2303 tempus,
735 2233 808 2289 ita
839 2241 964 2288 sunt
986 2234 1144 2290 simul
1166 2235 1471 2290 hominibus
1513 2237 1565 2291 i'n
1605 2237 1705 2293 hac
1728 2238 1833 2293 vita
1864 2254 2060 2295 neces-

467 2324 631 2393 saria,
663 2334 722 2381 ut
747 2327 790 2381 si
821 2326 905 2382 cui
927 2343 1090 2382 unum
1109 2329 1290 2395 exbis
1312 2329 1481 2388 tribus
1499 2329 1555 2383 in
1581 2331 1830 2400 praesenti
1859 2333 2060 2388 saeculo

466 2415 715 2483 defuerit,
746 2426 962 2473 aeternae
983 2419 1106 2472 vitae
1144 2421 1416 2490 particeps
1443 2432 1569 2475 esse
1607 2438 1725 2476 non
1749 2424 1958 2492 possit;
1991 2432 2059 2479 ac

465 2521 566 2576 per
593 2506 697 2562 hoc
727 2523 828 2564 nec
869 2509 1243 2565 remissionem
1275 2521 1624 2582 peccatorum
1663 2526 2056 2586 consequetur,

465 2612 562 2668 per
589 2614 750 2669 quam
780 2599 850 2654 ad
869 2608 1083 2656 aeterna:
1103 2603 1226 2658 vitae
1243 2605 1523 2672 praemium
1545 2608 1873 2675 pervenitur.
1901 2608 2058 2675 Quod

399 2741 401 2744 ,
465 2710 687 2752 necesse
707 2695 1072 2762 est,-Domino
1107 2698 1419 2767 adiuvante,
1461 2701 1764 2759 divinorum
1813 2704 2058 2760 testimo-

423 2812 427 2817 ·
463 2788 674 2843 niorum
704 2789 1053 2846 attestatione
1080 2799 1463 2848 monstremus.

1069 2903 1301 2960 CAPUT
1339 2904 1426 2960 Vi.

537 3005 653 3063 Prte
683 3008 930 3063 omnibus
961 3009 1176 3077 itaque,
1220 3009 1376 3064 nobis
1423 3015 1505 3064 est
1533 3007 1683 3065 ﬁrma
1733 3011 2058 3067 credulitate

461 3101 822 3167 retinendum,
845 3101 1253 3156 misericordem
1285 3110 1339 3155 et
1355 3101 1557 3169 justum
1599 3109 1719 3158 esse
1764 3103 2055 3159 Dominum

2176 538 2391 605 innexi;
2423 539 2601 598 minus
2642 535 3045 592 considerantes
3080 532 3221 588 illam
3249 531 3551 587 Salvatoris
3598 532 3764 586 nostri

2174 632 2497 688 sententiam
2534 629 2796 684 dicentis:
2831 623 2930 691 Qui
2953 642 3046 698 ,me
3089 627 3355 697 confessus
3381 615 3547 696 fuerit
3589 639 3766 678 coram

2173 723 2483 789 hominibus,
2509 713 2793 794 caitﬁtebor
2821 729 2871 775 et
2912 737 3006 791 ego
3055 735 3170 774 eum
3208 735 3384 773 coram
3423 713 3586 771 Patre
3631 735 3762 783 meo,

2172 799 2257 890 qui
2281 819 2333 871 in
2357 816 2495 872 caelis
2515 825 2620 881 est;
2647 823 2696 869 et
2716 806 2800 886 qui
2827 829 2908 866 me
2935 811 3196 882 negaverit
3234 823 3411 864 coram
3452 807 3765 874 hominibus,

2172 907 2369 978 negabo
2399 917 2446 962 et
2469 923 2560 979 ego
2580 922 2697 960 eum
2725 921 2901 959 coram
2927 901 3091 956 Patre
3118 913 3252 969 meo,
3294 901 3380 972 qui
3416 901 3471 954 in
3502 897 3639 954 uelis
3691 903 3767 954 est

2174 989 2390 1070 (Matth.
2423 1016 2476 1064 x,
2508 998 2618 1066 32).
2650 987 2718 1051 Et
2742 997 2848 1052 alio
2869 997 2989 1051 loco
3018 1015 3028 1047 :
3055 987 3155 1060 Qui
3177 1010 3257 1062 me
3280 989 3557 1062 erubuerit,
3581 1003 3630 1048 et
3657 1011 3765 1047 ser-

2170 1108 2348 1146 mones
2371 1108 2531 1158 meos,
2557 1091 2691 1144 hunc
2719 1087 2892 1143 Filius
2916 1087 3136 1141 hominis
3160 1079 3440 1153 erubescet,
3468 1101 3583 1140 cum
3609 1102 3763 1138 vene-

2171 1183 2238 1235 rit
2266 1183 2320 1234 in
2350 1182 2621 1251 majestate
2649 1196 2764 1243 sua,
2798 1188 2846 1232 et
2876 1176 3074 1244 Patris,
3113 1187 3163 1231 et
3205 1186 3501 1232 sanctorum
3546 1177 3762 1248 angelo-

2172 1289 2286 1325 rum
2343 1268 2491 1342 (Luc.
2528 1287 2601 1336 Ix,
2633 1263 2746 1340 26).
2799 1268 3073 1338 Plerisque
3119 1283 3248 1323 vero
3285 1259 3509 1323 humani
3551 1268 3765 1339 generis

2170 1363 2418 1418 inimicus
2448 1363 2512 1416 ad
2543 1361 2646 1418 hoc
2677 1370 3023 1432 peccatorum
3049 1355 3214 1431 3‘65.
3251 1375 3470 1415 suorum
3505 1356 3762 1415 recorda-

2169 1455 2374 1510 tionem
2404 1454 2622 1510 molitur
2652 1455 2916 1525 ingerere,
2937 1453 2995 1508 ut
3016 1449 3103 1508 vel
3127 1441 3402 1508 obduratis
3426 1451 3762 1523 desperatio-

2169 1563 2292 1601 nem
2324 1545 2652 1600 remissionis
2679 1545 2902 1615 injiciat,
2931 1553 2986 1600 et
3009 1561 3102 1600 eos
3131 1539 3368 1599 remedio
3389 1544 3762 1600 conversionis

2168 1639 2436 1695 excludat.
2473 1637 2596 1694 Herc
2634 1647 2813 1694 autem
2857 1639 3034 1694 omnia
3087 1654 3190 1692 non
3229 1637 3298 1692 ob
3341 1636 3486 1692 aliud
3537 1633 3761 1691 fraudu-

2167 1729 2313 1784 lenta
2343 1745 2558 1800 semper
2589 1730 2697 1801 agit
2727 1730 2972 1785 obtectus
2999 1728 3227 1794 fallacia,
3267 1727 3369 1782 nisi
3408 1736 3464 1783 ut
3494 1729 3757 1798 opportu—

2089 1830 2142 1893 Β
2168 1820 2395 1875 nitatem
2424 1820 2684 1890 temporis
2709 1819 2928 1885 adimat,
2976 1835 3079 1888 qua
3119 1819 3396 1874 conversis
3429 1825 3612 1888 potest
3661 1818 3759 1872 do-

2170 1912 2287 1966 nari
2317 1912 2602 1976 remissio;
2636 1928 2698 1967 ac
2726 1912 2824 1976 sic,
2860 1912 3118 1980 quantum
3159 1910 3224 1964 ad
3253 1909 3369 1979 ejus
3407 1909 3598 1964 attinet
3639 1924 3756 1962 ma-

2167 2003 2488 2071 lignitatem,
2514 2005 2558 2058 si
2571 2003 2696 2059 ﬁeri
2711 2005 2905 2076 possit,
2919 2019 3090 2058 nemo
3111 2002 3390 2074 perveniat
3402 2033 3406 2035 —
3417 2001 3492 2056 ad-
3505 2001 3731 2057 salutem
3741 2040 3753 2054 .

2167 2091 2337 2149 Deum
2372 2111 2603 2166 namque
2627 2095 3032 2151 misericordem
3065 2095 3376 2165 iustumque
3407 2108 3526 2148 esse
3555 2106 3758 2160 cogno-

2166 2188 2298 2253 scit,
2367 2202 2466 2242 nec
2522 2189 2736 2259 ignorat
2783 2187 2928 2256 quod
2974 2195 3331 2257 .peccatorum
3380 2183 3756 2240 remissionem

2166 2265 2282 2334 sola
2334 2279 2400 2334 de
2430 2279 2542 2336 Deo
2575 2280 2753 2351 possit
2795 2280 2992 2335 elicere
3047 2279 3222 2334 cordis
3275 2293 3403 2333 vera
3447 2277 3753 2333 conversio.

2165 2369 2282 2430 Seit
2309 2371 2474 2426 etiam
2505 2371 2648 2442 quod
2674 2386 2784 2426 non
2819 2355 2943 2425 alibi
2972 2385 3132 2440 quam
3168 2371 3220 2424 in
3244 2369 3359 2426 solo
3403 2369 3609 2437 gremio
3648 2367 3756 2422 Ca-

2165 2463 2383 2520 tholica:
2411 2463 2593 2519 Matris
2613 2464 2808 2520 dimitti
2837 2465 3045 2534 possint
3067 2471 3289 2534 peccata
3319 2461 3626 2528 conversis;
3655 2475 3756 2515 nec

2165 2569 2290 2609 eum
2332 2555 2470 2611 latet
2521 2556 2574 2609 in
2604 2557 2864 2625 praesenti
2914 2563 3119 2610 tantum
3152 2554 3349 2610 sarculo
3382 2553 3754 2609 remissionem

2165 2646 2407 2710 omnium
2437 2655 2781 2717 peccatorum
2825 2647 3106 2704 conversis
3149 2661 3310 2717 posse
3345 2645 3566 2701 concedi
3602 2663 3614 2698 :
3663 2644 3754 2699 ubi

2164 2738 2460 2812 humanum
2488 2754 2680 2812 genus,
2727 2755 2825 2811 per
2849 2741 3199 2796 constitutum
3225 2737 3480 2794 divinitus
3508 2736 3750 2818 ordinem

2170 2831 2483 2887 Jecessione
2512 2833 2878 2897 morientium,
2912 2833 3364 2901 successioneque
3391 2829 3747 2891 nascentium,

2164 2923 2397 2977 carnalis
2439 2923 2731 2978 nativitatis
2774 2940 2916 2980 nexu
2960 2940 3066 2979 non
3110 2924 3306 2994 injuste
3343 2923 3751 2990 constringitur,

2165 3026 2329 3087 atque
2351 3019 2576 3090 spiritali
2609 3020 2886 3075 nativitate
2913 3021 3090 3090 gratis
3117 3019 3392 3075 enodatur
3421 3038 3432 3072 :
3466 3019 3554 3074 ubi
3586 3018 3752 3072 etiam

2165 3125 2382 3165 omnem
2414 3119 2624 3166 reatum
2646 3120 2740 3166 aut
2767 3113 2929 3167 solvit
2957 3113 3264 3180 conversio,
3290 3120 3384 3166 aut
3413 3109 3752 3166 insolubilem

461 3193 626 3248 Deum
656 3201 920 3249 nostrum.
944 3193 1082 3249 {line
1107 3196 1249 3248 enim
1271 3194 1429 3250 facile
1451 3199 1630 3266 petes!
1657 3196 2056 3268 inquirentibus
2080 3208 2130 3273 ε
2162 3202 2309 3269 facit,
2333 3219 2429 3258 seu
2460 3220 2610 3259 vana:
2632 3205 2754 3274 spei
2785 3205 3048 3275 negiectio
3086 3206 3310 3270 nutrita,
3355 3204 3469 3259 sive
3498 3203 3752 3273 despera-

459 3293 743 3355 apparere,
771 3285 1021 3354 qualibus
1045 3293 1267 3354 peccata
1290 3279 1432 3342 Deus
1458 3279 1711 3353 dimittat,
1743 3289 1832 3344 ubi
1862 3289 2054 3345 dimit-

461 3385 558 3444 tat,
616 3377 832 3443 quando
865 3377 1120 3431 dimittat.
1173 3375 1376 3442 Quib‘us
1411 3378 1658 3447 cognitis,
1685 3389 1786 3436 nec
1825 3389 2053 3450 pravam

457 3473 741 3541 quisquam
769 3471 1000 3525 retineat
1026 3470 1093 3525 de
1137 3470 1247 3524 Deo
1296 3472 1639 3537 sententiam,
1674 3479 1774 3527 nec
1817 3488 2051 3530 conver-

457 3563 663 3617 sionem
693 3573 840 3616 suam
873 3561 1123 3630 negligat,
1151 3575 1248 3616 nec
1272 3575 1300 3616 a
1323 3563 1588 3618 catholica
1607 3553 1846 3620 Ecclesia
1870 3563 2054 3620 disce-

458 3653 582 3721 dat;
615 3664 706 3709 aut
744 3655 787 3710 si
811 3655 930 3723 quis
971 3653 1235 3717 discessit,
1283 3649 1533 3710 celeriter
1573 3663 1899 3723 revertatur;
1947 3659 2055 3712 nec

457 3746 524 3799 de
555 3754 798 3816 tempore
827 3745 926 3800 sibi
957 3746 1086 3799 velit
1117 3744 1316 3799 insulsa
1351 3747 1680 3813 cogitatione
1705 3745 1932 3802 blandiri
1951 3786 1966 3812 ,
1999 3745 2049 3801 si

454 3837 721 3892 adDeum
767 3838 818 3890 in
859 3839 958 3892 hac
982 3838 1089 3891 vita
1120 3839 1404 3906 quisquam
1452 3840 1695 3894 converti
1742 3840 1951 3906 nolens,
1990 3849 2050 3894 et

457 3945 627 3998 usque
657 3930 724 3984 ad
755 3938 985 3984 mortem
1022 3932 1390 3999 iniquitatibus
1430 3935 1692 4000 serviens,
1739 3944 1862 4005 post
1904 3937 2046 3993 hanc

454 4024 619 4076 vitam
646 4038 704 4078 se
726 4020 909 4077 Credat
937 4022 1256 4092 adepturum
1283 4026 1654 4081 remissionem
1675 4039 2042 4098 peccatorum,

453 4112 669 4180 quando
731 4112 842 4180 jam
897 4113 1275 4182 pi‘aejutiicatus
1308 4138 1327 4175 ε
1360 4123 1607 4186 tempore
1681 4117 2044 4176 tribulationis

451 4203 612 4274 (forte
644 4202 1032 4273 retributionis)
1065 4203 1256 4260 divina:
1294 4211 1402 4260 non
1437 4196 1715 4276 peccatum
1746 4211 1914 4280 possit
1960 4213 2044 4267 vi-

451 4303 567 4348 tare
630 4299 942 4358 conversus,
1001 4295 1098 4349 sed
1131 4295 1410 4366 supplicii
1465 4306 1682 4353 maneat
1735 4301 2041 4358 aztcrnitate

448 4387 802 4456 damnandus.
828 4384 1008 4442 Multis
1045 4388 1186 4442 enim
1233 4387 1721 4461 multiplicibusque
1763 4389 2038 4449 fraudibus

449 4479 586 4533 viam
613 4479 846 4537 caelestis
868 4479 1075 4535 itineris
1103 4479 1347 4546 diabolus
1366 4481 1617 4538 claudere
1647 4483 1834 4538 nititur
1862 4493 1916 4540 et
1945 4493 2039 4542 ce-

2163 3296 2312 3351 tione
2361 3297 2621 3352 roborata
2645 3307 2700 3352 et
2727 3313 2898 3367 usque
2943 3298 2995 3352 in
3029 3295 3188 3352 tinem
3213 3304 3422 3353 retenta
3446 3295 3628 3352 cordis
3650 3293 3745 3350 ob-

2161 3388 2338 3444 durali
2367 3389 2625 3458 nequitia.

2763 3531 2990 3596 CAPUT
3033 3527 3138 3596 vn.

2232 3657 2339 3714 Sed
2363 3658 2476 3729 jam
2497 3661 2734 3729 suscepti
2759 3659 2938 3728 operis
2959 3654 3236 3727 compellit
3279 3651 3534 3710 instantia
3557 3659 3616 3706 ut
3637 3665 3746 3705 om.

2162 3752 2252 3806 nia
2272 3767 2393 3822 qua:
2413 3753 2662 3823 superius
2689 3749 2951 3816 intimavi,
2983 3749 3162 3804 debita
3185 3747 3546 3818 disputatione
3582 3751 3751 3812 atque

2157 3842 2559 3914 Scripturarum
2607 3851 2915 3898 sanctarum
2979 3839 3327 3896 attestalione
3394 3836 3744 3910 perdoceam.

2162 3936 2453 4005 Enimvero
2468 3937 2746 4007 utriusque
2767 3929 3005 3990 veridica
3015 3934 3183 3988 series
3199 3929 3530 3987 'l‘estamenti
3550 3935 3748 3984 cuncta

2153 4043 2276 4098 qua:
2315 4028 2381 4083 ad
2421 4036 2742 4099 proventum
2790 4026 3064 4098 pertinent
3112 4023 3356 4078 humana:
3402 4020 3591 4078 salutis
3634 4033 3749 4073 non

2156 4128 2335 4186 tacet;
2382 4129 2440 4174 ut
2489 4119 2618 4174 nihil
2669 4121 2736 4174 sit
2781 4119 2923 4189 quod
2983 4118 3034 4171 in
3078 4125 3353 4186 posterum
3401 4119 3746 4180 contemptor

2150 4209 2490 4268 damnandus
2520 4217 2760 4265 excuset.
2797 4207 3168 4281 Principaliter
3198 4207 3360 4275 igitur
3388 4203 3564 4283 omnis
3595 4201 3745 4256 Scri-

2151 4311 2311 4373 ptulra
2333 4301 2586 4356 divinitus
2606 4301 2861 4370 inspirata
2883 4301 3045 4354 unum
3064 4314 3248 4354 verum
3274 4312 3338 4352 ac
3351 4296 3523 4351 solum
3549 4292 3744 4374 Deum,

2152 4391 2528 4447 illamscilicet
2555 4389 2898 4458 Trinitatem,
2931 4388 2984 4444 id
3011 4395 3113 4453 est,
3147 4385 3383 4451 Patrem,
3429 4391 3485 4440 et
3522 4382 3741 4446 Filium,

2148 4492 2206 4541 et
2258 4482 2516 4556 Spiritum
2555 4481 2983 4548 sanctum,‘tam
3033 4477 3433 4536 misericordem
3477 4475 3744 4547 pnedica't

445 4571 558 4627 lare
590 4613 607 4642 ,
631 4570 905 4642 eujushoc
926 4583 1008 4627 est
1030 4571 1346 4628 incessabile
1369 4572 1622 4639 studium,
1654 4582 1713 4629 ut
1735 4573 1800 4629 ad
1821 4578 2041 4632 crucia-
2070 4590 2126 4653 Ι)
2145 4593 2266 4633 esse
2296 4593 2455 4648 quam
2489 4578 2711 4646 justum.
2754 4576 2859 4647 Ipsi
2907 4575 3048 4630 enim
3103 4591 3170 4642 ex
3217 4587 3446 4646 persona
3485 4570 3744 4626 Ecclesite

445 4673 530 4722 tus
557 4665 640 4719 sui
667 4667 981 4720 societatem
1007 4665 1326 4721 miserorum
1363 4664 1594 4733 turbam,
1637 4676 2040 4737 quantumcun-

444 4772 551 4830 que
571 4755 830 4828 potuerit,
861 4756 947 4810 vel
977 4756 1152 4810 trahat
1190 4755 1445 4821 illectam,
1488 4758 1574 4812 vel
1602 4766 1761 4828 cogat
1788 4761 2034 4818 invitam.

443 4847 739 4903 Nonnullos
763 4847 960 4918 quippe
983 4845 1128 4915 facit,
1154 4847 1363 4917 abiecta
1384 4848 1815 4906 consideratione
1838 4850 2034 4906 divina:

350 4936 355 4940 ”
441 4937 678 5005 iustitiae,
710 4937 881 4991 solam
911 4934 1006 4990 Dei
1036 4937 1459 4993 misericordiam
1487 4940 1754 5008 cogitare;
1795 4949 1855 4994 ut
1893 4953 2026 4996 con-

441 5037 742 5091 versionem
772 5049 922 5090 suam
955 5035 1243 5106 negligant,
1284 5037 1658 5095 existimantes
1704 5055 1780 5106 se,
1813 5040 2032 5097 etiamsi

441 5143 608 5200 usque
633 5129 687 5183 in
715 5125 876 5182 ﬁnem
897 5128 1238 5184 criminosam
1262 5129 1512 5184 duxerint
1541 5129 1723 5197 vitam,
1752 5130 2028 5185 remissio-

439 5221 520 5274 nis
548 5218 813 5274 beneiicio
854 5219 1122 5288 petituros
1174 5235 1310 5276 csse.
1358 5221 1507 5276 Alias
1554 5229 1738 5277 autem
1779 5222 1874 5294 (al.
1907 5224 2030 5294 aut)

437 5313 582 5381 cogit
626 5320 721 5367 aut
776 5311 944 5374 illicit,
979 5309 1228 5366 Ecclesia:
1282 5311 1561 5369 catholicae
1615 5315 1818 5382 gremio
1867 5314 2028 5370 dere-

438 5401 587 5469 licto,
620 5402 686 5457 ad
716 5402 949 5458 hmreses
975 5403 1060 5457 vel
1090 5403 1382 5458 schismata
1412 5405 1688 5474 depravati
1713 5408 1890 5462 cordis
1913 5421 2020 5463 cae-

436 5495 602 5552 citate
653 5495 902 5549 transire.
951 5494 1187 5561 Quorum
1246 5495 1455 5551 animos
1511 5497 1828 5568 deceptione
1876 5500 2028 5555 falsas

435 5585 806 5656 promissionis
836 5587 1112 5657 illaqueat,
1145 5596 1201 5640 ut
1232 5585 1317 5642 vel
1343 5596 1535 5658 putent
1570 5604 1628 5644 se
1657 5599 1806 5646 recto
1845 5591 2023 5647 fulciri

435 5676 702 5744 dogmate,
729 5677 814 5734 vcl
843 5687 1062 5746 sperent
1085 5679 1184 5733 sibi
1214 5693 1312 5748 pro
1355 5680 1470 5734 sola
1499 5681 1674 5736 cordis
1701 5683 2025 5738 credulitate
2071 5700 2078 5707 ·

435 5767 668 5821 futurum
693 5767 1024 5824 remissionis
1044 5770 1383 5837 beneficium,
1417 5773 1627 5826 etiamsi
1657 5771 1782 5829 ﬁcto
1812 5775 2018 5840 animo,

436 5876 533 5922 pro
571 5860 826 5923 temporis
864 5861 948 5915 vel
990 5863 1371 5919 commoditate
1407 5867 1487 5921 vel
1519 5873 1682 5933 metu,
1735 5865 2018 5922 mortifero

1075 5992 1186 6011 ἐκ

2149 4669 2382 4726 dicitur:
2418 4666 2836 4722 Misericordiam
2884 4678 2932 4721 et
2946 4666 3201 4738 judicium
3237 4664 3456 4719 cantabo
3480 4661 3592 4726 tibi,
3625 4661 3743 4717 Do-

2150 4762 2288 4814 mine
2316 4757 2492 4830 (Psal.
2539 4775 2588 4823 c,
2637 4757 2710 4827 ll).
2739 4755 2816 4811 De
2851 4755 2941 4810 illo
2970 4757 3132 4810 etiam
3155 4755 3362 4810 canitur
3386 4771 3400 4808 :
3430 4752 3744 4807 Misericors

2148 4849 2401 4907 Dominus
2425 4860 2477 4905 'et
2499 4849 2690 4921 justus,
2723 4858 2770 4904 et
2813 4847 2948 4904 om
2989 4857 3163 4903 noster
3199 4846 3526 4902 miserebitur
3555 4843 3737 4914 (Psal.

2144 4948 2287 5006 C'xtv,
2321 4943 2397 5014 5).
2433 4944 2549 4997 Aii'o
2579 4955 2795 5013 quoque
2822 4942 2979 4998 loco:
3033 4940 3291 5006 Quoniam
3326 4943 3500 5012 justus
3549 4938 3742 4992 Domi-

2146 5042 2243 5087 nus
2290 5044 2337 5086 et
2380 5033 2613 5104 justitias
2671 5034 2872 5099 dilexit,
2917 5034 3207 5102 aequitatem
3245 5031 3371 5086 vidit
3410 5032 3576 5085 vultus
3619 5031 3744 5100 ejus

2145 5125 2319 5200 ('Psal.
2352 5130 2405 5192 it,
2435 5126 2512 5197 8).
2559 5125 2747 5182 Denuo
2788 5126 3023 5183 dicitur:
3073 5125 3338 5191 Universae
3380 5125 3477 5177 via:
3519 5121 3744 5176 Domini

2146 5217 2506 5272 misericordia
2546 5229 2594 5272 et
2627 5220 2815 5273 veritas
2860 5215 3060 5289 (Psalu
3083 5233 3229 5285 xxrv,
3263 5215 3372 5285 iO).
3399 5213 3467 5268 Et
3493 5223 3690 5268 rursus
3720 5230 3737 5262 :

2144 5311 2406 5379 Quoniam
2444 5315 2850 5369 misericordiam
2888 5324 2938 5369 et
2965 5315 3228 5368 veritatem
3268 5313 3434 5386 diligit
3473 5311 3740 5378 Dominus

2143 5406 2321 5476 (Psal.
2356 5424 2576 5471 txxxm,
2614 5406 2721 5478 i2).
2753 5407 2808 5462 in
2839 5409 3014 5480 primo
3051 5423 3267 5478 quoque
3317 5406 3558 5476 decalogi
3599 5419 3741 5475 prse-

2136 5507 2301 5568 cepto
2322 5499 2523 5568 justum
2553 5515 2611 5554 se
2637 5499 2776 5555 idem
2802 5499 3060 5555 Dominus
3090 5499 3184 5571 (al.
3218 5498 3380 5568 Deus)
3412 5497 3737 5552 misericor-

2134 5588 2370 5657 demque
2413 5590 2488 5644 sic
2513 5590 2760 5643 intimat:
2794 5588 2905 5660 Ego
2944 5607 3057 5644 sum
3098 5588 3352 5645 Dominus
3397 5587 3538 5643 Deus
3588 5597 3736 5656 tuus,

2135 5679 2280 5735 Deus
2309 5682 2501 5746 zelans,
2537 5684 2621 5753 qui
2665 5666 2822 5736 reddo
2848 5693 3061 5753 peccata
3117 5692 3322 5750 patrum
3364 5683 3421 5736 in
3471 5682 3631 5752 filios,
3667 5682 3736 5735 in

2137 5777 2349 5828 tertiam
2381 5786 2425 5827 et
2447 5786 2680 5846 quartam
2709 5779 3020 5847 progeniem,
3055 5778 3108 5830 in
3138 5777 3217 5830 his
3248 5776 3335 5847 qui
3363 5775 3583 5829 oderunt
3611 5791 3733 5836 me;

2128 5877 2185 5922 et
2239 5867 2434 5937 faciens
2469 5867 2874 5922 mistn-imrdinm
2918 5865 2974 5937 in
3023 5869 3192 5923 millia
3248 5868 3462 5924 millium
3500 5868 3581 5922 his
3633 5868 3734 5938 qui
