4048 6342
298 407 407 465 5‘55

1302 397 1388 454 DE
1423 391 1830 453 REMISSIONE
1870 386 2334 449 PECCATURU’M
2373 391 2499 445 Litt.
2540 392 2582 444 ι.

3471 389 3575 446 554

289 531 478 581 nutant
502 530 550 577 et
570 517 863 576 custodiunt
880 521 1139 589 prmeepta
1166 529 1278 569 mea
1309 512 1507 583 (Exod.
1536 529 1628 576 xx,
1652 508 1730 581 5).
1750 509 1882 563 l’ro-
1905 508 1958 570 Α
1981 503 2206 575 gligant,
2234 510 2289 558 et
2312 501 2553 557 habenas
2574 497 2947 569 iniquitatibus
2966 497 3297 564 relaxantcs,
3334 497 3461 553 dum
3483 501 3573 556 de-

288 623 483 687 pterea
516 611 731 684 Moyses
757 609 923 665 dicit:
956 603 1209 660 Dominus
1242 602 1381 658 Deus
1402 603 1675 673 indulgens
1695 610 1744 655 ct
1776 600 1878 654 mi—

282 707 536 775 sericors,
567 703 766 776 patiens
793 710 843 756 et
863 700 1039 755 multa:
1056 697 1424 753 misericordia:
1452 703 1499 749 et
1524 710 1698 759 verax,
1722 693 1881 765 justi-

283 798 419 852 tiam
454 794 751 851 custodiens
778 800 827 847 et
860 788 1270 846 misericordiam
1309 789 1363 843 in
1403 786 1589 852 millia,
1634 786 1878 857 auferens

282 878 592 959 iniquitates
612 896 662 942 et
683 884 973 957 iujustitias
995 892 1044 937 et
1071 888 1301 954 peccata.
1345 874 1415 933 Et
1444 895 1550 933 non
1584 874 1882 948 puriﬁcabit

281 999 456 1045 reum,
481 980 741 1035 adducens
764 983 973 1050 peccata
993 984 1200 1050 patrum
1218 974 1272 1028 in
1294 971 1431 1046 filios
1451 970 1678 1044 ﬁliorum
1706 970 1760 1025 in
1787 979 1884 1023 ter-

283 1077 421 1129 tiam
465 1083 515 1128 et
552 1082 803 1143 quartam
829 1070 1125 1142 progeniem
1194 1065 1389 1140 (Exod.
1447 1060 1593 1131 xxiv,
1647 1062 1722 1134 6).
1776 1059 1881 1118 Per

279 1163 508 1219 Esaiam
535 1176 751 1233 quoque
776 1174 926 1215 suam
961 1156 1228 1214 Dominus
1268 1154 1693 1213 misericordiam
1720 1153 1880 1224 justi-

281 1254 529 1323 tiamque
570 1254 980 1316 commemorat,
1024 1246 1210 1302 dicens
1251 1263 1264 1299 :
1318 1244 1431 1317 Ego
1478 1242 1640 1311 Deus,
1685 1252 1734 1298 et
1773 1259 1879 1297 non

280 1346 424 1401 alius
447 1354 637 1418 praeter
666 1361 764 1409 me,
786 1343 979 1415 justus,
1001 1351 1051 1396 et
1077 1339 1284 1396 salvans
1310 1357 1323 1394 :
1350 1355 1454 1394 non
1480 1347 1557 1394 est
1585 1334 1719 1394 alius
1742 1353 1880 1409 prae-

280 1449 363 1494 ter
429 1456 527 1493 me.
581 1434 948 1492 Convertimini
997 1434 1066 1488 ad
1107 1449 1205 1500 me,
1257 1441 1315 1519 et.
1346 1430 1476 1487 salvi
1524 1429 1669 1487 eritis
1721 1427 1873 1499 (Isai.

282 1548 415 1595 ην,
444 1529 558 1603 2i).

791 1639 952 1713 πε
978 1636 1209 1695 CAPUT
1238 1635 1373 1694 VIII.

358 1756 462 1814 llis
489 1756 652 1826 igitur
672 1763 836 1826 atque
858 1754 1157 1810 innumeris
1181 1748 1489 1820 huiusmodi
1517 1748 1877 1817 testimuniis,

281 1852 490 1924 quibus
508 1850 777 1907 Dominus
804 1847 948 1905 Deus
974 1853 1163 1902 noster
1205 1844 1519 1901 misericors
1556 1841 1880 1913 praedicatur

280 1953 343 2003 et
365 1945 571 2016 justus,
600 1941 909 2001 ostenditur
943 1945 1208 2009 Quantum
1243 1934 1515 2006 diligenda
1540 1935 1612 1992 sit
1637 1933 1753 2003 ejus
1777 1935 1881 1988 mi-

278 2038 609 2104 sericordia,
622 2043 1000 2107 quantumque
1035 2030 1245 2102 iustitia
1270 2028 1560 2087 metuenda
1603 2035 1880 2084 monstra-

279 2137 399 2186 tur.
452 2127 755 2183 Misericors
798 2123 1023 2180 enimet
1048 2122 1324 2178 miseratur
1358 2118 1650 2182 Dentium,
1676 2119 1881 2189 patiens

278 2231 332 2277 at
356 2221 586 2278 σκιάδεια
608 2217 904 2275 usitatior)"
930 2223 983 2271 et
1008 2229 1198 2279 ueram,
1218 2212 1359 2268 sicut
1382 2210 1533 2267 novit
1553 2224 1588 2264 a
1615 2223 1882 2266 converso

280 2318 617 2375 submovere
634 2311 991 2384 supplicium,
1016 2310 1099 2366 sic
1117 2309 1179 2364 in
1201 2323 1270 2364 eo
1296 2307 1392 2379 qui
1418 2305 1663 2364 converti
1691 2304 1882 2361 nolue-

280 2411 378 2476 rit,
402 2408 714 2464 nullatenus
736 2404 869 2462 sinit
892 2402 1122 2458 inultum
1148 2414 1434 2456 remanere
1460 2407 1761 2469 peccatum.
1792 2395 1882 2453 Id-

279 2498 763 2570 ciroosiquesin
800 2496 1062 2568 praesnti
1109 2493 1311 2550 sincqu
1354 2492 1444 2563 pia
1478 2490 1880 2548 Deibonitasa

278 2588 893 2661 destinatione'peccmi
922 2602 1029 2642 non
1074 2586 1298 2652 liberat,
1329 2584 1478 2655 ipsos
1502 2583 1556 2638 in
1579 2580 1761 2638 futuro
1785 2597 1879 2638 sea

279 2684 494 2743 veritas
516 2682 661 2753 iusta
674 2680 1027 2738 condemnat.
1058 2676 1199 2734 Hinc
1212 2684 1310 2732 est
1330 2675 1475 2746 quod
1498 2675 1696 2732 divinis
1716 2673 1847 2737 inde
1860 2704 1879 2718 -

278 2778 533 2834 ementer
585 2773 815 2842 eloqni'n
862 2772 990 2826 mali
1036 2770 1327 2826 salubriter
1376 2768 1756 2833 admonentur,
1808 2784 1880 2823 ne

277 2876 609 2927 remaneant
648 2868 705 2922 in
749 2866 1010 2922 servitute
1046 2863 1255 2935 peccati
1280 2905 1297 2931 ,
1324 2862 1422 2918 sed
1450 2860 1879 2916 misericordiam

273 2961 412 3032 justi
428 2960 547 3025 Dei,
564 2960 693 3015 dum
704 2957 909 3013 suntin
932 2958 1039 3012 hac
1068 2955 1197 3021 vita,
1221 2954 1528 3025 requirant.
1552 2953 1724 3010 Bonis
1746 2968 1885 3023 quo-

275 3068 392 3125 que
437 3050 747 3123 pmeipitur
790 3047 967 3121 (Paul.
998 3062 1057 3110 tt,
1088 3046 1178 3115 ll,
1206 3045 1296 3117 42,
1332 3044 1421 3116 l5)
1442 3087 1458 3113 ,
1488 3053 1550 3099 ut
1570 3044 1879 3101 servientes

275 3143 521 3200 Domino
543 3142 600 3198 in
624 3142 848 3206 timore,
886 3148 945 3195 et
984 3138 1327 3194 exsultantes
1368 3138 1420 3192 ei
1464 3151 1586 3192 cum
1617 3144 1875 3203 tremore,

1986 605 2215 668 sperant.
2244 594 2661 665 indulgentiam,
2694 599 2913 649 currant
2957 591 3264 663 praecipites
3291 591 3347 646 in
3374 593 3575 661 gehen-

1984 704 2130 744 nam.
2162 687 2241 744 Ac
2269 687 2348 743 sic
2376 686 2467 742 ille
2512 684 2738 742 callidus
2764 684 2988 740 humani
3032 685 3247 754 generis
3287 683 3538 742 inimicus
3559 731 3575 757 ,

1984 781 2121 836 alios
2144 778 2539 850 desperationis
2564 777 2871 834 temeritate
2889 776 3210 849 pmipitat,
3230 777 3372 835 alios
3392 786 3577 835 autem

1983 872 2190 930 fallacis
2215 873 2330 944 spei
2358 873 2681 944 deceptione
2700 872 3031 944 supplantat.
3045 873 3273 945 Propter
3288 872 3431 945 quod
3441 871 3543 928 bea
3559 903 3576 913 -

1986 973 2073 1021 tus
2100 963 2300 1021 Paulus
2323 962 2413 1037 (11
2442 962 2565 1021 Cor.
2586 979 2705 1032 xm,
2734 962 2814 1036 3),
2845 964 2902 1021 in
2920 978 3029 1035 quo
3054 962 3272 1021 locutus
3302 973 3390 1022 est
3422 963 3578 1020 Chri-

1983 1064 2119 1125 stus,
2142 1055 2283 1111 bene
2294 1054 2602 1112 viventibus
2630 1055 2874 1112 scribens
2890 1097 2905 1123 ,
2920 1056 2999 1113 sic
3021 1070 3211 1113 eorum
3232 1056 3578 1113 commendat
3661 1110 3665 1115 .

1985 1146 2370 1213 obedientiam,
2403 1156 2462 1202 ut
2489 1162 2611 1203 cum
2641 1156 2790 1203 metu
2817 1156 2872 1203 et
2896 1156 3136 1204 tremore
3165 1148 3398 1204 salubris
3439 1162 3579 1219 ope-

1981 1238 2210 1294 rationis
2228 1237 2417 1307 iubeat
2464 1238 2661 1294 talibus
2711 1239 2891 1294 inesse
2934 1240 3222 1295 cautelam.
3253 1238 3392 1295 Dicit
3427 1239 3578 1296 enim

1988 1326 2423 1400 Philippensibus
2454 1346 2467 1382 :
2503 1326 2718 1402 Itaque,
2761 1330 3021 1385 carissimi
3050 1331 3171 1396 mei,
3200 1332 3334 1385 sicut
3372 1347 3576 1403 semper

1983 1420 2253 1491 obedistis,
2279 1436 2385 1478 non
2419 1431 2478 1476 ut
2504 1423 2561 1477 in
2598 1424 2876 1493 prwsentia
2915 1438 3030 1478 mea
3061 1424 3157 1497 (al.
3190 1422 3318 1495 mei)
3351 1433 3575 1492 tantum,

1983 1514 2077 1570 sed
2102 1515 2263 1570 multo
2302 1515 2473 1586 magis
2500 1530 2636 1569 nunc
2672 1516 2726 1569 in
2776 1514 3011 1570 absentia
3058 1530 3191 1583 mea,
3221 1531 3336 1570 cum
3364 1524 3501 1570 metu
3527 1524 3577 1570 et

1986 1602 2205 1662 tremore
2232 1615 2453 1662 uestram
2479 1608 2697 1663 salutem
2719 1609 3025 1680 operamini.
3058 1606 3198 1662 Deus
3226 1616 3303 1662 est
3327 1609 3463 1662 enim
3491 1623 3577 1680 qua

1984 1706 2229 1769 operatur
2256 1698 2419 1770 366
2445 1699 2502 1753 in
2538 1698 2679 1755 vobis
2707 1709 2758 1755 et
2798 1699 2927 1755 uelle
2953 1708 3002 1754 et
3026 1700 3292 1771 perﬁcere,
3315 1717 3409 1771 pro
3441 1700 3576 1755 bona

1984 1789 2248 1845 uoluntate
2291 1790 2515 1863 (Philip.
2547 1806 2605 1859 ιι,
2639 1789 2748 1863 ιε).
2781 1791 2877 1847 llis
2916 1792 3096 1848 verbis
3140 1793 3333 1849 beatus
3376 1790 3576 1848 Paulus

1907 1892 1959 1960 ῃ
1978 1880 2184 1950 justum
2207 1881 2392 1951 utique
2412 1881 2580 1946 Deum
2600 1881 2857 1949 insinuat,
2883 1896 3008 1938 cum
3035 1890 3240 1939 metum
3265 1889 3575 1938 tremorem.

1984 1976 2091 2042 que
2110 1972 2436 2027 servandum
2464 1971 2710 2029 ﬁdelibus
2734 1974 2995 2045 prmcepit
3023 1974 3076 2029 in
3099 1975 3357 2045 operibus
3396 1975 3576 2031 bonis.

1984 2065 2391 2122 Misericordem
2419 2080 2636 2138 quoque
2676 2067 2954 2139 praedicat,
2982 2084 3143 2141 quem
3174 2069 3228 2125 in
3254 2071 3333 2128 eis
3361 2072 3576 2142 operari

1984 2154 2118 2209 dicit
2146 2162 2202 2210 et
2226 2153 2365 2211 velle
2384 2164 2440 2212 et
2466 2154 2750 2228 perlicere,
2771 2172 2872 2230 pro
2892 2158 3035 2215 bona
3064 2159 3362 2216 voluntate.
3388 2160 3577 2231 Neque

1984 2244 2128 2300 enim
2158 2259 2192 2302 a
2220 2244 2359 2302 bene
2405 2246 2757 2318 operantibus
2794 2248 2940 2320 juste
2987 2249 3287 2318 timeretur,
3315 2252 3359 2307 si
3402 2252 3577 2323 justus

1984 2350 2096 2391 non
2125 2344 2299 2405 esset;
2330 2352 2432 2394 nec
2484 2354 2647 2395 omne
2692 2339 2899 2397 bonum
2950 2342 3244 2399 voluntatis
3293 2354 3350 2399 et
3397 2344 3576 2415 operis

1984 2427 2100 2497 ipse
2142 2428 2197 2484 in
2246 2431 2327 2485 eis
2380 2439 2716 2500 operaretur,
2747 2433 2795 2491 si
2836 2434 3144 2492 misericors
3200 2452 3310 2491 non
3364 2435 3574 2493 fuisset.

1984 2519 2142 2578 Hunc
2166 2523 2388 2592 iustitia:
2427 2523 2623 2581 divina:
2648 2527 2898 2583 timorem
2922 2529 3148 2585 terribili
3175 2530 3352 2586 denuo
3382 2531 3575 2601 prmdi-

1982 2613 2201 2669 catione
2221 2613 2381 2684 juStis
2403 2616 2755 2675 vehementer
2782 2620 3061 2689 apostolus
3090 2618 3290 2678 Paulus
3318 2623 3576 2695 inculcat,

1982 2702 2166 2760 dicens
2199 2722 2211 2758 :
2246 2703 2345 2770 Qui
2374 2723 2430 2761 se
2448 2710 2711 2764 existimat
2731 2718 2889 2778 stare,
2911 2712 3085 2767 videat
3106 2729 3171 2768 ne
3200 2713 3357 2769 cadat
3377 2714 3434 2787 (1
3454 2715 3574 2773 Cor.

1983 2810 2038 2861 ι,
2086 2794 2207 2867 l2).
2239 2794 2310 2851 Et
2354 2812 2540 2855 rursus
2573 2818 2587 2853 :
2620 2799 2838 2857 Fratres
2861 2844 2879 2871 ,
2906 2802 2955 2858 si
2999 2814 3392 2875 prceoccupatus
3419 2807 3574 2880 fuerit

1983 2882 2136 2941 homo
2164 2887 2219 2940 in
2244 2886 2417 2958 alique
2435 2888 2646 2956 delicto,
2668 2907 2756 2947 vos
2777 2894 2864 2965 qui
2886 2894 3149 2965 spiritales
3177 2896 3322 2963 estis,
3338 2898 3573 2954 instruitc

1981 2979 2277 3052 hujusmodi
2321 2983 2377 3037 in
2418 2985 2605 3053 spiritu
2653 2985 2917 3055 lenitatis,
2965 2988 3302 3045 considerans
3333 2992 3603 3063 teipsum,-

1982 3090 2048 3129 ne
2067 3082 2118 3130 et
2147 3082 2200 3130 tu
2230 3078 2444 3132 tenteris
2474 3074 2676 3150 (Galat.
2709 3094 2784 3141 vi.
2812 3078 2889 3154 1).
2918 3081 3055 3153 Ipsis
3075 3097 3292 3153 quoque
3317 3085 3572 3155 apostolis

1982 3179 2105 3221 cum
2132 3167 2446 3257 magisterio
2490 3168 2700 3227 caelesti
2748 3171 3096 3230 denuntiatur
3132 3172 3415 3233 inﬁrmitas
3443 3193 3576 3249 pro‘

271 3231 1091 3308 apprehendentrdiseipliuam;
1127 3244 1196 3285 ne
1222 3227 1438 3298 quando
1466 3227 1732 3283 irascatur
1766 3225 1876 3282 Do-

1982 3256 2119 3326 pria,
2148 3272 2270 3314 cum
2300 3241 2326 3296 ἱ
2350 3263 2573 3331 congrui
2604 3263 2815 3319 timoris
2842 3262 3249 3322 demenstratur
3274 3267 3330 3323 in
3357 3225 3577 3322 burbilb

270 3328 464 3385 minus
491 3332 802 3397 tit-pereant
826 3323 897 3420 de
918 3323 1008 3378 Via
1239 3320 1359 3420 ῙΡξιθ
1405 3319 1586 3390 ίιαειυε
1612 3318 1756 3374 De“
1777 3318 1874 3388 qui
1908 3318 1953 3336 v
1982 3318 2304 3404 tate'cordis
2330 3318 2541 3407 cautela
2571 3353 2870 3420 retinenda,
3129 3318 3393 3414 “ll—omino-

270 3430 366 3481 est
408 3422 723 3479 misericors
748 3418 1025 3488 ctjustus.
1053 3416 1197 3474 sicut
1242 3414 1514 3478 admonet,
1546 3420 1608 3468 ut
1642 3420 1876 3483 propter

270 3514 543 3588 iustitiam
566 3522 630 3570 'et
682 3510 1110 3570 misericordiam
1159 3509 1415 3564 timeatur
1450 3515 1516 3561 et
1554 3506 1812 3576 diligatur
1838 3521 1873 3562 a

248 3605 460 3673 ~mlis,
487 3612 548 3660 ut
568 3603 822 3661 conversi
836 3610 1068 3658 cursant
1078 3614 1250 3670 pinna
1278 3613 1438 3669 quam
1460 3597 1672 3667 justitia
1694 3597 1872 3651 mina-

272 3706 391 3763 tur,
416 3704 475 3753 et
520 3696 786 3767 accipiant
828 3693 1230 3763 indulgentiam
1283 3706 1446 3762 quam
1500 3689 1872 3746 misericordia

273 3788 565 3860 pollicetur
582 3827 601 3853 ,
630 3788 709 3843 sic
730 3786 985 3844 admouet
1004 3794 1066 3840 ut
1090 3791 1317 3855 propter
1339 3781 1608 3853 justitiam
1632 3783 1872 3839 ettmise-

274 3880 569 3936 rieordiam
597 3879 850 3949 diligetur
874 3885 932 3933 et
978 3877 1231 3932 timeatur
1255 3890 1286 3931 a
1314 3874 1496 3943 bonis,
1525 3888 1634 3943 quo
1663 3873 1875 3944 possint

274 3972 372 4043 qui
396 3969 516 4040 ejus
558 3970 816 4041 praeventi
864 3966 1234 4025 misericordia
1279 3965 1412 4022 boni
1446 3974 1607 4031 sunt,
1647 3972 1707 4021 οι
1733 3964 1870 4021 αξιοι.

276 4063 469 4119 ctione
488 4061 873 4119 misericordiae
901 4062 959 4117 in
979 4060 1141 4118 bonis
1160 4059 1425 4130 operibus
1448 4073 1793 4129 permanere,
1806 4066 1873 4114 et

275 4154 475 4209 timore
492 4153 715 4223 iustitiae
740 4168 772 4208 a
791 4153 1028 4224 peccatis
1054 4151 1376 4222 semetipsos
1420 4150 1651 4207 sollicite
1689 4158 1871 4206 custo-

276 4246 428 4314 lire;
459 4256 515 4303 et
534 4247 971 4303 consideratione
990 4242 1229 4316 propria:
1252 4245 1582 4301 inﬁrmitatis
1622 4244 1870 4301 instructi

274 4354 552 4409 nunquam
579 4340 650 4396 de
675 4341 787 4396 suis
826 4339 1028 4396 viribus
1070 4337 1368 4403 conﬁdant,
1398 4336 1498 4393 sed
1520 4336 1729 4393 divinae
1757 4337 1859 4392 vir-

276 4430 412 4487 tutis
438 4430 699 4488 auxilium
723 4430 926 4503 insita
946 4439 1008 4486 et
1026 4428 1309 4485 humiliter
1330 4436 1583 4501 poscant.

1981 3437 2138 3508 gilate
2185 3445 2235 3493 et
2263 3448 2434 3506 orate,
2461 3458 2525 3497 ne
2573 3445 2791 3499 veniatis
2845 3446 2897 3500 in
2958 3449 3312 3504 tentationcm.
3342 3448 3571 3518 Spiritus

1978 3527 2187 3619 quidem
2208 3540 2499 3619 promptus,
2532 3546 2656 3588 caro
2684 3541 2858 3588 autem
2904 3536 3121 3606 inﬁrma
3165 3536 3299 3619 est)
3352 3536 3568 3611 (Matth.

1979 3632 2125 3684 xxvr,
2157 3616 2270 3691 id).
3018 3633 3028 3649 ι

2611 3734 2841 3793 CAPUT
2879 3736 2947 3792 Χ.

2049 3837 2433 3896 Verumtamen
2456 3843 2581 3913 quia
2613 3853 2807 3901 cuncta
2832 3864 2953 3919 quae
2996 3850 3192 3909 divinis
3222 3856 3568 3915 continentur

1981 3929 2233 4001 eloquiis,
2265 3932 2333 3987 ad
2359 3935 2659 3991 custodiam
2674 3937 2767 3993 vel
2786 3942 3187 4011 reparationem
3209 3945 3459 4005 dicuntur
3479 3952 3568 4006 hu-

1977 4035 2150 4077 mana:
2173 4022 2393 4093 salutis;
2424 4027 2663 4098 providit
2680 4044 2864 4088 sermo
2889 4031 3139 4105 divinus,
3159 4048 3229 4094 ne
3255 4038 3382 4095 dum
3407 4040 3569 4111 justis

1976 4114 2173 4172 divina:
2202 4125 2379 4174 metus
2425 4120 2680 4179 indicitur
2704 4126 2993 4195 siquitatis,
3025 4132 3336 4189 eeontrario
3378 4138 3568 4191 morti-

1977 4204 2093 4262 l'era
2119 4210 2500 4278 peccatoribus
2523 4211 2831 4285 desperatio
2862 4228 3198 4289 nasceretur,
3228 4223 3274 4278 si
3318 4240 3445 4295 spes
3484 4226 3569 4281 in—

1975 4295 2262 4368 dulgentize
2302 4301 2522 4360 minime
2550 4313 2969 4366 monstraretur.
2998 4309 3119 4381 Ipsa
3144 4314 3569 4373 enim-errantes

1974 4389 2043 4445 ad
2069 4390 2211 4446 viam
2239 4394 2482 4451 veritatis
2513 4406 2751 4464 revocat,
2778 4401 2909 4456 dum
2956 4404 3343 4474 prepitiat’mne
3390 4407 3568 4463 divina

1974 4492 2239 4536 converso
2261 4482 2613 4540 relaxandum
2632 4488 2928 4558 promittit,
2951 4491 3379 4561 quidquid'mali,
3404 4497 3568 4564 prius-

1972 4582 2135 4637 quam
2182 4580 2593 4629 converteretur
2640 4575 2878 4633 admisit.
2908 4578 3037 4637 ldeo
3067 4582 3346 4652 apostolus
3372 4581 3568 4641 Paulus

345 4656 524 4713 Debet
556 4666 689 4726 ergo
712 4664 768 4712 et
788 4672 819 4713 a
843 4654 1005 4713 bonis
1044 4652 1100 4709 et
1126 4670 1157 4710 a
1184 4652 1343 4709 malis
1366 4662 1472 4708 tam
1495 4647 1871 4708 misericordia
1895 4648 1953 4716 D
1978 4658 2031 4713 in
2060 4656 2297 4729 Epistola
2339 4678 2502 4733 quam
2531 4664 2599 4719 ad
2630 4664 2909 4724 Romanos
2935 4647 3173 4743 scripsit,
3203 4671 3344 4728 sicut
3382 4672 3567 4732 ﬁdeles

279 4746 426 4819 diligi
456 4756 620 4817 quam
650 4744 858 4817 iustitia
876 4744 1157 4803 formidari
1183 4764 1197 4801 :
1228 4761 1298 4801 ne
1325 4745 1410 4801 vel
1439 4744 1568 4801 boni
1590 4742 1871 4813 diligentes

280 4839 717 4897 misericordiam
744 4834 862 4908 Dei,
886 4833 1151 4910 justitiam
1171 4854 1280 4895 non
1303 4838 1547 4902 timeant,
1575 4847 1630 4891 et
1650 4830 1889 4907 laqueos'

279 4926 481 4986 diaboli
511 4925 825 4986 seducen’tis
852 4931 1161 4995 incurrant;
1185 4928 1272 4985 vel
1301 4926 1427 4984 mali
1455 4926 1625 4984 solam
1649 4926 1869 4998 justitia:

281 5022 628 5079 severitatem
650 5022 1087 5088 considerantes,
1118 5036 1227 5077 non
1258 5026 1530 5092 quierant,
1561 5036 1683 5076 cum
1713 5019 1868 5075 inve-

281 5117 398 5172 nire
419 5124 650 5187 possunt
673 5130 772 5188 per
798 5116 1232 5184 conversionem,
1266 5114 1646 5172 misericordim
1673 5110 1874 5170 beneﬁ-

284 5206 444 5274 e‘rum,
474 5222 540 5264 ac
563 5209 644 5265 sic
670 5208 917 5263 obdurati
946 5224 1055 5264 non
1075 5206 1252 5264 solum
1280 5206 1648 5263 remissionem
1678 5220 1871 5277 pecca-

284 5305 460 5353 torum
488 5297 779 5369 denegem,
801 5298 928 5370 quin
955 5298 1117 5354 etiam
1136 5305 1356 5369 peccata
1385 5295 1741 5367 multiplicare
1760 5311 1871 5352 non

285 5396 514 5444 cessent.
546 5386 665 5443 Hoc
691 5388 833 5443 enim
855 5387 1063 5459 bicipiti
1094 5388 1292 5458 laqueo
1335 5386 1645 5457 frequenter
1673 5385 1869 5443 diabo-

285 5480 371 5536 lus
396 5482 636 5552 captivat
656 5481 936 5548 incautos;
968 5489 1029 5536 ut
1055 5489 1149 5535 aut
1183 5495 1280 5552 spe
1305 5495 1445 5537 vana
1476 5480 1670 5538 futura:
1693 5480 1878 5536 remis-

474 5571 678 5640 obtusi,
700 5570 879 5627 nolint
894 5571 1119 5643 iustitiae.
1138 5572 1333 5628 timore
1358 5570 1635 5638 converti;
1667 5579 1760 5627 aut
1786 5586 1877 5627 re-

287 5660 606 5719 missionem
628 5661 953 5718 omnimodls
973 5660 1347 5733 desperantes,
1371 5662 1779 5719 conversionem
1794 5676 1885 5717 ne-

365 5847 581 5918 fForte
608 5846 801 5918 melius
845 5854 1245 5917 expungeretur
1284 5846 1545 5918 particula
1581 5861 1694 5901 cum
1715 5886 1729 5913 ,
1761 5861 1884 5916 qua:

290 5916 519 5978 habetur
545 5919 600 5975 in
629 5917 787 5975 editis
816 5925 874 5977 et
897 5916 997 5975 uti.

1979 4763 2034 4811 et
2063 4756 2240 4812 bonos
2270 4755 2338 4811 ad
2374 4759 2795 4819 insinuationem
2817 4765 3124 4822 severitatis
3149 4765 3344 4822 diuina:
3368 4768 3566 4823 territi-

1979 4853 2086 4909 cat,
2119 4844 2198 4901 sic
2222 4844 2469 4904 inﬁdeles
2494 4858 2550 4905 et
2577 4850 2752 4908 malos
2793 4854 2862 4909 ad
2885 4857 3296 4914 conversionem
3324 4874 3423 4930 spe
3449 4874 3566 4916 cer-

1982 4934 2185 4989 tissima
2213 4950 2462 5006 superna:
2479 4938 2739 4997 bonitatis
2765 4942 2976 5011 invitat,
2996 4954 3059 5001 ut
3077 4946 3282 5002 scilicet
3305 4956 3413 5004 tam
3438 4951 3566 5007 lieni

1980 5025 2251 5082 discerent
2294 5043 2403 5083 non
2433 5030 2599 5086 altum
2649 5047 2863 5105 sapere,
2887 5035 2983 5091 sed
3012 5036 3224 5104 timere,
3248 5052 3407 5108 quam
3434 5040 3566 5095 mali
3648 5067 3654 5107 ς

1978 5119 2186 5188 possint
2210 5120 2508 5176 remedium
2535 5123 2725 5180 salutis
2749 5133 2965 5181 aeterna:
2993 5127 3109 5183 sine
3137 5129 3378 5198 quolibet
3405 5130 3565 5202 impe-
3637 5117 3650 5172 έ

1979 5210 2220 5267 dimento
2240 5210 2593 5270 dubitationis
2633 5215 2936 5285 acquirere.
2963 5217 3103 5273 Dicit
3132 5219 3292 5287 igitur
3312 5221 3565 5276 «beatissi-

1975 5321 2098 5362 mus
2126 5302 2322 5362 Paulus
2362 5325 2375 5361 :
2420 5304 2546 5364 Vide
2572 5324 2695 5382 ergo
2722 5308 3001 5368 bonitatem
3019 5322 3070 5367 et
3086 5315 3410 5369 seueritatem
3432 5313 3565 5370 Dei:

1976 5396 2033 5451 in
2062 5413 2150 5452 eos
2174 5398 2381 5469 quidem
2411 5398 2496 5472 qui
2518 5400 2830 5470 ceciderunt,
2854 5407 3203 5472 severitatem;
3234 5406 3290 5460 in
3316 5414 3367 5460 te
3394 5416 3565 5462 autem

1982 5489 2289 5557 bonitatem,
2315 5493 2359 5545 si
2396 5495 2746 5563 permanseris
2780 5497 2835 5551 in
2885 5497 3116 5554 bonitate
3135 5513 3155 5553 :
3181 5496 3412 5572 alioquin
3437 5509 3486 5552 et
3515 5507 3565 5552 tu

1985 5577 2262 5646 excideris;
2289 5589 2338 5634 et
2365 5582 2465 5646 illi,
2503 5585 2549 5638 si
2571 5600 2675 5640 non
2703 5590 3084 5657 permanserint
3107 5590 3162 5645 in
3183 5589 3565 5659 incredulitate,

1989 5669 2300 5725 inserentur.
2332 5669 2526 5728 Potens
2552 5684 2627 5729 est
2654 5677 2789 5732 enim
2818 5677 2961 5734 Deus
2986 5681 3172 5737 iterum
3200 5684 3425 5738 inserere
3450 5680 3566 5737 illos

2057 5836 2082 5874 ιι
2111 5834 2210 5916 Ms.
2236 5849 2352 5916 non
2389 5819 2549 5893 habet
2586 5851 2682 5908 est,
2715 5858 2814 5899 nec
2842 5822 3022 5901 textus
3063 5846 3421 5916 evangelicus.
3455 5846 3559 5899 An-

1990 5920 2164 5981 tuerp.
2196 5906 2377 5963 habet.
