4048 6342
455 309 563 376 555

1504 318 1558 370 S.
1596 305 1956 371 FULGENTII
1997 312 2298 371 EPISCGPI
2338 308 2708 370 BUSPENSIS

3641 316 3744 379 536

458 429 635 509 (Rem.
662 453 735 504 ιιι,
768 435 857 503 22,
888 434 1003 508 25).
1037 435 1224 505 Itaque
1251 448 1371 488 cum
1399 433 1544 486 dicat
1572 431 1862 501 Apostolus
1893 431 2042 485 illum
2072 430 2318 516 All’sal.
2345 448 2434 496 vn,
2466 430 2580 502 15).
2605 429 2709 484 Per
2735 427 2949 485 Esaiam
2976 442 3193 500 quoque
3214 443 3327 487 non
3347 428 3625 490 dissimilis
3649 439 3742 492 ad-

455 528 814 589 excidendum
834 528 924 598 qui
948 528 1003 583 in
1022 527 1271 590 bonitate,
1292 540 1399 579 not.
1420 523 1796 594 permanserit,
1818 531 1873 578 et
1897 523 2047 578 illum

457 623 550 693 qui
600 622 654 676 in
686 620 1065 677 incredulitate
1111 634 1219 673 non
1265 615 1621 688 permanserit
1666 615 2048 682 inserendum;

453 714 576 784 quis
607 713 772 768 homo
796 711 976 783 iustus
1003 724 1112 765 non
1137 707 1490 765 tremefactus
1510 706 1774 777 justitiam
1807 714 2045 770 metuat,

454 806 543 861 vel
589 806 712 877 quis
740 805 957 874 iniquus
1006 817 1118 858 non
1158 801 1225 857 ad
1271 800 1367 857 Dei
1396 799 1825 856 misericordiam
1853 799 2052 855 contir-

454 906 635 953 matus
663 894 947 951 accurrat?
977 902 1004 931 ι
1035 891 1171 960 Quis
1212 908 1322 948 non
1351 891 1707 962 compellatur
1723 890 1868 946 bono
1895 890 2049 947 cuili-

453 988 549 1044 bet
569 987 736 1057 impii,
768 986 814 1041 si
841 993 957 1042 toto
987 984 1154 1040 corde
1208 998 1502 1040 conversus
1527 981 1712 1050 fuerit,
1741 979 1934 1036 audeat
1956 981 2051 1036 de-

451 1093 692 1149 sperare,
721 1092 845 1133 cum
873 1076 1110 1133 cmlestis
1135 1074 1403 1131 medicina
1433 1073 1717 1145 pneeeptis
1745 1072 2052 1129 salubribus

452 1167 742 1238 aequaliter
788 1166 935 1221 sanis
983 1166 1233 1222 consulat
1271 1174 1328 1221 et
1374 1165 1636 1232 iulirmis;
1667 1165 1771 1221 illis
1799 1166 2049 1222 timorem

451 1260 674 1331 iustitia:
703 1262 964 1325 indicens,
985 1268 1238 1331 tanquam
1261 1259 1451 1316 salutis
1470 1268 1707 1330 acceptae
1732 1258 2048 1327 custodem;

454 1354 575 1410 istis
604 1333 992 1409 misericordiie
1020 1350 1342 1408 benelicium
1371 1350 1653 1422 pollicens,
1688 1360 1769 1419 ut,
1797 1350 1913 1420 spei
1960 1365 2047 1406 re-

454 1446 638 1502 medio
665 1446 956 1515 sublevati,
984 1445 1249 1516 recipiant
1278 1460 1438 1516 quam
1484 1443 1831 1515 perdiderant
1878 1442 2051 1513 sospi-

455 1547 646 1595 tatem.
691 1538 879 1594 Timor
907 1538 1050 1594 enim
1094 1534 1317 1608 iustitia:
1363 1536 1675 1607 prmcipitur
1720 1542 1930 1601 sanato,
1962 1535 2049 1590 cui

454 1628 616 1700 367
646 1628 882 1683 dicitur:
914 1626 1050 1682 Ecce
1079 1644 1239 1682 sanus
1274 1627 1444 1698 factus
1467 1642 1542 1690 es,
1550 1626 1665 1698 jam
1688 1624 1793 1680 noli
1813 1641 2046 1694 peccare,

455 1737 521 1774 ne
547 1719 772 1773 deterius
818 1717 908 1773 tibi
937 1718 1137 1790 aliquid
1166 1718 1435 1791 contingat
1467 1716 1649 1789 (Joan.
1684 1733 1735 1783 v,
1768 1716 1880 1787 14).
1913 1716 2049 1787 Spes

2151 516 2351 576 versus'
2390 529 2738 576 contumaces
2769 526 2825 576 et
2849 518 3041 575 divina:
3069 521 3372 577 clementiae
3401 533 3744 598 contempto-

2151 627 2239 668 res
2259 613 2367 667 lata
2396 613 2666 682 reperitur
2693 627 2789 667 ore
2817 611 3000 667 divino
3044 615 3334 682 sententia,
3385 616 3438 670 in
3477 632 3582 687 qua
3614 634 3741 688 cog-

2151 704 2412 770 noscitur,
2463 719 2566 760 nec
2606 704 2838 759 inaniter
2886 720 3211 775 quemquam
3260 706 3458 763 divinis
3507 709 3747 779 imperiis

2151 795 2390 862 obedire,
2422 812 2526 852 nec
2553 796 2772 867 impune
2798 796 2852 851 in
2882 784 3259 867 iniquitatibus
3286 816 3627 872 permanere.
3659 804 3748 860 Sic

2151 901 2281 955 ergo
2304 886 2470 942 dicit:
2500 885 2794 957 Lavamini,
2834 889 3014 943 mundi
3042 899 3220 957 estote,
3252 895 3454 964 auferte
3492 896 3746 967 nequities

2149 986 2345 1030 vestras
2377 975 2440 1030 ab
2483 978 2672 1032 animis
2719 979 2901 1034 vestris
2930 997 2959 1034 e
2987 991 3260 1051 conspectu
3300 984 3572 1040 oculorum
3602 977 3746 1042 ineo-

2151 1084 2299 1134 rum;
2327 1068 2546 1129 desinite
2574 1087 2606 1123 a
2634 1070 2851 1124 malitiis
2887 1072 3091 1140 vestris,
3122 1073 3305 1129 discite
3329 1075 3518 1132 bonum
3547 1080 3743 1149 facere,

2150 1164 2395 1235 inquirite
2414 1164 2693 1234 judicium,
2721 1164 2903 1234 eripite
2923 1166 3179 1236 injuriam
3204 1170 3562 1240 accipientem,
3593 1173 3744 1242 judi-

2151 1262 2264 1307 cate
2292 1252 2509 1324 pupillo,
2532 1262 2581 1307 et
2603 1252 2889 1323 justificate
2912 1253 3133 1322 viduam,
3151 1266 3202 1311 et
3221 1260 3387 1313 venite
3407 1259 3745 1332 disputemus,

2153 1344 2278 1398 dicit
2305 1342 2579 1398 Dominus.
2608 1342 2678 1396 Et
2724 1346 2769 1399 si
2793 1346 2986 1416 fuerint
3015 1347 3205 1402 delicta
3254 1361 3421 1405 uestra
3449 1362 3506 1406 ut
3540 1353 3747 1424 phreni-

2152 1439 2306 1502 cium,
2330 1447 2385 1490 ut
2406 1438 2570 1492 nivem
2600 1437 2870 1492 dealbabo.
2900 1437 2961 1495 Si
2984 1450 3154 1495 autent
3168 1452 3225 1496 ut
3248 1456 3545 1514 coccum,ut
3569 1445 3748 1502 lanam

2153 1530 2431 1585 candidam
2459 1530 2696 1601 efﬁciam.
2730 1529 2799 1584 Et
2827 1532 2872 1585 si
2900 1532 3166 1588 volueritis
3203 1543 3253 1588 et
3280 1534 3618 1593 obaudieritis
3646 1556 3750 1604 me,

2153 1635 2267 1690 qua:
2287 1619 2421 1673 bona
2450 1630 2569 1674 sunt
2591 1628 2764 1687 terrae,
2791 1620 2972 1675 edetis.
2989 1621 3053 1677 Si
3077 1632 3248 1678 autem
3277 1624 3568 1693 nolueritis,
3586 1645 3750 1700 neque

2153 1715 2490 1771 obaudierilis
2516 1733 2616 1781 nte,
2642 1716 2846 1787 gladius
2874 1733 2961 1772 vos
2983 1718 3233 1775 comedet.
3267 1718 3340 1775 0s
3369 1723 3506 1776 enim
3532 1721 3749 1780 Domini

456 1826 676 1883 quoque
705 1810 1094 1867 misericordiae
1114 1810 1516 1867 demonstratur
1538 1810 1784 1876 infirmis,
1809 1825 1931 1866 cum
1960 1809 2043 1864 di-
2076 1810 2125 1871 B
2150 1806 2377 1862 locutum
2402 1816 2480 1861 est
2508 1807 2604 1861 hoc
2634 1805 2772 1877 (Isa.
2800 1824 2838 1872 ι,
2869 1806 2938 1861 16
2956 1818 3008 1863 et
3034 1809 3190 1881 seq.).
3217 1809 3348 1877 Quis
3369 1826 3504 1882 rogo
3530 1821 3618 1868 est
3638 1820 3748 1870 tam

456 1904 596 1958 citur
628 1922 639 1956 :
672 1898 797 1958 Non
827 1913 903 1958 est
932 1921 1059 1975 opus
1084 1905 1229 1959 sanis
1258 1904 1507 1969 medicus,
1541 1904 1632 1958 sed
1662 1904 1796 1957 male
1817 1902 2049 1965 habenti-

456 1993 549 2050 bus
578 2012 595 2049 :
626 2012 732 2051 non
761 1996 874 2049 veni
920 2011 1101 2049 vocare
1119 1996 1289 2066 justos
1308 2034 1323 2059 ,
1355 1984 1446 2050 sed
1474 2004 1775 2066 peccatores
1797 1996 1851 2049 in
1875 1996 2045 2066 poeni-

458 2086 674 2139 tentiam
702 2083 854 2156 (Luc.
880 2101 932 2151 v,
965 2084 1077 2155 '52).
1107 2083 1301 2139 Sermo
1331 2100 1547 2155 quoque
1568 2083 1917 2154 propheticus
1945 2085 2049 2138 mi-

458 2176 809 2233 sericordiam
840 2176 935 2232 Dei
968 2176 1339 2247 iustitiamque
1364 2175 1746 2231 commendare
1773 2190 1882 2229 non
1912 2164 2052 2229 desi-

459 2269 562 2338 nit,
587 2269 666 2325 sic
693 2267 805 2323 Deo
826 2284 924 2339 per
949 2266 1289 2324 Ezechielem
1310 2269 1633 2339 prophetam
1656 2268 1904 2324 dicente:
1939 2267 2054 2323 Ini-

457 2379 589 2434 quus
617 2364 664 2417 si
691 2379 747 2417 se
762 2370 1021 2417 convertat
1051 2360 1116 2415 ab
1141 2360 1377 2416 omnibus
1405 2361 1762 2433 iniquitatibus
1790 2362 1899 2415 suis
1926 2376 2056 2430 quas

457 2453 602 2523 fecit,
628 2462 678 2507 et
705 2452 1005 2507 custodierit
1032 2452 1209 2506 omnia
1235 2450 1486 2505 mandata
1524 2467 1659 2516 mea,
1687 2459 1735 2504 et
1764 2451 1942 2522 fecerit
1974 2449 2058 2521 ju-

456 2545 652 2598 stitiam
680 2552 731 2597 et
759 2542 1195 2608 misericordiam,
1223 2544 1326 2597 vita
1356 2544 1511 2607 vivet,
1542 2551 1592 2596 et
1639 2559 1745 2596 non
1774 2543 2053 2596 morietur.

463 2632 656 2688 Omnia
680 2634 868 2688 delicta
892 2635 1006 2705 ejus
1040 2650 1354 2706 quacunque
1376 2633 1532 2705 fecit,
1561 2649 1665 2687 non
1691 2641 1842 2687 erunt
1866 2634 1921 2686 in
1950 2649 2057 2687 me-

458 2727 648 2780 moria.
697 2723 762 2778 In
795 2742 890 2779 sua
915 2725 1125 2796 justitia
1154 2741 1310 2796 quant
1339 2725 1479 2796 fecit,
1507 2724 1655 2778 vivet.
1683 2722 1937 2796 Nunquid
1964 2741 2057 2779 vo-

460 2819 659 2873 luntate
702 2819 814 2873 volo
843 2828 1060 2873 mortem
1087 2818 1396 2891 peccatoris,
1420 2818 1548 2872 dicit
1576 2815 1863 2883 Dominus,
1904 2834 2057 2890 quam

459 2923 517 2968 ut
559 2924 824 2968 avertatur
869 2921 929 2968 de
958 2913 1041 2968 via
1086 2929 1181 2967 sua
1209 2913 1371 2978 mala,
1413 2920 1461 2965 et
1508 2911 1671 2965 vivere
1697 2927 1811 2964 eum
1843 2908 2057 2981 (Ezeclt.

461 3025 613 3075 xvtu,
642 3007 772 3079 2|)?
801 3007 1033 3063 Ostenso
1082 3007 1263 3076 itaque
1305 3005 1374 3061 ad
1421 3005 1617 3076 impios
1665 3003 2058 3061 convertendos

463 3099 1090 3170 divinationganimitatis
1104 3114 1169 3153 ac
1185 3096 1534 3167 benignitatis
1546 3096 1834 3163 beneﬁcio,
1863 3097 1929 3152 ad
1966 3096 2057 3167 iu-

2153 1897 2320 1953 durus
2347 1906 2441 1952 aut
2468 1899 2691 1953 omnino
2737 1898 2987 1969 stolidus,
3014 1900 3107 1970 qui
3136 1900 3191 1956 in
3221 1900 3325 1958 hoc
3348 1918 3606 1960 sermone
3633 1920 3751 1961 mo-

2155 1991 2376 2048 nitiouis
2420 2006 2687 2061 superum,
2735 1992 2783 2048 si
2810 1992 2877 2048 ad
2919 1994 3328 2057 conversionem
3356 2013 3465 2052 non
3490 1997 3752 2056 inritatur

2154 2083 2318 2153 363
2338 2080 2698 2137 delectatione
2726 2082 3011 2153 promissi,
3043 2100 3153 2139 non
3175 2085 3366 2141 saltem
3393 2088 3751 2158 mmpellatur

2156 2182 2365 2230 terrore
2403 2174 2685 2245 supplicii?
2715 2173 3160 2247 Contemptorem
3187 2178 3390 2250 quippe
3431 2179 3599 2235 divini
3627 2196 3750 2238 ser-

2156 2264 2334 2320 monis
2383 2280 2491 2320 non
2535 2265 2770 2335 excipiet
2817 2266 2985 2337 salus,
3015 2267 3116 2324 sed
3153 2278 3495 2327 comesturus
3521 2280 3608 2328 est
3632 2272 3750 2342 gla-

2157 2355 2296 2412 dius.
2330 2354 2468 2411 Hine
2496 2364 2582 2412 est
2626 2356 2771 2426 quod
2796 2357 2904 2412 alio
2932 2357 3055 2414 loco
3095 2358 3150 2414 in
3179 2358 3422 2429 ejusdem
3470 2363 3750 2433 prophetat

2160 2449 2435 2505 volumine
2474 2448 2898 2519 demonstratur,
2928 2449 3055 2519 quia
3084 2450 3188 2506 nisi
3215 2467 3313 2524 per
3333 2455 3750 2511 conversionem

2159 2556 2320 2596 nemo
2343 2540 2623 2611 perveniet
2649 2540 2717 2596 ad
2742 2541 2993 2597 salutem.
3012 2542 3103 2599 Sic
3131 2543 3274 2598 enim
3294 2544 3524 2601 dicitur:
3549 2545 3612 2601 Si
3634 2562 3753 2601 cou-

2158 2650 2335 2689 versus
2364 2635 2523 2705 fueris
2543 2643 2594 2688 et
2614 2633 2949 2706 ingemueris,
2979 2634 3152 2690 salvus
3171 2636 3275 2691 eris
3305 2635 3464 2709 (Isai.
3496 2654 3627 2704 xxx,
3661 2635 3747 2704 15,

2160 2745 2263 2783 sec.
2295 2725 2491 2799 LXX).
2544 2727 2603 2781 ln
2644 2727 2749 2782 hoc
2780 2727 3091 2784 testimonio
3131 2729 3485 2785 eonditionali
3512 2729 3654 2785 Deus
3694 2743 3752 2787 et

2162 2827 2433 2890 prmcepto
2462 2817 2648 2883 utitur,
2678 2826 2735 2873 et
2763 2818 3051 2888 promisso.
3073 2818 3269 2875 Dicens
3295 2820 3516 2891 quippe,
3540 2821 3601 2876 Si
3630 2837 3755 2877 con-

2162 2926 2336 2965 versus
2367 2910 2529 2981 fueris
2567 2916 2617 2964 et
2666 2908 2998 2981 ingemueris,
3044 2912 3219 2966 salvus
3243 2913 3372 2981 eris,
3419 2913 3661 2968 ostendit
3686 2929 3755 2969 ex

2164 3000 2532 3057 conversionis
2554 2999 2866 3056 conditione
2887 3001 3300 3070 promissionem
3321 3002 3512 3059 salutis
3530 3006 3754 3061 omnino

2164 3092 2423 3163 pendere.
2442 3091 2569 3147 Haec
2588 3100 2673 3147 est
2686 3092 2849 3162 igitur
2871 3093 3015 3149 inter
3032 3093 3203 3155 Deum
3225 3096 3612 3167 hominemque
3629 3114 3757 3154 con-

463 3201 579 3248 stos
615 3208 832 3262 quoque
860 3190 1217 3248 deterrendos
1247 3191 1321 3245 ita
1351 3189 1702 3261 propheticus
1723 3205 1903 3244 sermo
1931 3190 2062 3245 diri—
2089 3194 2137 3257 ρ
2167 3185 2323 3252 ditio.
2354 3186 2409 3240 id
2439 3193 2540 3252 εει,
2572 3186 2715 3242 inter
2742 3189 3145 3259 PmCipienlem
3189 3191 3476 3248 Dominum
3501 3208 3753 3250 servum-

465 3284 609 3353 gitur
641 3302 653 3338 :
686 3282 812 3338 Cum
843 3300 897 3338 se
917 3294 1087 3337 autem
1115 3283 1354 3337 averterit
1370 3281 1546 3352 justus
1572 3297 1604 3334 α
1626 3297 1721 3334 sua
1734 3280 1944 3351 justitia
1962 3323 1978 3350 ,
2007 3290 2060 3335 et
2159 3293 2266 3348 que
2295 3287 2627 3350 poscentem,
2657 3281 2799 3337 inter
2817 3282 3054 3353 iudicem
3080 3285 3176 3355 qui
3203 3285 3323 3342 sine
3344 3280 3551 3357 iustitia
3580 3288 3751 3345 mise-

467 3377 644 3447 fererit
672 3376 1016 3447 iniquitatem,
1048 3372 1331 3429 secundum
1377 3388 1554 3428 omnes
1596 3372 1899 3444 iniquitates
1928 3388 2057 3443 quas
2158 3369 2450 3426 ricordiam
2472 3381 2759 3442 prterogat,
2778 3381 2835 3429 et
2853 3384 3197 3444 peccatorem
3215 3378 3309 3448 qui
3328 3380 3754 3437 misericordiam

467 3468 591 3539 fecit
617 3468 706 3533 ille
732 3469 967 3540 iniquus,
998 3484 1173 3528 omnes
1215 3467 1435 3539 justitia:
1461 3466 1574 3537 ejus
1618 3482 1746 3538 quas
1772 3465 1918 3536 fecit,
1951 3481 2057 3520 non

465 3569 615 3615 erunt
669 3560 723 3614 in
776 3561 1045 3615 memoria.
1100 3558 1167 3612 In
1215 3558 1400 3613 delicto
1445 3574 1538 3612 suo
1586 3573 1684 3629 quo
1733 3555 1977 3628 deliquit,
2008 3563 2059 3609 et

463 3649 522 3702 in
559 3650 783 3719 peccatis
838 3650 947 3704 suis
993 3647 1175 3719 quibus
1223 3649 1482 3720 peccavit,
1523 3647 1578 3701 in
1626 3648 1754 3717 ipsis
1810 3646 2059 3700 morietur

467 3738 637 3806 (Ibid.
669 3739 794 3812 et).

1032 3856 1041 3873 ‘
1089 3873 1318 3932 CAPUT
1357 3874 1445 3929 xu.

540 4009 952 4065 Innumerabilia
982 4017 1106 4064 sunt
1132 4009 1436 4064 divinarum
1476 4008 1783 4064 testimonia
1809 4007 2058 4080 Scriptu-

467 4117 653 4156 rarum
680 4100 875 4171 quibus
901 4099 1044 4156 Deus
1070 4099 1377 4156 misericors
1418 4100 1739 4171 praedicatur
1779 4106 1834 4155 et
1861 4100 2059 4170 iustus,

469 4206 573 4247 nec
600 4199 682 4246 est
701 4189 846 4245 aliud
864 4189 1008 4261 quod
1034 4190 1212 4247 omnis
1233 4197 1411 4246 textus
1432 4198 1557 4259 agat
1581 4190 1816 4246 caelestis
1837 4188 2057 4260 eloquii,

468 4280 573 4337 nisi
601 4290 661 4336 ut
699 4280 874 4338 malos
899 4279 1188 4337 admoneat
1236 4282 1428 4339 timore
1446 4282 1669 4353 iustitize
1697 4281 1792 4339 Dei
1813 4283 2063 4340 celeriter

468 4372 628 4429 malis
655 4372 911 4443 operibus
940 4374 1099 4430 linem
1121 4388 1345 4445 ponere,
1377 4381 1432 4429 et
1468 4372 1643 4430 bonos
1664 4373 1716 4428 in
1746 4373 1902 4430 bonis
1930 4389 2060 4446 ope-

469 4467 619 4523 ribus
646 4466 877 4523 sollicite
906 4475 1068 4537 atque
1098 4467 1373 4523 humiliter
1400 4481 1738 4538 permanere.
1764 4465 1834 4522 Ut
1855 4466 2063 4525 scilicet

2155 3463 2298 3534 iuste
2320 3464 2612 3535 iudicantis
2636 3476 2937 3537 exspectat.
2969 3466 3114 3527 Dicit
3134 3470 3297 3541 igitur
3334 3472 3438 3528 iste
3468 3472 3755 3543 Dominus,

2159 3556 2468 3612 tmsericors
2496 3564 2553 3613 et
2575 3557 2772 3626 iustus,
2804 3573 3026 3615 severus
3046 3570 3102 3616 et
3127 3560 3287 3632 pius:
3318 3563 3379 3617 Si
3398 3563 3507 3619 hoc
3533 3562 3754 3632 feceris,

2162 3647 2268 3703 hoc
2297 3648 2551 3717 habebis;
2576 3650 2623 3706 si
2644 3650 2793 3720 quod
2819 3651 2942 3707 dico
2969 3653 3308 3721 custodieris,
3324 3654 3467 3711 dabo
3492 3657 3640 3727 quod
3663 3673 3757 3730 po-

2161 3739 2299 3805 scis;
2340 3755 2441 3810 ego
2463 3742 2559 3797 tibi
2587 3743 2844 3814 pratcipio
2864 3747 3294 3815 conversionem,
3322 3756 3379 3803 tu
3407 3751 3591 3819 poscis
3609 3766 3641 3803 a
3667 3766 3758 3807 me

2161 3830 2430 3899 salutem;
2472 3833 2517 3891 si
2544 3834 2788 3904 parueris
2816 3844 3105 3907 prtecepto,
3131 3838 3356 3909 potieris
3374 3839 3674 3908 beneﬁsio;
3707 3843 3756 3898 si

2156 3918 2306 3990 iussa
2329 3921 2699 3994 ﬁerigvideam,
2723 3925 2993 3996 postulata
3022 3927 3354 3985 concedam:
3388 3931 3451 3986 Si
3477 3948 3761 3989 conversus

2166 4015 2323 4085 fueris
2351 4024 2401 4069 et
2420 4016 2755 4086 ingemueris,
2783 4018 2957 4074 salvus
2984 4021 3106 4078 eris.

2718 4140 2721 4143 ’
2764 4171 2991 4233 CAPUT
3029 4176 3142 4234 xu.

2235 4283 2370 4340 Cum
2391 4284 2588 4345 dicitur
2612 4302 2743 4359 ergo
2766 4293 3012 4360 peceanti
3050 4295 3369 4354 beneﬁcium
3393 4299 3589 4357 salutis
3618 4306 3769 4362 acci-

2164 4391 2295 4448 pere
2314 4379 2570 4448 cupienti,
2601 4381 2727 4451 quia
2756 4382 2801 4437 si
2829 4398 3123 4448 conversus
3148 4386 3311 4444 fuerit
3328 4400 3385 4446 et
3411 4390 3766 4465 ingemuerit,

2162 4468 2341 4525 salvus
2361 4469 2496 4537 erit;
2518 4481 2915 4544 consequenter
2936 4476 3251 4548 intelligitur
3267 4481 3415 4551 quia,
3432 4499 3653 4541 enus:
3684 4504 3768 4543 ιιι-

470 4564 527 4615 et
554 4560 729 4617 omnis
758 4559 973 4630 iniquus
1019 4560 1332 4631 aequitatem
1363 4560 1459 4616 Dei
1485 4569 1752 4636 metuens,
1785 4560 1855 4617 ad
1891 4561 2056 4620 mise-
2084 4570 2137 4633 ι)
2163 4576 2456 4630 osuuenrr,
2489 4554 2674 4619 tamen
2720 4559 3151 4625 conversus'non
3199 4569 3397 4641 fuerit,
3428 4575 3613 4633 salvus
3654 4595 3769 4636 non

469 4650 760 4707 ricordiam
783 4661 968 4707 currat
989 4649 1150 4721 iusta:
1179 4651 1457 4720 bonitatis,
1488 4662 1541 4708 et
1570 4653 1744 4709 omnis
1763 4652 1960 4723 iustus,
1989 4655 2058 4711 de

469 4742 567 4800 Dei
594 4742 963 4799 misericordia
986 4744 1244 4815 gaudens,
1264 4743 1524 4814 iudicium
1538 4744 1928 4815 benignissima:
1950 4762 2058 4804 non

470 4835 709 4905 negligat
722 4836 1009 4906 aequitatis.
1044 4835 1181 4904 Quia
1206 4837 1297 4893 ubi
1325 4845 1408 4893 est
1433 4838 1798 4895 misericordia
1823 4839 2057 4909 justitia-

468 4942 578 4999 que
605 4927 865 4999 perfecta,
890 4944 994 4985 nec
1029 4928 1271 4986 favorem
1297 4938 1477 5001 potest
1492 4929 1667 5000 iustus
1694 4931 1928 5001 peccatis
1958 4931 2057 4987 im-

468 5022 732 5095 pendere,
773 5037 876 5079 nec
902 5022 1289 5095 indulgentiam
1319 5024 1593 5080 conversis
1623 5024 1931 5080 misericors
1959 5025 2056 5081 ab-

470 5128 690 5184 negare.
717 5111 799 5168 Ex
824 5113 930 5169 hoc
950 5114 1113 5184 igitur
1132 5115 1279 5184 quod
1299 5114 1477 5185 iustus
1505 5123 1561 5171 et
1587 5114 1893 5171 misericors
1919 5130 2057 5186 prte-

470 5205 701 5275 dicatur,
731 5206 982 5263 facillime
1008 5208 1355 5279 cognoscitur
1400 5209 1494 5280 (at.
1526 5209 1923 5279 cognoscimus)
1952 5223 2061 5264 non

472 5298 577 5356 nisi
620 5297 899 5356 conversis
950 5301 1324 5356 remissionem
1363 5300 1525 5357 tribui
1565 5308 1930 5372 peccatorum,
1964 5315 2062 5357 nec

473 5388 578 5443 nisi
597 5390 1038 5459 permanentibus
1059 5391 1112 5445 in
1134 5400 1363 5461 peccato
1381 5391 1700 5462 supplicium
1724 5393 2064 5465 sempiterna:

475 5477 835 5538 damnationis
856 5481 1059 5539 inferri.
1078 5480 1307 5553 Propter
1322 5482 1465 5553 quod
1482 5480 1766 5541 Psalmista
1788 5484 1867 5541 sic
1886 5484 2060 5541 canit:

476 5568 598 5625 Nisi
626 5575 1018 5641 convertamini,
1039 5573 1271 5646 gladium
1291 5591 1439 5630 suum
1461 5575 1888 5647 vibravit,arcum
1917 5595 2067 5634 suum

476 5665 708 5729 tetendit,
734 5677 782 5721 et
805 5669 1008 5735 paravit
1034 5668 1201 5733 illum,
1243 5678 1294 5722 et
1320 5669 1372 5723 in
1402 5685 1462 5722 eo
1502 5671 1704 5740 paravit
1732 5687 1855 5725 vasa
1885 5673 2065 5726 mortis

548 5858 571 5890 δ
602 5847 753 5905 llunc
775 5846 952 5904 locum
976 5862 1082 5903 non
1105 5852 1288 5923 paucis
1309 5850 1487 5911 verbis
1507 5867 1755 5919 mancum
1778 5853 2063 5938 restituere
2086 5867 2191 5911 non
2216 5852 2361 5911 licuit
2392 5872 2494 5927 ope
2519 5855 2643 5915 cdd.
2675 5865 2765 5915 aut
2794 5874 2919 5918 mss.
2947 5858 3108 5925 codd.

2165 4650 2288 4705 erit.
2320 4649 2438 4706 Non
2466 4653 2611 4708 enim
2638 4653 2834 4711 frustra
2862 4665 3151 4729 utrumque
3165 4660 3379 4719 divinus
3402 4680 3585 4722 sermo
3611 4685 3771 4725 eom~

2166 4740 2355 4811 plexus
2375 4750 2476 4812 est,
2509 4744 2614 4799 nisi
2644 4753 2704 4800 ut
2747 4746 2862 4802 haec
2889 4747 3016 4817 duo,
3058 4750 3113 4806 id
3153 4761 3237 4808 est
3262 4757 3683 4814 conversionem
3714 4769 3771 4817 et

2165 4837 2444 4903 gemitum,
2460 4840 2760 4895 necessaria
2776 4854 3224 4912 cognosceremus
3236 4844 3306 4900 ad
3318 4851 3771 4919 consequendum

2166 4930 2353 4987 salutis
2408 4931 2678 4988 elfectum.
2735 4933 2988 4992 Nonnulli
3025 4937 3170 4993 enim
3219 4941 3488 4997 scelerum
3534 4959 3771 5002 suorum

2169 5026 2602 5082 consideratione
2654 5029 2947 5098 perterriti,
2978 5047 3079 5102 pro
3128 5032 3502 5104 iniquitatibus
3541 5039 3778 5108 quidem
3824 5028 3829 5031 ’

2170 5116 2281 5172 suis
2311 5116 2365 5172 in
2394 5119 2642 5174 oratione
2680 5129 2921 5190 gemunt,
2964 5137 3067 5179 nec
3105 5132 3289 5181 tamen
3315 5126 3383 5183 ab
3413 5127 3597 5198 iniqua
3628 5148 3763 5202 ope-

2169 5209 2379 5265 ratione
2399 5209 2701 5266 disccdunt.
2718 5211 2977 5269 Fatentur
2996 5229 3057 5270 se
3079 5216 3222 5273 maie
3248 5215 3460 5287 fecisse,
3474 5235 3578 5276 nec
3594 5221 3773 5279 ullum

2170 5300 2331 5357 linem
2363 5303 2549 5358 volunt
2598 5305 2754 5360 malis
2803 5305 2956 5361 factis
2993 5307 3104 5363 suis
3148 5308 3451 5380 imponere.
3491 5310 3773 5370 Accusant

2171 5393 2446 5449 humiliter
2474 5394 2529 5449 in
2556 5405 2851 5466 conspectu
2883 5395 2975 5453 Dei
3000 5407 3222 5469 peccata
3260 5400 3458 5469 quibus
3505 5409 3773 5461 tenentur

2170 5489 2433 5560 oppressi,
2465 5497 2520 5546 et
2556 5490 2745 5546 eadem
2773 5500 2998 5562 peccata
3026 5508 3147 5562 quae
3171 5493 3474 5551 humilitate
3496 5499 3775 5556 sermonis

2171 5588 2444 5648 accusant,
2468 5581 2632 5637 corde
2661 5597 2917 5652 perverso
2945 5586 3337 5642 contumaciter
3364 5586 3667 5644 cumulant.
3692 5589 3758 5645 In

2170 5667 2498 5738 dulgentiam
2536 5665 2696 5742 quam
2723 5672 3039 5745 laerymosis
3066 5678 3354 5747 gemitibus
3380 5686 3637 5754 poscunt,
3665 5681 3775 5759 ipsi

3766 5899 3779 5925 Ι

2277 6036 2352 6051 ,σα
