4048 6342
493 374 594 432 539

1081 476 1310 534 CAPUT
1340 476 1473 532 XIV.

563 578 619 632 in
651 577 796 633 omni
839 589 967 645 ergo
997 584 1282 645 peccatore
1310 572 1402 641 qui
1443 571 1666 626 arbitrio
1705 570 1816 640 jam
1848 569 2078 640 propriae

497 670 788 726 voluntatis
816 668 982 722 utitur
1005 707 1021 734 ,
1071 680 1170 734 per
1197 664 1607 720 conversionem
1653 663 1830 718 cordis
1875 661 2078 717 beneli-

495 767 636 820 cium
683 762 847 819 divini
896 760 1132 817 muneris
1179 759 1482 814 inchoatur.
1528 758 1794 814 Cmterum
1824 758 2082 829 parvulos

495 857 741 912 novimus
773 869 880 908 non
910 852 1127 922 propria
1157 849 1579 916 voluntate,.sed
1610 847 1842 903 ﬁdelium
1870 864 1972 919 pro
2001 848 2080 902 eis

495 947 860 1005 conlitentium
887 954 1033 1001 recta
1055 944 1372 1001 credulitate
1399 944 1614 998 salvari.
1641 943 1908 998 Convenit
1935 942 2080 997 enim

495 1042 692 1111 indicio
719 1039 962 1095 veritatis
1001 1038 1256 1108 parvulos
1304 1037 1602 1091 ministerio
1649 1035 1837 1090 alienae
1865 1034 2079 1091 confes-

495 1133 660 1187 sionis
689 1130 915 1196 absolvi,
959 1143 1095 1198 quos
1125 1127 1336 1184 vinculo
1366 1134 1581 1182 constat
1610 1126 1797 1181 alicam
1826 1125 2082 1194 iniquita~

496 1225 561 1281 tis
591 1223 853 1292 obstringi
886 1240 898 1275 :
930 1231 1017 1290 ut,
1057 1221 1177 1277 aliis
1205 1219 1518 1291 spiritaliter
1554 1216 1956 1284 conﬁtentibus,
2001 1231 2086 1274 ac-

497 1317 694 1388 cipiant
716 1314 1118 1388 justiﬁeationis
1145 1312 1486 1380 beneﬁcium,
1517 1314 1631 1383 qui,
1651 1313 1772 1367 aliis
1793 1312 2086 1368 carnaliter

498 1409 917 1480 generantibus,
962 1414 1185 1478 portant
1213 1406 1473 1476 originale
1517 1398 1921 1475 peccatumg'et
1945 1404 2088 1458 sicut

499 1501 564 1556 ad
605 1501 831 1571 primam
889 1498 1228 1554 nativitatem
1262 1496 1452 1566 .obl'uit
1500 1496 1737 1551 nondum
1781 1496 1921 1550 natis
1986 1509 2089 1552 nec

500 1592 700 1662 aliquid
729 1590 1012 1660 agentibus
1039 1595 1324 1660 parentum
1367 1587 1604 1644 carnalis
1631 1585 1971 1651 concubitus,
2010 1586 2089 1640 sic

500 1684 578 1738 eis
603 1683 966 1740 nescientibus
995 1681 1164 1752 prosit
1185 1680 1253 1734 ad
1281 1679 1572 1735 secundam
1600 1678 1934 1734 nativitatem
1965 1677 2090 1732 lide-

501 1768 628 1830 Iium
649 1775 851 1844 proicis
872 1773 1244 1830 contitentium
1262 1772 1521 1842 spiritalis
1544 1770 1787 1826 all'ectus.
1814 1771 2085 1837 Quantum

1526 367 1580 424 8.
1614 362 1974 423 FULGENTII
2011 361 2316 420 EPISCOPI
2355 361 2726 420 BUSPENSIS

2101 485 2155 542 Α
2181 494 2281 544 ccs,
2307 493 2524 548 regnum
2555 477 2650 531 Dei
2669 475 3000 545 possidebunt
3019 475 3078 547 (1
3094 465 3220 534 ὧν.
3243 493 3316 544 Vt,
3337 479 3396 548 9,
3413 480 3530 553 10).
3553 481 3781 540 Gaiano

2182 586 2397 640 quoque
2425 570 2501 625 sic
2557 570 2696 624 idem
2747 569 2939 624 doctor
2961 570 3192 626 eximius
3227 581 3456 646 monet:
3487 572 3782 648 Manifesta

2183 671 2351 716 autem
2378 671 2498 741 sunt
2529 659 2818 733 (inquiens)
2839 679 2996 733 opera
3017 665 3210 718 carnis.
3235 663 3367 729 Quae
3390 675 3514 722 sunt
3543 670 3782 740 fornica-

2183 757 2276 820 tio,
2305 756 2658 822 immunditia,
2682 755 2910 818 luxuria,
2937 756 3194 811 idolorum
3239 760 3476 828 servitus,
3501 764 3782 832 veneﬁcia,

2181 848 2488 912 inimicitiae,
2516 849 2893 913 aemulationes,
2927 850 3045 917 ira,
3093 849 3244 914 rixa,
3278 850 3644 916 mansiones,
3665 856 3785 910 lia:-

2182 954 2340 1000 reses,
2373 938 2606 1001 incidite,
2657 938 2955 1002 homicidia,
2997 938 3295 1004 ebrietates,
3344 945 3777 1010 comessationes,

2185 1040 2234 1084 et
2256 1033 2335 1084 his
2366 1031 2576 1098 similia,
2599 1048 2713 1103 qua:
2732 1031 2958 1102 praedico
2991 1032 3177 1097 vobis,
3224 1033 3356 1087 sicut
3377 1035 3622 1103 praedixi,
3652 1053 3787 1107 quo-

2187 1125 2330 1176 niam
2357 1126 2442 1193 qui
2469 1124 2597 1178 talia
2641 1133 2823 1194 agunt,
2856 1140 3071 1194 regnum
3112 1121 3213 1178 Dei
3251 1140 3354 1179 non
3399 1140 3788 1198 consequuntur

2190 1213 2334 1284 (Gal.
2386 1231 2436 1281 v,
2469 1215 2537 1269 i9
2587 1224 2637 1269 et
2688 1215 2845 1287 δρψ).
2901 1214 3041 1281 Quia
3090 1215 3252 1283 igitur
3299 1214 3476 1284 justus
3503 1226 3587 1272 est
3616 1217 3785 1286 Deus,

2188 1305 2426 1373 quandiu
2449 1306 2536 1361 isti
2563 1305 2691 1359 talia
2720 1312 2902 1373 agunt,
2927 1317 3152 1374 regnum
3183 1305 3278 1360 Dei
3305 1321 3415 1361 non
3443 1321 3785 1379 consequun-

2192 1404 2306 1461 tur;
2336 1396 2590 1465 quoniam
2638 1409 2769 1450 vero
2795 1394 2936 1450 idem
2988 1393 3131 1450 Deus
3159 1396 3466 1454 misericors
3491 1409 3604 1466 est,
3655 1383 3784 1471 pro-

2192 1495 2381 1556 pterea
2404 1487 2559 1556 mali,
2594 1487 2640 1542 si
2666 1487 2795 1542 talia
2825 1499 2987 1556 agere
3013 1487 3264 1544 desinant
3289 1489 3342 1545 in
3373 1493 3567 1560 quibus
3609 1492 3784 1550 Deum

2193 1578 2587 1633 contumaciter
2633 1578 3078 1646 exacerbant,et
3121 1581 3385 1637 humiliati
3441 1593 3603 1654 atque
3659 1603 3784 1642 cur-

2194 1670 2328 1726 recti
2355 1670 2424 1726 ad
2437 1669 2612 1726 Deum
2639 1679 3048 1738 convertantur,
3080 1685 3305 1742 regnum
3334 1674 3429 1730 Dei
3473 1677 3594 1733 sine
3618 1678 3788 1736 dubio

2193 1769 2614 1832 consequentur.
2629 1761 2790 1818 Sicut
2805 1763 2953 1818 enim
2979 1779 3116 1834 opus
3135 1765 3354 1834 just-ilia:
3381 1779 3492 1823 non
3529 1770 3786 1838 vincitur,

501 1879 627 1934 ergo
667 1864 736 1919 ad
765 1864 886 1920 illos
911 1865 1106 1920 attinet
1131 1863 1225 1932 qui
1252 1863 1593 1934 propriorum
1610 1861 1728 1930 .jam
1749 1868 1975 1931 possunt
1996 1877 2095 1916 ac-
2121 1865 2173 1928 Β
2200 1856 2402 1912 sic-nec
2422 1870 2562 1926 opus
2577 1857 2965 1913 misericordiae
3003 1859 3368 1915 submovetur.
3419 1859 3493 1916 Et
3535 1862 3660 1919 ideo
3705 1866 3789 1920 sic

501 1965 649 2012 tuum
704 1957 932 2014 reddere
978 1957 1243 2012 rationem
1268 1997 1285 2024 ,
1333 1955 1510 2011 nullus
1554 1954 1818 2009 ellicietur
1862 1953 2090 2020 beatus,

503 2047 604 2102 nisi
632 2047 726 2118 qui
766 2047 924 2102 malis
970 2048 1178 2103 actibus
1210 2046 1537 2102 'renuntians
1561 2087 1578 2113 ,
1627 2044 1696 2098 ad
1731 2044 1901 2100 Deum
1928 2044 2093 2099 fuerit

503 2148 614 2195 tota
643 2140 824 2196 cordis
849 2140 1150 2196 humilitate
1178 2154 1492 2195 conversus.
1527 2138 1676 2193 Beati
1704 2138 1847 2192 enim
1872 2154 2093 2210 quorum

503 2234 732 2290 remissa:
768 2241 890 2288 sunt
917 2233 1240 2304 iniquitates,
1259 2241 1314 2286 et
1339 2248 1558 2303 quorum
1586 2241 1717 2286 tectu
1735 2240 1856 2285 sunt
1879 2240 2094 2301 peccata

502 2322 674 2395 (Psal.
708 2339 855 2391 xxxi,
890 2323 965 2392 1,).
991 2323 1244 2394 Quisquis
1274 2323 1437 2392 igitur
1459 2321 1692 2392 propriae
1718 2321 2011 2377 voluntatis
2033 2329 2095 2376 et

503 2414 836 2484 operationis
865 2413 1202 2483 iniquitatem
1251 2421 1468 2484 portat,
1512 2428 1621 2468 non
1650 2420 1830 2483 potest
1857 2412 2096 2482 aliquam

411 2517 428 2522 ‘
504 2506 753 2576 accipere
794 2504 1206 2570 beatitudinem,
1238 2505 1342 2560 nisi
1367 2505 1530 2560 fuerit
1563 2504 1633 2560 ad
1662 2505 1838 2575 ipsum
1863 2517 2094 2560 conver-

503 2610 595 2651 sus
623 2595 970 2655 beatitudinis
999 2595 1328 2663 largitorem.

1009 2723 1170 2802 371
1210 2725 1439 2786 CAPUT
1471 2727 1581 2784 xv.

577 2807 820 2884 Pecuatis
847 2826 992 2882 enim
1020 2831 1326 2880 exerceatur
1343 2835 1457 2890 cor,
1489 2823 1806 2878 remissione
1827 2837 1958 2878 vero
1979 2820 2100 2877 illu-

509 2919 762 2974 minatur.
791 2917 927 2984 Quia
949 2917 1086 2972 sicut
1114 2915 1246 2970 nihil
1268 2923 1352 2970 est
1374 2913 1515 2968 aliud
1541 2915 1802 2971 excmcari
1831 2927 1993 2985 quam
2018 2914 2102 2969 lu-

512 3009 658 3063 mine
682 3009 900 3078 privari,
933 3009 1006 3062 ita
1054 3015 1272 3061 curatus
1319 3005 1509 3060 oculus
1539 3007 1594 3060 in
1642 3011 1901 3076 quantum
1941 3006 2104 3076 potiri

513 3099 660 3154 valet
685 3099 895 3153 visione
926 3097 1161 3160 luminis,
1181 3097 1241 3151 in
1259 3105 1468 3150 tantum
1490 3103 1642 3152 caret
1664 3098 1796 3152 vitio
1824 3098 2102 3154 caecitatis.

514 3189 618 3256 Qui
641 3198 824 3244 tamen
861 3189 1057 3245 oculus
1105 3187 1289 3244 videre
1316 3189 1496 3244 lumen
1525 3187 1830 3244 nullatenus
1883 3188 2101 3255 valebit,

2199 1945 2341 2001 Deus
2360 1947 2759 2017 possessionem
2790 1947 2943 2018 regni
2965 1949 3054 2002 sui
3081 1950 3366 2020 disposuit,
3393 1960 3451 2006 ut
3495 1969 3633 2019 eam,
3659 1956 3790 2024 quia

2194 2037 2372 2107 justus
2401 2047 2502 2105 est,
2529 2040 2696 2109 impio
2747 2048 2805 2094 et
2851 2040 3038 2111 iniquo
3085 2057 3193 2096 non
3248 2042 3442 2109 donet;
3497 2046 3623 2114 quia
3651 2061 3792 2102 vero

2197 2130 2508 2186 misericors
2549 2139 2664 2197 est,
2705 2132 2860 2188 ornni
2914 2131 3182 2188 veraciter
3227 2149 3491 2192 converso
3535 2153 3643 2193 non
3692 2139 3791 2194 de-

2197 2230 2376 2292 neget.
3005 2261 3010 2264 -
3240 2206 3253 2218 .

2696 2335 2858 2424 372
2887 2335 3124 2397 eam
3150 2339 3286 2397 xvi.

2271 2445 2570 2509 Conversio
2599 2461 2779 2509 autem
2811 2463 2940 2510 tunc
2989 2470 3118 2510 vera
3143 2457 3412 2527 probatur
3458 2459 3514 2515 in
3544 2447 3795 2536 homine,

2201 2543 2246 2596 si
2271 2543 2520 2612 impietas
2546 2553 2600 2598 et
2624 2544 2879 2613 iniquitas
2903 2545 3138 2615 pellatur
3177 2562 3247 2603 ex
3289 2549 3472 2606 corde.
3514 2550 3793 2609 Verumta<

2201 2650 2326 2688 men
2354 2635 2494 2690 inter
2515 2633 2846 2705 impietatem
2875 2645 2932 2691 et
2960 2637 3297 2707 iniquitatem
3325 2639 3439 2696 haec
3466 2642 3604 2700 solet
3655 2660 3796 2714 pro-

2203 2723 2439 2780 nuntiari
2483 2723 2782 2781 dill‘erentia
2804 2766 2822 2793 ,
2847 2727 2992 2796 quod
3045 2728 3317 2800 impietas,
3343 2739 3436 2786 aut
3485 2748 3705 2803 pravam
3736 2736 3798 2790 in

2205 2815 2374 2870 Deum
2401 2815 2560 2872 tidem
2587 2818 2747 2888 gerit,
2778 2827 2871 2874 aut
2894 2819 3123 2887 nullam;
3153 2823 3407 2895 iniquitas
3427 2834 3603 2882 autem
3626 2829 3798 2885 malis

2205 2907 2450 2964 moribus
2474 2907 2669 2978 polluit
2692 2909 2882 2966 vitam.
2918 2913 3266 2985 Blasphemat
3296 2917 3544 2989 impietas
3599 2921 3797 2994 Deum,

2208 2999 2356 3054 laedit
2376 3001 2631 3071 iniquitas
2659 3005 2986 3074 proximum.
3019 3005 3273 3079 impietas
3294 3019 3474 3069 autem
3521 3028 3590 3070 ex
3616 3015 3796 3072 hinni-

2208 3087 2361 3149 litate
2390 3095 2570 3150 carnis
2597 3099 2860 3154 mentitur
2889 3099 3045 3171 (forte
3064 3103 3308 3177 metitur)
3340 3105 3683 3177 altissimum,
3714 3111 3798 3166 ni-

2209 3189 2329 3236 tens
2357 3196 2752 3241 sacramentum
2777 3188 2992 3257 pietatis
3015 3190 3227 3247 invicta:
3254 3193 3324 3248 ad
3372 3195 3566 3252 divinae
3595 3209 3802 3256 natura

442 3320 454 3331 .
515 3255 617 3337 nisi
637 3293 706 3336 se'
726 3281 800 3335 illi
827 3281 1010 3336 iumen
1040 3278 1315 3334 infuderit.
1347 3278 1544 3335 Oculus
1576 3280 1738 3350 igitur
1765 3295 1864 3350 per
1884 3279 2104 3337 luminis
2128 3255 2176 3318 ο
2210 3270 2602 3336 conllmeliam
2623 3255 2949 3347 prmdicare,
2981 3287 3074 3334 aut
3102 3280 3154 3335 in
3178 3281 3412 3338 humana
3441 3301 3602 3342 carne
3632 3255 3802 3345 Deum
3872 3268 3879 3275 ’

516 3374 836 3428 inlusionem
861 3380 1042 3444 potest
1066 3373 1345 3444 percipere
1373 3372 1589 3429 luminis
1617 3374 1899 3429 visionem.
1931 3373 2022 3430 Sic
2049 3381 2107 3430 et

514 3465 762 3521 remissio
789 3473 1137 3536 peccatorum
1183 3477 1305 3519 cum
1353 3464 1659 3522 hominibus
1701 3464 1892 3534 datur,
1919 3466 2105 3535 procul

515 3555 682 3610 dubio
708 3556 920 3612 czccitas
966 3555 1146 3610 cordis
1195 3552 1508 3627 expellitur,
1537 3565 1603 3613 ut
1653 3556 1834 3612 lumen
1877 3556 2104 3628 justitize

514 3649 673 3706 oculo
721 3649 978 3704 interiore
1009 3656 1286 3705 cernatur.
1329 3648 1596 3705 Cancrum
1643 3649 1921 3719 quomodo
1988 3648 2127 3704 tieri'

515 3749 697 3814 potest
743 3749 801 3796 ut
823 3741 1132 3797 obscuritas
1161 3741 1505 3798 tenebrarum
1535 3750 1900 3808 removeatur,
1951 3742 1998 3796 si
2022 3741 2104 3796 lu-

513 3834 674 3888 minis
703 3831 900 3887 infusio
923 3843 1036 3886 non
1064 3831 1334 3888 donetur?
1359 3832 1508 3888 Deus
1555 3848 1686 3904 ergo
1728 3834 1925 3903 quibus
1973 3849 2105 3903 pro-

514 3924 628 3992 pria
658 3932 878 3992 peccata
907 3923 1150 3992 dimittit,
1168 3923 1356 3979 iumen
1378 3939 1523 3981 verae
1548 3927 1916 3982 conversionis
1966 3938 1990 3964 τι
2019 3927 2104 3981 ἰη-

514 4012 712 4069 fundit.
737 4012 1002 4080 Quocirca
1027 4015 1171 4070 sicut
1193 4029 1367 4071 cacus
1395 4016 1640 4086 quilibet,
1669 4015 1907 4085 quandiu
1930 4033 2106 4073 caecus

515 4113 618 4170 est,
652 4117 758 4158 non
787 4111 968 4173 potest
1020 4104 1200 4159 iumen
1241 4105 1452 4169 videre;
1496 4108 1575 4162 sic
1622 4107 1835 4175 iniquus
1881 4107 2108 4177 quilibet

516 4202 609 4247 aut
637 4194 830 4262 impius
851 4194 1223 4248 remissionem
1249 4207 1362 4250 non
1391 4196 1587 4266 accipit
1610 4204 1979 4265 peccatorum,
1999 4198 2106 4252 nisi

517 4291 820 4354 praeventus
849 4283 1097 4352 gratuitae
1114 4281 1514 4352 justiticationis
1537 4300 1764 4342 munere
1793 4294 1910 4341 toto
1940 4287 2106 4342 corde

515 4383 863 4432 convertatur
890 4374 959 4431 ad
1014 4375 1181 4432 Deum
1215 4395 1228 4432 :
1259 4378 1429 4448 ipsius
1477 4379 1622 4434 enim
1651 4381 1988 4436 remissionis
2021 4381 2104 4436 ef-

513 4467 685 4532 fectus
712 4467 766 4522 in
787 4468 972 4525 cordis
997 4471 1354 4526 conversione
1396 4472 1665 4528 consistit.
1719 4470 1988 4529 Caeterum
2016 4475 2104 4530 cui

513 4561 885 4618 conversionis
904 4561 1083 4632 gratia
1110 4575 1220 4617 non
1251 4563 1591 4632 conceditur,
1621 4573 1969 4635 peccatorum
2016 4581 2106 4622 rc-

2209 3361 2305 3416 Dei
2329 3357 2524 3418 Filium
2575 3376 2898 3437 conceptum
2929 3377 3227 3440 natumque
3281 3373 3533 3445 denegat,
3581 3388 3636 3433 et
3688 3379 3803 3436 Deo

2208 3467 2340 3508 vero
2368 3468 2476 3508 non
2507 3458 2686 3513 carnis
2705 3457 3010 3526 veritatem,
3043 3459 3140 3516 sed
3183 3467 3601 3522 ostentationem
3630 3471 3804 3525 solan‘

2210 3542 2357 3599 falsae
2387 3545 2612 3602 visionis
2641 3549 2912 3618 assignat;
2945 3560 3040 3605 aut
3069 3551 3143 3606 ita
3171 3569 3392 3610 carnem
3420 3556 3619 3614 Christi
3665 3559 3791 3617 fate

2211 3644 2298 3691 tur
2327 3637 2396 3692 de
2427 3653 2592 3695 carne
2617 3635 2877 3712 Virginis,
2899 3652 2958 3696 ut
2979 3659 3098 3699 eam
3129 3651 3292 3716 neget
3329 3649 3384 3702 in
3415 3651 3594 3707 carnis
3618 3667 3786 3709 susce

2210 3728 2400 3797 ptione
2414 3739 2736 3800 conceptam
2755 3749 2768 3797 ;
2787 3741 2880 3786 aut
2903 3735 3152 3790 eumdem
3170 3734 3384 3793 Patrem
3413 3754 3574 3809 quem
3605 3741 3802 3798 Filium

2210 3820 2579 3890 Spiritumqne
2627 3831 2870 3877 sanctum
2928 3823 3059 3880 dicit
3086 3825 3403 3884 confusione
3458 3832 3654 3903 impia;
3709 3846 3802 3892 aut

2212 3910 2408 3976 Patris,
2441 3919 2495 3968 et
2525 3909 2665 3976 Filii,
2699 3912 2754 3968 et
2782 3911 3015 3984 Spiritus
3066 3919 3238 3973 sancti
3287 3915 3528 3978 diversas
3580 3933 3803 3984 naturas

2213 4001 2416 4058 inducit
2444 4005 2789 4073 separatione
2820 4021 3100 4076 perversa,
3131 4019 3223 4064 aut
3253 4028 3358 4066 non
3382 4012 3558 4070 credit
3579 4032 3804 4074 carnem

2211 4093 2334 4148 Filii
2363 4093 2457 4149 Dei
2481 4093 2552 4150 de
2593 4110 2758 4151 carne
2801 4094 2982 4154 Mariae
3013 4095 3244 4169 Virginis
3293 4114 3585 4176 sumptam,
3609 4107 3704 4162 sed
3736 4110 3804 4165 de

2211 4183 2350 4243 coelo
2379 4204 2489 4244 non
2519 4187 2727 4245 dubitat
2756 4207 3069 4248 asseverare
3093 4194 3427 4265 depositam;
3458 4208 3553 4254 aut
3600 4201 3805 4273 aliquid

2213 4279 2463 4335 humana:
2493 4290 2698 4337 naturae
2718 4283 2834 4338 vult
2857 4283 3072 4364 Christo
3101 4288 3438 4356 subtrahere,
3471 4301 3530 4346 ut
3574 4305 3806 4365 accepta

2211 4371 2446 4426 humana
2475 4387 2639 4428 carne
2689 4375 2921 4429 animam
2951 4377 3271 4434 rationalem
3291 4421 3306 4446 ,
3329 4381 3381 4435 id
3431 4392 3513 4438 est
3564 4386 3806 4442 animam

2212 4462 2424 4533 plenam
2443 4465 2678 4523 hominis
2697 4466 3040 4537 Unigenitum
3065 4471 3232 4528 Deum
3249 4467 3482 4544 deneget
3503 4479 3804 4548 accepisse.

2210 4555 2512 4627 lmpietatis
2539 4569 2621 4615 est
2643 4561 2871 4630 crimen,
2891 4562 2940 4618 si
2962 4565 3085 4632 quis
3109 4565 3276 4635 dicat,
3307 4583 3414 4622 non
3445 4584 3664 4623 omnem
3695 4572 3806 4641 spi-

513 4654 698 4711 missio
726 4669 836 4711 non
864 4657 1114 4712 donatur.
1135 4655 1286 4724 Quid
1314 4663 1398 4712 est
1422 4659 1565 4713 enim
1588 4659 1734 4715 aliud
1751 4668 2097 4730 peccatorum

2212 4648 2422 4704 ritalem
2453 4650 2902 4721 corporalemque
2928 4667 2959 4706 a
2981 4651 3094 4709 Deo
3116 4654 3311 4710 bonam
3339 4658 3612 4713 conditam
3644 4669 3809 4716 natu-

515 4745 888 4802 remissionem
941 4747 1221 4816 consequi,
1251 4747 1354 4802 nisi
1396 4763 1427 4802 a
1469 4751 1680 4818 peccati
1736 4749 2104 4806 dominatione

513 4835 769 4891 liberari?
793 4834 978 4892 Omnis
1031 4839 1169 4891 enim
1195 4837 1361 4914 (sicut
1397 4837 1611 4893 Veritas
1638 4837 1789 4909 dicit)
1831 4841 1923 4909 qui
1977 4841 2105 4911 facit

514 4935 800 4997 peccatum,
822 4943 996 4982 seruus
1010 4937 1092 4982 est
1117 4929 1312 4997 peccati
1334 4927 1523 4998 idean.
1557 4944 1667 4992 vui,
1694 4928 1807 4999 54).
1863 4929 2103 4996 Quomo-

516 5017 586 5071 do
616 5027 798 5073 autem
825 5019 989 5088 potiri
1013 5019 1251 5100 creditur
1275 5019 1595 5088 splenditico
1621 5020 1958 5074 liberationis
1983 5037 2102 5075 mu-

511 5123 676 5176 nere,
725 5110 819 5180 qui
864 5111 1073 5181 peccati
1113 5125 1231 5166 non
1267 5120 1426 5166 caret
1467 5113 1753 5167 teterrima
1803 5113 2102 5168 servitute?

513 5197 744 5270 Propter
767 5201 918 5270 quod
973 5215 1162 5256 eorum
1214 5202 1310 5272 qui
1357 5200 1589 5257 dicunt:
1625 5200 1907 5256 Faciamus
1933 5205 2095 5269 mala,

510 5299 567 5344 ut
584 5292 796 5346 vestiant
815 5290 951 5348 bona
974 5291 1153 5364 (Rom.
1179 5307 1256 5358 in,
1292 5291 1368 5363 8),
1391 5293 1591 5363 justam
1609 5309 1740 5349 esse
1797 5293 2103 5350 damnatio-

514 5396 656 5449 nem,
678 5381 944 5452 Magistro
994 5383 1235 5452 gentium
1282 5384 1542 5450 docente,
1589 5385 1959 5454 cognovimus,
1991 5399 2101 5455 quo

512 5473 836 5542 pradicante
863 5475 1114 5532 similiter
1133 5476 1440 5532 audivimus
1473 5496 1485 5531 :
1517 5475 1654 5542 Quia
1674 5495 1836 5550 neque
1865 5481 2102 5550 fornica-

512 5565 594 5629 rii,
621 5583 782 5638 neque
801 5568 956 5626 idolis
977 5569 1274 5636 seruientes,
1303 5585 1468 5642 neque
1497 5572 1744 5641 adulteri,
1777 5589 1938 5645 neque
1965 5574 2099 5629 mol-

511 5653 605 5720 les,
637 5672 798 5728 neque
817 5661 1162 5718 masculorum
1206 5661 1578 5728 concubitores,
1621 5679 1786 5734 neque
1814 5666 1972 5735 fures,
2004 5682 2097 5719 ne-

511 5750 794 5814 quauari,
819 5765 982 5823 neque
997 5750 1207 5818 ebriosi,
1240 5769 1401 5823 neque
1444 5754 1703 5818 maledici,
1741 5769 1906 5827 neque
1933 5771 2096 5826 rapa—

2213 4753 2360 4807 ram;
2392 4741 2486 4795 sed
2517 4757 2584 4796 ex
2616 4741 2844 4800 adverso
2885 4747 3160 4816 propriam
3210 4747 3336 4802 mali
3368 4745 3496 4804 velit
3525 4751 3809 4821 assignare

2212 4833 2568 4888 substantiam
2603 4852 2617 4888 :
2650 4849 2771 4890 cum
2801 4850 2962 4893 omne
2989 4839 3210 4905 malum,
3243 4855 3350 4895 non
3374 4851 3439 4897 ex
3469 4852 3591 4898 ortu
3617 4832 3809 4915 neque

2209 4932 2352 4978 statu
2386 4927 2647 4981 naturalis
2685 4929 3034 5001 proprietatis
3073 4934 3294 5000 cxistat,
3325 4937 3419 4991 sed
3468 4951 3544 4991 cx
3587 4939 3811 4996 defectu

2208 5016 2527 5071 voluntaria:
2555 5021 2903 5087 cogitationis
2925 5024 3138 5078 eveniat
3165 5042 3176 5078 :
3209 5041 3318 5081 non
3359 5029 3482 5096 quia
3514 5029 3656 5084 bona
3719 5049 3813 5087 na-

2214 5117 2333 5163 tura
2357 5110 2554 5164 malam
2583 5121 2831 5168 naturam
2861 5116 3070 5185 recipit,
3093 5133 3213 5173 cum
3243 5120 3380 5174 mala
3411 5130 3599 5177 natura
3659 5125 3810 5180 nulla

2213 5203 2303 5268 sit,
2338 5204 2434 5259 sed
2463 5205 2589 5274 quia
2645 5204 2951 5264 dilectionis
3001 5209 3191 5265 ordine
3238 5212 3521 5280 derelicto,
3553 5226 3811 5272 creatura

2211 5296 2513 5362 rationalis,
2543 5312 2662 5368 qua!
2689 5299 2756 5353 ad
2798 5298 3140 5356 dilectionem
3181 5299 3458 5360 Creatoris
3501 5307 3640 5360 facta
3695 5317 3805 5375 est,

2211 5389 2338 5444 dum
2366 5399 2682 5461 contempto
2712 5391 2992 5455 Creatore,
3026 5402 3120 5448 aut
3146 5395 3304 5450 rebus
3334 5396 3560 5451 inhmret
3581 5400 3808 5464 creatis,

2210 5490 2304 5536 aut
2323 5483 2744 5552 cogitationibus
2791 5483 2959 5551 falsis,
2993 5484 3232 5542 deterior
3286 5487 3454 5554 facta,
3483 5492 3812 5560 temporalia

2209 5572 2574 5642 sempiternis,
2605 5573 2712 5627 ima
2764 5576 3006 5640 summis,
3037 5577 3318 5633 mutabilia
3376 5575 3813 5640 immutabilibus

2208 5664 2508 5733 anteponit.
2536 5662 2800 5719 Similiter
2828 5665 2904 5720 illi
2933 5667 3024 5735 qui
3049 5667 3225 5737 justos
3249 5677 3304 5724 et
3330 5669 3562 5740 iniquos,
3591 5688 3700 5727 non
3729 5689 3808 5730 ex

2208 5769 2435 5826 operum
2464 5756 2795 5825 diversitate,
2823 5758 2918 5814 sed
2970 5775 3039 5815 ex
3089 5772 3553 5820 sacramentorum
3612 5767 3807 5825 dicunt

582 5912 610 5942 ι
638 5903 790 5972 Δηι.,
823 5902 1208 5975 Confessionis;
1236 5907 1332 5962 sed
1357 5908 1549 5965 melius
1601 5917 1656 5966 et
1709 5909 2095 5981 congruentius
2119 5908 2223 5986 ipsi
2248 5913 2526 5970 contextui
2559 5911 2706 5984 quod
2735 5912 3110 5974 substituimus
3137 5932 3204 5974 ex
3222 5933 3326 5975 ms.
