4066 6346
583 421 686 478 545

1617 415 1671 470 8.
1715 409 2077 471 FULGEN'I‘II
2120 413 2421 470 EPISCOI’I
2466 413 2834 470 RI‘SPENSIS

3758 416 3863 473 5H

583 537 690 600 dit,
725 536 810 592 cui
847 535 1008 590 etiam
1050 539 1377 603 potestatem
1419 529 1615 596 ligandi
1655 529 2004 599 solvendique
2041 545 2166 584 con-
2193 537 2235 591 A
2266 530 2318 584 in
2364 529 2527 584 Deum
2564 531 2615 601 (1
2649 531 2794 586 Petr.
2845 498 2920 597 ui,
2950 530 3047 595 ‘20,
3096 528 3225 601 ‘21).
3259 529 3359 586 Ubi
3409 540 3496 588 est
3531 540 3708 587 autem
3736 519 3864 587 con?

583 628 762 692 cessit,
788 628 928 682 sicut
953 626 1114 680 beato
1137 622 1296 676 Petro
1326 620 1541 676 Veritas
1565 620 1680 691 ipsa
1712 622 1972 676 veraciter
1990 637 2172 692 repro-

585 720 766 783 mittit,
815 719 1036 772 dicens:
1073 715 1149 768 Tu
1179 731 1232 769 es
1263 713 1474 779 Petrus,
1517 721 1566 767 et
1614 730 1766 784 super
1813 715 1946 767 hanc
1971 723 2170 781 petram

583 811 854 881 tediﬁcabo
901 807 1194 862 Ecclesium
1231 823 1420 873 meam,
1468 813 1518 859 et
1564 814 1726 876 porta:
1753 805 2039 878 inferorum
2065 821 2170 860 non

582 899 928 974 praevalebunt
956 900 1198 954 adversus
1238 915 1384 963 eam;
1427 905 1476 951 et
1523 897 1614 950 tibi
1650 897 1785 952 dabo
1832 898 1998 952 claves
2026 897 2169 969 regni

583 993 844 1055 ctelorum,
874 1000 923 1046 et
951 990 1285 1063 quodcunque
1317 989 1611 1060 alligaveris
1641 1005 1794 1058 super
1829 997 2040 1056 terram,
2073 991 2170 1044 erit

582 1084 798 1154 ligatum
827 1091 876 1136 et
905 1082 959 1136 in
999 1082 1152 1146 caelo;
1174 1089 1224 1134 et
1261 1080 1600 1152 quodcunque
1627 1079 1838 1134 solveris
1867 1096 2020 1150 super
2063 1089 2169 1134 ter-

581 1191 718 1241 ram,
750 1174 847 1228 erit
869 1174 1092 1228 solutum
1115 1180 1162 1226 et
1202 1173 1256 1226 in
1287 1172 1412 1226 ctelo
1442 1169 1658 1242 (Matth.
1686 1186 1793 1236 xvi,
1828 1169 1914 1237 18,
1948 1168 2063 1240 19).
2089 1169 2169 1226 Ab

582 1265 684 1320 hac
711 1264 946 1320 Ecclesia
970 1279 1087 1334 quae
1109 1264 1291 1319 claves
1319 1263 1470 1332 regni
1489 1262 1749 1318 etelorum
1779 1263 2008 1331 accepit,
2031 1263 2171 1332 quis-

582 1355 703 1426 quis
733 1355 861 1409 foris
889 1361 969 1409 est
988 1395 1003 1421 ,
1057 1368 1166 1409 non
1191 1352 1312 1409 coeli
1355 1353 1497 1408 viam
1525 1351 1785 1421 graditur,
1828 1351 1924 1407 sed
1947 1350 2168 1420 inferni;

582 1461 682 1501 nec
727 1445 901 1500 tendit
940 1443 1008 1498 ad
1035 1451 1251 1498 aeternae
1287 1443 1414 1498 vitae
1468 1442 1708 1508 domum,
1760 1441 1854 1498 sed
1885 1443 2055 1498 currit
2101 1443 2170 1499 ad

582 1535 773 1590 mortis
818 1543 1034 1589 aeterna:
1074 1533 1422 1604 supplicium;
1455 1548 1564 1588 non
1611 1532 1785 1588 solum
1815 1533 1860 1587 si
1890 1540 2170 1589 remaneat

580 1627 697 1683 sine
723 1628 992 1699 baptismo
1026 1640 1287 1706 paganus,
1332 1625 1429 1681 sed
1457 1625 1620 1681 etiam
1661 1625 1708 1680 si
1735 1625 1789 1679 in
1818 1625 2036 1681 nomine
2064 1626 2169 1682 Pa-

581 1721 696 1789 tris,
729 1728 783 1776 et
804 1720 942 1786 Filii,
973 1728 1026 1775 et
1052 1719 1285 1790 Spiritus
1325 1717 1498 1772 sancti
1526 1716 1829 1786 baptizatus
1857 1726 2170 1788 perseveret

581 1813 882 1869 haereticus.
908 1812 1092 1882 Neque
1116 1811 1258 1865 enim
1283 1826 1382 1880 per
1401 1807 1653 1879 baptismi
1682 1808 1934 1862 meritum
1963 1807 2168 1878 adipis-

2273 619 2497 674 scientia
2528 621 2688 688 bona,
2722 622 2822 676 nisi
2855 622 2942 676 ubi
2970 631 3050 676 est
3081 631 3133 675 et
3167 621 3297 678 ﬁdes
3342 639 3447 678 non
3488 623 3646 678 ﬁcta?
3695 624 3868 680 Docet

2273 710 2415 764 enim
2438 711 2714 780 apostolus
2743 709 2939 766 Paulus
2965 729 2977 765 :
3005 710 3141 776 Quia
3167 712 3288 781 ﬁnis
3307 715 3550 784 praecepti
3573 723 3648 768 est
3668 716 3866 768 caritas

2273 802 2336 855 de
2362 804 2516 858 corde
2553 821 2702 874 puro,
2733 815 2784 858 et
2822 806 3135 859 conscientia
3175 803 3340 871 bona,
3381 815 3431 860 et
3459 806 3565 878 fide
3603 824 3704 862 non
3733 808 3866 877 ficta

2275 892 2326 966 (ι
2361 893 2492 949 Tim.
2527 911 2562 962 ι,
2587 895 2662 966 5).
2691 895 2829 963 Quid
2853 910 2982 965 ergo
3006 911 3144 966 aqua
3171 897 3353 952 diluvii
3377 913 3483 952 non
3500 897 3724 952 salvavit
3753 913 3857 953 ex-

2275 994 2356 1042 tra
2386 1003 2563 1043 arcam
2585 989 2811 1058 positos,
2843 987 2938 1044 sed
2959 988 3192 1044 occidit?
3213 988 3341 1044 Sine
3369 989 3530 1046 dubio
3557 991 3860 1060 pmﬁgura-

2273 1079 2366 1134 bat
2409 1096 2622 1136 omnem
2651 1082 2992 1148 haereticum,
3026 1081 3153 1137 licet
3188 1082 3476 1138 habentem
3519 1083 3862 1154 baptismatis

2272 1177 2688 1236 sacramentum,
2732 1187 2840 1226 non
2883 1171 3022 1239 aliis,
3055 1171 3153 1227 sed
3203 1172 3329 1242 ipsis
3357 1173 3508 1242 aquis
3537 1174 3604 1228 ad
3651 1175 3861 1232 inferna

2273 1262 2643 1331 mergendum,
2662 1263 2855 1332 quibus
2868 1279 2993 1320 arca
3015 1265 3329 1320 sublevatur
3348 1264 3417 1320 ad
3441 1267 3656 1322 coelum.
3675 1266 3862 1336 Neque

2274 1352 2417 1407 enim
2439 1353 2509 1408 ob
2539 1353 2686 1410 aliud
2715 1356 2792 1410 eis
2822 1356 3073 1413 interitus
3111 1372 3212 1428 per
3239 1373 3433 1428 aquam
3463 1360 3731 1426 nascitur,
3760 1361 3860 1417 nisi

2273 1445 2399 1514 quia
2426 1460 2522 1501 eos
2569 1462 2706 1502 arcae
2737 1464 2844 1503 non
2875 1450 3116 1506 continet
3156 1450 3306 1506 sinus
3334 1470 3347 1504 :
3384 1451 3437 1506 in
3466 1467 3572 1521 quo
3617 1453 3736 1508 solo
3759 1468 3859 1524 po-

2273 1547 2383 1594 test
2430 1541 2611 1598 vivere
2667 1544 2910 1615 quisquis
2951 1563 3060 1602 non
3108 1547 3226 1602 vult
3276 1548 3430 1618 aquis
3477 1548 3730 1605 vitalibus
3780 1549 3859 1605 in-

2273 1632 2458 1687 terire.

2852 1769 3087 1827 CAPUT
3127 1770 3266 1827 XXI.

535 1965 540 1970 _
580 1905 720 1960 citur
746 1920 928 1959 veram
971 1904 1156 1968 vitam,
1188 1901 1232 1956 si
1258 1900 1380 1971 quis
1402 1900 1454 1954 in
1484 1899 1704 1954 nomine
1731 1897 1922 1965 Patris,
1948 1907 2003 1954 et
2023 1898 2166 1968 Filii,
2197 1915 2247 1978 Β
2343 1899 2510 1972 Hujus
2532 1917 2671 1960 arcae
2698 1905 3011 1976 mysterium
3036 1905 3338 1979 Cyprianus
3359 1909 3701 1968 beatissimus
3721 1930 3860 1972 mar-

579 2006 636 2053 et
682 1997 911 2067 Spiritus
957 1997 1147 2063 sancti,
1179 1996 1292 2050 sive
1328 1994 1470 2049 intra
1510 1992 1838 2060 Ecclesiam,
1869 1994 1980 2049 sive
2017 2002 2168 2050 extra

583 2087 871 2142 Ecclesiam
919 2087 1256 2158 baptizatus,
1300 2101 1408 2140 non
1459 2093 1638 2141 tamen
1688 2085 1828 2140 intra
1877 2084 2168 2141 Ecclesiam

583 2179 906 2234 catholicam
930 2179 1231 2234 terminarit
1258 2179 1400 2234 hanc
1431 2178 1623 2244 vitam;
1655 2194 1757 2234 nec
1784 2179 1931 2234 vivet
1959 2195 2054 2250 per
2076 2196 2167 2236 ec-

581 2272 865 2328 ctesiastici
883 2272 1218 2343 baptismatis
1243 2280 1659 2336 sacramentum,
1691 2271 1782 2342 qui
1800 2288 1905 2328 non
1936 2274 2169 2329 tenuerit

581 2366 959 2422 ecclesiasticae
981 2367 1140 2437 375
1171 2364 1294 2421 ﬁdei
1325 2365 1670 2434 caritatisque
1693 2366 2042 2420 consortium.
2074 2366 2169 2422 llle

581 2459 722 2513 enim
748 2458 985 2514 solvatur
1021 2467 1360 2514 sacramento
1401 2445 1768 2528 baptisiuatis,
1818 2473 1978 2528 quem
2027 2460 2166 2515 intra

581 2547 871 2605 Ecclesiam
895 2549 1212 2606 catholicam
1232 2565 1400 2620 usque
1416 2549 1484 2604 ad
1505 2549 1709 2606 obitum
1736 2551 2016 2620 praesentis
2046 2553 2166 2608 vitae

582 2642 811 2707 tenuerit
841 2643 1017 2698 unitas
1039 2643 1299 2699 caritatis.

1183 2795 1413 2852 CAPUT
1453 2794 1569 2851 XX.

649 2909 915 2965 Caeterum
943 2908 988 2964 si
1008 2908 1128 2978 quis
1157 2915 1251 2962 aut
1269 2906 1335 2962 de
1365 2905 1598 2963 Ecclesia
1620 2907 1924 2979 baptizatus
1951 2910 2166 2978 egredi-

580 3008 684 3069 tur,
713 3009 805 3056 aut
832 3009 986 3057 extra
1007 2999 1302 3056 Ecclesium
1334 2999 1388 3054 in
1419 2998 1612 3066 Patris,
1637 3010 1692 3055 et
1720 3000 1872 3069 Filii,
1905 3009 1958 3056 et
1988 3000 2165 3072 Spiri»

580 3101 665 3148 tus
692 3076 862 3148 sancti
888 3093 1104 3148 nomine
1151 3092 1476 3162 baptizatus,
1514 3092 1558 3148 si
1587 3101 1712 3146 ante
1741 3091 1902 3148 ﬁnem
1927 3108 2166 3162 prmsen-

579 3185 648 3241 tis
669 3185 919 3257 vittenon
950 3185 1107 3240 fuerit
1131 3185 1411 3240 catholicae
1437 3185 1720 3241 restitutus
1748 3183 2020 3252 Ecclesiae,
2054 3202 2163 3242 non

2275 1998 2360 2063 tyr
2389 1993 2630 2049 scribens
2660 1995 2715 2048 in
2742 1993 2882 2051 libro
2912 1995 2981 2052 de
3010 1995 3370 2067 Simplicitate
3387 2001 3754 2070 eprarlatorum,
3778 2006 3861 2062 vel

2274 2085 2453 2154 potius
2481 2087 2777 2142 secundum
2805 2097 3018 2144 vetusta
3046 2091 3375 2162 exemplaria
3426 2092 3495 2149 de
3529 2093 3744 2153 Unitate
3771 2115 3859 2154 ca-

2272 2175 2484 2230 tholica:
2496 2175 2770 2252 Ecclesiae,
2789 2181 3039 2250 exponit:
3056 2180 3355 2238 Adulterari
3375 2201 3478 2239 non
3495 2195 3858 2260 potestsponsa

2272 2261 2509 2318 Christi:
2553 2266 2854 2336 incorrupta
2886 2278 2962 2324 est
3015 2280 3040 2308 α
3086 2280 3138 2326 et
3179 2275 3406 2342 pudica;
3453 2293 3612 2332 unam
3652 2281 3858 2336 domum

2269 2354 2429 2416 novit,
2461 2354 2623 2426 376
2649 2358 2802 2411 unius
2843 2357 3063 2415 cubiculi
3110 2365 3439 2422 sanctitatem
3484 2377 3627 2424 casto
3666 2375 3860 2442 pudore

2269 2443 2508 2498 custodit.
2545 2443 2675 2501 Haec
2709 2463 2804 2508 nos
2851 2447 2964 2505 Deo
3005 2461 3206 2519 servat,
3237 2455 3348 2510 haec
3373 2458 3516 2527 ﬁlios
3544 2477 3704 2533 regno
3731 2481 3857 2535 quos

2267 2537 2529 2606 generavit
2573 2539 2827 2609 assignat.
2873 2539 3115 2611 Quisquis
3154 2545 3217 2598 ab
3253 2545 3494 2603 Ecclesia
3538 2563 3856 2625 segregatus,

2267 2627 2520 2683 adultera:
2557 2628 2817 2702 jungitur,
2861 2648 2894 2686 α
2931 2635 3205 2703 promissis
3251 2634 3500 2694 Ecclesia:
3544 2655 3816 2714 separatur
3837 2662 3855 2699 :

2267 2735 2360 2772 nec
2388 2722 2645 2790 perveniet
2666 2723 2736 2777 ad
2762 2722 2955 2779 Christi
2973 2729 3215 2798 prarmia,
3241 2731 3328 2801 qui
3352 2732 3591 2805 relinquit
3612 2735 3705 2806 (al.
3733 2737 3855 2790 reli-

2265 2807 2403 2881 quit)
2429 2809 2720 2867 Ecclesiam
2738 2814 2927 2873 Christi
2955 2833 2970 2870 :
3005 2819 3206 2873 alienus
3231 2830 3327 2887 est,
3359 2826 3607 2896 profanus
3635 2837 3735 2894 est,
3761 2827 3861 2882 ho-

2264 2903 2358 2955 stis
2381 2911 2475 2957 est.
2502 2902 2554 2956 ll
2559 2903 2708 2959 abere
2729 2923 2833 2960 non
2854 2915 3019 2978 potest
3040 2907 3203 2964 Deum
3221 2924 3442 2982 patrem,
3464 2917 3549 2986 qui
3571 2914 3859 2972 Ecclesium

2266 3009 2369 3047 non
2393 2993 2543 3048 habet
2588 3005 2827 3052 matrem.
2860 2998 3012 3054 Sicut
3038 3018 3140 3055 non
3183 3005 3351 3072 potuit
3386 3007 3603 3063 evadere
3627 3011 3859 3081 quisquis

2265 3095 2417 3141 extra
2437 3105 2614 3142 arcam
2642 3089 2760 3148 Noe
2789 3093 2906 3163 fuit,
2934 3095 3086 3148 sic'et
3113 3097 3199 3166 qui
3231 3108 3382 3152 extra
3407 3097 3704 3156 Ecclesium
3729 3104 3857 3173 foris

2267 3180 2442 3250 fuerit,
2467 3196 2569 3234 non
2591 3181 2788 3236 evadet.
2804 3179 3022 3238 Certum
3044 3194 3127 3240 est
3154 3186 3318 3256 igitur
3343 3199 3456 3244 tam
3478 3192 3863 3262 praedicatione

577 3275 786 3332 carebit
805 3285 1000 3342 morte,
1031 3275 1128 3331 sed
1151 3274 1337 3344 requie
1362 3294 1374 3328 :
1407 3275 1532 3345 quia
1559 3283 1614 3330 et
1645 3283 1887 3362 tempore
1915 3275 2098 3331 diluvii
2117 3276 2164 3332 si
2194 3295 2239 3359 ρ
2268 3270 2413 3325 beati
2441 3273 2673 3342 apostoli
2710 3271 2854 3329 Petri
2882 3289 3042 3345 quam
3071 3280 3410 3349 expositione
3455 3285 3631 3339 sancti
3660 3295 3861 3356 marty-

576 3367 699 3438 quis
719 3367 774 3422 iu
794 3383 973 3423 arcam
999 3366 1113 3422 Noe
1141 3365 1351 3439 (Cenes.
1382 3382 1474 3433 vn,
1506 3366 1607 3435 21)
1633 3381 1740 3421 non
1765 3375 1846 3422 est
1874 3367 2162 3435 ingressus,

577 3477 687 3516 non
734 3468 814 3516 est
843 3460 1078 3516 salvatus
1105 3459 1326 3524 diluvio,
1357 3459 1452 3515 sed
1497 3470 1752 3524 necatus,
1801 3474 1902 3514 nec
1937 3458 2164 3514 salutem

576 3550 777 3607 invenit
796 3551 851 3607 in
877 3567 1034 3622 aqua,
1057 3551 1152 3606 sed
1173 3560 1421 3606 mortem.
1450 3551 1601 3620 Aqua
1621 3551 1820 3621 quippe
1841 3550 1950 3618 illa,
1984 3550 2035 3605 in
2057 3566 2162 3621 qua

575 3642 1012 3713 pmﬁgurabatur
1038 3643 1374 3713 baptismatis
1414 3651 1840 3708 sacramentum,
1884 3658 2162 3712 quoscun-

573 3746 678 3802 que
707 3733 760 3788 in
781 3749 906 3789 arca
929 3734 1147 3803 reperit,
1181 3749 1212 3788 a
1235 3737 1377 3788 terra
1404 3725 1696 3804 suspensos
1717 3733 1784 3786 ad
1813 3733 2051 3789 ctelestia
2073 3749 2165 3788 su.

573 3823 842 3891 blimavit;
902 3824 1145 3880 residuos
1188 3833 1374 3878 autem
1431 3839 1721 3894 oppressos
1768 3822 1984 3888 occidit,
2026 3837 2163 3892 quos

573 3912 702 3970 foris
751 3915 974 3970 invenit.
1007 3913 1075 3968 Et
1122 3923 1382 3985 pereunte
1409 3912 1681 3980 Hiericho,
1716 3914 1763 3968 si
1803 3929 1940 3982 quos
1965 3913 2161 3971 domus

575 4004 720 4060 Raab
763 4007 1062 4062 meretricis
1117 4005 1352 4070 inclusit,
1408 4005 1706 4062 incolumes
1753 4005 1908 4062 Jesus
1943 4022 2159 4064 servare

573 4099 825 4170 pramepit
857 4097 1037 4168 (Iosue
1069 4115 1138 4165 vt,
1171 4093 1299 4167 25);
1327 4098 1564 4167 reliquos
1602 4113 1732 4154 vero
1771 4115 1908 4168 quos
1931 4100 2022 4155 illa
2047 4117 2154 4157 non

572 4190 881 4246 continebat
905 4191 1114 4257 domus,
1140 4189 1296 4244 unius
1319 4190 1510 4244 mortis
1529 4191 1863 4260 consumpsit
1883 4191 2152 4248 interitus.

572 4280 627 4336 In
658 4283 748 4337 illa
778 4283 938 4352 igitur
992 4298 1137 4348 arca,
1169 4289 1224 4338 et
1269 4283 1323 4337 in
1363 4281 1451 4338 illa
1500 4282 1664 4338 domo
1707 4300 1810 4339 una
1861 4285 2158 4355 eademque

572 4373 1011 4443 praeﬁgurabatur
1039 4373 1314 4439 Ecclesia;
1346 4372 1439 4429 sed
1463 4373 1517 4428 in
1553 4373 1638 4429 his
1666 4375 1756 4443 qui
1787 4383 1939 4430 extra
1969 4390 2152 4431 arcam

571 4461 768 4520 diluvio
814 4465 1107 4534 perierunt,
1142 4472 1198 4519 et
1228 4466 1281 4519 in
1310 4465 1389 4520 eis
1437 4465 1528 4534 qui
1557 4473 1709 4520 extra
1764 4465 1909 4519 illam
1935 4465 2154 4521 domum

570 4553 744 4625 gladio
791 4555 986 4610 mortui
1030 4564 1174 4621 sunt,
1232 4556 1460 4626 geminae
1509 4554 1917 4624 signiﬁcationis
1973 4565 2154 4627 potest

570 4646 893 4702 considerari
915 4641 1248 4718 mysterium.
1265 4645 1531 4702 Existimo
1572 4648 1713 4702 enim
1739 4656 1999 4715 quantum
2021 4648 2152 4702 mihi

569 4756 708 4795 nunc
737 4739 949 4794 interim
979 4739 1212 4806 videtur,
1245 4755 1352 4794 non
1380 4740 1675 4808 incongrue
1705 4739 1852 4794 credi
1889 4741 1942 4794 in
1972 4739 2156 4796 diluvii

573 4829 968 4897 signiﬁcatione
997 4829 1329 4899 praecessisse
1375 4829 1640 4899 baptisma
1680 4830 1995 4886 Christianae
2029 4847 2163 4887 con-

569 4920 847 4986 fessionis;
880 4927 939 4972 ut
968 4933 1324 4987 agnoscamus
1353 4918 1656 4986 haereticos,
1688 4919 1729 4973 si
1776 4929 1927 4974 extra
1969 4919 2160 4976 Eccle-

567 5010 701 5063 siam
757 5010 1183 5078 permanserint,
1237 5010 1504 5079 baptismo
1543 5025 1757 5080 pmnam
1806 5011 2019 5075 mereri,
2051 5026 2160 5065 non

571 5104 758 5168 vitam,
792 5110 845 5156 et
875 5118 970 5156 eos
998 5103 1088 5172 qui
1119 5101 1390 5156 Christum
1420 5109 1680 5169 negantes
1703 5101 1770 5154 de
1798 5099 2039 5156 Ecclesia
2068 5117 2161 5156 ca-

572 5195 773 5250 tholica
825 5193 1127 5259 discedunt,
1159 5204 1364 5248 aeterno
1393 5193 1654 5262 supplicio
1697 5193 1980 5262 perituros.
2011 5192 2163 5248 Arcu:

567 5284 774 5354 quippe
804 5291 1199 5338 sacramentum
1237 5283 1428 5338 beatus
1455 5281 1648 5337 Petrus
1676 5283 1758 5338 his
1784 5283 1962 5338 verbis
1990 5299 2160 5354 expo-

569 5375 675 5429 nit:
696 5374 762 5428 1η
792 5374 968 5430 diebus
989 5375 1196 5447 quando
1218 5375 1546 5446 exspectabat
1568 5375 1670 5430 Dei
1691 5379 1942 5446 patientia
1969 5381 2021 5432 in
2044 5379 2156 5433 die-

564 5464 654 5518 bus
684 5461 736 5516 Ν
741 5481 820 5529 oe,
846 5483 961 5519 cum
1002 5463 1346 5536 fabricaretur
1383 5483 1529 5535 arca,
1560 5469 1612 5521 in
1643 5485 1743 5539 qua
1788 5471 1961 5540 pauci,
1998 5469 2053 5523 id
2079 5479 2156 5525 est

564 5566 673 5608 octo
702 5557 890 5611 anima:
918 5557 1074 5610 salva:
1104 5559 1261 5628 facta:
1281 5568 1398 5612 sunt
1427 5575 1520 5626 per
1562 5577 1746 5632 aquam
1774 5578 1790 5614 :
1818 5562 1955 5629 quod
1988 5573 2037 5616 et
2065 5578 2152 5618 vos

564 5665 693 5702 nunc
715 5651 896 5704 similis
927 5653 1108 5723 forma:
1149 5651 1406 5723 baptisma
1435 5653 1605 5707 salvos
1637 5653 1792 5725 facit,
1826 5670 1928 5707 non
1971 5655 2146 5710 carnis

563 5737 807 5811 depositio
838 5743 1087 5812 sordium,
1135 5745 1226 5800 sed
1253 5747 1583 5802 conscientia:
1629 5744 1778 5802 bona!
1804 5747 2144 5819 interrogatio

635 5930 656 5958 "
681 5919 804 5988 ΜΒ..
833 5930 882 5976 et
902 5933 957 5976 ut
976 5921 1167 5982 dicam,

2271 3364 2350 3426 ris
2373 3365 2643 3437 Cypriani,
2669 3368 2721 3423 in
2742 3384 2868 3425 arca
2884 3371 2999 3427 Noe
3019 3371 3243 3443 ﬁguram
3263 3374 3534 3444 Ecclesiae,
3549 3386 3605 3432 et
3625 3378 3681 3432 in
3711 3380 3864 3448 aquis

2269 3454 2456 3511 diluvii
2485 3457 2705 3526 ﬁguram
2735 3459 3072 3531 baptismatis
3100 3467 3391 3523 exstitisse.
3422 3467 3485 3522 In
3520 3468 3610 3524 illa
3642 3485 3861 3540 quoque

2267 3551 2429 3609 domo
2450 3553 2600 3610 Raab
2631 3559 2950 3627 meretricis,
2981 3578 3122 3634 quae,
3142 3574 3407 3635 pereunte
3426 3563 3707 3635 Hiericho,
3736 3569 3856 3623 sola

2265 3648 2349 3697 est
2371 3643 2598 3713 jubente
2623 3645 2753 3702 Jesu
2783 3663 2904 3705 cum
2934 3654 3183 3710 omnibus
3211 3669 3348 3725 quos
3388 3656 3531 3711 intra
3582 3673 3644 3713 se
3675 3658 3866 3712 habuit

2264 3734 2549 3792 incolumis
2592 3748 2866 3795 reservata
2887 3783 2902 3810 ,
2933 3741 2989 3797 in'
3017 3754 3355 3801 sacramento
3381 3744 3702 3800 Christianae
3731 3763 3870 3802 con-

2263 3827 2534 3899 fessionis,
2565 3840 2825 3900 quantum
2849 3835 2979 3890 mihi
3009 3837 3251 3908 videtur,
3279 3839 3546 3896 catholica
3575 3856 3645 3896 ex
3675 3841 3865 3909 genti-

2262 3916 2365 3974 bus
2392 3919 2795 3989 signiﬁcabatur
2822 3923 3082 3982 Ecclesia.
3116 3928 3246 3995 Quae
3273 3929 3482 3985 scilicet
3508 3931 3714 4000 rejeeta
3749 3931 3866 4001 pri-

2262 4010 2415 4065 stinae
2442 4009 2814 4071 fornicationis
2861 4015 3068 4085 illuvie,
3116 4019 3251 4075 duos
3304 4021 3678 4092 exploratores
3724 4021 3864 4077 Jesu

2261 4095 2501 4156 latenter
2521 4104 2735 4173 excepit
2766 4122 2779 4158 :
2813 4105 2917 4162 hoc
2940 4117 3042 4176 est,
3073 4109 3190 4165 sive
3215 4112 3494 4182 utriusque
3517 4111 3866 4170 Testamenti

2259 4199 2462 4247 castam
2487 4195 2871 4264 cognitionem,
2902 4198 3018 4254 sive
3046 4198 3142 4255 Dei
3188 4210 3245 4256 et
3265 4204 3498 4272 proximi
3525 4205 3822 4260 caritatem
3850 4224 3867 4260 :

2257 4282 2384 4350 quia
2415 4292 2471 4338 et
2503 4284 2556 4339 in
2600 4284 2702 4340 illis
2730 4286 2940 4343 duobus
2986 4289 3345 4348 TeStamentis
3393 4293 3488 4349 Dei
3517 4303 3573 4349 et
3590 4293 3874 4366 {proximi

2256 4375 2454 4429 caritas
2500 4375 2797 4446 intimatur,
2840 4390 2894 4433 et
2937 4380 2991 4435 in
3044 4381 3128 4438 his
3155 4382 3365 4439 duobus
3411 4386 3700 4455 praeceptis
3748 4396 3872 4441 tota

2256 4465 2343 4520 lex
2371 4482 2495 4522 cum
2525 4469 2801 4540 prophetis
2824 4471 3060 4541 pendere
3097 4478 3442 4543 cognoscitur
3465 4474 3684 4548 (Matth.
3721 4494 3872 4545 xxii,

2257 4553 2372 4626 40).
2407 4556 2534 4614 Haec
2562 4573 2682 4628 quae
2718 4562 2866 4630 prius
2904 4563 3061 4620 idolis
3107 4567 3394 4635 prostituta
3450 4567 3551 4622 fuit
3593 4571 3876 4624 meretrix

2183 4677 2234 4737 Β
2259 4646 2438 4717 impia,
2472 4651 2771 4720 suscipiens
2799 4653 3170 4722 exploratores
3197 4655 3343 4722 Jesu,
3374 4658 3511 4712 facta
3543 4667 3628 4712 est
3680 4659 3874 4716 ﬁdelis

2263 4746 2318 4791 et
2337 4748 2482 4792 casta
2516 4757 2530 4794 :
2562 4755 2698 4809 quos
2723 4743 3034 4800 custodiens
3062 4763 3092 4800 a
3121 4748 3568 4817 persequentibus
3597 4750 3881 4819 inimicis,

2262 4846 2370 4884 non
2419 4831 2472 4885 in
2519 4832 2862 4891 inferioribus
2886 4837 3162 4908 depositos
3209 4842 3405 4907 obruit,
3456 4842 3550 4896 sed
3575 4843 3627 4894 in
3654 4844 3882 4901 solario

2262 4920 2454 4977 domus
2482 4940 2590 4979 suae
2613 4926 2817 4982 levatos
2841 4927 3070 4985 latenter
3091 4932 3392 4988 abscondit.
3415 4932 3694 4989 Salarium
3734 4953 3886 4994 vero

2261 5021 2547 5082 propterea
2576 5015 2790 5084 dicitur,
2821 5034 2887 5076 eo
2913 5020 3055 5090 quod
3084 5022 3214 5076 solis
3250 5023 3452 5078 lumine
3479 5023 3885 5094 perfundatur.

2263 5104 2393 5171 Quis
2422 5115 2504 5161 est
2541 5118 2722 5164 autem
2762 5111 2843 5166 sol
2894 5112 3110 5168 humani
3141 5115 3347 5180 cordis,
3381 5118 3481 5172 nisi
3513 5118 3604 5172 ille
3657 5118 3734 5174 de
3769 5138 3891 5191 quo

2263 5197 2465 5253 dictum
2488 5209 2571 5254 est
2600 5218 2696 5272 per
2721 5205 3039 5275 prophetam
3070 5225 3082 5260 :
3119 5206 3437 5264 Timentibus
3465 5220 3638 5264 autem
3671 5230 3888 5269 nomen

2263 5305 2428 5348 meum
2471 5293 2663 5346 orietur
2708 5295 2789 5348 sol
2823 5296 3072 5366 justitiar,
3104 5309 3153 5352 et
3181 5302 3381 5355 sanitas
3412 5303 3465 5355 in
3513 5305 3712 5371 pennis
3763 5309 3893 5377 ejus

2263 5382 2283 5450 (
2308 5382 2502 5439 Malae.
2537 5404 2587 5441 tv
2609 5427 2623 5452 ,
2651 5388 2685 5442 9.
2707 5389 2766 5459 )?
2793 5390 2869 5445 De
2899 5392 3016 5462 ipso
3063 5394 3179 5451 sole
3220 5396 3430 5451 oriente
3471 5397 3786 5454 Zacharias
3835 5403 3896 5456 in

2259 5476 2546 5546 Evangelio
2573 5481 2650 5535 sic
2697 5483 2986 5552 prophetat
3021 5503 3033 5538 :
3063 5483 3197 5548 Quia
3226 5487 3449 5541 uisitauit
3468 5505 3562 5541 nos
3586 5489 3787 5544 oriens
3824 5511 3894 5548 es

2261 5568 2391 5636 alto,
2418 5569 2714 5626 illuminare
2754 5573 2832 5626 his
2861 5575 2947 5646 qui
2983 5577 3037 5629 in
3068 5577 3292 5631 tenebris
3311 5588 3361 5632 et
3387 5580 3439 5632 in
3461 5578 3644 5632 umbra
3679 5587 3898 5638 mortis

2255 5659 2437 5713 sedent
2465 5659 2620 5732 (Luc.
2671 5678 2723 5731 t,
2753 5662 2845 5733 78,
2871 5664 2996 5736 79).
3041 5665 3173 5721 Nam
3217 5675 3273 5722 et
3323 5668 3540 5724 Abacuc
3592 5676 3898 5743 propheta

2252 5749 2455 5809 Christi
2477 5755 2848 5814 ascensionem
2876 5765 2930 5816 et
2945 5757 3152 5816 ordinis
3173 5760 3521 5819 ecclesiastici
3547 5763 3899 5827 ﬁrmitatem
