4048 6342
201 379 298 437 545

1201 371 1286 426 DE
1312 370 1715 428 REMISSIONE
1739 369 2218 428 PECCATORUM.
2250 370 2373 426 LIB.
2404 370 2444 427 1.

3351 377 3450 431 516

201 495 286 551 sub
307 489 518 546 nomine
531 485 915 556 solislunacquc
938 485 1013 540 sic
1025 485 1306 556 praedicat:
1326 484 1767 551 Elevatus'estsol,
1798 488 1847 549 Α
1874 502 1992 540 rum
2017 495 2274 554 negantes
2299 485 2576 541 catholica:
2601 484 2725 542 ﬁdei
2744 493 3161 551 sacramentum.
3195 488 3261 542 ad
3289 489 3449 546 hiere~

199 599 235 645 rt
255 588 372 642 luna
398 582 535 638 stetit
567 582 617 635 in
641 581 818 634 ordine
843 595 936 634 suo
961 578 1158 651 (Alme.
1188 595 1262 641 ιιι,
1291 577 1348 631 11
1374 621 1389 644 ,
1422 595 1522 633 sec.
1551 577 1702 630 LXX
1721 577 1760 648 ).

198 679 291 738 Sor
331 691 458 746 ergo
496 673 916 743 uniuscujusque
947 671 1124 726 lidelis
1171 687 1279 725 non
1321 671 1615 739 incongrue
1652 670 1764 741 spiv

196 772 337 828 vitale
359 769 614 824 solarium
636 767 850 832 dicitur,
875 764 1020 834 quod
1039 764 1169 819 solis
1197 763 1339 819 illius
1363 764 1582 834 superni
1601 763 1768 819 radiis

185 861 463 917 salubriter
511 859 824 914 illustratur.
886 856 1036 911 Raab
1092 856 1274 927 itaque
1324 857 1577 912 meretrix
1629 873 1766 927 quos

196 953 550 1023 exploratores
576 949 704 1004 Jesu
749 951 803 1004 in
849 948 1050 1006 solario
1076 963 1188 1004 sua:
1215 947 1406 1005 domus
1452 949 1762 1017 abscondit,

196 1045 363 1112 utique
385 1043 438 1096 in
467 1041 850 1118 superioribus,
882 1039 989 1095 hoc
1016 1045 1101 1095 est
1140 1039 1367 1110 spiritali
1394 1041 1618 1095 scientia
1643 1041 1767 1096 illu~

194 1138 362 1193 minati
384 1135 560 1191 cordis
587 1134 774 1189 intima
819 1132 1108 1188 dilectione
1135 1132 1418 1197 continuit,
1451 1140 1510 1187 ut
1530 1134 1764 1205 prophe-

193 1230 340 1285 ticum
383 1227 512 1282 illud
561 1225 834 1296 eloquium
884 1223 1064 1294 operis
1105 1212 1334 1279 veritate
1383 1231 1662 1280 cantaret:
1697 1224 1765 1280 In

184 1321 329 1378 corde
368 1337 483 1374 meo
511 1316 761 1372 abscondi
786 1316 990 1388 eloquia
1037 1323 1145 1379 tua,
1188 1324 1244 1368 ut
1290 1332 1394 1369 non
1433 1331 1633 1385 peccem
1675 1314 1766 1370 tibi

193 1415 347 1486 (Psal.
383 1428 567 1480 cxvur,
600 1410 720 1479 11).
757 1409 892 1464 Vera
918 1408 1098 1478 itaque
1119 1407 1270 1473 fides,
1302 1407 1624 1476 quaedivinis
1644 1409 1761 1463 elo—

194 1506 311 1578 1uiis
356 1504 653 1566 intimatur,
703 1511 830 1556 tunc
869 1500 1315 1570 persequentibus
1362 1516 1467 1555 non
1515 1502 1762 1570 traditur,

1873 579 2099 633 ticorum
2128 586 2256 633 sunt
2284 578 2621 633 mortiferum
2661 577 2854 649 dilapsi
2895 580 3258 646 consortium,
3307 594 3452 636 resué

1870 681 2019 728 mant
2043 672 2202 728 ﬁdem
2231 688 2391 744 quam
2425 681 2776 741 negaverunt,
2807 680 2863 727 et
2889 673 2957 727 ad
2991 673 3286 730 Ecclesiam
3315 675 3452 730 cele-

1870 764 2002 819 riter
2027 771 2390 826 revertantur,
2437 771 2494 818 ut
2522 763 2647 819 Jesu
2676 764 2958 830 veniente,
3009 765 3147 819 intra
3180 766 3324 820 illam
3354 767 3452 821 do-

1870 871 2014 910 mum
2059 857 2265 927 possint
2309 857 2534 911 inveniri
2572 864 2723 911 extra
2761 873 2923 928 quam
2965 857 3142 914 nullus
3181 867 3360 930 potest
3388 861 3453 916 ab

1869 947 2089 1022 interitu
2127 949 2345 1005 liberari
2401 969 2412 1003 :
2464 951 2588 1020 quia
2634 951 2774 1006 sicut
2818 952 2870 1005 in
2915 950 3166 1016 Hiericho
3214 953 3453 1024 quisquis

1868 1047 2023 1094 extra
2054 1040 2200 1094 illam
2230 1041 2448 1096 domum
2480 1040 2579 1096 fuit
2634 1043 2839 1097 nullum
2867 1044 3046 1114 potuit
3069 1044 3288 1114 adipisci
3332 1045 3452 1100 vitm

1868 1129 2164 1186 subsidium
2190 1171 2204 1195 ,
2259 1131 2336 1187 sic
2380 1139 2534 1187 extra
2582 1131 2877 1188 Ecclesiam
2918 1135 3240 1190 catholicam
3279 1136 3451 1191 nullus

1868 1221 2095 1292 accipiet
2127 1220 2512 1293 indulgentiam
2545 1232 2925 1293 peccatorum;
2951 1234 3008 1279 et
3027 1225 3165 1280 sicut
3195 1227 3331 1280 intra
3356 1225 3428 1281 Ec

1867 1312 2086 1368 clesiam
2126 1315 2447 1370 catholicam
2490 1315 2644 1368 corde
2675 1315 2900 1369 creditur
2937 1315 3008 1369 ad
3037 1318 3332 1387 justitiam,
3367 1331 3451 1372 ore

1867 1414 2038 1458 autem
2079 1408 2335 1476 confessio
2358 1408 2416 1476 ﬁt
2444 1406 2514 1460 ad
2542 1407 2760 1461 salutem
2791 1407 2967 1478 (Rom.
2987 1425 3040 1475 x,
3063 1410 3177 1480 10),
3195 1410 3274 1464 sic
3295 1418 3450 1465 extra

1866 1497 2112 1551 eamdem
2150 1496 2444 1553 Ecclesiam
2473 1500 2613 1553 mala
2638 1500 2928 1554 credulitas
2951 1517 3056 1556 non
3081 1510 3361 1571 reputatur
3386 1501 3450 1558 ad

187 1606 302 1652 tunc
330 1595 386 1650 in
409 1593 571 1650 corde
591 1591 828 1646 ﬁdelium
853 1590 1108 1646 inviolata
1132 1599 1189 1645 e‘t
1215 1591 1501 1647 incolumis
1520 1593 1761 1649 custodi-
1860 1587 2148 1657 justitiam,
2178 1590 2271 1645 sed
2301 1591 2368 1644 ad
2397 1607 2632 1661 poenam,
2659 1602 2714 1648 et
2739 1608 2904 1664 prava
2935 1593 3204 1650 confessio
3235 1612 3340 1649 non
3363 1611 3452 1650 ac-

193 1696 295 1754 tur,
319 1687 366 1742 si
386 1701 496 1741 non
525 1684 770 1748 terrenis,
788 1691 846 1738 et
876 1682 1112 1748 caducis,
1136 1691 1296 1753 atque
1316 1685 1639 1753 carnalibus,
1662 1686 1759 1741 sed

192 1780 485 1837 ctelestibus
504 1786 557 1833 et
577 1775 903 1848 spiritalibus
919 1775 1196 1845 promissis
1217 1776 1426 1830 animus
1448 1785 1760 1846 perseveret

1864 1681 2029 1750 quirit
2058 1681 2287 1738 salutem
2319 1683 2622 1751 conﬁtenti,
2651 1686 2748 1742 sed
2788 1687 2984 1756 ingerit
3011 1697 3262 1744 mortem.
3288 1688 3448 1746 Extra

1867 1771 2008 1827 hanc
2062 1771 2356 1829 Ecclesiam
2406 1791 2509 1831 nec
2559 1776 2923 1832 Christianum
2971 1795 3168 1834 nomen
3217 1781 3450 1850 aliquem

191 1873 391 1938 aﬁixus,
426 1888 524 1928 nec
551 1869 947 1940 contempletur
959 1884 1080 1938 qua:
1095 1868 1364 1933 videntur,
1385 1872 1478 1924 sed
1503 1884 1624 1938 quae
1653 1887 1761 1926 non
1793 1870 1841 1931 Β
1860 1862 2033 1932 juvat,
2067 1880 2168 1919 nec
2195 1865 2493 1936 baptismus
2522 1868 2715 1932 salvat,
2741 1883 2842 1924 nec
2870 1869 3128 1925 mundum
3149 1871 3261 1926 Deo
3285 1872 3449 1927 sacri~

192 1966 462 2021 videntur:
485 1962 613 2028 Quae
632 1963 771 2017 enim
791 1961 1025 2015 ridentur
1051 1960 1352 2031 temporalia
1373 1969 1512 2028 sunt,
1535 1963 1674 2017 sicut
1689 1963 1766 2017 ait

193 2057 498 2128 Apostolus;
539 2071 653 2129 qua:
677 2063 847 2108 autem
870 2071 974 2109 non
997 2054 1252 2118 videntur,
1279 2063 1474 2108 a'terna
1516 2065 1636 2110 sunt
1667 2055 1764 2125 (ιι

192 2148 293 2204 Cor.
315 2165 392 2215 ιν,
414 2146 799 2219 18).Οωῑθι·ιιηι
827 2144 1069 2214 quisquis
1089 2153 1377 2214 propterea
1393 2144 1753 2202 Christianam

192 2224 332 2294 tidem
364 2245 535 2304 tenet,
586 2245 644 2291 ut
663 2251 750 2291 res
778 2244 1022 2290 terrenas
1043 2244 1099 2288 et
1121 2235 1457 2291 transitorias
1485 2238 1761 2307 acquirat,

192 2329 659 2402 isteexploratores
677 2327 821 2393 Jcsu,
836 2344 944 2383 non
967 2328 1018 2382 in
1033 2329 1400 2398 superioribus
1421 2329 1615 2386 domus
1627 2347 1760 2402 suae,

193 2423 270 2480 sed
303 2400 368 2478 in:
391 2420 733 2476 inferioribus
772 2420 1042 2486 collocat;
1071 2420 1162 2476 ubi
1207 2435 1328 2476 cum
1355 2420 1554 2477 fuerint
1576 2400 1762 2492 positi,

173 2514 384 2590 facilius
432 2521 488 2570 et
527 2512 754 2568 inveniri
794 2519 1021 2582 possunt
1061 2512 1130 2567 ab
1174 2511 1404 2568 inimicis
1443 2522 1501 2568 et
1547 2513 1762 2584 perimi.

192 2604 360 2660 Omnis
406 2603 550 2659 enim
596 2610 912 2673 persecutor
947 2610 1002 2656 et
1044 2601 1292 2658 inimicus
1319 2604 1478 2674 377
1511 2601 1764 2660 Ecclesia:

193 2697 294 2752 lIIOS
346 2694 664 2766 spiritaliter
718 2693 998 2760 interimit,
1028 2701 1084 2748 et
1136 2682 1265 2764 ipsis
1306 2694 1501 2764 ingerit
1546 2703 1764 2750 aeternae

193 2788 362 2844 mortis
417 2786 710 2852 interitum,
742 2801 972 2855 quorum
1018 2801 1112 2841 cor
1153 2786 1420 2841 invenerit
1452 2789 1682 2844 terrenis
1707 2797 1764 2844 et

193 2879 391 2936 caducis
435 2878 598 2935 rebus
626 2877 898 2933 inne’xum.
928 2875 994 2931 I-li
1023 2877 1166 2932 enim
1196 2877 1322 2932 dum
1350 2885 1595 2934 terrenas
1622 2881 1763 2936 divi-

192 2973 293 3038 tias,
349 2981 449 3027 aut
474 2971 698 3042 perdere
725 2978 1000 3034 metuunt,
1045 2979 1138 3027 aut
1184 2971 1466 3043 acquirere
1507 2973 1763 3044 concupi-

192 3075 347 3136 scunt,
364 3075 637 3139 praecepta
658 3063 877 3131 Christi,
896 3066 998 3121 hoc
1013 3073 1097 3120 est
1117 3065 1488 3135 exploratores
1503 3065 1629 3122 Jesu
1652 3083 1761 3124 non

192 3161 516 3218 abscondunt
542 3161 597 3216 in
626 3160 825 3216 solario
846 3159 1046 3227 cordis,
1073 3158 1170 3214 sed
1199 3158 1418 3215 tradunt
1437 3176 1762 3233 persequen-

1869 1957 2044 2012 ﬁcium
2073 1957 2296 2014 oﬁertur
2317 2000 2332 2024 ,
2378 1975 2478 2015 nec
2503 1970 2850 2030 peccatorum
2890 1963 3140 2018 remissio
3170 1964 3448 2034 accipitur,

1868 2063 1968 2103 nec
1994 2057 2210 2104 aeterna:
2239 2051 2360 2104 vitae
2397 2050 2626 2106 felicitas
2668 2051 2959 2107 invenitur.
3018 2051 3135 2107 Una
3177 2061 3261 2109 est
3307 2054 3449 2110 enim

1866 2136 2067 2194 Christi
2117 2139 2389 2210 Ecclesia,
2439 2157 2546 2196 una
2577 2143 2859 2208 columba,
2913 2159 3019 2198 una
3069 2144 3298 2213 dilecta,
3346 2160 3452 2200 una

1866 2249 2063 2305 sponsa
2098 2253 2110 2289 :
2145 2235 2199 2290 in
2239 2252 2342 2306 qua
2373 2235 2608 2292 Trinitas
2646 2253 2785 2293 unus
2813 2237 2957 2294 Deus
2982 2275 2998 2301 ,
3051 2238 3209 2293 unius
3247 2246 3453 2294 naturae

1867 2333 2031 2394 atque
2077 2327 2391 2382 substantiae.
2436 2328 2703 2394 creditur;
2751 2329 2807 2383 in
2848 2344 2954 2399 qua
2990 2343 3092 2385 nec
3132 2329 3301 2393 Filio,
3351 2344 3452 2386 nec

1867 2415 2089 2487 Spiritui
2161 2427 2350 2475 sancto
2427 2421 2752 2476 contumelia
2819 2421 3192 2478 minorationis
3255 2422 3451 2492 ingeri—

1866 2516 1992 2576 tur;
2063 2510 2116 2564 in
2163 2525 2269 2579 qua
2316 2527 2454 2566 unus
2499 2520 2663 2582 atque
2712 2511 2855 2566 idem
2903 2501 3114 2579 cultus,
3176 2520 3230 2568 et
3276 2514 3451 2569 honor

1865 2615 2002 2654 unus
2031 2601 2123 2656 uni
2152 2599 2423 2671 Trinitati,
2471 2617 2590 2672 qua:
2634 2601 2776 2660 Deus
2811 2619 2972 2659 verus
3005 2612 3109 2666 est,
3141 2603 3446 2659 exhibetur.

1864 2687 1990 2746 Haec
2015 2702 2098 2747 est
2125 2707 2232 2746 una
2261 2707 2391 2748 vera
2427 2694 2591 2764 378
2617 2692 2857 2750 Ecclesia
2877 2737 2892 2763 ,
2941 2710 3061 2765 qua:
3090 2695 3168 2751 sic
3195 2695 3369 2751 credit
3395 2702 3451 2752 et

1862 2782 2119 2853 praedicat
2131 2799 2294 2838 unam
2308 2783 2585 2840 Trinitatis
2598 2787 2909 2855 essentiam,
2936 2795 2996 2841 ut
3022 2787 3076 2842 in
3093 2786 3264 2843 tribus
3285 2803 3448 2842 unam

1863 2875 2158 2946 quamlibet
2185 2891 2293 2931 non
2323 2877 2522 2934 audeat
2549 2877 2707 2933 alteri
2733 2879 2988 2949 praeferre
3017 2894 3328 2949 personam.
3359 2878 3452 2935 Sic

1863 2968 2006 3024 enim
2029 2969 2161 3024 nihil
2186 2984 2246 3025 se
2267 2969 2541 3025 diversum
2557 2972 2744 3027 colere
2765 2971 2820 3026 in
2839 2970 3140 3027 substantia
3155 2971 3452 3029 divinitatis

1863 3061 2120 3125 ostendit,
2150 3069 2210 3117 ut
2231 3060 2450 3117 Patrem
2479 3073 2537 3117 et
2562 3062 2774 3141 Filium,
2814 3071 2871 3118 et
2897 3062 3156 3135 Spiritum
3184 3071 3451 3130 sanctum,

1861 3151 1966 3206 hoc
1996 3158 2079 3206 est
2098 3151 2270 3222 ipsam
2287 3150 2606 3208 Trinitatem
2635 3168 2801 3208 unum
2820 3167 3006 3208 verum
3033 3160 3090 3208 et
3115 3151 3291 3208 solum
3319 3167 3453 3210 con-

191 3251 315 3307 tibus
342 3251 598 3312 inimicis,
631 3257 724 3304 aut
751 3257 898 3305 metu
926 3249 1130 3306 scilicet
1157 3249 1351 3318 territi,
1379 3228 1471 3306 aut
1498 3228 1761 3324 igne-pra-
1785 3240 1831 3304 C
1863 3242 2021 3298 litens
2049 3243 2218 3299 Deum
2235 3285 2250 3310 .
2279 3258 2382 3301 nec
2409 3245 2462 3299 in
2484 3245 2709 3300 unitatis
2731 3245 2949 3301 nomine
2975 3228 3296 3299 Sabellianm
3317 3259 3453 3300 con-

192 3361 258 3400 vae
283 3345 594 3417 cupiditatis
615 3344 845 3399 accensi.
875 3341 986 3398 Nec
1013 3341 1305 3398 funiculum
1327 3344 1658 3410 coccineum,
1703 3345 1756 3400 in

191 3435 322 3504 cujus
347 3435 510 3503 signo
537 3431 727 3488 domus
747 3431 838 3486 illa
862 3431 1067 3486 salvata
1098 3440 1209 3497 est,
1236 3431 1436 3486 habent
1459 3448 1556 3503 per
1578 3431 1756 3489 fenes-

191 3536 313 3582 tram
339 3525 540 3581 domus
563 3538 674 3579 sua:
702 3537 1045 3593 suspensum,
1094 3522 1188 3590 qui
1216 3521 1338 3577 ﬁdei
1359 3537 1469 3579 suae
1493 3539 1601 3579 non
1624 3541 1759 3581 con-

191 3615 415 3680 ﬁtentur,
464 3613 561 3671 sed
605 3613 874 3682 denegant
900 3617 1258 3667 sacramenta.
1281 3610 1571 3668 Funiculus
1616 3613 1760 3669 enim

190 3708 462 3766 coccineus
503 3705 778 3776 sanguinis
815 3701 1014 3759 Christi
1060 3703 1374 3775 mysterium
1404 3703 1756 3774 praeferebat:

190 3815 336 3870 quem
385 3799 480 3855 ille
505 3813 604 3869 per
637 3797 929 3852 fenestram
957 3794 1148 3851 domus
1176 3811 1287 3851 suae
1311 3811 1628 3866 suspensum
1660 3797 1760 3852 ha-

188 3900 291 3959 bet,
330 3891 430 3964 qui
484 3890 591 3944 ﬁde
629 3895 819 3944 contra
857 3902 1097 3958 paganos
1131 3902 1228 3943 seu
1264 3896 1452 3943 contra
1494 3889 1765 3958 quoslibet

189 3984 466 4040 haereticos
516 3982 628 4037 Deo
673 3988 994 4052 protegente
1035 3978 1302 4043 ﬁrmatus,
1331 3994 1396 4035 ac
1423 3977 1580 4035 ﬁdem
1611 3995 1763 4037 suam

188 4076 408 4132 sollicite
454 4072 783 4138 custodiens,
815 4071 1015 4127 Christi
1039 4087 1097 4128 se
1125 4071 1463 4142 redemptum
1498 4072 1764 4142 sanguine

189 4167 482 4224 conﬁtetur.
517 4165 746 4236 Propter
774 4163 922 4236 quod
949 4164 1065 4234 ipse
1098 4163 1137 4218 S
1159 4163 1352 4219 -lvator
1398 4164 1512 4218 ait:
1544 4162 1644 4228 Qui
1682 4179 1764 4220 me

188 4265 439 4335 confessus
462 4261 620 4333 fuerit
639 4275 814 4315 coram
839 4257 1147 4326 hominibus,
1166 4258 1448 4330 conﬁtebor
1465 4268 1516 4313 et
1533 4275 1628 4331 ego
1649 4276 1765 4315 eum

189 4372 345 4411 eorum
375 4355 544 4411 Patre
562 4371 699 4421 meo,
727 4355 814 4427 qui
841 4362 918 4408 est
960 4355 1014 4408 in
1035 4353 1208 4420 caelis;
1237 4355 1324 4425 qui
1353 4362 1526 4409 autem
1545 4371 1765 4427 negare-

188 4447 244 4502 rit
270 4465 349 4503 me
396 4463 576 4502 coram
605 4443 924 4512 hominibus,
954 4444 1152 4517 negabo
1198 4456 1247 4499 et
1293 4461 1386 4517 ego
1427 4463 1542 4501 eum
1585 4462 1763 4502 coram

188 4537 334 4595 Patre
355 4557 494 4606 meo,
526 4540 708 4611 quiest
744 4540 801 4594 in
829 4539 966 4594 caelis
1009 4536 1235 4610 (Matth.
1269 4555 1324 4606 x,
1355 4539 1481 4608 '52).
1509 4539 1763 4606 Quamvis

1861 3335 2089 3392 lusionis
2127 3336 2368 3393 incurrat
2389 3352 2630 3392 errorem
2654 3377 2670 3401 ,
2715 3345 2771 3392 et
2795 3337 2850 3391 in
2875 3335 3155 3392 Trinitatis
3179 3336 3448 3393 vocabqu

1860 3431 2169 3487 meminerit
2191 3431 2403 3486 Arianae
2425 3430 2751 3485 diversitatis
2777 3421 3112 3485 mo'rtiferam
3130 3429 3304 3484 Vitare
3324 3444 3450 3498 per-

1863 3521 2080 3578 niciem.
2141 3521 2465 3592 Apostolica:
2510 3523 2710 3592 quippe
2758 3520 3155 3592 praedicationis
3209 3508 3487 3576 retinens'

1865 3629 2147 3683 normam,
2197 3615 2652 3684 quemadmodum
2705 3613 3022 3670 Trinitatem
3070 3614 3348 3683 cognoscit
3393 3613 3448 3668 in

1862 3708 2110 3778 personis
2137 3706 2336 3774 Patris,
2367 3717 2422 3764 et
2449 3708 2591 3772 Filii,
2623 3719 2678 3764 et
2705 3707 2934 3779 Spiritus
2959 3707 3163 3773 sancti;
3193 3708 3271 3763 sic
3297 3706 3451 3764 unius

1863 3799 1960 3856 Dei
1988 3810 2191 3857 rectam
2221 3800 2479 3872 praedicat
2508 3800 2700 3867 ﬁdem,
2751 3800 2876 3870 quia
2907 3801 2961 3854 in
2993 3798 3170 3866 Patre,
3204 3808 3261 3854 et
3289 3799 3448 3864 Filio,

1867 3899 1923 3948 et
1951 3892 2156 3964 Spiritu
2181 3902 2370 3951 sancto
2400 3895 2703 3950 naturalem
2723 3893 2978 3966 praedicat
3005 3894 3288 3949 unitatem.

2432 4053 2662 4110 CAPUT
2692 4053 2876 4109 XXIII.

1941 4163 2023 4218 Ab
2053 4165 2152 4220 hac
2181 4163 2425 4220 Ecclesia
2454 4165 2498 4220 si
2519 4165 2611 4235 qui
2640 4164 2770 4220 foris
2809 4172 2934 4220 sunt
2965 4164 3017 4219 in
3046 4163 3272 4220 diversis
3299 4179 3450 4220 erro-

1864 4255 2013 4312 ribus
2025 4256 2324 4321 constituti,
2350 4264 2478 4312 tunc
2497 4257 2763 4328 accipient
2787 4256 3173 4326 indulgentiam
3195 4265 3452 4327 peccato-

1865 4363 2004 4415 rum,
2036 4347 2080 4403 si
2107 4346 2174 4402 ad
2201 4347 2445 4403 eamdem
2474 4347 2768 4404 Ecclesiam
2789 4391 2804 4416 ,
2833 4348 2960 4404 dum
2995 4357 3120 4403 sunt
3144 4348 3197 4403 in
3227 4349 3331 4403 hoc
3355 4364 3454 4405 sa:-

1865 4439 1986 4495 culo
2016 4439 2330 4506 constituti,
2361 4447 2508 4494 recta
2537 4439 2857 4495 credulitate
2886 4440 3084 4494 fuerint
3125 4445 3181 4493 et
3235 4439 3454 4493 contriti

1866 4529 2042 4585 cordis
2065 4528 2369 4583 humilitate
2397 4529 2663 4584 conversi.
2712 4527 2855 4598 Ergo
2884 4536 3126 4595 currant,
3165 4527 3294 4582 dum
3317 4516 3453 4581 tem-

187 4633 334 4700 igitur
360 4631 614 4688 inimicus
641 4638 957 4702 persecutor
980 4630 1356 4700 exploratores
1383 4629 1510 4687 Jesu
1537 4633 1591 4687 in
1621 4633 1762 4688 infe-

1867 4635 1970 4690 pus
1994 4627 2077 4674 est
2094 4659 2108 4681 ,
2147 4619 2212 4673 ad
2253 4619 2544 4686 legitimam
2571 4627 2802 4674 matrem
2822 4660 2836 4685 ,
2865 4617 3006 4688 quae,
3030 4618 3170 4674 sicut
3203 4633 3270 4673 ex
3295 4625 3454 4674 utero

186 4723 407 4779 tioribus
447 4730 675 4780 conetur
721 4722 989 4788 occidere,
1019 4722 1073 4778 id
1116 4730 1200 4779 est
1227 4723 1391 4779 robur
1437 4723 1760 4780 Christianae

186 4811 291 4870 ﬁdei
321 4815 555 4870 terrenis
577 4814 828 4870 moliatur
852 4813 1301 4885 promissionibus
1327 4815 1442 4870 sive
1464 4815 1762 4870 terroribus

184 4907 532 4972 enervare;si
556 4907 680 4976 quis
716 4914 897 4962 tamen
954 4905 1233 4962 Trinitatis
1287 4905 1468 4974 ﬁdem,
1517 4922 1621 4977 qua
1655 4905 1760 4960 Pa-

184 5009 327 5064 trem,
356 5005 415 5053 et
443 4996 656 5062 Filium,
706 5005 761 5053 et
786 4997 1045 5068 Spiritum
1092 5005 1334 5052 sanctum
1388 5012 1552 5052 unum
1593 4997 1760 5053 Deum

183 5081 599 5145 subs‘tantialiter
626 5089 816 5155 credit,
850 5090 904 5144 in
923 5089 1292 5160 superioribus
1312 5088 1560 5150 habuerit
1587 5091 1758 5146 collo-

183 5188 369 5247 catam,
391 5197 584 5239 omnes
613 5183 985 5253 persequentis
1027 5191 1177 5238 atros
1207 5196 1422 5236 errores
1455 5182 1625 5254 (forte
1652 5191 1761 5261 ter-

181 5275 347 5348 rores)
379 5291 680 5348 omnesque
707 5275 1006 5332 seductoris
1035 5276 1253 5332 insidias
1284 5290 1391 5331 non
1424 5275 1649 5330 timebit.

756 5433 984 5489 CAPUT
1012 5433 1178 5488 XXII.

1863 4727 1964 4766 suo
1999 4720 2156 4765 natos
2186 4709 2324 4766 ﬁlios
2349 4712 2594 4767 continet
2631 4711 2920 4780 diligenter
2947 4719 3002 4766 et
3038 4711 3237 4776 nutrit,
3280 4711 3358 4766 sic
3385 4725 3452 4766 ex

1865 4802 2061 4857 ancilla
2085 4810 2262 4869 natos,
2290 4819 2398 4858 non
2419 4803 2593 4858 solum
2618 4802 2914 4858 redeuntes
2937 4818 3046 4857 non
3070 4803 3292 4872 respuit,
3323 4802 3452 4871 quin

1865 4893 2028 4948 etiam
2069 4893 2451 4950 misericordia)
2491 4893 2786 4950 visceribus
2814 4901 3060 4948 errantes
3102 4891 3348 4962 inquirit,
3399 4898 3456 4946 et

1866 5000 1965 5055 pro
1989 4984 2183 5040 affectu
2222 4985 2556 5040 incessanter
2595 4984 2823 5048 invitat,
2869 4997 3008 5052 quos
3052 4981 3106 5036 in
3136 4981 3454 5037 societatem

1866 5083 2107 5146 paternm
2138 5076 2462 5132 haereditatis
2501 5075 2737 5130 inducat.
2779 5073 2962 5144 Neque
3001 5073 3145 5129 enim
3176 5072 3227 5127 in
3259 5072 3338 5127 eis
3368 5080 3454 5126 ato

1869 5172 2041 5227 tendit
2071 5171 2340 5228 ancillaris
2373 5171 2513 5227 uteri
2550 5168 2911 5225 conditionem
2933 5210 2948 5235 ,
2997 5166 3090 5222 sed
3120 5166 3330 5238 paterni
3369 5180 3456 5219 re-

1870 5265 2150 5334 cognoscit
2191 5264 2412 5318 seminis
2451 5263 2752 5318 veritatem.
2804 5261 2934 5328 Quze
2963 5268 3047 5315 est
3085 5259 3227 5314 enim
3257 5257 3457 5313 veritas

1871 5357 2082 5427 paterni
2108 5355 2346 5419 seminis,
2387 5355 2487 5409 nisi
2517 5353 2781 5422 baptisma
2808 5361 3122 5423 perceptum
3153 5350 3206 5404 in
3240 5348 3457 5403 nomine

1875 5446 2186 5501 Trinitatis?
2209 5443 2322 5500 Hoc
2352 5443 2438 5498 illa
2462 5443 2516 5497 in
2545 5457 2867 5512 quocunque
2894 5440 3176 5511 repererit,
3199 5446 3453 5506 tanquam

244 5547 480 5606 Proinde
507 5544 616 5604 no'n
644 5549 818 5604 solum
840 5562 976 5618 quos
997 5547 1174 5603 iterati
1200 5546 1454 5616 baptismi
1478 5552 1624 5599 tenet
1646 5559 1767 5599 rea-
1868 5539 2105 5608 legitima
2136 5545 2308 5591 mater
2333 5536 2415 5590 sui
2440 5535 2576 5604 juris
2606 5550 2728 5590 esse
2754 5533 3054 5604 cognosoit.
3099 5517 3453 5598 Novit'enim,

180 5651 260 5698 tus
287 5644 523 5700 innexos
549 5642 751 5700 debent
778 5641 1029 5698 celeriter
1053 5641 1120 5694 ad
1142 5639 1437 5696 Ecclesiam
1462 5652 1762 5702 recurrere,

181 5742 229 5789 et
257 5736 429 5792 Deum
472 5735 731 5809 lacrymis
758 5751 822 5790 ac
861 5734 1223 5804 elcemosynis
1252 5749 1350 5803 pro
1381 5739 1532 5787 tanto
1562 5731 1768 5786 scelere

180 5825 488 5898 deprecari;
511 5844 699 5884 verum
721 5828 882 5881 etiam
906 5826 950 5880 si
973 5826 1063 5896 qui
1086 5824 1310 5879 forsitan
1339 5825 1457 5879 sine
1484 5824 1768 5879 iteratione

181 5921 512 5992 baptismatis
540 5919 898 5976 delectat'one
929 5931 1214 5972 munerum
1236 5930 1331 5972 seu
1370 5915 1562 5983 timore
1587 5929 1770 5984 poena-

1872 5633 2008 5686 sicut
2038 5629 2237 5685 Rachel
2269 5629 2477 5701 (Genes.
2512 5628 2664 5700 xxx),
2717 5643 2821 5682 non
2854 5625 3026 5682 solum
3053 5624 3273 5696 proprio
3303 5631 3459 5679 utero

1875 5719 2013 5778 ﬁlios
2041 5737 2252 5792 parcre,
2276 5737 2458 5776 verum
2500 5722 2662 5776 etiam
2691 5736 2759 5775 ex
2797 5717 2991 5773 ancilla
3021 5717 3335 5788 progenitos
3360 5731 3460 5771 suo

1876 5816 2091 5871 nomine
2138 5825 2388 5888 tanquam
2430 5815 2660 5885 genitrix
2703 5813 2938 5882 legitima
3001 5811 3296 5866 vindicare.
3346 5809 3462 5867 IIoc

1877 5926 2014 5982 opus
2043 5918 2142 5976 est,
2175 5918 2234 5963 ut
2277 5910 2357 5989 illi,
2382 5926 2488 5964 non
2531 5907 2798 5989 negligant
2829 5905 3120 5982 fraternam
3146 5905 3460 5984 societatem
3500 5903 3505 5907 '
