4066 6346
545 427 650 484 517

1577 413 1632 471 S.
1675 407 2042 469 FULGENTII
2081 403 2389 461 EPISCOPI
2431 358 2803 458 EUSPENSIS

3726 399 3837 460 5i8

546 522 828 619 repetere,
865 544 912 602 si
943 544 1131 606 volunt
1156 546 1398 610 paterna:
1427 529 1754 588 lnereditalis
1774 540 2000 584 munere
2026 537 2138 578 non
2168 521 2219 585 Α
2242 533 2372 576 cens
2404 537 2415 572 :
2451 516 2676 572 Obsecro
2707 517 2880 587 itaque
2909 530 2994 569 vos
3023 532 3116 586 ego
3146 513 3340 570 vinctus
3371 518 3426 571 in
3467 514 3726 582 Domino,
3783 524 3842 573 ut

548 618 756 710 carere.
807 637 972 707 lgitur
1017 631 1267 689 hatresim
1312 628 1677 696 relinquentes
1707 618 2137 676 ad'eatholicam

557 704 853 784 Ecclesium
882 725 1132 782 celeriter
1162 728 1502 778 revertantur
1526 735 1539 782 ;
1588 731 1687 771 nec
1713 714 1780 768 de
1807 707 2139 767 [Hereditatis

549 820 892 892 possessione
920 817 1185 878 dubitent,
1229 828 1330 868 nec
1355 811 1422 867 de
1449 797 1796 880 peccatorum
1822 802 2140 860 remissione

550 912 858 979 desperent.
903 906 1005 977 Qui
1045 906 1190 961 enim
1213 920 1319 960 non
1349 901 1525 958 credit
1551 901 1691 954 intra
1717 895 2013 952 Ecclesium
2044 909 2137 949 ca-

550 1000 803 1055 tholicam
836 1006 1030 1055 cuncta
1057 997 1288 1053 relaxari
1313 1009 1470 1066 posse
1509 999 1753 1064 peccata,
1786 990 1901 1060 ipse
1927 987 2141 1043 sibi’re-

550 1090 861 1145 missionem
892 1097 1242 1160 peccatorum
1269 1086 1534 1154 denegat,
1570 1083 1615 1137 si
1646 1081 1712 1136 de
1740 1081 1844 1135 hoc
1863 1078 2058 1134 sacculo
2086 1078 2139 1132 in

551 1180 740 1236 eadem
769 1181 948 1237 cordis
975 1177 1362 1251 impmnitentis
1392 1174 1587 1230 duritia
1618 1185 1993 1243 perseverans,
2019 1168 2144 1222 alie-

554 1279 710 1340 natus
737 1273 805 1328 ab
834 1270 1204 1332 ecclesiastica
1232 1269 1496 1324 societate
1524 1265 1783 1321 discedat.

1123 1379 1351 1438 CAPUT
1381 1378 1565 1436 XXIV.

626 1497 772 1555 Talis
811 1498 973 1568 igitur
994 1494 1815 1564 adversus-Spiritumsanclum
1856 1491 1986 1545 dicit
2024 1504 2144 1543 ver-

553 1591 714 1656 bum,
753 1589 897 1660 quod
933 1603 1106 1657 neque
1134 1588 1186 1642 in
1223 1587 1328 1642 hoc
1363 1600 1538 1652 neque
1561 1584 1613 1638 in
1647 1583 1825 1636 futuro
1858 1581 2142 1636 sitsaeculo

553 1680 936 1738 remittendum
987 1678 1222 1747 (Matth.
1265 1692 1367 1740 xu,
1415 1675 1546 1742 52).
1599 1673 1803 1730 Caritas
1836 1673 1977 1726 enim
2023 1671 2141 1738 Dei,

552 1788 672 1842 quae
686 1767 1346 1841 cooperitmultitudinem
1373 1774 1718 1835 peccatorum
1737 1763 1790 1834 (ι
1811 1764 1951 1818 Petr.
1976 1780 2044 1828 iv,
2064 1763 2144 1833 8),

554 1864 745 1933 diffusa
766 1872 859 1926 est,
893 1863 1036 1919 sicut
1072 1859 1370 1930 Apostolus
1395 1859 1553 1922 dicit,
1596 1857 1652 1911 in
1681 1857 1921 1912 cordibus
1951 1858 2156 1936 nostris

555 1972 643 2023 per.
672 1955 926 2026 Spiritum
943 1964 1204 2020 sanctum,
1234 1954 1318 2024 qui
1335 1951 1488 2006 datus
1511 1960 1587 2005 est
1617 1949 1762 2004 nobis
1787 1948 1962 2020 (Rom.
1987 1965 2045 2016 ν,
2067 1947 2142 2019 '5).

557 2045 680 2103 llam
694 2045 918 2112 caritas,
931 2045 1056 2113 quia
1079 2045 1450 2112 incorruptum
1476 2049 1626 2098 tenet
1649 2041 1870 2096 unitatis
1897 2041 2150 2096 fraternae

539 2129 886 2196 consortium
923 2179 938 2203 ,
1002 2146 1291 2206 propterea
1347 2133 1746 2192 multitudinem
1804 2142 2154 2203 peccatorum.

558 2230 826 2298 cooperit,
851 2237 906 2285 et
946 2229 998 2284 in
1029 2229 1236 2288 unitate
1261 2244 1362 2298 spe
1398 2226 1699 2286 certissima
1740 2234 2148 2295 perseverantes

559 2322 738 2391 perire
785 2335 891 2378 non
935 2320 1084 2376 sinit.
1132 2318 1187 2384 Si
1227 2319 1349 2390 quis
1390 2318 1551 2387 igitur
1582 2314 1990 2381 tenens-ﬁdem,
2027 2331 2148 2386 quas

559 2426 657 2482 per
677 2412 962 2470 caritatem
989 2414 1248 2481 operatur
1277 2409 1478 2481 (Galat.
1511 2425 1562 2473 ν,
1591 2408 1643 2479 6)
1661 2449 1674 2473 ,
1721 2407 1798 2464 sic
1836 2407 1950 2474 agit
1977 2408 2150 2477 pruni.

559 2503 783 2562 tentiam
810 2505 974 2574 379
1001 2502 1212 2573 pristini
1239 2500 1530 2570 cujuslibet
1556 2499 1777 2564 erroris,
1811 2507 1868 2560 ut
1895 2514 2016 2554 cum
2049 2513 2152 2554 nec

557 2597 758 2652 erroris
778 2597 1004 2653 ulterius
1023 2595 1260 2657 societas
1281 2601 1482 2656 teneat,
1517 2606 1618 2652 nec
1636 2599 1827 2648 catena
1857 2589 2148 2649 ni-ortil‘eize

559 2689 952 2761 desperationis
973 2687 1306 2756 obstringat,
1339 2686 1475 2742 liber
1500 2685 1602 2740 erit
1628 2683 1806 2742 abillo
1821 2682 1985 2738 verbo
2005 2683 2157 2752 quod

559 2781 818 2838 adversus
834 2781 1097 2851 Spinitum
1123 2787 1372 2836 sanctam
1396 2777 1614 2840 dicitur,
1637 2774 1782 2843 quod
1811 2773 2012 2832 dicenti
2041 2791 2157 2853 non.

559 2873 869 2942 dimittitur,
898 2887 1076 2944 neque
1103 2872 1156 2929 in
1184 2871 1290 2927 hoc
1317 2869 1524 2930 secqu
1543 2883 1720 2937 neque
1747 2868 1802 2924 in
1817 2866 2016 2924 futuro.
2035 2865 2150 2927 Hoc

561 2966 716 3023 enim:
744 2966 914 3022 verbo
956 2963 1218 3022 Dominus
1241 2970 1308 3018 et.
1341 2961 1592 3020 Salvator
1626 2967 1810 3018 noster
1841 2957 2158 3027 nonaliquu.

563 3067 794 3130 peccata.
811 3059 1108 3115 insinuavit
1129 3058 1182 3111 iu
1205 3054 1390 3112 futuro
1420 3053 1626 3111 smculo.
1673 3052 1990 3111 dimittenda
2031 3066 2156 3120 quze

564 3151 618 3204 in
648 3151 755 3206 hoc
783 3150 986 3207 stacqu
1014 3148 1241 3204 dimissa.
1270 3162 1380 3202 non
1406 3144 1642 3208 iuerint;
1673 3143 1771 3200 sed
1796 3143 1931 3198 bene
1954 3141 2156 3198 intelli-

567 3243 1077 3314 gantibusostendit
1109 3258 1216 3297 non
1246 3241 1381 3303 alia,
1407 3238 1502 3294 sed
1532 3238 1622 3293 illa
1652 3245 1859 3295 tantum
1890 3236 1944 3290 in
1974 3235 2154 3290 futuro

565 3337 774 3392 satoqu
799 3335 1124 3390 dimittenda.
1146 3347 1267 3404 qua:
1308 3333 1488 3389 inhoc
1507 3329 1704 3387 articulo
1731 3330 1786 3385 in
1816 3344 1922 3384 una
1943 3336 1999 3384 et
2024 3341 2161 3384 vera
2183 3329 2208 3395 ’ξ

565 3428 1086 3485 Ecetesiacotholica
1101 3427 1302 3482 fuerint
1322 3423 1538 3492 unicuiq
1547 3438 1613 3479 ue
1626 3421 1842 3478 dimissa
1854 3462 1861 3469 .
1879 3419 1992 3477 Soli
2007 3418 2160 3479 enim

564 3522 638 3576 illi
666 3522 923 3576 Dominus
951 3518 1148 3588 ligandi
1179 3515 1532 3584 solvendique
1575 3511 1762 3570 tribuit
1805 3518 2158 3584 pateStatqu.

561 3615 748 3670 dicens
781 3632 794 3667 :
831 3611 945 3667 Tibi
974 3611 1109 3666 dabo
1137 3610 1308 3664 claves
1338 3607 1488 3679 regni
1518 3605 1762 3665 calorum
1777 3619 1797 3668 ;
1821 3610 1871 3655 et
1893 3601 2159 3673 quodcun-

563 3723 655 3778 que
683 3704 926 3777 ligaveris
951 3719 1106 3773 super
1137 3710 1349 3764 terram,
1373 3699 1471 3756 erit
1499 3698 1718 3766 ligatum
1741 3702 1791 3746 et
1820 3693 1882 3754 ist
1904 3693 2074 3756 oretis;
2108 3701 2158 3746 et

563 3797 895 3866 quodcunque
923 3793 1136 3848 solveris
1177 3807 1330 3861 super
1357 3799 1579 3851 terram,
1610 3787 1710 3846 erit
1753 3785 1978 3842 solutum
2016 3793 2065 3838 et
2100 3785 2158 3848 in

569 3888 708 3940 caelis
757 3884 983 3958 (Matth.
1017 3899 1104 3938 xvi
1125 3924 1146 3949 ,_
1175 3881 1301 3946 l9).
1353 3879 1508 3947 Quod
1538 3892 1669 3946 ergo
1697 3883 1883 3932 sancta
1912 3875 2157 3939 Ecclesia

565 3977 618 4031 iu
649 3977 754 4031 hoc
783 3975 984 4030 saeculo
1029 3990 1137 4027 non
1175 3971 1396 4027 solverit
1436 3970 1508 4023 ita
1537 3967 1824 4022 insolubile
1853 3974 2153 4040 permanet,

567 4066 810 4121 utetiam
842 4066 894 4118 in
925 4063 1104 4117 futuro
1125 4061 1321 4116 saeculo
1355 4059 1490 4114 solvi
1521 4057 1824 4112 nullatenus
1854 4057 2043 4125 possit.
2067 4053 2156 4107 Li-

567 4166 724 4228 gatus
738 4164 821 4212 est
848 4163 1030 4211 autem
1052 4154 1227 4210 omnis
1254 4153 1424 4212 homo,
1440 4165 1600 4219 quem
1632 4151 1732 4204 ista
1763 4164 1870 4203 non
1894 4148 2151 4213 solverit;

565 4267 666 4308 nec
694 4257 1056 4317 consequetur
1085 4244 1302 4315 aliquod
1343 4242 1628 4300 solutionis
1665 4237 1982 4304 beneﬁcium
2003 4279 2019 4303 ,
2059 4239 2161 4307 qui

566 4365 673 4404 non
722 4359 1020 4403 conversus
1043 4343 1114 4398 ad
1141 4341 1512 4412 pten-itent-iam
1551 4339 1606 4393 in
1631 4333 1868 4396 EcClesia
1893 4337 1993 4392 sibi
2022 4335 2156 4392 dan-

567 4441 689 4496 dum
727 4437 1025 4510 speraverit
1053 4434 1444 4504 indulgentiam
1473 4441 1837 4502 peccatorum.
1871 4429 1964 4484 llle
1994 4429 2159 4497 igitur

567 4535 699 4590 dicit
713 4529 1086 4588 irremissibile
1097 4528 1320 4583 verbum
1335 4527 1595 4581 adversus
1605 4524 1864 4595 Spiritum
1883 4531 2156 4588 sanctum,

567 4629 653 4700 qui
686 4627 902 4683 divitias
921 4623 1180 4680 bonitatis
1201 4621 1315 4687 Dei,
1343 4629 1397 4675 et
1425 4621 1718 4690 patientur,
1749 4627 1804 4673 et
1831 4616 2153 4686 longanimi-a

567 4720 692 4774 tatis
708 4725 1080 4782 contemnens,
1099 4713 1393 4771 secundum
1420 4711 1670 4766 duritiam
1701 4725 1851 4764 suam
1883 4718 1940 4763 et
1969 4709 2158 4777 impie-

566 4811 744 4868 aitens
767 4823 864 4863 cor
880 4805 1211 4862 thesaurizat
1233 4803 1334 4858 sibi
1363 4803 1498 4857 iram
1528 4803 1581 4856 in
1607 4802 1695 4856 die
1722 4801 1814 4856 ira:
1845 4809 1901 4854 et
1946 4799 2155 4854 revela-

565 4900 726 4955 tionis
750 4897 882 4968 justi
904 4896 1089 4966 iudicii
1125 4895 1250 4958 Dei,
1297 4893 1390 4963 qui
1418 4891 1610 4948 reddet
1633 4891 1920 4958 unicuique
1960 4903 2154 4944 secun-

567 4990 689 5045 tlum
711 5003 876 5059 opera
898 5001 993 5041 sua
1026 4983 1202 5057 (Rcui.
1240 4999 1296 5037 ιι.
1327 4982 1408 5046 ι).

1151 5095 1381 5154 CAPUT
1402 5095 1567 5152 XXV.

634 5213 847 5269 Etenim
886 5213 998 5268 sive
1024 5213 1239 5278 caritas,
1288 5220 1341 5264 et
1371 5226 1436 5266 ea
1465 5210 1531 5265 de
1563 5210 1725 5265 corde
1778 5225 1912 5279 puro
1945 5218 1967 5244 θ
1991 5250 2003 5273 ,
2042 5209 2156 5265 sive

565 5300 786 5356 unitatis
802 5297 1050 5356 fraternae
1076 5297 1404 5366 communio,
1429 5297 1542 5352 sive
1568 5295 1891 5350 haereditatis
1921 5296 2155 5351 cculestis

563 5403 787 5464 paterna
816 5391 1107 5465 possessio,
1150 5392 1202 5444 in
1241 5390 1412 5445 sancti
1445 5388 1673 5456 Spiritus
1702 5375 1993 5442 donatione
2023 5403 2154 5443 con-

560 5482 780 5539 sistunt.
825 5484 900 5540 De
946 5483 1172 5538 caritate
1209 5481 1406 5553 quippe
1453 5480 1653 5534 Doctor
1699 5465 1935 5546 gentium
1976 5478 2148 5534 dicit:

566 5575 765 5626 caritas
797 5575 896 5630 Dei
921 5575 1110 5644 cli/fusa
1139 5585 1214 5628 est
1237 5575 1290 5626 in
1314 5573 1553 5627 cordibus
1576 5572 1766 5627 nostris
1787 5588 1878 5642 per
1897 5570 2152 5641 Spiritum

571 5681 816 5734 sanctum,
863 5671 948 5741 qui
986 5669 1137 5722 datus
1167 5678 1240 5721 est
1269 5666 1416 5720 nobis
1458 5665 1634 5737 (Rom.
1670 5683 1727 5729 v,
1763 5663 1837 5734 5).
1877 5662 2145 5718 Unitalem

571 5769 767 5822 ηυυίιυί
808 5759 1038 5828 Spiritus
1063 5776 1184 5812 cum
1212 5757 1401 5814 eadem
1426 5759 1650 5812 caritate
1673 5755 2034 5820 commendat,
2061 5755 2142 5808 di-

2243 614 2396 685 digne
2426 611 2696 666 ambuletis
2733 609 2997 664 vocatione
3024 624 3127 680 qua
3166 609 3333 663 vocati
3373 610 3519 678 estis,
3552 627 3667 664 cum
3688 615 3839 666 omni

2233 706 2530 760 humilitate
2552 713 2599 758 et
2630 701 3049 766 mansuetudine,
3078 717 3193 754 cum
3232 701 3488 771 patientia
3515 710 3839 772 supportan-

2241 809 2315 854 tes
2337 799 2551 853 invicem
2573 798 2628 850 in
2651 795 2744 864 (al.
2771 793 2918 866 cum)
2943 794 3180 854 caritate,
3203 791 3415 848 solliciti
3436 804 3639 848 servare
3660 795 3839 848 unita-

2243 900 2341 946 tem
2364 889 2591 961 Spiritus
2611 890 2664 942 in
2691 872 2888 940 vinculo
2914 886 3056 954 pacis
3081 883 3297 956 (Ephes.
3321 901 3393 951 IV,
3409 884 3460 950 i,
3480 884 3532 951 2,
3556 883 3634 954 3).
3659 885 3840 956 Ipsam

2241 996 2457 1055 quoque
2482 980 2916 1037 communionem
2931 977 3166 1046 Spiritus
3184 977 3354 1031 sancti
3379 992 3501 1032 esse
3524 974 3838 1042 conﬁrmat,

2241 1077 2424 1132 (licens
2451 1093 2462 1128 ε
2499 1073 2681 1128 Gratia
2710 1087 2907 1143 quoque
2929 1069 3143 1125 Domini
3175 1070 3342 1123 nostri
3376 1068 3501 1123 Jesu
3530 1067 3751 1136 Christi,
3795 1081 3843 1124 et

2245 1168 2436 1220 caritas
2465 1163 2595 1228 Dei,
2642 1173 2690 1216 et
2716 1159 3112 1216 communicatio
3151 1159 3381 1229 Spiritus
3409 1161 3578 1214 sancti
3624 1163 3692 1215 sit
3722 1177 3841 1215 cum

2244 1256 2477 1320 omnibus
2501 1255 2640 1312 vobis
2666 1253 2751 1326 (II
2776 1253 2897 1312 Cor.
2924 1267 3036 1317 xm,
3057 1249 3165 1325 15).
3188 1250 3262 1305 De
3285 1250 3597 1307 haereditate
3617 1267 3843 1322 quoque

2247 1356 2431 1404 nostra
2470 1348 2546 1402 sic
2575 1345 2813 1415 loquitur
2844 1363 2856 1398 :
2903 1344 3111 1414 Signati
3141 1342 3266 1397 estis
3299 1342 3500 1412 Spiritu
3528 1346 3842 1414 promissio-

2246 1440 2324 1493 nis
2343 1448 2542 1500 sancto,
2567 1439 2650 1506 qui
2682 1443 2760 1489 est
2785 1435 2970 1507 pignus
2994 1433 3316 1489 hwreditatis
3344 1443 3538 1488 nostra:
3559 1434 3782 1506 (Ephes.
3807 1454 3842 1504 ι,

2250 1533 2334 1598 15,
2370 1531 2470 1600 14).
2503 1531 2666 1600 Spem
2687 1544 2904 1598 quoque
2931 1529 3123 1599 ipsam,
3148 1542 3268 1598 qua:
3294 1527 3482 1582 vitium
3508 1527 3842 1598 desperatio-

2248 1625 2329 1676 nis
2356 1621 2595 1692 expellit,
2612 1629 2802 1675 sancto
2827 1619 3049 1689 Spiritui
3075 1617 3268 1673 beatus
3289 1618 3525 1686 assignat
3547 1618 3843 1690 Apostolus

2247 1716 2429 1773 dicens
2471 1734 2484 1768 :
2529 1713 2665 1768 Deus
2697 1721 2868 1766 autem
2898 1711 3006 1781 spei
3034 1709 3232 1780 repleat
3267 1725 3354 1764 vos
3399 1710 3542 1764 omni
3568 1711 3768 1782 gaudio
3797 1722 3843 1765 et

2248 1823 2371 1878 pace
2396 1808 2448 1860 in
2479 1805 2756 1872 credendo,
2782 1812 2839 1858 ut
2863 1804 3135 1859 abundetis
3173 1805 3228 1859 in
3254 1821 3343 1871 spe
3371 1814 3421 1859 et
3448 1807 3631 1859 virtute
3667 1805 3843 1876 Spiri-

2174 1907 2225 1969 Β
2251 1908 2331 1952 tus
2360 1899 2528 1952 sancti
2559 1897 2736 1967 (Rom.
2764 1913 2854 1961 xv,
2882 1895 2993 1966 15).
3019 1895 3115 1952 [ile
3143 1896 3329 1967 itaque
3352 1895 3591 1954 cmlestis
3611 1897 3844 1954 haeredi-

2253 1993 2377 2047 tatis
2405 1990 2720 2061 adipiscitur
2741 2003 2978 2060 perenne
3000 1989 3352 2056 consortium,
3370 1988 3461 2060 qui
3485 1989 3626 2044 intra
3653 1987 3843 2046 Eccle-

2250 2086 2383 2142 siam
2423 2081 2745 2138 catholicam
2775 2083 3024 2136 fraternae
3051 2080 3290 2136 caritatis
3316 2066 3628 2136 custodiens
3658 2081 3842 2138 unita-

2253 2187 2379 2243 tem,
2413 2176 2722 2246 priusquam
2743 2181 3062 2245 prmsentem
3085 2171 3236 2228 liniat
3250 2175 3436 2240 vitam,
3455 2173 3677 2244 deponit
3692 2190 3842 2240 more

2253 2266 2462 2322 tiferam
2489 2265 2667 2321 cordis
2686 2263 3071 2335 impoenitentis
3091 2263 3364 2329 duritiam,
3391 2279 3492 2319 nec
3509 2263 3769 2338 desperat
3788 2265 3844 2322 in

2250 2360 2490 2418 Ecclesia
2519 2375 2624 2414 una
2653 2368 2706 2415 et
2729 2374 2856 2415 vere
2885 2356 3154 2414 catholica
3189 2357 3563 2414 remissionem
3596 2360 3840 2415 omnium

2252 2461 2598 2523 peccatorum
2638 2452 2915 2514 conversis
2951 2451 3068 2506 dari
3114 2466 3212 2526 per
3257 2449 3512 2520 Spiritum
3562 2458 3838 2507 sanctum.

2251 2550 2412 2629 380
2427 2545 2580 2614 Quod
2602 2546 2761 2600 etiam
2787 2545 2899 2616 ipse
2914 2543 3163 2600 Salvator
3187 2554 3376 2599 noster
3396 2543 3653 2598 ostendit.
3681 2543 3840 2600 Post-

2251 2656 2412 2712 quam
2438 2639 2580 2694 enim
2609 2637 2923 2702 resurrexit,
2953 2633 3226 2690 insulilans
3247 2635 3302 2690 in
3324 2633 3638 2705 discipulos,
3683 2644 3741 2691 et
3763 2637 3842 2692 eis

2251 2733 2454 2788 donum
2492 2731 2667 2787 sancti
2707 2728 2940 2800 Spiritus
2968 2728 3244 2794 tribuens,
3285 2727 3733 2784 remittendorum
3767 2729 3848 2784 eis

2253 2830 2576 2893 potestatem
2606 2822 2794 2876 tribuit
2821 2827 3189 2892 peccatorum,
3215 2818 3400 2874 dicens
3427 2837 3439 2872 :
3472 2820 3699 2890 Accipite
3715 2819 3848 2889 Spi-

2253 2915 2409 2968 ritum
2451 2922 2707 2968 sanctum.
2759 2911 2820 2966 Si
2850 2911 2997 2982 cujus
3025 2919 3239 2981 peccata
3284 2909 3616 2975 dimiseritis,
3668 2909 3845 2963 dimit-

2255 3016 2426 3060 tcntur
2451 3007 2496 3059 ei
2519 3022 2537 3070 ;
2579 3005 2724 3076 cujus
2751 3004 3095 3069 relinueritis,
3144 3001 3496 3056 retinebantur
3523 3003 3544 3070 (
3559 2999 3720 3057 Jaan.
3753 3017 3845 3067 xx,

2255 3096 2343 3164 se,
2369 3097 2486 3165 25).

2825 3222 3051 3280 CAPUT
3074 3222 3262 3279 XXVI.

2329 3367 2448 3423 Non
2496 3368 2675 3436 itaque
2723 3364 2981 3420 adversus
3027 3379 3087 3419 se
3137 3360 3414 3418 mortifera
3465 3361 3852 3431 desperatione

2261 3459 2513 3517 claudant
2534 3457 2730 3514 ostium
2761 3456 3123 3525 indulgentiae,
3145 3455 3266 3523 qui,
3299 3453 3366 3508 ab
3395 3450 3640 3513 Ecclesia
3660 3452 3853 3508 catho-

2260 3554 2361 3609 lica
2388 3549 2690 3622 segregati,
2731 3547 3014 3617 cujuslibet
3041 3546 3262 3601 haeresis
3286 3545 3400 3600 sive
3427 3543 3737 3600 schismatis
3767 3553 3844 3599 te-

2261 3653 2453 3699 nentur
2490 3656 2676 3698 crrore
2707 3639 2972 3695 obstricti.
3020 3637 3305 3708 Deponunt
3345 3636 3597 3693 duritiam
3643 3636 3845 3703 cordis,

2259 3739 2301 3793 si
2334 3737 2525 3791 nolunt
2569 3733 2723 3788 malis
2762 3730 3246 3787 interminabilibus
3274 3729 3524 3784 cruciari.
3572 3726 3851 3798 Scriptum

2260 3843 2490 3896 namque
2506 3835 2588 3881 est
2627 3825 2752 3895 quia
2769 3821 2870 3878 Cor
2891 3822 3078 3876 durum
3099 3822 3234 3876 male
3248 3818 3453 3874 habebit
3471 3821 3525 3872 in
3548 3819 3852 3884 novissimo,

2258 3931 2307 3973 et
2342 3921 2428 3990 qui
2453 3925 2596 3972 (iurat
2631 3915 2914 3987 periculum
2953 3913 3007 3968 in
3035 3913 3125 3968 illo
3155 3912 3342 3984 peribit
3375 3907 3577 3982 (Eccli.
3602 3925 3691 3977 ιιι,
3723 3907 3793 3963 27
3811 3913 3851 3980 ).

2260 4009 2397 4076 Quid
2428 4017 2603 4062 autem
2636 4005 2990 4077 periculosius
3030 4018 3192 4074 quam
3236 4001 3431 4057 divinis
3479 3999 3854 4056 obedientiam

2259 4117 2366 4157 non
2411 4099 2666 4155 exhibere
2703 4095 3072 4159 sermonibus,
3104 4102 3160 4150 et
3185 4092 3428 4148 vocantis
3456 4089 3552 4147 Dei
3592 4105 3856 4160 spernere

2260 4190 2592 4247 voluntatem
2616 4190 2639 4242 Υ
2668 4186 2898 4258 Propter
2925 4185 3070 4255 quod
3101 4185 3153 4239 in
3177 4183 3316 4238 libro
3345 4181 3516 4238 sancti
3540 4180 3665 4244 Job,
3692 4180 3855 4234 sicuti

2258 4283 2341 4337 his
2374 4281 2466 4352 qui
2496 4286 2890 4335 convertuntur
2907 4264 3183 4330 :eternita's
3225 4271 3557 4344 promittitur
3589 4268 3855 4338 gloriosa,

2257 4373 2334 4426 sic
2360 4370 2558 4441 impiis,
2589 4383 2689 4439 pro
2717 4376 2786 4422 eo
2812 4365 2954 4435 quod
2979 4379 3088 4420 non
3105 4363 3382 4428 obediunt,
3409 4361 3600 4417 subitis
3626 4374 3858 4415 munera

2257 4463 2608 4530 denegantur.
2634 4458 2724 4513 Sic
2753 4459 2897 4512 enim
2921 4457 3181 4526 scriptum
3205 4461 3287 4509 est
3312 4471 3326 4507 :
3357 4452 3463 4517 Qui
3485 4459 3859 4506 conterantur

2256 4555 2320 4608 ab
2333 4553 2622 4623 iniquitate,
2650 4551 2692 4602 si
2717 4549 2978 4602 audierint
2989 4556 3038 4602 et
3053 4545 3385 4609 servaverint,
3400 4539 3728 4612 conspicbunt
3743 4543 3860 4596 dies

2182 4678 2235 4738 D
2257 4664 2377 4702 suos
2399 4647 2451 4699 in
2477 4643 2644 4706 bonis,
2676 4649 2725 4696 et
2754 4656 2919 4694 annos
2942 4655 3060 4693 sitos
3084 4640 3133 4692 in
3160 4637 3348 4708 gloria.
3383 4633 3582 4705 Impias
3606 4649 3726 4687 vero
3752 4649 3859 4688 non

2261 4743 2388 4814 facit
2411 4739 2600 4800 salvos,
2623 4753 2682 4789 eo
2704 4734 2838 4806 quod
2858 4733 3134 4786 noluerunt
3161 4731 3294 4784 scire
3322 4728 3502 4790 Deum,
3533 4734 3582 4779 et
3601 4741 3718 4779 eum
3743 4742 3858 4780 uto-

2259 4841 2532 4894 nerentur,
2566 4826 2917 4882 inobcdientes
2947 4833 3096 4878 erant
3130 4820 3260 4893 (Job
3281 4833 3475 4886 xxxvi,
3514 4820 3570 4872 Η
3606 4828 3658 4870 et
3689 4818 3859 4887 δρψ).

2260 4925 2376 4979 Non
2400 4938 2528 4992 ergo
2559 4927 2819 4992 spernant
2847 4917 3163 4973 obedientizr
3196 4923 3408 4984 tempus
3437 4911 3724 4972 indultum,
3759 4909 3864 4965 sed

2259 5014 2328 5069 ad
2351 5014 2646 5069 Ecclesium
2671 5010 2993 5067 catholicam
3018 5014 3388 5069 revertantur;
3414 5003 3466 5057 in
3497 5018 3601 5073 qua
3624 5002 3739 5073 sola
3760 5015 3865 5071 per

2257 5105 2428 5161 sancti
2457 5104 2689 5174 Spiritus
2716 5102 2916 5156 donum
2949 5099 3148 5153 caritas
3166 5095 3411 5166 cooperit
3449 5071 3858 5147 multitudinem

2264 5205 2606 5269 peccatorum
2645 5193 2708 5265 (Ι
2735 5193 2881 5248 Petr.
2913 5208 2982 5256 iv,
3013 5189 3096 5259 8).
3130 5189 3186 5243 Si
3213 5189 3303 5257 qui
3335 5188 3497 5242 etiam
3529 5186 3592 5239 in-
3611 5183 3866 5238 Ecclesia

2263 5287 2526 5345 catholica
2557 5293 2801 5354 sunt,.et
2830 5283 2969 5338 male
3003 5282 3205 5344 vivunt,
3239 5279 3551 5350 priusquam
3581 5276 3738 5330 istam
3773 5277 3861 5329 vi-

2264 5390 2369 5435 tam
2403 5380 2606 5443 liniant,
2642 5377 2894 5431 festinent
2923 5385 2982 5430 ut
3010 5391 3040 5428 a
3071 5373 3210 5436 mala
3246 5371 3354 5440 vita
3397 5367 3710 5431 discedant;
3756 5383 3868 5421 nec

2261 5475 2360 5529 sibi
2389 5481 2579 5545 putent
2600 5470 2665 5525 ad
2688 5469 2916 5525 salutem
2938 5449 3189 5522 sufﬁcere
3204 5455 3528 5545 catholicum
3557 5475 3782 5523 nomen,
3816 5459 3867 5512 si

2266 5565 2358 5620 Dei
2390 5538 2514 5619 ἰιοιι
2566 5562 2765 5617 faciant
2819 5559 3172 5615 voluntatem.
3226 5554 3366 5610 Dicit
3409 5538 3554 5607 enim
3605 5549 3870 5604 Salvator

2264 5668 2446 5714 noster
2472 5676 2483 5709 :
2518 5654 2639 5710 Non
2664 5654 2829 5709 omnis
2859 5653 2943 5724 qui
2973 5651 3099 5705 dicit
3127 5648 3274 5714 mihi,
3318 5645 3557 5711 Domine,
3607 5643 3866 5704 Domine,

2264 5751 2474 5807 intrabit
2499 5751 2547 5804 in
2575 5765 2782 5820 regnum
2809 5747 3082 5809 ca’lomm;
3115 5741 3205 5797 sed
3225 5742 3311 5814 qui
3342 5739 3522 5813 fecerit
3544 5737 3872 5795 voluntatem

644 5938 667 5967 ⁸
687 5935 777 5992 Sic
792 5951 889 5989 ms.
908 5944 958 5989 et
981 5935 1065 5990 ed.
1100 5937 1165 5988 At
1183 5951 1280 5990 ms.
1299 5934 1814 5990 habetcmcndatum
1844 5929 1943 5988 alia
1968 5949 2150 6002 manu,
2171 5943 2338 5992 .exeat
2363 5933 2422 5987 de
2445 5931 2597 5987 corde
2623 5948 2768 6001 puro.
