4048 6342
206 402 298 461 819

1178 397 1263 455 DE
1302 397 1711 457 REMISSIONE
1748 398 2237 459 PECCATORUM.
2280 403 2409 459 LIB.
2451 405 2493 460 1.

3363 420 3468 478 530

207 520 364 576 Patria
384 517 506 585 mei,
528 517 619 589 qui
635 518 691 571 in
713 517 854 572 cretis
874 524 969 582 est,
993 518 1101 590 ipse
1121 517 1336 572 intrabit
1356 518 1409 572 in
1434 534 1649 589 regnum
1670 534 1770 573 coeo
1799 518 1853 580 Α
1878 517 2016 573 dicta
2040 520 2216 575 carnis
2243 520 2391 592 impii
2420 522 2555 593 ignis
2589 530 2638 577 et
2667 479 2865 580 vermis.
2883 526 3073 598 (Eccli.
3104 546 3194 597 vn,
3226 532 3314 602 18,
3355 534 3469 605 i9)-

203 616 351 670 torum
379 609 603 682 (Matth.
634 612 733 674 'vn,
778 607 898 681 l9).
943 608 1075 664 Nam
1103 618 1159 665 et
1187 610 1241 665 in
1269 610 1408 666 libro
1437 608 1787 671 Psalmorum

204 708 442 776 scriptum
470 713 553 760 est
580 721 592 757 :
628 700 763 768 Quia
782 720 941 774 prope
974 712 1047 759 est
1086 703 1338 759 Dominus
1369 703 1605 759 omnibus
1631 704 1778 769 invo-

203 797 420 853 cantibus
440 811 557 849 eum
596 796 652 849 in
679 796 921 859 veritate;
951 794 1261 849 voluntatem
1293 796 1580 850 timentium
1606 810 1662 849 se
1690 796 1776 867 fa-

200 894 313 954 ciet,
363 898 417 944 et
438 902 614 961 preces
646 902 824 941 eorum
853 886 1121 953 exaudiet,
1178 894 1228 941 et
1276 885 1445 941 salvos
1494 886 1650 957 faciet
1688 902 1778 940 eos

199 984 359 1056 (Psal.
386 996 564 1050 estw,
584 980 671 1045 i8,
702 978 813 1050 l9).
844 979 1077 1049 Propter
1114 979 1257 1052 quod
1284 987 1339 1035 et
1377 978 1431 1035 in
1468 977 1776 1037 Proverbiis

199 1072 559 1144 unusquisque
582 1081 826 1127 nostrum
849 1079 906 1126 et
932 1071 1120 1126 timere
1143 1069 1426 1126 Dominum
1449 1069 1688 1140 iubetur,
1721 1078 1779 1127 et

197 1183 226 1223 a
243 1166 383 1222 malo
404 1164 697 1221 discedere.
723 1163 800 1219 ibi
822 1164 1021 1235 quippe
1040 1162 1238 1219 dicitur
1264 1182 1275 1217 :
1303 1162 1446 1218 Time
1470 1161 1769 1231 Dominum,

197 1272 240 1317 st
258 1263 459 1316 declina
480 1259 545 1314 ab
565 1260 707 1315 omni
732 1258 894 1326 malo,
925 1265 974 1312 et
1001 1259 1103 1312 erit
1122 1272 1229 1330 pax
1258 1257 1463 1327 corpori
1493 1266 1599 1325 tuo,
1629 1264 1680 1311 et
1701 1256 1778 1310 di-

198 1349 621 1423 ligentiacssibus
643 1349 766 1419 tuis,
785 1346 974 1419 (Prov.
1001 1363 1081 1415 ut,
1110 1347 1164 1412 7,
1193 1344 1279 1417 8).
1309 1345 1439 1401 Nam
1465 1342 1521 1402 et
1548 1347 1600 1400 in
1625 1345 1762 1402 libro

200 1441 589 1506 Ecclesiastico,
611 1455 678 1495 ne
703 1439 843 1494 maia
867 1439 1028 1495 Faciat
1046 1438 1415 1510 unusquisque
1441 1436 1675 1493 ﬁdelium
1695 1437 1774 1494 sic

198 1534 544 1590 admonetur:
570 1530 891 1605 Nolifacere
910 1531 1073 1599 mala,
1094 1539 1144 1584 et
1171 1546 1273 1586 non
1297 1528 1678 1601 apprehendent
1702 1537 1770 1583 te.

198 1624 413 1681 Discede
430 1625 495 1679 ab
523 1624 717 1697 iniquo,
744 1630 795 1678 et
814 1621 1078 1677 discedent
1099 1621 1239 1675 mala
1261 1619 1325 1674 ab
1349 1629 1414 1675 te.
1443 1617 1527 1674 Ne
1553 1621 1771 1675 semines

198 1719 327 1773 mala
354 1719 414 1771 in
441 1715 600 1771 sulcis
627 1714 838 1786 injuria
856 1757 872 1783 ,
909 1723 959 1769 et
978 1730 1083 1768 non
1111 1721 1266 1767 metes
1296 1710 1387 1765 illa
1407 1712 1461 1766 in
1481 1709 1772 1781 septuplum

198 1808 377 1881 (εει-Ε.
401 1824 496 1883 vn,
522 1807 546 1861 Ι
572 1850 588 1876 ,
621 1806 687 1871 2,
725 1806 803 1878 '5).
835 1805 893 1860 ln
922 1802 1115 1860 eodem
1142 1801 1282 1859 libro
1311 1816 1495 1857 rursus
1524 1815 1591 1855 ne
1619 1799 1769 1870 quis-

1878 607 2062 666 Esaias
2086 625 2303 681 quoque
2331 611 2459 666 dicit
2483 629 2497 666 :
2525 611 2660 678 Quia
2684 615 2819 687 ignis
2842 633 3015 673 eorum
3036 636 3139 675 non
3164 626 3464 696 exstingue-

1882 709 1987 768 tur,
2026 709 2075 755 et
2119 703 2306 756 vermis
2341 719 2522 757 eorum
2567 721 2671 759 non
2716 708 2964 762 morietur
2987 709 3142 779 (Isai.
3175 730 3319 779 val,
3352 713 3466 785 25).

1879 791 2112 848 Rursum
2139 793 2191 848 in
2205 791 2582 851 Ecclesiastico
2606 799 2839 869 positum
2863 807 2947 853 est
2970 818 2985 853 :.
3018 800 3220 873 Stuppa
3249 806 3468 860 collecta

1878 901 2147 957 synagoga
2172 888 2511 956 peccantium,
2563 897 2611 941 et
2646 892 3019 945 consummatio
3043 907 3219 948 eorum
3251 895 3468 965 ﬂamma

1880 976 2040 1048 ignis.
2073 975 2511 1046 Viapeccantium
2539 978 2692 1049 plena
2720 979 2956 1049 oﬂ’ensis,
2978 990 3028 1035 et
3047 983 3100 1036 in
3128 984 3234 1053 ﬁne
3255 984 3462 1041 illorum

1877 1066 2055 1139 inferi,
2090 1076 2139 1122 et
2165 1068 2401 1131 tenebnc,
2434 1079 2483 1123 et
2508 1086 2671 1139 paenae
2700 1071 2888 1139 (Eccli.
2922 1089 3031 1139 XXI,
3065 1074 3149 1141 10,
3184 1075 3314 1147 ii):

2410 1158 2636 1215 CAPUT
2676 1159 2907 1215 XXVI“.

1950 1250 2077 1308 meo
2122 1259 2206 1307 est
2244 1267 2410 1320 mors,
2460 1267 2579 1322 qua:
2615 1254 2909 1309 secundum
2960 1271 3179 1313 carnem
3217 1260 3463 1318 viventes

1876 1346 2126 1425 excipiet,
2153 1345 2293 1400 sicut
2312 1345 2454 1400 beati
2486 1344 2633 1401 Pauli
2664 1348 2973 1417 praedicatio
2994 1359 3181 1407 sancta
3213 1361 3462 1425 testatur,
3551 1337 3559 1345 ’

1875 1436 1951 1491 ita
1997 1434 2226 1491 dicentis
2265 1434 2337 1489 δε
2393 1435 2549 1507 Ergo,
2600 1439 2808 1510 fratres,
2857 1439 3110 1497 debitores
3158 1460 3331 1502 sumus
3357 1464 3462 1503 non

1875 1526 2041 1590 carni,
2085 1535 2141 1580 ut
2166 1526 2446 1581 secundum
2473 1544 2678 1582 carnem
2705 1530 2951 1586 vivamus.
2995 1531 3058 1587 Si
3086 1535 3223 1588 enim
3266 1553 3457 1592 secun-

1874 1617 2007 1671 dum
2047 1631 2257 1671 carnem
2306 1616 2557 1684 vixeritis,
2599 1619 2929 1686 moriemini;
2973 1623 3018 1676 si
3055 1634 3224 1679 autem
3271 1627 3460 1697 spiritu

1874 1709 2016 1780 facta
2062 1706 2239 1761 carnis
2286 1707 2744 1778 mortiﬁcareritis,
2793 1711 2967 1767 vivetis
3017 1713 3193 1784 (Rom.
3219 1733 3332 1774 vm.
3370 1718 3455 1785 12,

1874 1797 1987 1870 13).
2032 1797 2192 1854 Facta
2238 1806 2425 1857 autem
2445 1799 2621 1855 carnis
2647 1801 2905 1872 sequitur,
2940 1805 2985 1859 si
3011 1807 3132 1875 quis
3178 1821 3270 1863 aut
3309 1814 3461 1865 obsc-

195 1916 347 1973 quam
375 1907 599 1971 peccata
637 1897 874 1970 peccatis
902 1896 1160 1967 adjiciens
1183 1894 1250 1950 de
1276 1891 1646 1950 misericordia
1676 1890 1773 1945 Dei
1803 1889 2061 1961 nequitur
2105 1888 2391 1944 desideriis
2427 1888 2786 1960 smcularium,
2836 1902 2930 1949 aut
2959 1895 3010 1950 in
3046 1896 3324 1969 impietate
3348 1900 3462 1957 vult

197 1993 312 2047 velit
330 1993 436 2048 sibi
463 2006 602 2046 vana
626 1988 955 2060 cogitatione
976 1985 1225 2053 blandiri,
1250 1983 1619 2054 hujuscemodi
1651 1999 1769 2038 ver-

198 2089 269 2143 bis
294 2086 542 2159 doctrina
571 2083 822 2141 salutaris
845 2081 1080 2137 occurrit
1111 2099 1125 2134 :
1153 2079 1238 2135 Ne
1265 2080 1484 2151 adjicias
1506 2086 1770 2150 peccatum

197 2196 337 2251 super
364 2185 652 2250 peccatum,
680 2184 731 2229 et
757 2175 901 2229 dicas
931 2188 949 2227 :
982 2171 1253 2227 Miseratio
1283 2169 1381 2224 Dei
1421 2185 1613 2239 magna
1651 2176 1768 2232 est;

196 2269 546 2327 misericordia
566 2269 704 2322 enim
721 2274 772 2321 et
799 2267 881 2320 ira
909 2262 1105 2328 abillo,
1128 2262 1253 2317 etin
1276 2269 1569 2333 peccatores
1600 2258 1767 2328 respi-

195 2364 285 2417 ciet
318 2365 411 2417 ira
446 2361 588 2416 illius
611 2359 630 2431 (
651 2358 813 2412 Eccli.
842 2372 898 2423 ν,
923 2353 973 2419 5,
1006 2353 1060 2419 ϐ,
1088 2354 1175 2424 7).
1227 2352 1293 2407 Ει
1322 2368 1507 2407 rursus
1549 2359 1770 2406 sanctus

193 2457 284 2513 Job
303 2456 447 2511 dixit
478 2473 492 2509 :
528 2452 719 2508 Nonne
744 2451 967 2523 perditio
996 2449 1092 2502 erit
1120 2447 1314 2518 iniquo,
1346 2454 1395 2499 et
1421 2445 1665 2498 alienatio
1690 2444 1794 2514 {ts--

196 2548 441 2605 cientibus
490 2546 816 2618 iniquitatem
861 2540 991 2612 (Job
1016 2556 1173 2602 xxxv,
1204 2538 1317 2610 5)?
1362 2537 1417 2591 In
1469 2534 1772 2590 Proverbiis

198 2641 450 2711 scriptum
479 2642 600 2693 est:
635 2634 945 2706 Iniquitates
963 2646 1070 2686 suae
1108 2631 1313 2694 capient
1340 2629 1551 2699 impium
1578 2644 1596 2692 ;
1627 2626 1770 2697 [uni-

192 2733 313 2788 culis
326 2739 505 2786 autem
542 2736 868 2799 peccatorum
900 2740 1109 2779 suorum
1136 2721 1480 2792 unusquisque
1506 2718 1735 2773 constrin
1752 2748 1768 2759 -

194 2826 336 2895 gitur.
364 2821 474 2877 Hic
493 2821 712 2875 moritur
734 2833 849 2872 cum
878 2814 1310 2885 indisciplinatis,
1336 2813 1492 2883 381
1518 2810 1582 2864 de
1597 2810 1773 2863 multi-

195 2914 358 2968 nudius
385 2919 561 2967 autem
590 2910 708 2965 vita!
732 2923 840 2964 sua:
866 2907 1243 2979 projectusest,
1279 2913 1329 2958 et
1356 2903 1489 2974 perit
1517 2918 1611 2973 pro
1638 2902 1769 2956 insi—

195 3005 376 3072 pientia
409 3000 595 3073 (Prov.
627 3017 678 3065 ν,
701 2998 791 3065 22,
819 2997 935 3066 95).

739 3090 970 3148 CAPUT
1005 3088 1218 3146 XXVII.

253 3185 318 3240 Et
349 3200 430 3242 ne
470 3184 597 3256 quis
622 3190 775 3254 putet
802 3182 981 3251 aliqua
1022 3188 1245 3251 peccata
1277 3178 1552 3233 hominum
1598 3177 1769 3234 latere

1869 1996 2151 2037 remanere
2171 1981 2414 2052 captivus
2439 1999 2454 2036 :
2479 1997 2600 2037 cum
2631 1999 2730 2039 nos
2754 2001 2861 2040 non
2892 1986 3036 2043 aliud
3064 1988 3308 2051 doctrina
3349 1994 3459 2063 spi-

1870 2074 2053 2130 ritalis
2070 2073 2301 2141 erudiat,
2334 2073 2435 2131 nisi
2463 2082 2523 2129 ut
2550 2073 2815 2147 abnegata
2842 2078 3138 2150 impietate,
3189 2083 3459 2142 desideria

1875 2180 2097 2237 quoque
2118 2163 2401 2220 saecularia-
2422 2164 2772 2237 dcponamus.
2815 2167 2968 2236 Quod
2996 2168 3236 2242 gentilium
3259 2174 3460 2231 Doctor

1852 2259 1961 2319 ,1119
1982 2257 2163 2314 verbis
2190 2257 2464 2313 insinuat:
2513 2257 2771 2331 Apparuit
2815 2272 2985 2317 autem
3033 2267 3206 2336 gratia
3238 2266 3451 2323 Domini

1857 2352 2107 2409 omnibus
2136 2352 2445 2419 hominibus,
2480 2353 2719 2408 erudiens
2752 2369 2867 2421 nos,
2915 2363 2973 2409 ut
3005 2356 3320 2431 abnegantes
3367 2361 3459 2415 im-

1871 2447 2112 2516 pietatem
2139 2450 2188 2497 et
2213 2444 2489 2498 mularia
2516 2443 2793 2511 desideria,
2843 2445 3013 2502 sobrie
3053 2457 3103 2501 et
3123 2449 3266 2519 juste
3294 2460 3344 2503 et
3375 2451 3459 2522 pie

1870 2539 2100 2591 vivamus
2120 2536 2176 2589 in
2212 2535 2307 2590 hoc
2327 2534 2538 2604 swculo,
2581 2544 2934 2605 exspectantes
2974 2537 3175 2593 beatam
3213 2557 3373 2611 spent,
3407 2552 3459 2598 et

1872 2627 2150 2682 adventum
2176 2625 2362 2698 gloria!
2388 2626 2564 2698 magni
2594 2625 2715 2695 Dei;
2737 2636 2788 2681 et
2816 2625 3105 2683 Saluatoris
3137 2630 3303 2685 nostri
3330 2631 3455 2688 Jesu

1872 2718 2069 2772 Christi
2091 2715 2223 2788 (Tit.
2253 2730 2311 2781 ιι,
2347 2715 2407 2769 Η
2454 2724 2505 2771 et
2546 2715 2701 2788 seq.)'.
2740 2716 2959 2773 Illorum
2989 2720 3150 2797 382
3178 2729 3259 2777 est
3300 2722 3459 2792 igitur

1871 2825 1999 2883 spes
2021 2787 2201 2878 beata,
2236 2809 2449 2865 illorum
2478 2787 2813 2880 exspectatio
2834 2787 3031 2877 certa:
3046 2787 3256 2868 illcrum
3282 2787 3454 2872 felici-
3486 2787 3497 2800 .

1871 2910 1953 2958 tas
1992 2901 2207 2966 futura,
2238 2901 2329 2972 qui
2359 2900 2685 2971 abnegantcs
2721 2900 3053 2971 impietatem
3094 2913 3148 2960 et
3176 2905 3455 2963 smcularia

1869 2992 2155 3061 desideria,
2176 2992 2358 3048 sobrie
2386 2999 2440 3047 et
2464 2991 2608 3062 juste
2638 2998 2692 3046 et
2729 2992 2815 3063 pie
2859 2991 3096 3049 vixerint
3143 2995 3196 3049 in
3226 2995 3330 3052 hoc
3359 3013 3454 3057 sas-

1864 3082 2011 3138 culo.
2055 3082 2334 3137 Sobrietas
2354 3081 2537 3151 itaque
2575 3090 2631 3136 et
2664 3080 2871 3151 iustitia
2902 3090 2959 3137 et
2997 3084 3170 3155 pietas
3199 3085 3399 3142 debent
3426 3102 3458 3144 a

1870 3176 2190 3240 Christianis
2234 3175 2592 3232 intentissime
2631 3176 2909 3232 custodiri.
2950 3175 3313 3243 Sobrietatem
3364 3196 3456 3237 au-

197 3277 352 3334 Dcum
378 3250 562 3347 posse,
614 3250 795 3329 sancti.
828 3250 930 3327 Job
963 3269 1303 3328 sermonibus
1331 3270 1661 3325 instruamur
1685 3270 1767 3324 di-
1796 3267 1980 3334 Gtem
2008 3250 2249 3322 custodit
2272 3266 2517 3337 quisquis
2548 3278 2727 3321 mores
2756 3281 2883 3321 suos
2929 3266 3201 3339 vitamque
3230 3284 3453 3343 compc-

192 3367 390 3423 ccntis:
427 3365 781 3437 Cogitationes
807 3377 955 3416 nueas
979 3360 1343 3427 dinumerasti,
1384 3368 1435 3412 et
1459 3360 1591 3413 nihil
1616 3367 1662 3412 te
1688 3359 1768 3413 la-

196 3459 639 3532 tuitpeccatorstm
672 3469 922 3509 meorum.
965 3451 1205 3523 Signasti
1231 3451 1380 3522 quasi
1419 3461 1443 3486 υ
1480 3450 1536 3503 in
1563 3449 1768 3503 sacculo

192 3549 485 3621 iniquitates
510 3562 675 3608 meas,
699 3542 965 3599 adnotasti
995 3543 1039 3595 si
1061 3540 1185 3613 quid
1227 3541 1413 3595 invitus
1439 3540 1605 3594 erravi
1646 3537 1767 3609 (Job

194 3654 294 3703 xiv,
317 3637 410 3702 16,
443 3636 532 3701 i7,
545 3635 705 3706 juxta
732 3630 929 3702 LXX).
971 3630 1049 3687 Ne
1075 3644 1206 3685 vero
1232 3628 1424 3699 aliquis
1449 3629 1769 3698 impunitum

193 3710 504 3785 soluturum
538 3731 714 3795 putet,
740 3722 786 3778 si
827 3720 1071 3778 converti
1101 3718 1354 3781 noluerit,
1385 3717 1626 3787 ejusdem
1644 3730 1769 3774 san-

194 3822 260 3875 cti
287 3819 389 3874 viri
422 3815 603 3872 verbis
629 3815 871 3870 intentus
898 3811 1169 3867 auscultet
1193 3809 1421 3865 dicentis
1445 3826 1459 3862 :
1493 3806 1607 3863 [mo
1636 3823 1768 3863 vero

192 3911 361 3966 nilus
388 3905 637 3965 conﬁdat
658 3920 780 3961 cum
804 3905 876 3960 sit
902 3918 1158 3974 nequam,
1179 3917 1241 3957 se
1260 3901 1581 3971 impunitum
1623 3900 1769 3959 iutu-

193 4016 321 4068 rum,
348 3996 613 4070 quidquid
640 3997 694 4057 in
716 3993 987 4050 iracundia
1010 3998 1273 4064 provocet
1291 3992 1480 4059 Deum,
1512 3999 1770 4061 tanquam

193 4093 466 4164 inquisitio
512 4091 567 4146 in
608 4104 676 4146 eo
722 4103 829 4144 non
874 4088 949 4143 sit
997 4086 1194 4144 futura.
1265 4086 1495 4158 Propter
1547 4086 1655 4143 hoc
1715 4088 1770 4142 in

194 4183 568 4241 Ecclesiastico
620 4179 855 4237 salubris
898 4178 1216 4248 deprompta
1265 4177 1514 4244 monitio,
1566 4187 1624 4232 ut
1672 4193 1772 4235 nec

193 4277 474 4341 conversio
514 4274 671 4331 nobis
697 4272 836 4328 desit
870 4287 978 4343 qua
1006 4271 1247 4329 vitentur
1271 4277 1514 4341 peccata,
1546 4285 1645 4326 nec
1672 4271 1770 4327 de.

191 4372 451 4440 precatu),
479 4367 821 4438 qumpossint
843 4364 1045 4419 dimitti.
1063 4362 1354 4433 praeterita.
1395 4360 1486 4419 Sic
1517 4364 1657 4418 enim
1687 4362 1772 4419 di-

191 4462 321 4518 citur
342 4458 533 4525 :-Fili,
572 4457 838 4530 peccasti?
887 4453 978 4509 Ne
1004 4454 1229 4525 adjicias
1252 4450 1481 4518 iterum;
1521 4454 1613 4509 sed
1634 4464 1683 4509 et
1708 4454 1773 4509 de

190 4553 417 4620 pristinis
437 4551 734 4620 deprecare,
756 4556 812 4602 ut
849 4547 940 4601 tibi
978 4546 1326 4600 dimittantur.
1371 4543 1533 4609 Quasi
1571 4562 1604 4599 α
1635 4545 1770 4616 facie

1872 3361 1969 3415 nit.
2012 3359 2081 3414 Et
2111 3359 2200 3414 ille
2215 3359 2360 3430 juste
2388 3359 2537 3424 vivit,
2578 3358 2669 3429 qui
2689 3359 2938 3429 proximo
2961 3375 3063 3416 nec
3090 3361 3215 3417 mali
3259 3361 3458 3435 aliquid

1869 3450 2083 3520 ingerit,
2116 3457 2173 3506 et
2200 3450 2254 3504 in
2283 3457 2540 3519 quantum
2565 3457 2764 3519 potest,
2796 3449 3120 3519 adjutcrium
3150 3453 3305 3506 bona:
3326 3469 3455 3523 ope-

1870 3540 2096 3596 rationis
2116 3539 2396 3610 impendit.
2436 3538 2532 3595 llic
2558 3540 2720 3605 etiam
2742 3540 2832 3613 pie
2850 3540 3003 3606 vivit,
3033 3541 3123 3611 qui
3145 3557 3454 3611 pervcrsmt

1870 3632 2071 3703 aliquid
2113 3646 2216 3686 nec
2253 3630 2424 3686 credit
2448 3630 2516 3687 de
2545 3630 2677 3698 Deo,
2708 3647 2809 3688 nec
2859 3631 3008 3689 dicit.
3050 3631 3302 3707 Quisquis
3327 3647 3454 3703 ergo

1870 3723 1985 3777 vult
2013 3721 2079 3777 ad
2101 3734 2320 3791 regnum
2351 3722 2637 3793 pervenire
2666 3722 2952 3793 caelorum,
2984 3724 3134 3783 vivat
3161 3724 3374 3780 sobrius
3402 3725 3454 3783 in

1871 3815 2185 3889 semetipso,
2210 3813 2474 3885 justitiam
2503 3824 2685 3879 servet
2722 3817 2777 3881 in
2818 3816 3087 3888 proximo,
3121 3818 3242 3889 pius
3269 3822 3451 3888 perse-

1870 3914 2026 3966 veret
2044 3906 2098 3961 in
2130 3886 2261 3961 D‘co.
2819 3886 2835 3888 _
3122 3886 3145 3893 “’

2443 3999 2670 4059 CAPUT
2704 3999 2896 4067 XXIX.

1944 4091 2071 4150 Haec
2109 4100 2290 4149 autem
2328 4099 2459 4147 tunc
2505 4091 2559 4146 in
2591 4091 2771 4146 futura
2817 4091 2937 4152 vita,
2971 4090 3287 4160 proderunt,
3319 4091 3361 4147 si
3404 4090 3452 4147 is

1872 4185 1983 4241 vita
2031 4184 2211 4241 saeculi
2256 4183 2537 4255 praesentis
2583 4182 2902 4241 habeantur.
2947 4179 3061 4237 Hoc
3089 4182 3233 4237 enim
3267 4182 3453 4239 beatus

1874 4288 1929 4335 et
1950 4277 2154 4334 sciebat
2183 4285 2238 4332 et
2276 4276 2504 4331 docebat
2533 4273 2844 4351 Apostolus,
2891 4273 2991 4344 qui.
3011 4272 3353 4345 praecipiebat
3402 4286 3452 4331 ut

1854 4358 2043 4423 sobrie
2073 4376 2121 4422 et
2140 4366 2284 4438 juste
2310 4373 2360 4420 ct
2384 4365 2467 4437 pie
2502 4366 2725 4419 vivamus
2765 4364 2821 4418 in
2860 4363 2953 4418 hoc
2981 4362 3168 4418 sarculo
3221 4361 3409 4433 (lbid.)
3436 4381 3450 4418 :

1871 4460 2073 4517 docens
2115 4460 2320 4516 scilicet
2348 4459 2472 4514 illos
2500 4457 2791 4527 adepturos
2820 4456 2873 4510 in
2898 4454 3102 4526 judicio
3149 4455 3449 4512 misericor-

1873 4550 2039 4618 diam,
2070 4550 2161 4620 qui
2200 4557 2324 4603 ante
2349 4547 2611 4618 judicium
2652 4546 2707 4601 in
2734 4547 2840 4602 hoc
2877 4545 3080 4601 saeculo
3103 4544 3306 4615 justam
3334 4559 3446 4615 ges-

187 4640 374 4698 cslubri
408 4642 780 4712 {normata-
816 4637 877 4693 δί
917 4636 1199 4692 accesseris
1222 4633 1293 4689 ad
1334 4633 1448 4698 illa.
1489 4634 1767 4704 ωεσίρὶθηι
1796 4650 1846 4715 ι)
1869 4641 2038 4696 scrint
2055 4640 2241 4695 vitam.
2281 4638 2512 4709 Propter
2538 4637 2681 4710 quod
2710 4652 2811 4693 nos
2831 4637 2884 4701 in
2906 4636 3048 4693 libro
3078 4634 3449 4693 Ecclesiasticc

188 4743 255 4795 to,
290 4739 345 4784 et
388 4729 541 4802 quasi
578 4728 755 4787 dentes
796 4728 963 4783 leonis
1002 4727 1059 4783 in
1104 4726 1351 4782 rorando'
1375 4726 1683 4795 interficient
1720 4732 1767 4778 te

188 4818 373 4891 (Eucti.
408 4835 527 4886 XXI,
552 4817 603 4884 i,
625 4817 703 4884 2).
743 4816 850 4873 Sed
888 4830 993 4873 nec
1013 4815 1147 4872 illud
1183 4814 1391 4881 siletur,
1431 4813 1577 4885 quod
1618 4813 1766 4884 impii

186 4920 243 4965 et
264 4918 593 4980 peccatores
627 4908 720 4977 qui
748 4908 1121 4978 pmnitcntlam
1164 4905 1458 4978 impietatis
1499 4905 1617 4960 sive
1658 4904 1765 4960 ini-

186 5002 405 5071 quitatis
430 5014 592 5070 agerc
645 4999 942 5064 noluerint,
971 4998 1187 5055 aeternis
1212 4997 1323 5054 sint
1366 4998 1420 5051 in
1461 4996 1568 5051 line
1596 4995 1765 5067 depu-

182 5094 325 5150 tandi
338 5092 621 5164 suppliciis
639 5131 657 5159 ,
677 5089 1096 5147 misericordiam
1114 5100 1244 5145 Vero
1278 5090 1363 5145 his
1386 5090 1478 5159 qui
1507 5090 1765 5161 poeniten-

183 5186 308 5245 tiam
334 5184 610 5255 gesserint
636 5182 899 5240 Dominus
921 5189 1107 5238 noster
1158 5180 1434 5250 largiatur.
1461 5178 1683 5251 Quippe
1708 5180 1762 5236 in

180 5276 314 5334 libro
334 5277 722 5341 Ecclesiastico
737 5276 817 5332 sic
837 5276 1074 5347 positum
1098 5282 1183 5330 cst
1206 5291 1220 5328 :
1255 5270 1511 5338 Quoniam
1538 5284 1588 5330 et
1614 5275 1768 5331 Altis-

180 5369 340 5423 simus
367 5370 615 5424 misertus
641 5356 720 5424 est
748 5366 1127 5437 paenitentibus,
1159 5375 1210 5419 et
1237 5365 1412 5435 impiis
1456 5374 1506 5419 et
1535 5375 1765 5436 peccato-

179 5460 317 5515 ribus
345 5460 531 5517 reddet
556 5459 839 5515 vindictam
864 5456 1051 5531 (Eccli.
1090 5474 1184 5519 xu,
1218 5456 1295 5527 7).
1339 5455 1544 5513 Rursus
1572 5457 1625 5512 in
1669 5472 1763 5514 eo-

180 5550 293 5606 dem
311 5552 591 5607 volumine
610 5552 688 5607 sic
712 5551 909 5608 dicitur
931 5567 944 5605 :
987 5550 1247 5605 Memento
1272 5550 1512 5621 quoniam
1551 5551 1633 5605 ira
1659 5568 1763 5606 non

180 5642 429 5699 ardebit.
467 5643 708 5709 Humilia
736 5643 883 5703 valde
910 5644 1149 5714 spiritum
1166 5652 1344 5707 tuum,
1385 5645 1629 5715 quoniam
1651 5646 1762 5701 vin-

243 5784 267 5847 ἢ
292 5773 410 5847 (Ms.
439 5791 577 5829 unus
603 5775 995 5847 onlittitquasi,
1039 5789 1137 5847 nec
1173 5774 1366 5844 legitur
1394 5776 1532 5847 apud
1570 5776 1709 5832 LXX
1740 5797 1754 5846 ;

181 5844 265 5905 ted
290 5846 529 5899 habetur
557 5846 611 5900 in
638 5860 738 5900 ms.
765 5844 938 5901 altero
961 5855 1015 5899 et
1041 5844 1160 5899 edd.

1870 4730 2049 4787 divina
2088 4737 2385 4800 praemonet
2408 4728 2706 4800 Scriptura,
2749 4727 2972 4787 dicens:
3022 4726 3155 4782 Ante
3185 4726 3445 4800 judicium

1871 4840 2000 4896 para
2014 4823 2275 4895 justitiam
2316 4821 2428 4888 tibi,
2469 4831 2518 4877 et
2537 4823 2587 4876 in
2615 4830 2885 4892 conspectu
2917 4819 3011 4881 Dei
3042 4822 3265 4876 invenies
3288 4824 3447 4895 ρνηρία

1871 4916 2134 4970 tiationem
2166 4912 2354 4986 (Eccli.
2414 4930 2562 4981 xvm,
2613 4913 2723 4985 i9).
2784 4912 2955 4979 Debet
2989 4913 3175 4983 itaque
3218 4913 3306 4969 hic
3351 4914 3448 4970 sibi

1864 5003 2129 5073 justitiam
2161 5018 2486 5075 praeparare,
2528 5002 2770 5075 quisquis
2813 5002 2865 5057 in
2892 5010 3186 5074 conspectu
3215 5002 3311 5058 Dei
3336 5018 3448 5073 pro-

1868 5097 2206 5167 pitiaticnem
2245 5097 2515 5153 desiderat
2554 5095 2814 5153 invenire.
2854 5093 3009 5164 Quod
3047 5094 3191 5159 enim
3221 5094 3273 5157 in
3314 5111 3447 5168 pra:-

1865 5189 2009 5243 scnti
2033 5188 2227 5245 sarculo
2263 5188 2363 5245 sibi
2391 5188 2557 5245 homo
2596 5203 2704 5243 non
2745 5186 3211 5255 thesaurizaverit,
3257 5187 3447 5245 lutum

1868 5279 2241 5334 retributionis
2270 5287 2513 5349 tempore
2541 5294 2647 5334 non
2686 5278 2920 5335 habebit.
2964 5278 3118 5351 Quod
3156 5286 3214 5335 ut
3241 5278 3445 5336 divina-

1866 5385 1985 5426 rum
2010 5371 2327 5427 testimoniis
2349 5370 2747 5441 Scripturarum
2775 5380 3035 5444 quantum
3065 5380 3151 5431 sat
3173 5380 3254 5430 est
3276 5376 3446 5443 possit

1868 5463 2096 5529 ostendi,
2131 5452 2362 5534 primum
2391 5463 2742 5521 terminemus
2768 5463 2984 5533 librum,
3010 5472 3071 5523 ut
3106 5479 3444 5535 consequen-

1865 5563 1950 5611 ter
1967 5556 2112 5627 parti
2134 5553 2358 5611 residuis
2378 5555 2686 5625 quaestionis
2707 5570 3000 5631 congruum
3023 5556 3154 5617 dare
3177 5558 3445 5629 possimus

1864 5647 2166 5703 exordium.

1943 5782 1968 5821 δ
2000 5783 2096 5837 Ms.
2131 5798 2287 5849 unus,
2321 5784 2395 5837 ita
2415 5780 2703 5838 scribentis.
