4048 6342
1542 388 1595 443 S.
1643 383 2000 441 FITLGENTII
2043 379 2343 435 EPISCUPI
2387 376 2752 435 RUSPENSIS
3688 373 3812 428 55%

1715 600 1999 677 LIBER
2053 595 2612 674 SECUNDUS.

851 911 853 914 ι
952 860 1112 932 333
1149 855 1378 913 CAPUT
1419 851 1709 908 Pmuuu.

606 977 718 1031 Non
753 978 939 1045 ignoro
970 974 1090 1028 libri
1122 970 1417 1043 superioris
1447 968 1601 1023 initio
1630 967 1708 1021 sic
1733 981 1832 1020 nos
1861 963 2116 1034 qutestio-

539 1085 668 1140 nem.
708 1068 775 1122 de
799 1067 1120 1122 remissione
1155 1071 1501 1135 peccatorum
1559 1057 1895 1114 tractandam
1930 1056 1981 1110 in
2023 1054 2120 1110 Dei
2237 1054 2497 1140 ὐίιυυξξι
2545 1054 2714 1140 ίξξιιειςξ
2751 1054 2864 1133 ξμιξ

541 1137 756 1218 umnine
789 1169 951 1231 atque
997 1157 1265 1228 adjutorio
1313 1154 1638 1224 suscepisse,
1674 1158 1733 1206 ut
1783 1151 1925 1205 trina
1967 1146 2124 1206 ﬁeret
2226 1121 2500 1231 ξηπξδθηῖίξ
2527 1121 2647 1176 νίίίθ
2672 1121 2764 1224 θξδί
2797 1121 3162 1231 ηῖίεεξτίθοξξξίίι
3191 1121 3808 1231 ετθξὶδιιιξτηνειιὶιιηιιπ.

1262 1211 1501 1318 partitio:
1546 1211 1759 1298 Etenim
1791 1258 1913 1298 cum
1941 1240 2124 1296 Domi-
2228 1213 2330 1285 ίρδί
2355 1213 2519 1268 corde
2556 1213 2789 1268 θοηίνῖιο
2810 1220 2882 1324 ἐι
2920 1213 3201 1318 ιιιξίῐιίίίξιῑο
3230 1211 3516 1324 δὲιιξδτίιθτ
3545 1229 3822 1283 compun-

547 1305 865 1410 no'nostro,
911 1343 1014 1397 hoc
1057 1348 1140 1396 est
1193 1305 1304 1394 Del)
1351 1353 1501 1403 vero,
1550 1352 1652 1392 nec
1706 1333 2128 1391 misericordiam
2231 1315 2448 1377 gumurt
2475 1314 2530 1361 εί
2551 1321 2738 1410 θηξηθδ
2759 1305 2826 1360 ad
2847 1305 3420 1410 Ρωηίιθξῑίθηῖδίνὴιο
3440 1320 3662 1360 munere
3683 1322 3826 1359 ⁰⁰¹¹’

549 1438 760 1503 deesse,
791 1396 890 1490 ne":
914 1433 1175 1502 justiliam
1220 1430 1520 1486 diceremus
1551 1427 1716 1500 (quod
1746 1427 1912 1484 etiam
1956 1424 2134 1495 scrip.
2232 1406 2537 1502 vertuntur,
2571 1397 2638 1452 ad
2668 1412 2828 1501 quam
2873 1405 2996 1452 sunt
3025 1397 3280 1501 divinitus
3325 1396 3699 1503 przedestinati‘
3721 1413 3833 1503 per

551 1537 792 1582 turarum
812 1525 1111 1580 divinarum
1135 1521 1568 1577 manifestissima
1591 1517 1897 1574 curavimus
1917 1522 2136 1571 attesta-

2297 1491 2524 1546 atuitam
2553 1491 2801 1558 gratiam,
2832 1499 2890 1545 ut
2919 1489 3166 1545 conversi
3196 1505 3303 1544 non
3331 1498 3577 1560 pereant,
3607 1489 3701 1544 sed
3725 1490 3834 1543 ha—

554 1619 701 1674 tione
742 1615 1096 1684 monstrare),
1152 1613 1277 1668 hinc
1311 1611 1565 1667 'diximus
1602 1610 1810 1666 facilius
1846 1608 2132 1664 veritatem

2297 1589 2405 1638 tant
2441 1582 2606 1636 vitam
2652 1589 2928 1635 aeternam.
2972 1579 3038 1634 lli
3067 1580 3254 1650 procul
3283 1580 3448 1635 dubio
3477 1589 3602 1635 sunt
3645 1596 3835 1634 omnes

557 1723 716 1781 posse
739 1707 1098 1778 qumrentibus
1126 1719 1410 1774 apparere,
1444 1703 1690 1771 qualibus
1724 1700 1867 1756 Deus
1905 1706 2132 1770 peccata
2242 1688 2380 1781 (Flos
2423 1672 2720 1781 εξευράυηξ
2762 1671 2910 1776 δεῖδεῖ,
2944 1670 3106 1774 ,Ρθυιί
3157 1672 3484 1776 Ρηξῖεοξιίίηη
3514 1671 3675 1781 ουεξίξ
3691 1672 3836 1781 in“

558 1763 810 1868 hi’mma‘t’
853 1799 942 1853 ubi
971 1763 1222 1861 mminit:
1272 1763 1487 1864 (μηδἀό
1527 1794 1780 1849 dimittat.
1824 1763 1994 1861 Huius
2038 1789 2140 1844 πί,
2245 1766 2414 1868 sale-os
2445 1765 2592 1868 fieri,
2627 1765 2759 1868 etin
2787 1765 3107 1868 agnitionem
3145 1765 3375 1817 veritatis
3413 1765 3584 1818 venire
3611 1763 3666 1830 (Ι
3691 1763 3835 1816 Tim.

560 1891 772 1962 partim
798 1855 1093 1944 'divisionis
1147 1901 1270 1942 cum
1313 1884 1422 1955 iam
1471 1884 1741 1953 gem-mam
1785 1879 2144 1954 ρει-εοιγενίιη
2247 1873 2303 1924 ιι,
2336 1858 2412 1962 4).
2455 1856 2590 1962 guia
2617 1856 2877 1911 enimille
2908 1857 3011 1912 hoc
3039 1856 3153 1909 vult
3181 1855 3271 1925 qui
3295 1856 3475 1919 omnia
3499 1871 3843 1926 quaecunque

563 1948 793 2054 ἰηηθηι,
836 1980 1008 2034 [enim
1039 1993 1126 2032 me
1157 1993 1265 2032 ηοη
1293 1948 1498 2032 πίεεοίδ
1521 1948 1843 2031 (ιεὺίιοτθπξι,
1888 1972 2147 2041 Qualibus
2248 1952 2419 2008 voluit
2459 1949 2602 2010 fecit.
2649 1950 2793 2020 quod
2830 1950 2944 2004 vult
2979 1965 3192 2020 semper
3230 1948 3660 2018 insuperabiliter
3683 1949 3842 2004 facit.

565 2040 938 2129 etenim'Deus
966 2077 1188 2140 peccata
1215 2068 1470 2130 dimittat,
1507 2075 1563 2123 et
1580 2067 1672 2122 ubi
1699 2040 1954 2129 dimittat,
1978 2080 2150 2136 quan-
2253 2046 2368 2103 Hoc
2408 2047 2592 2140 utique
2621 2045 2674 2099 in
2706 2044 2784 2098 eis
2828 2041 3080 2140 ίιιιιξξθιυτ
3105 2040 3266 2140 ,ιιιιοά
3312 2041 3699 2140 omniane-tis
3739 2040 3844 2095 Dei

568 2172 680 2219 mm
721 2162 875 2217 nobis
913 2133 1055 2216 θέης,
1083 2175 1194 2216 sum
1238 2159 1454 2230 pietatis
1491 2159 1818 2216 condonavit
1866 2133 2148 2225 auxiiium,
2254 2140 2506 2195 voluntas
2538 2135 2990 2193 incommutabilis
3019 2143 3073 2188 et
3104 2133 3478 2203 insuperabilis
3512 2133 3710 2196 habet;
3741 2149 3847 2187 cu-

571 2253 807 2308 arhitror
867 2251 1147 2321 superiore
1213 2250 1351 2306 libro
1420 2257 1797 2322 competenter
1851 2241 2211 2305 ostensum!

2297 2247 2343 2285 ts
2364 2229 2505 2284 sicut
2530 2227 2726 2282 mutari
2753 2226 3004 2282 voluntas
3033 2241 3138 2279 non
3172 2233 3351 2295 potest
3381 2224 3436 2278 in
3461 2224 3847 2293 dispositione,

572 2344 800 2400 Constat
828 2353 850 2379 ⁸·
883 2357 1118 2412 namque
1145 2350 1494 2412 peccatorum
1523 2342 1897 2398 remissionem
1926 2357 2035 2397 non
2066 2341 2156 2396 tri-

2297 2337 2330 2375 ,a
2374 2335 2474 2376 nec
2511 2318 2825 2392 prohibetur
2853 2332 2953 2372 nec
2974 2315 3261 2386 impeditur
3287 2322 3526 2385 potestas
3554 2315 3606 2368 in
3636 2329 3806 2384 opere
3833 2332 3846 2367 :

574 2435 666 2490 bui
709 2435 810 2490 nisi
853 2433 1130 2489 conversis
1171 2434 1312 2488 intra
1342 2432 1638 2490 Ecclesiam
1669 2434 1995 2490 catholicam
2021 2449 2156 2490 con-

2300 2417 2388 2472 uia
2429 2430 2530 2470 nec
2569 2413 2880 2482 aequitatem
2919 2410 3060 2465 illius
3085 2409 3231 2464 valet
3267 2408 3548 2478 quisquam
3574 2406 3719 2475 juste
3757 2421 3852 2461 re-

575 2524 796 2580 stitutis.
839 2521 916 2577 lbi
941 2523 1084 2577 enim
1115 2531 1295 2593 potest
1323 2524 1605 2579 conversio
1641 2539 1762 2580 esse
1790 2538 1920 2580 vera
1940 2565 1956 2590 ,
1989 2525 2079 2580 ubi
2107 2523 2163 2576 ﬁ-
2263 2507 2616 2582 Ρτθιιθιιάθνθν
2649 2520 2752 2560 nec
2804 2501 3228 2558 misericordiam
3260 2501 3426 2571 ἱρείης
3453 2509 3630 2570 Ροῑθεί
3653 2499 3856 2570 ali(illi!)

577 2617 674 2672 des
695 2631 822 2671 vera
849 2617 1112 2671 comitatu
1133 2624 1332 2672 sancta:
1366 2618 1792 2673 conversationis
1821 2625 2064 2682 ornatur,
2109 2625 2166 2674 ει
2267 2603 2507 2659 obviare.
2555 2598 2705 2654 Unde
2749 2597 3000 2652 Salvator
3048 2603 3234 2650 noster
3281 2594 3566 2649 incredulre
3613 2593 3858 2648 civitatis

581 2712 720 2766 bene
759 2709 973 2764 vivendi
1013 2709 1246 2764 studium
1287 2709 1430 2765 nulla
1459 2725 1640 2781 prava!
1671 2711 2007 2766 credulitatis
2051 2725 2168 2765 ma-

2297 2694 2704 2752 nalevolentiant
2739 2690 2929 2746 talibus
2955 2688 3131 2744 verbis
3166 2688 3453 2757 objurgat:
3497 2685 3859 2749 Hierusalem,

582 2801 855 2858 culatione
883 2800 1160 2871 polluitur.
1202 2800 1325 2856 Vita
1369 2780 1513 2857 enim
1560 2803 1700 2858 bona
1751 2819 1861 2858 non
1902 2802 2168 2859 veraciter
2273 2787 2632 2850 Hierusalem,
2665 2801 2778 2857 qua:
2806 2783 2998 2838 occidis
3023 2782 3330 2853 prop/tetas,
3361 2791 3411 2834 et
3441 2780 3637 2849 lapidas
3661 2781 3866 2833 missos

584 2890 800 2957 dicitur,
830 2904 950 2958 qua:
975 2904 1244 2960 perversa:
1281 2890 1613 2946 credulitatis
1641 2892 1774 2948 vitio
1803 2892 2130 2958 depravatur
2154 2911 2169 2960 ;

2297 2881 2343 2935 td
2401 2891 2445 2933 te
2485 2889 2528 2943 ε,
2573 2873 2804 2948 quotiens
2851 2874 2987 2929 colui
3033 2889 3348 2943 congregare
3392 2872 3529 2941 ﬁlios
3557 2880 3668 2925 tuos
3726 2873 3868 2924 sicut

588 2996 763 3053 neque
812 2980 1012 3036 suﬁicit
1059 2981 1127 3036 ad
1172 2983 1400 3037 salutem
1435 2981 1568 3039 ﬁdes
1608 2993 1758 3040 recte
1795 2985 2086 3050 credentis,
2129 2985 2175 3040 si

2297 2973 2476 3039 yallina
2507 2976 2784 3040 congregat
2811 2966 2976 3038 pullos
3007 2982 3125 3019 suos
3155 2965 3246 3019 sub
3277 2965 3389 3018 alas
3411 2981 3552 3026 suas,
3578 2972 3626 3017 et
3649 2965 3868 3018 noluisti

591 3075 932 3130 conversatio
958 3076 1200 3130 moribus
1229 3082 1394 3145 atque
1423 3077 1678 3146 operibus
1702 3077 1952 3132 turbatur
1981 3079 2177 3133 obsce-

2297 3058 2494 3131 Matth.
2527 3073 2675 3120 XXIII,
2707 3055 2798 3126 37)
2827 3055 2841 3106 ε
2875 3053 2988 3108 lloc
3017 3061 3197 3107 autem
3235 3051 3369 3106 dixit
3409 3051 3675 3115 Christus,
3705 3059 3765 3104 ιιι
3797 3053 3868 3103 ἰ-

595 3169 702 3224 nis,
745 3167 975 3239 Ριοοριει·
1013 3168 1158 3238 quod
1204 3144 1342 3224 sicut
1371 3144 1641 3224 [no—nua“,
1671 3170 1789 3226 sine
1833 3171 2090 3242 operibus
2115 3169 2179 3223 ﬁ-
2281 3153 2386 3207 lius
2414 3151 2611 3207 malam
2660 3150 2989 3204 voluntatem
3021 3146 3330 3201 ostenderet
3370 3161 3475 3214 qua
3520 3144 3872 3214 insuperabili

597 3262 718 3317 dem
747 3235 939 3316 begins
958 3235 1195 3317 Jaéobus
1219 3261 1478 3331 prmdicai,
1507 3261 1651 3333 (λαις,
1680 3278 1738 3327 ιι,
1771 3235 1886 3332 {7);
1916 3263 1993 3317 sic
2023 3277 2186 3318 omne
2285 3242 2547 3300 voluntati
2576 3240 2766 3295 divinae
2796 3240 2993 3294 frustra
3020 3239 3270 3296 resistere
3294 3238 3740 3318 nitebatur,~.cum
3770 3235 3872 3291 bo-

2142 848 2194 908 Α
2219 864 2345 920 quos
2373 849 2599 914 prmsciit
2625 857 2689 900 -et
2725 847 3106 916 prazdestinavit
3135 849 3428 918 conformes
3477 849 3590 917 ﬁeri
3621 851 3799 920 imagi

2219 941 2300 992 nis
2337 937 2468 1004 .Filii
2494 938 2606 1009 ejus
2637 939 2811 1010 (Rom.
2845 956 2968 1001 vttt,
3002 938 3114 1009 29).
3161 939 3390 994 Istorum
3438 955 3596 995 nemo
3629 943 3802 1010 perit.

2234 1028 2497 1084 Voluntati
2545 1041 2714 1084 autent
2751 1031 2861 1102 ejus
2908 1032 3020 1102 quis
3067 1031 3308 1084 resistit?
3354 1029 3446 1084 Isti
3477 1040 3601 1086 ante
3632 1031 3807 1087 linem.

596 3354 744 3426 quod
796 3370 904 3408 non
953 3361 1036 3408 est
1087 3368 1155 3409 ex
1197 3351 1299 3407 ﬁde
1355 3361 1637 3423 peccatum
1677 3368 1799 3408 esse
1846 3352 2044 3408 Paulus
2090 3367 2187 3408 sua

600 3445 983 3517 praedicatione
1009 3443 1293 3500 conﬁrmat
1318 3443 1496 3515 (Rom.
1529 3461 1634 3510 xxv,
1664 3443 1777 3516 25).

1133 3579 1297 3652 334
1333 3579 1561 3636 CAPUT
1599 3580 1664 3634 ιι.

680 3696 828 3752 Nunc
855 3702 1034 3750 autem
1067 3695 1119 3749 in
1162 3701 1420 3764 quantum
1467 3693 1623 3749 nobis
1667 3709 1697 3748 a
1728 3695 1847 3750 luce
1874 3711 2026 3763 vera,
2071 3712 2192 3768 qua:

611 3789 878 3866 illuminat
908 3801 1124 3842 omnem
1153 3786 1428 3841 hominem
1457 3775 1762 3841 venientem
1793 3788 1845 3840 in
1868 3787 2012 3844 hunc
2041 3798 2209 3844 mun-‘

612 3882 740 3936 dum
771 3878 949 3950 (Joan.
980 3894 1017 3944 ι,
1065 3878 1142 3948 9),
1189 3878 1420 3933 donatur
1465 3878 1870 3934 illuminationis
1918 3881 2195 3947 auxilium,

614 3969 959 4040 aggredimur
1008 3968 1298 4024 ostendere
1341 3969 1559 4038 quando
1604 3971 1990 4040 paenitentibus
2042 3972 2200 4028 detur

617 4059 861 4115 remissio
884 4066 1250 4128 peccatorum.
1269 4057 1478 4113 Sterilis
1504 4060 1645 4112 enim
1667 4053 1982 4129 paénitentia
2005 4062 2200 4117 remis-

617 4152 786 4209 sionis
815 4151 990 4206 fructu
1016 4151 1333 4220 privabitur,
1370 4152 1414 4204 si
1443 4151 1697 4206 divinitus
1727 4152 1918 4206 indulti
1946 4155 2204 4223 temporis

620 4243 1000 4313 opportunitas
1027 4241 1330 4295 omittatur.
1373 4239 1603 4311 Propter
1629 4243 1773 4311 quod
1799 4243 1991 4299 beatus
2015 4243 2205 4302 Petrus

619 4337 788 4393 dicit:
831 4333 956 4389 Non
1005 4333 1177 4389 tardat
1219 4333 1472 4390 Dominus
1501 4338 1810 4406 promissum
1856 4354 2026 4405 suum,
2076 4341 2206 4393 sicut

622 4427 834 4500 quidam
889 4427 1182 4481 tardantem
1234 4427 1536 4481 existimant
1576 4427 1634 4494 ι’,
1677 4427 1768 4481 sed
1811 4431 2067 4499 patienter
2107 4428 2242 4502 fert

621 4526 833 4590 propter
852 4535 958 4583 ros,
991 4517 1173 4572 nolens
1204 4518 1426 4590 aliquem
1457 4519 1641 4589 perire,
1675 4521 1766 4573 sed
1795 4537 1971 4576 omnes
2003 4522 2074 4575 ad
2097 4539 2206 4590 poe-

623 4612 895 4665 nitentiam
917 4611 1140 4664 converti
1170 4609 1224 4680 (I
1232 4609 1260 4663 Ι
1287 4609 1433 4664 Petr.
1465 4627 1539 4675 ιιι,
1568 4609 1644 4683 9).
1671 4611 1928 4677 Obsecro,
1956 4613 2208 4687 Euthymi

628 4705 929 4767 carissime,
960 4719 1029 4759 ne
1057 4711 1110 4758 te
1144 4704 1323 4774 pigeat
1354 4705 1561 4758 intenta
1603 4705 2037 4762 consideratione
2079 4724 2212 4778 pen-

628 4806 1033 4869 sare.quanlum
1081 4796 1152 4850 sit
1179 4795 1433 4865 ponderis
1480 4796 1533 4850 in
1565 4798 1668 4852 hac
1703 4798 1983 4867 apostolici
2014 4799 2213 4854 virtute

631 4889 915 4945 sermonis.
957 4888 1144 4966 Neque
1172 4889 1316 4942 enim
1341 4888 1778 4959 debetlanquam
1815 4891 1932 4946 leve
1970 4900 2213 4946 contem-

2287 3353 2355 3392 na
2387 3335 2638 3391 voluntas
2665 3333 2758 3387 Dei
2779 3347 2878 3387 nec
2905 3331 2972 3386 ab
3003 3332 3082 3385 eis
3109 3331 3278 3400 possit
3309 3329 3446 3384 vinci
3478 3344 3615 3398 qttos
3651 3328 3875 3392 deserit,

2290 3445 2394 3485 nec
2423 3424 2622 3496 aliquid
2645 3440 2748 3479 non
2777 3423 2946 3494 possit
2976 3426 3191 3492 operari
3218 3421 3362 3492 quod
3387 3420 3534 3474 velit.
3586 3418 3679 3472 Illa
3710 3418 3877 3487 igitur

2296 3508 2652 3582 Hierusalem,
2701 3525 2960 3586 quantum
3009 3514 3076 3568 ad
3122 3514 3238 3583 ejus
3280 3513 3471 3567 attinet
3521 3511 3881 3577 voluntatem,

2221 3613 2267 3676 C
2297 3628 2426 3670 suos
2456 3610 2594 3664 ﬁlios
2624 3608 2694 3663 ad
2735 3607 3072 3662 Salvatorem
3098 3604 3413 3675 congregari
3444 3602 3638 3666 noluit,
3673 3601 3770 3656 sed
3803 3611 3882 3654 ta-

2300 3720 2424 3761 men
2457 3703 2545 3756 ille
2573 3716 2764 3756 omnes
2791 3715 2928 3768 quos
2954 3697 3123 3752 voluit
3151 3695 3516 3765 congregavit.
3561 3695 3635 3747 Ac
3663 3708 3764 3763 per
3785 3693 3884 3747 hoc

2304 3797 2392 3850 illa
2439 3793 2692 3849 resistere
2739 3790 2909 3844 voluit
2954 3788 3343 3859 Omnipotenti,
3389 3802 3490 3841 nec
3518 3785 3690 3839 valuit
3709 3771 3726 3837 ἐ
3762 3785 3887 3853 quia

2304 3885 2444 3940 Deus
2487 3883 2620 3954 qui,
2675 3881 2812 3936 sicut
2858 3880 3120 3949 scriptum
3165 3887 3285 3941 cst,
3339 3875 3532 3931 Omnia
3573 3892 3889 3949 quartanam

2305 3973 2466 4045 385
2496 3973 2653 4026 voluit
2696 3971 2818 4042 fecit
2848 3969 3019 4039 (Psul.
3054 3985 3268 4032 cxxxw,
3303 3967 3382 4038 6),
3412 3981 3768 4036 quoscunque
3797 3981 3890 4020 vo-

2305 4069 2403 4123 luit
2440 4066 2508 4122 ad
2537 4082 2596 4121 se
2641 4065 2874 4134 gratuita
2913 4063 3305 4132 justiﬁeatione
3351 4060 3644 4126 convertit,
3685 4071 3892 4128 [mere-

2307 4159 2461 4214 niens
2506 4157 2711 4213 scilicet
2735 4153 3220 4226 superabundantis
3247 4153 3434 4220 gratia:
3481 4164 3706 4206 munere
3758 4163 3895 4217 quos

2307 4258 2492 4323 posset
2513 4250 2700 4320 utique
2725 4248 2771 4303 si
2797 4248 2961 4303 vellet
2983 4247 3128 4317 juste
3151 4245 3428 4301 damnare.
3473 4243 3613 4312 Ergo
3640 4257 3768 4296 cum
3796 4239 3898 4295 Pe-

2310 4355 2424 4401 trus
2465 4343 2744 4414 apostolus
2773 4341 2902 4397 dicit
2931 4341 3055 4412 quia
3079 4340 3219 4394 Deus
3243 4338 3512 4409 patienter
3541 4334 3673 4397 fert,
3705 4333 3900 4388 nolens

2310 4437 2546 4506 aliquem
2593 4434 2791 4506 perire,
2823 4432 2916 4488 sed
2945 4447 3134 4487 omnes
3160 4432 3211 4485 in
3241 4429 3614 4501 pmnitentiam
3653 4425 3904 4482 converti

2311 4527 2401 4599 (11
2429 4527 2572 4582 Petr.
2607 4543 2680 4591 ιιι,
2715 4525 2792 4594 9),
2825 4541 2930 4579 non
2974 4525 3051 4580 sic
3090 4523 3417 4593 accipiamus
3464 4535 3654 4577 omnes
3699 4519 3906 4584 dictos,

2314 4630 2568 4699 tanquam
2604 4619 2782 4673 nullus
2809 4620 2881 4672 sit
2905 4619 2998 4688 qui
3021 4633 3259 4686 congrue
3289 4615 3663 4687 paenitentiam
3694 4629 3808 4668 non
3837 4614 3908 4667 sit

2313 4725 2571 4776 acturus;
2621 4710 2718 4766 sed
2767 4711 2888 4764 illos
2937 4709 3024 4764 hic
3081 4724 3270 4763 omnes
3318 4708 3567 4777 accipere
3622 4705 3913 4771 debemus,

2313 4805 2510 4875 quibus
2557 4803 2634 4859 sic
2675 4802 2818 4856 Deus
2859 4801 3230 4872 pmnitentiam
3280 4799 3367 4855 hic.
3407 4797 3592 4862 donat,
3642 4804 3703 4850 ut
3741 4795 3914 4850 etiam

2315 4895 2779 4968 perseverantiam
2800 4893 2964 4947 donet
2993 4911 3004 4945 :
3041 4893 3146 4947 hoc
3175 4898 3283 4957 est,
3313 4889 3406 4959 qui
3438 4889 3515 4944 sic
3543 4887 3724 4942 divina
3769 4902 3916 4956 pra:-

633 4981 684 5035 ιιὶ
715 4979 861 5050 Quod
891 4981 1082 5034 beatus
1113 4979 1302 5033 Petrus
1331 4979 1400 5033 ob
1429 4979 1532 5034 hoc
1572 4979 1701 5034 dicit
1731 4980 1898 5034 Deum
1947 4981 2216 5050 patienter
2244 5006 2292 5067 ι)
2319 4989 2567 5045 veniente
2597 4986 2962 5042 misericordia
2995 4992 3408 5049 convertuntur,
3437 4990 3498 5036 ut
3526 4981 3717 5036 eadem
3745 4981 3920 5034 mise-

634 5073 797 5139 ferre,
827 5071 952 5146 quia
992 5087 1101 5126 non
1143 5071 1258 5125 vult
1285 5070 1520 5139 aliquem
1550 5071 1749 5140 perire,
1799 5071 1893 5125 sed
1943 5087 2133 5127 omnes
2161 5073 2214 5127 in

637 5163 1003 5236 pmnitentiam
1050 5163 1313 5218 converti.
1353 5161 1451 5217 llic
1481 5163 1624 5216 enim
1651 5161 1873 5232 prodest
1901 5164 2218 5232 poenitentia

639 5257 924 5329 peccatori,
953 5256 1044 5310 ubi
1071 5256 1212 5311 Deus
1232 5266 1543 5327 peccantem
1570 5255 1827 5310 damnare
1849 5270 1956 5310 non
1981 5255 2214 5323 festinat,

641 5359 694 5405 ut
716 5349 1090 5406 remissionem
1114 5359 1460 5420 peccatorum
1491 5349 1556 5404 ad
1587 5350 1958 5420 paenitentiam
1989 5365 2217 5405 convcr-

643 5457 698 5497 so
723 5442 1004 5498 concedat.
1047 5440 1182 5508 Quia
1205 5441 1250 5496 si
1280 5443 1439 5496 etiam
1472 5450 1594 5510 post
1625 5443 1761 5497 hanc
1804 5441 1965 5496 vitam
2009 5442 2219 5512 iniquo-

645 5547 756 5586 rum
800 5531 1116 5601 pmuitentia
1166 5532 1338 5603 possit
1378 5547 1498 5587 esse
1540 5533 1880 5600 aliquatenus
1923 5537 2218 5599 n'uctuosa,

648 5640 748 5677 non
781 5623 988 5679 diceret
1008 5626 1199 5680 beatus
1230 5623 1744 5697 Petrus,proptcrea
1773 5627 1934 5681 Deum
1959 5628 2228 5697 patienter

651 5715 807 5779 l'crre,
850 5717 974 5785 quia
1001 5734 1108 5772 non
1145 5719 1257 5773 vult
1287 5720 1518 5790 aliquem
1551 5721 1747 5790 perire,
1799 5736 1988 5776 eorum
2020 5723 2229 5778 scilicet

722 5852 750 5917 fl
779 5851 898 5917 δὴ,
928 5855 1177 5908 constitit.

722 5911 749 5950 ι’
777 5923 866 5978 Sic
887 5911 1017 5979 edd.
1052 5939 1173 5978 cum
1205 5940 1312 5979 uno
1342 5942 1440 5982 ms.
1479 5927 1576 5981 Ms.
1607 5930 1763 5990 alter,
1789 5929 2082 5984 tarditatem
2113 5931 2226 5983 cxi-

2329 5079 2557 5135 ricordia
2589 5079 2950 5149 subsequente
2981 5077 3050 5131 ad
3090 5077 3315 5132 crimina
3362 5075 3556 5143 quibus
3597 5073 3924 5127 renuntiant

2329 5171 2638 5225 nullatenus
2662 5176 3022 5224 revertantur.
3058 5168 3120 5222 lli
3144 5175 3270 5221 sunt
3295 5167 3508 5237 quibus,
3543 5165 3686 5220 sicut
3716 5161 3924 5216 Paulus

2327 5267 2420 5332 ait,
2445 5266 2531 5320 dat
2561 5265 2700 5320 Deus
2721 5265 3070 5335 paenitentiam
3100 5263 3169 5316 ad
3197 5261 3603 5334 cognoscendam
3625 5260 3924 5321 ueritatem,

2328 5369 2383 5414 ut
2412 5359 2714 5429 resipiscam
2744 5375 2775 5410 a
2800 5355 2992 5410 diaboli
3019 5357 3244 5427 laqueis,
3275 5373 3306 5407 α
3336 5371 3433 5426 quo
3465 5352 3653 5419 captivi
3680 5358 3927 5429 tenentur

2329 5451 2399 5514 ad
2427 5427 2587 5516 ipsius
2619 5449 2927 5503 voluntatem
2950 5446 3043 5516 _(ll
3081 5447 3215 5500 Tim.
3241 5464 3296 5506 tt,
3326 5446 3437 5515 25).
3475 5444 3623 5498 llanc
3649 5427 3932 5512 ptitniten-

2332 5542 2461 5595 tiavn
2501 5540 2740 5609 quisquis
2782 5539 3048 5593 curaverit
3095 5538 3146 5591 in
3178 5538 3281 5591 hoc
3309 5535 3505 5591 saeculo
3532 5548 3753 5601 gerere,
3808 5532 3934 5600 ipso

2340 5634 2480 5704 apud
2512 5633 2678 5686 Deum
2727 5630 3054 5700 pornitcntire
3097 5645 3205 5684 sua:
3257 5627 3485 5683 fructum
3530 5623 3730 5695 poterit
3771 5622 3936 5678 inve-

2340 5741 2472 5779 ΙὶΙΙῚξ.

2331 5863 2560 5916 stintant.
2583 5859 2731 5924 jttxlzt
2748 5857 2996 5912 'Gl'ﬂ'Cllﬂl
3026 5852 3536 5928 lexltllttfpaduiira.

2414 5947 2422 5965 ι
2471 5929 2594 5995 Ms.,
2626 5930 2829 5996 lepidas
2856 5945 2942 5982 eos
2973 5929 3156 5982 missos
3179 5926 3247 5978 ad
3274 5926 3341 5981 te.
