4048 6342
250 346 340 407 553

848 461 1072 517 CAPUT
1109 463 1194 518 lll.

307 549 565 604 Ceterum
596 549 823 618 legimus
863 551 917 606 in
965 552 1101 608 libro
1137 554 1426 623 Sapientize
1453 553 1716 625 quosdam
1759 554 1814 609 in

249 643 323 698 die
345 641 528 710 judicii
552 641 831 698 habituros
852 645 1064 714 quidem
1086 647 1480 714 paenitentiam,
1506 661 1612 700 non
1636 654 1815 700 tamen

249 733 617 801 indulgentiam
647 732 902 788 divinitus
929 745 1264 805 accepturos.
1294 737 1563 805 Scriptum
1586 736 1818 805 denique

247 825 314 879 sic
337 825 596 877 habetur:
627 825 767 878 Tunc
806 827 1015 880 stabunt
1037 829 1167 898 justi
1211 829 1265 881 in
1307 845 1496 898 magna
1524 828 1817 882 constantia

247 915 477 968 adversus
501 931 588 967 eos
614 917 700 986 qui
740 933 794 969 se
832 918 1278 987 angustiaverunt.
1307 927 1355 971 et
1381 919 1468 984 qui
1497 917 1820 990 abstulerunt

249 1005 436 1058 labores
457 1022 650 1059 eorum.
691 1006 935 1060 Videntes
973 1007 1312 1062 turbabuntur
1353 1011 1535 1063 timore
1563 1009 1816 1070 horribili,

249 1105 291 1148 et
315 1095 638 1149 mirabuntur
673 1098 727 1150 in
757 1097 1066 1152 subitatione
1093 1102 1371 1169 insperata:
1396 1100 1600 1161 salutis,
1647 1100 1824 1152 dicen-

252 1197 314 1238 tes
358 1187 492 1238 inter
525 1203 600 1249 se,
647 1188 998 1255 paenitentiam
1035 1187 1298 1252 habentes,
1331 1197 1379 1241 et
1409 1205 1500 1258 per
1528 1189 1822 1257 angustiam

253 1277 450 1344 spiritus
489 1287 781 1346 gementes:
815 1275 887 1328 Hi
927 1286 1046 1330 sunt
1084 1295 1207 1347 quos
1235 1279 1502 1332 habuimus
1544 1279 1820 1349 aliquando

251 1367 297 1418 in
323 1366 570 1432 derisum,
601 1375 649 1418 et
669 1369 721 1420 in
750 1368 1139 1421 similitudinem
1168 1370 1496 1440 imprOperii;
1528 1387 1622 1424 nos
1651 1371 1825 1423 insen-

253 1457 342 1508 sati
373 1457 530 1508 vitam
575 1457 780 1509 illorum
827 1457 1211 1519 (estimabamus
1249 1461 1529 1524 insaniam,
1577 1471 1626 1513 et
1669 1461 1824 1525 ﬁnem

252 1546 452 1598 illorum
479 1548 590 1598 sine
636 1547 849 1600 honore.
898 1546 1164 1610 Quomodo
1209 1533 1488 1620 computati
1531 1561 1650 1618 sunt
1693 1553 1826 1602 inter

254 1636 528 1706 ﬁlios'Dei,
555 1647 604 1690 et
643 1640 776 1691 inter
803 1648 1009 1692 sanctos
1036 1657 1146 1694 sors
1175 1642 1384 1695 illorum
1413 1650 1490 1695 est
1519 1641 1673 1712 (Sap.
1706 1658 1759 1702 v,
1794 1641 1817 1692 1

253 1739 296 1781 et
313 1728 482 1798 seq.)?
503 1727 671 1783 Nemo
695 1738 897 1794 autem,
926 1745 1048 1784 cum
1071 1731 1200 1798 legit
1215 1731 1415 1786 dictum
1432 1732 1554 1799 quia
1582 1731 1704 1784 mali
1734 1730 1829 1784 mi-

1228 348 1312 409 DE.
1351 351 1754 408 RE-SIISSIONE
1785 353 2256 437 PECCATORUM’
2280 356 2404 410 LIB.
2449 357 2510 410 ll.

1832 469 1880 526 Α
1909 469 2107 523 tionem
2139 469 2238 538 ipsi
2267 477 2391 523 sunt
2419 471 2580 524 etiam
2607 471 2862 541 templum
2890 473 3002 527 Dei.
3033 473 3187 539 Quod
3211 491 3332 529 esse
3364 477 3496 530 lide-

3411 359 3496 414 ἱῦι

1916 557 1995 612 les
2023 567 2252 614 testatur
2279 559 2566 628 Apostolus
2594 562 2773 616 dicens
2801 580 2812 614 :
2849 561 3074 616 Nescitis
3103 567 3221 634 quin
3252 567 3496 635 templum

1917 647 2014 702 Dei
2042 651 2180 712 estis,
2229 660 2278 703 et
2322 651 2531 720 spiritus
2561 650 2659 705 Dei
2689 652 2886 706 habitat
2917 655 2970 706 in
3018 653 3156 709 vobis
3188 656 3238 724 (l
3272 656 3391 710 Cor.
3419 673 3495 717 ιιι,

1921 738 2046 806 16)?
2072 737 2187 792 Hoc
2212 740 2469 808 templum
2497 755 2563 794 ne
2601 741 2755 796 malis
2781 743 3034 811 operibus
3063 745 3348 812 polluatur,
3394 763 3500 800 non
3526 738 3528 740 ’

1918 829 2091 882 solum
2136 828 2419 896 diligenter
2471 839 2804 898 praemonet,
2860 832 2956 890 sed
3000 833 3162 889 etiam
3215 834 3501 887 vehemen-

1918 928 2002 974 ter
2032 928 2249 974 nostros
2293 921 2502 976 animos
2552 925 2734 984 terret,
2791 921 3021 975 dicens:
3063 921 3125 976 Si
3171 924 3280 992 quis
3331 934 3502 975 autem

1921 1009 2162 1078 templum
2201 1008 2298 1062 Dei
2328 1010 2612 1076 violaverit,
2644 1010 2903 1078 disperdet
2946 1011 3093 1063 illum
3135 1011 3292 1065 Deus.
3349 1011 3502 1065 Tem-

1921 1099 2060 1168 plum
2089 1099 2224 1152 enim
2255 1098 2351 1152 Dei
2387 1109 2623 1152 sanctum
2651 1108 2748 1163 est,
2799 1101 2932 1170 quod
2957 1101 3079 1154 catis
3107 1118 3210 1154 vos.
3263 1101 3428 1154 Nemo
3449 1121 3505 1156 se

1921 1191 2131 1244 seducet
2163 1189 2349 1260 (Ibid.,
2386 1191 2473 1254 l7,
2518 1189 2629 1259 18).
2677 1191 2806 1256 Quis
2854 1192 3018 1258 enim,
3049 1207 3203 1259 rogo,
3246 1193 3382 1246 male
3426 1196 3508 1246 vi-

1921 1294 2071 1344 vens,
2122 1295 2244 1334 cum
2274 1280 2422 1334 audit
2451 1263 2522 1334 ab
2548 1278 2829 1348 Apostolo,
2877 1283 2996 1350 quia
3034 1284 3077 1335 si
3124 1285 3235 1352 quis
3263 1287 3506 1352 templum

1924 1367 2024 1422 Dei
2053 1370 2336 1434 violaverit,
2382 1370 2642 1448 disperdat
2677 1371 2823 1424 illum
2853 1370 3015 1436 Deus,
3044 1373 3087 1426 si
3118 1388 3412 1427 conversus
3455 1376 3505 1427 in

1924 1461 2029 1516 hoc
2059 1469 2301 1530 tempore
2334 1477 2440 1516 non
2467 1460 2644 1527 fuerit,
2681 1462 2912 1531 aliquam
2936 1463 3035 1515 sibi
3058 1479 3205 1531 spem
3236 1466 3508 1519 remissio-

1927 1551 2009 1605 nis
2035 1549 2222 1604 futurte
2243 1551 2562 1618 promittere
2589 1550 2820 1606 audeat?
2865 1552 2995 1618 Quis
3028 1569 3131 1607 non
3166 1554 3509 1611 tremefactus

1925 1641 2213 1694 concidat?
2243 1639 2373 1706 Quis
2403 1656 2509 1694 non
2535 1649 2661 1694 ante
2686 1642 2844 1695 linem
2867 1644 2988 1696 vitze
3008 1646 3284 1711 praesentis
3309 1645 3374 1698 ad
3397 1662 3511 1715 pte-

1894 1750 1896 1752 ν
1928 1730 2208 1784 nitentiam
2232 1742 2586 1800 compunctus
2606 1741 2661 1786 et
2683 1733 2987 1787 humiliatus
3003 1737 3280 1788 accurrat?
3302 1737 3514 1790 Clamat

253 1818 504 1872 rabuntur
533 1820 586 1872 in
627 1819 951 1874 subitatione
983 1821 1266 1890 insperate
1309 1822 1518 1886 salutis,
1558 1821 1827 1876 existimet
1854 1833 1904 1895 Β
1929 1819 2220 1890 Apostolus
2252 1839 2264 1873 :
2296 1817 2430 1884 Quia
2460 1823 2503 1875 si
2548 1824 2661 1893 quis
2691 1822 2932 1892 templum
2959 1822 3057 1876 Dei
3096 1823 3376 1890 violaverit,
3426 1827 3510 1878 di-

254 1909 346 1964 illis
373 1910 466 1978 qui
497 1911 547 1963 in
570 1911 880 1964 criminibus
907 1920 1224 1980 praesentem
1247 1911 1438 1965 liniunt
1460 1912 1642 1977 vitam,
1667 1925 1831 1979 quan-

255 2000 424 2068 doque
454 2001 782 2069 insperatam
822 2002 1050 2056 salutem
1080 2001 1260 2056 divino
1285 2017 1506 2057 munere
1545 2001 1828 2057 conferen-

255 2084 390 2144 dam.
423 2091 696 2145 Justorum
735 2107 965 2160 namque
1007 2092 1276 2162 insperata
1322 2093 1494 2155 salus,
1544 2107 1664 2162 qua:
1705 2093 1832 2147 licet

256 2181 564 2251 desperatur
591 2183 658 2237 ab
699 2183 896 2250 iniquis
936 2183 1351 2248 danda,'tamen
1382 2193 1662 2253 permanet
1705 2200 1832 2252 spe-

255 2273 490 2326 rantibus
510 2272 688 2341 justis.
715 2271 866 2327 Unde
896 2273 1084 2328 beatus
1109 2273 1276 2328 David
1303 2289 1463 2328 unam
1500 2275 1688 2344 psalmi
1711 2275 1833 2330 loco

257 2378 397 2432 spem
445 2362 710 2431 justorum
755 2364 953 2418 cecinit
997 2372 1052 2418 et.
1097 2365 1344 2431 salutem,
1390 2366 1576 2421 dicens
1619 2386 1631 2420 :
1676 2368 1833 2422 Salus

258 2464 421 2507 autem
441 2454 702 2522 justorum
728 2472 759 2507 a
793 2453 1042 2521 Domino,
1088 2464 1137 2508 et
1174 2465 1434 2525 protector
1477 2473 1652 2510 eorum
1675 2468 1752 2510 est
1779 2461 1833 2512 in

259 2553 474 2613 tempore
502 2538 859 2598 tribulationis
889 2561 906 2598 :
936 2555 985 2598 et
1031 2544 1297 2614 adjuvabit
1343 2562 1429 2599 eos
1465 2545 1739 2614 Dominus,
1783 2556 1834 2601 et

259 2633 488 2695 liberabit
527 2651 630 2698 eos,
683 2645 731 2688 et
769 2636 950 2706 eripiet
992 2653 1077 2689 eos
1113 2653 1145 2688 a
1174 2635 1558 2707 peccatoribus,
1591 2647 1640 2690 et
1666 2637 1836 2692 salvos

260 2727 408 2795 faciet
436 2741 542 2791 eos,
586 2727 828 2795 quoniam
867 2731 1210 2795 speraverant
1237 2726 1290 2778 in
1311 2741 1429 2778 eum
1454 2724 1628 2796 (Psal.
1653 2743 1832 2790 xxxw,

261 2813 338 2877 59,
367 2812 486 2884 40).
523 2812 655 2868 Hinc
683 2823 763 2867 est
787 2813 932 2883 quod
963 2815 1129 2885 iniqui
1160 2815 1376 2869 azternis
1403 2815 1688 2884 deputandi
1721 2824 1836 2870 tor-

259 2906 451 2960 mentis
475 2905 666 2959 dicturi
693 2915 818 2959 sunt
848 2907 915 2960 de
951 2906 1110 2974 justis
1135 2924 1148 2959 :
1185 2906 1257 2960 Hi
1275 2917 1392 2961 sunt
1421 2926 1544 2979 quos
1572 2908 1838 2963 habuimus

261 2996 534 3066 aliquando
579 2996 634 3049 in
665 2997 893 3050 derisum
941 3007 989 3049 et
1017 2998 1068 3049 in
1096 2998 1481 3052 similitudinem
1511 2999 1838 3068 improperii;

261 3104 347 3142 nos
368 3089 624 3142 insensati
647 3089 799 3141 vitam
826 3089 1032 3142 illorum
1076 3090 1456 3144 azstimabamus
1483 3092 1760 3156 insaniam,
1791 3101 1840 3145 et

264 3180 412 3248 ﬁnem
439 3179 643 3232 illorum
678 3179 788 3232 sine
815 3180 1024 3233 honore.
1066 3179 1193 3235 Haec
1235 3189 1319 3236 est
1363 3182 1630 3250 insperata
1676 3183 1837 3248 salus,

263 3269 515 3338 quoniam
556 3269 721 3322 vitam
766 3269 1030 3337 justorum
1073 3271 1332 3325 insaniam
1371 3270 1762 3336 :estimabant;'
1788 3280 1843 3326 et

265 3370 378 3414 cum
410 3360 512 3429 ipsi
543 3367 724 3414 essent
753 3359 946 3426 insani,
978 3375 1141 3416 sanos
1184 3375 1242 3415 se
1267 3377 1384 3416 esse
1413 3362 1717 3427 credebant,
1749 3377 1846 3416 nec

265 3452 555 3520 sperabant
581 3451 985 3506 retributionem
1015 3451 1206 3505 divina:
1223 3451 1461 3519 justitize,
1486 3461 1540 3505 et
1560 3461 1844 3521 propterea

265 3543 426 3596 vitam
458 3557 608 3596 suam
639 3534 911 3610 corrigére
939 3541 1299 3610 negligebant.
1346 3540 1555 3595 Etenim
1605 3541 1843 3595 delec.a-

265 3633 457 3691 tantur
485 3636 574 3689 hic
618 3635 892 3688 luxuriose
937 3635 1119 3688 vivere
1166 3633 1356 3687 diebus
1396 3633 1598 3706 paucis,
1641 3648 1741 3686 nec
1787 3645 1847 3685 se

266 3728 559 3782 credebant
585 3726 926 3796 postmodum
955 3735 978 3762 ⁸
1002 3724 1217 3780 :eternis
1245 3724 1562 3778 cruciandos
1582 3738 1700 3776 esse
1723 3738 1849 3791 sup-

268 3817 457 3886 pliciis.
509 3814 798 3884 Propterea
846 3831 964 3869 cum
1009 3814 1185 3884 justos
1222 3813 1452 3867 viderint
1480 3811 1532 3866 in
1563 3812 1650 3866 illa
1678 3812 1849 3880 gloria

269 3903 498 3960 ﬁliorum
534 3906 627 3959 Dei
657 3906 723 3958 de
748 3921 853 3974 qua
877 3905 1005 3959 dicit
1046 3904 1235 3958 beatus
1266 3902 1459 3956 Paulus
1485 3919 1496 3953 :
1526 3901 1592 3954 In
1621 3918 1717 3972 qua
1742 3911 1849 3954 sta-

271 4014 376 4051 mus
401 4008 456 4050 et
483 3997 770 4068 gloriamur
796 3999 848 4050 in
890 4013 978 4066 spe
1001 3997 1182 4067 gloria:
1209 3995 1437 4064 ﬁliorum
1466 3993 1562 4048 Dei
1586 3994 1762 4064 (Rom.
1794 4010 1847 4059 v,

269 4088 355 4156 2);
402 4097 535 4142 tunc
565 4087 730 4156 iniqui
760 4087 1095 4140 mirabuntur
1139 4087 1191 4140 in
1221 4085 1389 4154 gloria
1415 4084 1701 4153 justorum,
1747 4085 1851 4138 hoc

271 4187 348 4230 est
377 4177 612 4233 ﬁiiorum
639 4179 801 4248 386
827 4177 956 4239 Dei;
1007 4177 1129 4244 quia
1162 4175 1260 4244 ipsi
1288 4175 1418 4242 justi
1459 4182 1582 4227 sunt
1612 4173 1702 4226 lilii
1733 4173 1846 4227 Dei.

270 4265 566 4338 Propterea
590 4269 753 4336 iniqui
779 4266 1146 4336 ptenitentiam
1175 4265 1428 4319 steriliter
1452 4264 1574 4332 quia
1598 4248 1854 4333 intempo-

271 4357 450 4413 ralitcr
479 4358 762 4422 habentes,
789 4364 844 4412 et
865 4372 960 4428 per
986 4355 1281 4424 angustiam
1312 4355 1526 4423 spiritus
1547 4361 1848 4422 gementes:

273 4446 543 4510 Quomodo
573 4450 847 4517 computati
877 4457 993 4501 sunt
1022 4449 1155 4500 inter
1183 4447 1319 4516 ﬁlios
1351 4442 1466 4507 Dei,
1498 4454 1546 4497 et
1571 4445 1708 4496 inter
1736 4461 1856 4497 san-

1930 1912 2134 1981 sperdet
2158 1912 2304 1964 illum
2335 1911 2494 1978 Deus,
2535 1921 2589 1966 et
2616 1928 2786 1967 vanus
2808 1913 2971 1967 homo
3001 1913 3208 1968 seducit
3227 1930 3345 1969 sese
3367 1918 3514 1983 engi-

1933 2001 2138 2055 tatione
2187 2001 2533 2069 nequissima,
2582 2002 2767 2056 dicens
2803 2019 2814 2053 :
2846 2001 3067 2056 Etiamsi
3116 2003 3374 2072 templum
3419 2003 3515 2059 Dei

1932 2092 2225 2156 violavero,
2254 2101 2310 2146 et
2337 2107 2506 2161 usque
2531 2092 2582 2145 in
2611 2092 2769 2146 linem
2797 2093 2936 2156 male
2961 2093 3166 2159 vixero,
3196 2094 3374 2148 salvus
3397 2110 3512 2151 ero.

1934 2182 2182 2252 Nunquid
2230 2199 2335 2236 non
2368 2183 2564 2236 talibus
2600 2183 2732 2236 dicit
2761 2182 3068 2252 Apostolus,
3121 2185 3245 2252 quia
3289 2185 3516 2238 dicunt:

1933 2271 2402 2336 Faciamusmala,
2452 2281 2506 2324 ut
2553 2275 2760 2326 veniant
2807 2273 2961 2337 bona,
3001 2289 3216 2343 quorum
3254 2273 3518 2327 damnatio

1927 2366 2072 2434 justa
2113 2373 2190 2418 est
2220 2363 2398 2429 (Rom.
2431 2379 2508 2430 tn,
2554 2362 2629 2432 8).
2681 2363 2870 2418 Nonne
2899 2363 2952 2416 hi
2999 2372 3124 2417 sunt
3161 2378 3296 2431 quos
3333 2373 3516 2418 sancta

1935 2452 2209 2521 Scriptura
2235 2452 2478 2521 infelices,
2495 2453 2751 2522 appellat,
2777 2468 3034 2522 spemque
3060 2454 3270 2506 illorum
3297 2470 3518 2508 vacuam

1935 2542 2154 2597 omnino
2185 2542 2513 2610 pronuntiat,
2539 2542 2726 2597 dicens
2744 2559 2756 2593 :
2773 2541 3098 2611 Sapientiam
3123 2553 3170 2594 et
3190 2543 3522 2612 disciplinam

1934 2635 2020 2704 qui
2049 2632 2224 2703 objicit
2252 2633 2437 2704 infelix
2464 2641 2560 2698 est,
2591 2642 2638 2685 et
2666 2649 2822 2686 vacua
2850 2643 2926 2686 est
2954 2650 3068 2702 spes
3098 2633 3326 2700 illorum,
3359 2643 3407 2688 et
3436 2635 3518 2687 la-

1937 2724 2080 2778 bores
2110 2726 2221 2778 sine
2249 2727 2418 2795 {ructu
2445 2723 2598 2795 (Sap.
2631 2741 2706 2790 Ill,
2741 2723 2868 2793 ll)?

2543 2881 2772 2936 CAPUT
2810 2881 2898 2936 ιν.

2007 3004 2162 3060 Salus
2200 3005 2287 3058 illa
2325 3004 2484 3072 igitur
2524 3019 2630 3058 non
2675 3003 2887 3058 dabitur
2915 3002 3144 3071 iniquis,
3191 3004 3287 3058 sed
3323 3003 3524 3073 justis:

1940 3103 2065 3149 ante
2107 3093 2263 3147 ﬁnem
2295 3093 2500 3148 scilicet
2543 3091 2702 3160 hujus
2749 3093 2872 3146 vitae
2916 3093 3173 3146 correctis
3214 3101 3376 3162 atque
3398 3109 3528 3147 con-
3599 3114 3604 3118 ·

1867 3185 1912 3246 C
1942 3183 2132 3238 versis.
2161 3181 2316 3236 Salus
2345 3181 2434 3234 illa
2456 3181 2611 3235 bonis
2634 3181 2867 3243 dabitur,
2895 3179 2986 3249 qui
3025 3181 3090 3234 ad
3121 3180 3410 3234 amicitiam
3435 3182 3530 3238 Dei

1945 3273 2400 3340 cucurrerintper
2431 3272 2854 3334 conversionem,
2900 3287 3007 3325 non
3057 3271 3230 3338 malis,
3278 3273 3368 3340 qui
3401 3288 3528 3341 per-

1945 3371 2223 3417 manentes
2257 3361 2414 3414 amici
2458 3360 2662 3424 mundi,
2696 3359 2991 3428 apostolica
3021 3358 3390 3428 increpatione
3425 3360 3532 3412 ini-

1946 3454 2071 3507 mici
2113 3452 2207 3505 Dei
2237 3457 2513 3505 merentur
2550 3462 2785 3516 congrue
2832 3449 3146 3516 nuncupari.
3187 3447 3344 3502 Tales
3387 3450 3532 3502 enim

1946 3541 2133 3596 beatus
2161 3539 2390 3593 Iacobus
2414 3537 2690 3605 subjurgat
2713 3552 2726 3590 :
2749 3537 3002 3601 Adulteri;
3030 3538 3237 3590 nescitis
3266 3539 3386 3606 quia
3407 3541 3534 3591 ami-

1947 3631 2070 3685 citia
2098 3631 2250 3699 hujus
2279 3629 2456 3681 mundi
2483 3629 2694 3681 inimica
2716 3637 2791 3682 est
2821 3626 2968 3681 Deo?
2998 3625 3058 3680 Si
3084 3630 3196 3698 quis
3224 3645 3346 3698 ergo
3368 3629 3534 3682 volue-

1948 3724 2017 3776 rit
2043 3723 2237 3775 amicus
2263 3737 2373 3778 esse
2405 3720 2556 3789 hujus
2581 3719 2779 3784 mundi,
2808 3719 3045 3771 inimicus
3074 3717 3171 3770 Dei
3196 3721 3534 3772 constituetur

1953 3811 2088 3883 (Jac.
2117 3827 2188 3875 ιν,
2218 3809 2295 3877 4).
2345 3807 2596 3877 Quisquis
2625 3807 2787 3874 igitur
2829 3805 3100 3861 declinans
3126 3822 3156 3860 a
3198 3806 3340 3860 malo
3370 3815 3423 3861 et
3453 3807 3533 3860 fa-

1949 3903 2098 3958 ciens
2124 3902 2344 3965 bonum,
2397 3916 2493 3968 pro
2522 3899 2633 3952 suis
2667 3899 3036 3968 iniquitatibus
3065 3899 3116 3952 in
3149 3899 3396 3967 pnesenti
3425 3899 3534 3952 vita

1949 3990 2320 4064 poeni-tentiam
2367 3989 2614 4058 gesserit,
2664 3997 2719 4041 et
2764 4003 3054 4043 conversus
3099 3988 3167 4040 ad
3212 3987 3377 4041 Deum
3420 3997 3536 4042 toto

1952 4083 2116 4139 corde
2147 4081 2302 4136 malis
2327 4079 2581 4148 operibus
2608 4078 3014 4142 renuntiaverit,
3046 4093 3168 4146 spes
3200 4078 3365 4146 ipsius
3397 4093 3538 4132 vana

1899 4205 1902 4208 ~
1952 4188 2062 4227 non
2091 4171 2213 4225 crit.
2244 4169 2506 4222 Caeterum
2537 4165 2730 4221 frustra
2757 4167 2988 4236 seipsum
3019 4167 3256 4234 seducit,
3297 4168 3538 4236 quisquis

1951 4277 2050 4333 per
2069 4262 2232 4314 latam
2261 4267 2316 4314 et
2344 4258 2634 4328 spatiosam
2664 4257 2803 4310 viam
2835 4272 2892 4310 se
2914 4265 3293 4325 perventurum
3317 4257 3537 4310 arbitra-

1956 4362 2044 4408 tur
2067 4351 2135 4405 ad
2175 4351 2340 4404 vitam
2385 4363 2549 4403 :cum
2580 4347 2838 4401 Dominus
2879 4362 2976 4415 per
3020 4355 3222 4399 arctam
3266 4348 3408 4399 viam
3439 4363 3541 4401 nos

1951 4442 2138 4511 jubeat
2165 4439 2462 4501 ambulare,
2492 4447 2653 4505 atque
2682 4443 2918 4502 angustze
2940 4442 3106 4502 porta:
3131 4435 3281 4488 nobis
3310 4435 3538 4488 demou-

271 4550 374 4592 ctos
407 4557 525 4593 sors
552 4539 757 4592 illorum
782 4540 892 4592 est?
917 4536 1190 4608 Insperata
1212 4549 1340 4603 ergo
1365 4535 1526 4598 salus,
1551 4533 1602 4587 id
1631 4543 1713 4586 est
1733 4548 1850 4601 quae
1877 4553 1932 4611 ι)
1955 4539 2088 4586 stret
2116 4530 2411 4591 introitum,
2461 4528 2620 4597 387
2651 4541 2747 4595 per
2772 4541 2931 4593 quem
2961 4525 3172 4578 venitur
3200 4524 3265 4576 ad
3291 4538 3533 4592 regnum.

269 4640 484 4698 sperata
504 4647 613 4685 non
641 4639 722 4684 est
743 4631 809 4684 ab
827 4630 1041 4698 iniquis,
1063 4626 1305 4696 profecto
1326 4625 1480 4694 justis
1494 4624 1723 4687 dabitur,
1742 4637 1850 4676 non

269 4721 489 4792 iniquis.
521 4723 640 4778 Non
668 4724 811 4778 enim
840 4722 1052 4777 dabitur
1082 4719 1186 4773 illis
1232 4719 1324 4787 qui
1371 4732 1491 4772 eam
1519 4713 1853 4784 desperando

269 4815 409 4869 male
431 4815 658 4882 vivunt,
690 4815 785 4869 sed
811 4815 914 4869 illis
956 4812 1047 4881 qui
1091 4827 1211 4866 eam
1240 4811 1377 4865 bene
1406 4808 1689 4878 sperando,
1740 4816 1797 4862 et
1823 4824 1856 4862 a

269 4902 554 4959 desideriis
583 4903 883 4958 carnalibus
908 4900 1247 4963 abstinendo,
1278 4898 1421 4953 beati
1447 4897 1592 4952 Petri
1621 4897 1857 4953 salubria

267 4995 527 5048 mandata
557 4991 885 5055 custodiunt,
915 4990 1140 5045 dicentis
1165 5007 1176 5042 :
1201 4987 1487 5053 Carissimi,
1514 4986 1722 5042 obsecro
1752 4996 1860 5040 tan-

269 5101 424 5152 quam
457 5084 686 5137 advenas
710 5093 859 5152 atque
886 5081 1180 5151 peregrinos
1222 5078 1476 5132 abstinere
1503 5095 1590 5132 vos
1621 5095 1652 5130 a
1674 5095 1860 5131 carna-

269 5172 404 5226 libus
434 5173 730 5235 desideriis,
773 5186 884 5241 quat
911 5171 1136 5223 militant
1167 5167 1411 5220 adversus
1440 5169 1696 5231 animant;
1733 5183 1859 5219 con-

269 5271 619 5342 versationem
665 5281 884 5322 vcstram
927 5267 1060 5319 inter
1099 5271 1271 5335 gentes
1311 5260 1548 5314 habentes
1597 5261 1780 5314 bonam
1807 5258 1861 5328 (Ι

271 5355 422 5411 Petr.
460 5374 521 5425 ιι,
554 5358 666 5427 ll).
697 5356 799 5412 Per
820 5357 986 5426 ipsam
1009 5355 1206 5409 bonam
1237 5351 1699 5406 conversationem
1731 5349 1861 5418 justi

270 5449 540 5503 exhibent
554 5462 780 5517 corpora
797 5461 892 5502 sua
910 5445 1138 5500 hostiam
1159 5442 1450 5507 viventem,
1473 5450 1732 5503 sanctam,
1750 5440 1861 5494 Deo

269 5540 584 5610 placentem
609 5539 785 5613 (Rom.
820 5555 913 5601 xu,
949 5536 1023 5609 l),
1058 5534 1180 5605 quia
1212 5549 1308 5604 per
1348 5532 1543 5587 bonam
1573 5546 1861 5586 conversa-

345 5757 372 5784 ι
403 5747 513 5801 ηε,
537 5761 693 5810 ιιι-ηιςν
722 5754 837 5812 post
860 5744 1135 5798 modicum.
1181 5814 1190 5816 Α
1438 5813 1463 5816 _
1503 5812 1512 5816 _
1676 5804 1708 5816 η
1767 5813 1773 5816 Α
1848 5804 1858 5816 ,

345 5818 374 5857 δ
409 5817 517 5872 Ms.
546 5804 990 5880 unus','wternum
1021 5816 1131 5868 sine
1164 5814 1261 5867 ﬁne
1297 5812 1624 5884 sttpplicium.
1671 5804 1862 5860 Cmteri

611 5910 882 5969 Ριτιιοι..
930 5906 1119 5970 LXV.

1952 4620 2092 4675 Dicit
2119 4620 2259 4672 enim
2294 4635 2306 4668 :
2341 4616 2542 4670 Intrate
2570 4631 2660 4685 per
2687 4624 2964 4684 angustam
2989 4623 3212 4682 portam.
3239 4611 3403 4675 Quam
3427 4615 3537 4666 lata

1955 4702 2105 4782 porta
2129 4711 2179 4763 et
2198 4709 2426 4779 spatiosa
2456 4709 2536 4760 via
2559 4722 2671 4776 qua:
2691 4705 2830 4757 ducit
2851 4705 2919 4756 ad
2939 4705 3294 4774 perditionem,
3320 4711 3368 4757 et
3389 4706 3542 4758 multi

1957 4807 2075 4854 sunt
2121 4798 2208 4868 qui
2253 4798 2450 4848 intrant
2491 4811 2582 4861 per
2621 4793 2822 4862 ipsum!
2853 4790 3020 4854 Quam
3067 4804 3286 4863 angusta
3315 4803 3465 4863 porta
3494 4805 3545 4846 et

1959 4898 2105 4942 arcta
2131 4889 2210 4941 via
2238 4903 2350 4957 quae
2379 4885 2518 4944 ducit
2558 4885 2627 4937 ad
2661 4886 2836 4948 vitam,
2885 4892 2934 4936 et
2963 4885 3113 4953 pauci
3143 4893 3260 4936 sunt
3289 4883 3375 4956 qui
3404 4884 3544 4937 inve-

1963 4983 2246 5036 niunteam
2275 4976 2488 5048 (Matth.
2519 4993 2612 5042 vn,
2643 4976 2728 5041 15,
2763 4975 2880 5044 M)!
2934 4975 3032 5028 Via
3079 4985 3262 5030 nostra
3304 4992 3544 5046 praesens

1967 5075 2074 5129 vita
2100 5079 2201 5136 est,
2244 5071 2298 5124 in
2342 5085 2446 5139 qua
2472 5069 2516 5123 si
2545 5068 2665 5136 quis
2706 5068 2912 5137 positus
2938 5067 3103 5120 verbo
3133 5066 3226 5120 Dei
3276 5082 3384 5120 non
3412 5083 3544 5121 con-

1963 5163 2210 5227 senserit,
2240 5177 2346 5216 non
2379 5160 2605 5229 accipiet
2635 5157 3007 5212 remissionem
3037 5165 3416 5226 peccatorum;
3447 5157 3544 5211 sed

1966 5257 2019 5310 in
2046 5256 2171 5309 lletu
2214 5262 2270 5306 et
2296 5251 2528 5306 stridore
2557 5249 2794 5303 dentium
2826 5248 3026 5315 lugebit
3061 5249 3176 5302 sine
3206 5247 3310 5302 ﬁne
3339 5249 3542 5317 suppli-

1967 5349 2107 5402 cium
2141 5346 2164 5381 δ
2202 5358 2344 5397 :nec
2393 5341 2657 5395 immerito
2706 5353 2974 5406 nunquam
3015 5338 3310 5392 mcrebitur
3357 5353 3543 5393 carere

1966 5445 2255 5501 tormento,
2306 5433 2395 5503 qui
2443 5430 2678 5500 quandiu
2718 5430 2805 5484 hic
2835 5428 2988 5494 vixit,
3016 5427 3187 5480 noluit
3232 5428 3544 5481 renuntiare

1967 5534 2213 5599 peccato.

1974 5751 2078 5789 non
2111 5734 2308 5788 addunt
2338 5739 2602 5785 attentum.

3063 5867 3128 5922 i8
