4048 6342
484 343 603 402 ’555

1126 455 1342 514 CAPU'l
1394 458 1455 511 ν.

566 555 794 624 Propter
822 553 925 608 hoc
947 562 1376 618 unumquemque
1400 553 1640 602 nostrum
1669 545 1920 601 Salvator
1944 560 2081 616 prae-

464 655 698 711 ,mouet,
747 645 928 699 dicens
952 661 965 695 :
988 640 1118 695 Esto
1153 641 1478 693 consentiens
1511 637 1810 714 adversario
1853 646 1939 691 tuo
1979 637 2080 692 cito

493 741 615 793 dum
658 754 711 792 es
758 737 814 791 in
841 736 922 789 via
960 746 1075 787 cum
1104 748 1186 796 eo,
1215 748 1280 785 ne
1309 733 1442 803 forte
1473 733 1645 783 tradat
1674 737 1723 782 te
1752 728 2080 782 adversarius

400 812 405 821 ι
484 832 676 898 :iudici,
704 839 751 882 et
773 827 938 900 judex
965 824 1141 878 tradat
1168 833 1217 877 te
1245 824 1502 887 ministro,
1533 830 1580 875 et
1607 822 1661 875 in
1688 836 1942 874 carcerem
1971 820 2083 873 mit-

490 923 640 976 taris.
673 920 834 973 Amen
856 917 969 971 dico
992 915 1102 979 tibi,
1134 930 1237 969 non
1265 914 1407 968 exies
1430 908 1550 966 inde
1578 912 1739 967 donec
1760 911 1951 965 reddas
1980 926 2081 965 no-

492 1014 754 1067 vissimum
769 1009 1107 1082 quadrantem
1132 1006 1345 1077 (Matth.
1374 1004 1552 1073 v,25).
1576 1004 1952 1059 Adversarium
1977 1003 2079 1059 sibi

492 1103 692 1171 quippe
721 1099 850 1155 facit
879 1100 1041 1152 homo
1052 1097 1155 1151 Dei
1176 1097 1421 1158 verbum,
1443 1094 1678 1164 quandiu
1705 1093 1792 1147 illa
1815 1093 1942 1148 facit
1961 1108 2081 1163 qua:

491 1193 703 1246 divinus
716 1205 895 1245 sermo
917 1187 1184 1258 prohibet.
1211 1185 1525 1255 Cuidicitur
1548 1186 1599 1238 in
1617 1184 1852 1253 psalmo:
1870 1183 1945 1236 Tu
1963 1188 2099 1237 vero

491 1283 648 1339 odisti
681 1282 1029 1351 disciplinam,
1063 1288 1112 1334 et
1144 1279 1406 1348 projecisti
1428 1293 1688 1332 sermones
1718 1292 1857 1331 meos
1876 1284 1997 1346 post
2033 1286 2082 1330 te

492 1374 669 1447 (Psal.
686 1390 832 1439 xux,
853 1372 965 1442 l7).
986 1371 1123 1426 Huic
1144 1370 1379 1425 sermoni
1394 1370 1577 1424 divino
1591 1369 1635 1424 si
1650 1368 1769 1438 quis
1784 1369 1835 1422 in
1853 1369 1961 1436 via,
1980 1368 2083 1424 hoc

491 1470 577 1520 est
596 1463 640 1517 si
662 1464 782 1532 quis
808 1462 859 1515 in
881 1461 982 1516 hac
998 1461 1107 1514 vita
1134 1460 1242 1514 cito
1258 1459 1602 1514 consentiens
1627 1473 1732 1512 non
1753 1457 1932 1519 fuerit,
1960 1459 2083 1512 mis-

492 1571 585 1611 sus
610 1554 663 1607 in
683 1567 955 1607 carcerem
978 1551 1116 1619 ignis
1133 1550 1322 1603 aeterni
1346 1548 1484 1603 ultra
1514 1548 1753 1616 requiem
1779 1562 1883 1602 non
1912 1548 2082 1602 habe-

492 1644 589 1698 bit.
613 1642 792 1697 Bouus
819 1641 963 1695 enim
986 1640 1323 1695 adversarius
1350 1639 1470 1701 iste,
1497 1638 1589 1708 qui
1615 1637 1817 1692 salubri
1844 1637 2082 1692 adversi-

492 1731 818 1801 tatejugiter
845 1731 1026 1795 instat,
1059 1736 1169 1783 uta
1201 1727 1355 1782 nobis
1378 1726 1761 1801 adversitatem
1790 1724 2082 1780 mortifera:

1517 338 1573 392 S.
1615 335 1975 417 FULGENTII
2013 335 2311 395 EPISCOPI
2342 339 2717 398 RUSPENSIS

2111 465 2160 522 Α
2188 459 2476 514 sericordia
2503 459 2817 529 justiiicabit
2846 459 3086 530 impium,
3134 461 3228 516 sed
3267 460 3473 531 justitia
3501 463 3772 521 discernet

3664 347 3768 405 556

2180 548 2385 618 justum
2431 556 2485 603 et
2513 549 2752 617 impium.
2787 547 3056 619 Scriptum
3110 566 3342 622 namque
3380 555 3690 610 continetur
3715 558 3768 611 in

2185 638 2393 706 psalmo
2428 656 2441 690 :
2476 638 2726 693 Dominus
2749 641 3037 711 interrogat
3060 642 3261 712 justum
3282 651 3333 696 et
3359 644 3575 713 impium
3596 646 3768 715 (Pal.

2184 745 2237 792 x,
2266 730 2341 795 6).
2376 728 2443 783 Et
2470 739 2529 784 ut
2556 731 2867 786 ostenderet
2894 731 2948 785 in
2998 731 3373 802 iniquitatibus
3416 736 3772 806 perditionem

2183 833 2306 889 esse
2335 820 2546 884 animae,
2586 835 2694 875 non
2724 821 2975 890 salutem,
3007 824 3250 892 sequitur
3282 825 3467 881 dicens
3499 844 3513 880 :
3550 827 3649 892 Qui
3677 848 3774 884 au-

2184 918 2284 962 tem
2312 910 2482 981 diligit
2523 912 2870 982 iniquitatem,
2918 914 3030 968 odit
3071 917 3305 969 animam
3338 933 3505 973 suam.
3538 920 3616 975 Ne
3641 936 3774 976 vero

2184 1001 2415 1071 aliquam
2437 1003 2537 1057 sibi
2566 1004 2991 1060 misericordiam
3013 1009 3392 1079 repromittant
3414 1013 3504 1080 qui
3528 1028 3698 1083 usque
3720 1015 3774 1069 in

2185 1090 2342 1145 finem
2373 1093 2652 1161 pnesentis
2679 1094 2802 1149 vitm
2830 1095 2883 1148 in
2926 1095 3211 1165 iniquitate
3240 1098 3551 1167 perdurant,
3580 1101 3774 1157 subse-

2183 1191 2410 1250 quenter
2452 1182 2519 1236 de
2546 1182 2659 1238 Deo
2701 1184 2778 1239 sic
2805 1184 3043 1253 loquitur
3079 1204 3093 1239 :
3121 1185 3265 1240 Pluit
3293 1205 3446 1258 super
3476 1201 3773 1259 peccatores

2183 1271 2420 1339 laqueos,
2450 1272 2615 1341 ignis,
2647 1273 2863 1342 sulphur
2894 1282 2943 1327 et
2969 1276 3181 1343 spiritus
3222 1279 3595 1347 procellarum,
3644 1296 3771 1350 pars

2184 1359 2360 1413 calicis
2386 1376 2562 1414 eorum
2600 1377 2621 1416 :
2649 1363 2893 1434 quoniam
2912 1364 3089 1434 justus
3128 1365 3382 1420 Dominus
3420 1368 3656 1437 justitias
3683 1370 3771 1425 di-

2184 1449 2329 1514 texit,
2354 1453 2647 1522 (equitatem
2672 1453 2796 1507 ridit
2820 1454 2987 1507 rullus
3010 1455 3121 1524 ejus
3145 1454 3307 1525 (Ibid.
3337 1456 3386 1519 7,
3413 1456 3491 1526 8).
3517 1456 3772 1528 Quisquis

2183 1540 2345 1609 igitur
2373 1541 2489 1597 hzcc
2525 1542 2750 1598 audiens
2790 1544 2845 1597 in
2894 1531 3149 1613 prmsenIi
3198 1555 3440 1616 tempore
3468 1549 3773 1605 misericor-

2183 1630 2326 1684 diam
2356 1630 2452 1685 Dei
2486 1632 2719 1687 noluerit
2741 1648 2838 1702 per
2862 1635 3272 1690 conversionem
3300 1652 3561 1706 quaerere,
3604 1619 3656 1694 in
3689 1638 3772 1695 fu-

2128 1728 2133 1733 '
2185 1727 2307 1776 turo
2332 1736 2456 1777 eam
2487 1738 2758 1792 nunquam
2808 1726 3012 1793 poterit
3061 1727 3320 1782 invenire.
3372 1728 3488 1784 Hoc
3517 1732 3656 1787 enim
3683 1733 3772 1802 ju-

496 1796 791 1890 iniquitatis
807 1817 1212 1890 expellat.llinc
1233 1825 1315 1872 est
1328 1796 1472 1886 quod
1486 1831 1586 1871 nos
1608 1815 1660 1869 in
1684 1815 1790 1869 alio
1812 1815 2084 1871 locoSeri-
2114 1842 2160 1901 Β
2186 1819 2302 1867 stus
2325 1812 2493 1881 judex
2522 1829 2619 1883 per
2647 1816 2863 1871 beatum
2889 1816 3045 1871 nobis
3070 1818 3374 1888 apostolum
3404 1818 3660 1875 Jacobum
3682 1796 3772 1878 de»

496 1923 653 1983 ptura
677 1913 881 1978 divina,
908 1921 968 1965 ut
992 1910 1245 1966 celeriter
1270 1916 1667 1973 convertamur,
1718 1909 1982 1973 hortatur,
2015 1924 2084 1964 ne

491 2003 718 2059 tarditas
747 2000 1021 2056 mortifera
1053 1998 1407 2070 perditionem
1448 1997 1712 2053 differenti
1755 1998 1948 2067 pariat,
1976 2013 2082 2051 non

491 2098 739 2151 salutem.
771 2094 1051 2161 Aitigitur
1075 2110 1088 2144 :
1116 2089 1200 2144 Ne
1230 2090 1515 2143 tardaveris
1541 2090 1763 2143 converti
1799 2087 1868 2141 ad
1893 2086 2081 2154 Deum,

489 2199 541 2241 et
568 2205 633 2241 ne
655 2187 867 2255 differas
898 2185 962 2238 de
987 2183 1072 2236 die
1099 2183 1154 2236 in
1174 2183 1345 2246 diem;
1369 2197 1430 2234 ne
1460 2180 1629 2235 subite
1656 2182 1826 2235 veniat
1844 2182 1926 2234 ira
1946 2182 2079 2251 ejus,

492 2290 542 2333 et
572 2281 629 2333 in'
654 2289 878 2348 tempore
897 2275 1135 2329 vindicta
1156 2273 1414 2344 disperdet
1443 2282 1489 2327 te
1512 2270 1698 2343 (Eccli.
1716 2289 1771 2339 ν,
1793 2271 1871 2343 8).
1897 2270 2083 2326 Osten-

491 2370 571 2424 dit
601 2371 785 2437 utique
810 2381 988 2422 sermo
1016 2364 1228 2419 diviuus
1256 2364 1382 2433 quia
1421 2378 1547 2417 cum
1577 2362 1824 2417 vindicta:
1871 2371 2083 2431 tempus

491 2462 795 2527 advenerit,
831 2476 935 2515 non
961 2459 1072 2528 jam
1100 2459 1383 2514 conversio
1414 2458 1610 2511 malum
1647 2458 1927 2528 pumilione
1949 2458 2078 2512 sub-

489 2553 689 2617 trahet,
716 2551 811 2606 sed
840 2551 918 2604 ira
951 2548 1144 2603 vindex
1171 2548 1349 2603 debita
1375 2547 1830 2603 condemnatione
1868 2548 2079 2617 disper-

488 2646 600 2701 det.
648 2642 783 2697 Illud
824 2641 1023 2696 etenim
1069 2649 1281 2709 tempus
1325 2654 1431 2693 non
1458 2639 1564 2692 crit
1602 2638 1952 2703 remissionis,
1985 2636 2081 2693 sed

487 2732 886 2798 retributionis;
929 2714 1031 2786 nec
1082 2729 1443 2799 indulgentiae,
1492 2728 1901 2783 sedvindictac.
1951 2726 2080 2794 Qua:

487 2830 688 2887 idcirco
714 2829 895 2883 divina
924 2825 1331 2895 longanimitate
1373 2821 1638 2886 differtur,
1678 2830 1738 2876 ut
1767 2829 2080 2877 sanctorum

488 2934 745 2976 numerus
791 2917 1099 2988 impleatur.
1150 2913 1304 2969 Hauc
1330 2905 1492 2968 enim
1548 2912 1839 2967 vindictam
1889 2912 2081 2965 beatus

485 3009 723 3065 Joannes
743 3007 796 3062 in
809 3004 1133 3076 Apocalypsi
1163 3010 1385 3057 sanctos
1401 3010 1733 3055 memoratur
1751 2999 2077 3068 postulasse,

484 3115 717 3171 quorum
764 3098 878 3153 haec
908 3096 1071 3150 verba
1116 3103 1241 3148 sunt
1285 3111 1298 3145 :
1334 3090 1627 3162 Quousque,
1659 3089 1899 3151 Dom-ine,
1949 3105 2077 3143 san-

486 3197 597 3243 ctus
625 3196 673 3242 et
699 3202 864 3248 verus,
897 3201 1001 3238 non
1015 3183 1258 3254 judicas,
1290 3189 1340 3235 et
1374 3197 1477 3234 non
1514 3178 1746 3233 vindicas
1771 3179 2076 3248 sanguinem

489 3286 725 3334 nostrum
750 3275 815 3328 de
842 3274 923 3327 his
951 3273 1038 3339 qui
1067 3273 1122 3325 in
1152 3279 1292 3324 terra
1320 3267 1562 3322 habitant
1600 3267 1786 3340 (Apoc.
1827 3282 1901 3328 v1,
1952 3264 2077 3334 10)?

490 3372 559 3427 Et
584 3379 645 3426 ut
672 3368 896 3423 doceret
923 3380 1021 3435 pro
1061 3364 1143 3417 his
1173 3361 1265 3431 qui
1293 3374 1480 3415 eorum
1528 3366 1655 3413 sunt
1680 3357 1954 3412 consortio
1979 3370 2076 3410 co-

489 3459 731 3533 pulandi,
755 3466 968 3526 tempus
984 3453 1229 3509 vindicta:
1248 3465 1479 3521 superna
1502 3447 1840 3504 ordinatione
1854 3444 2073 3509 differri,

485 3551 729 3623 sequitur
754 3547 938 3603 dicens
963 3562 975 3597 :
1003 3541 1074 3598 Et
1106 3544 1244 3597 data:
1271 3540 1390 3597 sunt
1415 3538 1636 3610 singulis
1677 3536 1824 3591 ston
1850 3536 2002 3600 albae,
2026 3544 2078 3588 et

488 3642 681 3695 dictum
709 3646 786 3693 est
805 3638 878 3691 eis
901 3645 957 3690 ut
977 3635 1347 3706 requiescerent
1369 3631 1504 3684 breri
1526 3629 1695 3681 adhuc
1713 3637 1956 3697 tempore,
1983 3626 2078 3679 do-

492 3750 586 3788 nec
604 3731 880 3799 impleatur
908 3742 1150 3781 numerus
1180 3738 1541 3777 conservorum
1574 3730 1624 3774 et
1654 3723 1873 3791 fratrum
1901 3735 2076 3773 eorum

490 3825 682 3899 (lbid.,
725 3822 834 3893 ll).
877 3820 1110 3874 Noverat
1152 3817 1313 3870 etiam
1344 3814 1530 3869 beatus
1559 3810 1757 3866 Paulus
1796 3810 2077 3880 prmsentis

418 3932 421 3935 λ
487 3915 667 3973 δέεαιιί
690 3913 962 3982 futurique
982 3908 1311 3964 distantiam.
1329 3905 1549 3960 Sciebat
1573 3904 1625 3956 in
1644 3902 1894 3972 praesenti
1916 3915 2075 3969 posse

488 4013 698 4061 tantum
740 4001 1064 4057 beneficium
1104 3997 1293 4053 salutis
1321 3996 1559 4064 acquiri;
1592 3995 1644 4046 in
1686 3994 1864 4045 futuro
1895 3999 2073 4044 autem

488 4110 598 4150 non
641 4093 746 4146 nisi
786 4089 1091 4145 mercedem
1129 4085 1346 4154 justitia:
1383 4084 1621 4152 singulis,
1673 4097 1771 4151 pro
1808 4082 2074 4135 bonorum

487 4198 589 4239 seu
616 4181 881 4237 malorum
923 4193 1145 4249 operum
1175 4176 1434 4248 qualitate
1483 4174 1708 4228 restitui.
1762 4171 1911 4226 Unde
1947 4187 2072 4243 cum

488 4273 865 4347 propheticum
887 4270 1157 4342 posuisset
1186 4268 1550 4323 testimonium
1581 4266 1725 4335 quod
1749 4264 1877 4319 dicit
1900 4263 2068 4321 Deus:

488 4367 741 4437 Tempore
776 4371 986 4434 accepto
1016 4362 1257 4415 exaudiui
1299 4370 1362 4422 te,
1405 4369 1455 4413 et
1482 4360 1535 4412 in
1566 4358 1650 4411 die
1676 4358 1859 4413 salutis
1897 4357 2073 4426 udjuvi

487 4470 535 4515 te
561 4457 650 4531 (ΙΙ
673 4457 794 4512 Cor.
820 4472 891 4520 γι.
913 4454 1000 4525 2);
1032 4453 1288 4508 continuo
1319 4451 1434 4520 ipse
1462 4451 1779 4505 subsecutus
1800 4447 2066 4516 adjungit:

485 4549 622 4605 Ecce
649 4565 787 4603 nunc
831 4559 1029 4616 tempus
1067 4545 1232 4615 388
1269 4541 1599 4612 acceptabile,
1640 4555 1756 4593 ecce
1798 4554 1931 4591 nunc
1960 4538 2069 4591 dies
2099 4574 2159 4635 Β.

482 4643 666 4699 salutis
691 4639 855 4712 (Isai.
880 4655 1025 4705 χιιι,
1049 4635 1127 4707 8).
1155 4635 1230 4689 De
1261 4632 1440 4687 futuro
1471 4641 1649 4686 autem
1678 4631 1808 4685 dicit
1833 4649 1855 4696 z,
1878 4630 2070 4684 Omnes

482 4736 619 4790 enim
643 4750 737 4788 nos
768 4730 1091 4801 manifestari
1121 4734 1320 4797 oportet
1361 4737 1481 4777 ante
1525 4722 1750 4777 tribunal
1778 4720 1992 4784 Christi,
2014 4728 2071 4772 ut

481 4825 698 4895 recipiat
725 4820 1067 4892 unusquisque
1090 4818 1301 4888 prapria
1323 4815 1574 4884 corporis,
1599 4821 1751 4883 prout
1771 4813 1943 4882 gessit,
1968 4811 2071 4863 sive

482 4911 692 4978 bonum,
720 4912 824 4965 sive
845 4912 1038 4962 malum
1070 4905 1157 4979 (11
1179 4905 1300 4959 Cor.
1328 4921 1380 4967 v,
1412 4904 1521 4971 10).

1104 4994 1331 5052 CAPUT
1361 4994 1450 5048 Vl.

553 5092 672 5147 Non
701 5104 829 5160 ergo
854 5091 908 5145 in
936 5087 1115 5144 futuro
1140 5086 1386 5141 tribuitur
1406 5083 1512 5139 vita
1534 5090 1754 5146 (eterna,
1779 5083 1881 5136 nisi
1910 5082 2070 5136 fuerit

475 5186 530 5241 in
565 5185 671 5240 hoc
698 5180 896 5238 saeculo
933 5188 1280 5250 peccatorum
1316 5176 1516 5231 donata
1564 5172 1840 5239 remissio;
1892 5188 2067 5242 neque

476 5278 565 5332 hic
597 5276 825 5347 accipiet
851 5273 1223 5329 remissionem
1262 5275 1624 5340 peccatorum,
1674 5266 1775 5320 nisi
1822 5266 1910 5335 qui
1956 5266 2068 5321 suis

478 5366 717 5435 peccatis
754 5363 1047 5427 renuntiat,
1080 5369 1133 5417 et
1174 5359 1241 5414 ad
1270 5359 1437 5415 Deum
1477 5371 1743 5413 summum
1791 5370 1854 5411 ac
1882 5370 2067 5410 verum

479 5455 659 5510 cordis
680 5470 807 5510 vera
827 5453 1185 5510 conversione
1210 5449 1444 5506 festinat.
1469 5448 1604 5504 lllud
1630 5446 1828 5502 etenim
1853 5456 2065 5515 tempus

483 5561 590 5602 non
619 5546 721 5602 erit
748 5544 1098 5610 remissionis,
1142 5542 1236 5598 sed
1263 5540 1651 5597 retributionis.
1691 5538 1807 5593 Non
1851 5538 1922 5592 ibi
1957 5537 2061 5592 mi-

552 5791 577 5819 ι
606 5781 705 5836 Ms.
737 5797 894 5849 unus,
924 5779 1331 5835 misericordiam
1354 5777 1574 5848 judicio.

2184 1905 2420 1958 nuntiari
2446 1906 2722 1975 praecepit,
2757 1907 2948 1961 eodem
2981 1907 3193 1963 dicente
3225 1907 3524 1964 :Judicium
3552 1913 3662 1965 sine
3680 1914 3771 1966 mi-

2176 1997 2466 2050 sericordia
2502 1997 2584 2050 illi
2611 1999 2699 2068 qui
2728 2013 2833 2052 non
2873 1999 3053 2069 fecerit
3088 2000 3497 2055 misericordiam
3541 2001 3677 2073 (Jac.
3712 2018 3768 2070 ιι,

2184 2087 2299 2160 15).
2341 2087 2489 2145 Ordo
2518 2103 2696 2145 autem
2726 2091 3109 2146 misericordia:
3151 2092 3410 2157 continet,
3459 2101 3517 2147 ut
3562 2094 3769 2158 miseri-

2178 2180 2422 2237 cordiam
2448 2195 2609 2250 quam
2639 2181 2803 2236 homo
2832 2181 3142 2254 impendere
3163 2182 3385 2251 jubetur
3415 2184 3590 2250 alteri,
3622 2186 3768 2255 prius

2182 2270 2438 2325 exhibeat
2465 2270 2586 2337 sibi,
2614 2270 2828 2326 dicente
2855 2270 3130 2342 Scriptura
3155 2271 3435 2327 :Miserere
3458 2276 3647 2329 anima
3668 2285 3770 2330 tua

2182 2360 2390 2430 placens
2413 2359 2523 2415 Deo
2546 2360 2735 2430 (Eccli,
2771 2376 2896 2428 xxx,
2928 2360 3041 2433 24).
3075 2360 3306 2416 Proinde
3333 2363 3377 2416 si
3407 2365 3527 2432 quis
3554 2365 3769 2434 placere

2182 2448 2294 2502 Deo
2324 2450 2441 2502 non‘
2455 2450 2589 2514 vult,
2621 2450 2813 2503 animm
2832 2465 2943 2504 sure
2969 2450 3389 2505 misericordiam
3419 2452 3679 2521 denegat;
3712 2463 3767 2508 et

2181 2539 2273 2607 qui
2320 2539 2512 2593 animm
2558 2554 2668 2594 suae
2715 2540 3137 2596 misericordiam
3176 2543 3230 2596 in
3277 2545 3527 2612 prteseuti
3569 2545 3765 2601 saeculo

2181 2631 2417 2686 noluerit
2458 2631 2686 2699 donare,
2726 2633 3033 2689 nullatenus
3079 2635 3219 2704 apud
3248 2634 3417 2689 Deum
3459 2638 3764 2692 misericor-

2180 2721 2321 2776 diam
2368 2722 2569 2793 poterit
2612 2724 2875 2779 invenire.
2922 2723 3185 2779 Judicium
3225 2727 3369 2779 enim
3418 2727 3526 2779 sine
3555 2727 3762 2779 miseri-

2178 2811 2357 2866 cordia
2392 2812 2470 2865 illi
2494 2813 2579 2884 qui
2603 2829 2708 2868 non
2736 2814 2858 2885 fecit
2885 2815 3318 2869 misericordiam.
3373 2816 3449 2869 Ac
3495 2830 3589 2886 per
3632 2816 3762 2884 hoc,

2179 2903 2323 2973 quod
2346 2904 2734 2974 subsequenter
2758 2905 2952 2961 dicitur
2983 2924 2996 2960 :
3027 2905 3396 2977 Superexaltat
3422 2917 3593 2961 autem
3617 2910 3766 2962 mise-

2178 2996 2406 3050 ricordia
2428 2996 2684 3066 judicium
2712 2997 2852 3069 (Jac.
2885 3015 2950 3064 Il,
2984 2998 3073 3070 15)
3107 3009 3153 3066 ι,
3186 3001 3239 3055 in
3268 3000 3360 3055 illo
3391 3000 3481 3055 ﬁet
3504 3002 3595 3071 qui
3624 3017 3763 3057 nunc

2179 3084 2465 3140 miseretur
2490 3086 2684 3140 anima:
2708 3103 2820 3142 sua:
2849 3089 3065 3158 placens
3092 3089 3225 3146 Deo.
3255 3090 3373 3162 Ipse
3402 3108 3637 3162 namque
3660 3093 3764 3147 Do-

2180 3174 2355 3228 minus
2402 3175 2532 3230 dicit
2565 3192 2578 3229 :
2611 3170 2758 3231 Beati
2784 3179 3161 3243 misericordes,
3202 3184 3445 3252 quoniam
3473 3183 3578 3252 ipsi
3605 3185 3762 3237 mise-

2180 3266 2463 3320 ricordiam
2491 3278 2865 3338 consequentur
2894 3270 3111 3339 (Matth.
3138 3287 3191 3338 v,
3226 3273 3306 3342 7).·
3332 3272 3464 3327 Nam
3488 3289 3610 3328 cum
3634 3274 3763 3330 bea-

2179 3365 2263 3412 tus
2288 3356 2579 3426 Apostolus
2604 3368 2843 3423 moneat,
2872 3370 2931 3414 ut
2964 3364 3139 3417 omnia
3169 3364 3378 3419 honeste
3407 3375 3457 3419 et
3481 3367 3761 3419 secundum

2176 3448 2411 3502 ordinem
2432 3449 2566 3518 ﬁant
2592 3447 2648 3519 (Ι
2675 3448 2796 3503 Cor.
2826 3446 2951 3515 'xtv,
2996 3451 3120 3523 40),
3172 3461 3394 3523 propter
3439 3454 3583 3524 quod
3624 3464 3681 3509 et
3707 3455 3761 3509 in

2174 3535 2399 3593 Cantica
2436 3539 2765 3594 canticorum
2808 3540 3003 3596 dicitur
3035 3560 3047 3595 :
3083 3542 3335 3597 Ordinate
3362 3545 3417 3597 in
3457 3561 3539 3598 me
3565 3547 3762 3599 carita-

2173 3638 2277 3684 tem
2316 3630 2491 3704 (Cant.
2522 3648 2578 3698 ιι,
2622 3631 2678 3702 4)
2706 3650 2719 3685 :
2743 3633 3018 3703 quomodo
3047 3634 3303 3690 dicendus
3329 3644 3412 3691 est
3440 3646 3532 3690 aut
3559 3637 3760 3692 carita—

2176 3724 2245 3779 tis
2271 3731 2365 3778 aut
2393 3724 2774 3780 misericordia:
2802 3727 3045 3781 ordinem
3092 3737 3306 3793 tenere,
3357 3729 3469 3798 qui,
3500 3744 3609 3782 non
3634 3728 3760 3783 dico

2175 3815 2470 3886 quemlibet
2492 3816 2763 3872 hominem
2793 3818 2976 3883 alium,
3007 3819 3101 3873 sed
3131 3820 3243 3888 ipse
3268 3833 3463 3889 corpus
3489 3835 3645 3874 suum
3672 3834 3762 3872 re-

2176 3906 2288 3962 ﬁcit
2315 3907 2456 3972 cibo,
2492 3922 2559 3962 ne
2580 3907 2823 3974 deficiat;
2868 3910 3045 3962 munit
3073 3909 3407 3976 indumento,
3450 3924 3520 3964 ne
3548 3909 3758 3975 algeat;

2172 3996 2301 4050 dum
2330 4004 2413 4051 est
2441 4012 2655 4065 sanum,
2687 4006 2848 4052 cavet
2871 4014 2938 4052 ne
2968 3998 3294 4065 intirmetur;
3343 4000 3467 4054 dum
3498 4008 3582 4053 est
3607 3998 3761 4052 infir-

2173 4101 2341 4153 mum,
2375 4088 2573 4154 satagit
2599 4095 2656 4141 ut
2680 4096 2927 4154 sanetur;
2955 4090 3102 4144 carni
3128 4104 3237 4143 sua:
3266 4089 3643 4143 alimentorum
3669 4090 3760 4142 in-

2172 4186 2466 4241 cessanter,
2509 4179 2976 4246 vestimentorum,
3028 4179 3441 4235 medicaminum
3488 4180 3763 4233 ministrat

2172 4270 2402 4325 sollicita
2449 4271 2748 4326 intentione
2777 4273 3100 4339 subsidium;
3145 4281 3200 4327 et
3244 4273 3436 4327 anima:
3481 4288 3590 4327 sua:
3616 4273 3764 4327 male

2174 4362 2401 4417 vivendo
2436 4364 2704 4433 conquirit
2732 4364 3005 4418 interitum
3037 4382 3050 4418 :
3078 4380 3294 4419 carnem
3326 4380 3475 4419 suam
3506 4379 3763 4419 necessa-

2172 4453 2266 4523 riis
2290 4453 2423 4508 cibis
2451 4454 2637 4519 nutrit,
2673 4463 2728 4509 et
2759 4454 2992 4509 animam
3019 4471 3171 4509 suam
3210 4456 3462 4525 operibus
3490 4455 3645 4508 malis
3674 4454 3766 4508 in-

2174 4544 2400 4611 teriicit;
2430 4546 2577 4600 carni
2606 4561 2715 4601 suae
2743 4548 2936 4602 noxios
2962 4547 3111 4601 cibos
3139 4556 3318 4615 negat,
3347 4557 3401 4601 et
3430 4548 3768 4623 animmsuze

2174 4653 2337 4707 opera
2363 4638 2525 4704 mala,
2553 4646 2805 4707 tanquam
2829 4654 3036 4694 venena
3060 4638 3333 4694 mortifera
3355 4639 3764 4705 subministrat;

2173 4729 2320 4783 carni
2349 4744 2459 4783 sum
2500 4729 2666 4782 vitam
2709 4730 3031 4799 prolongarc
3075 4730 3366 4797 desiderat,
3415 4744 3534 4799 qua:
3577 4728 3768 4783 ﬁnitur

2172 4817 2361 4873 diebus
2381 4820 2586 4888 paucis,
2618 4827 2673 4873 et
2692 4819 2882 4872 anima:
2905 4835 3015 4873 sua:
3036 4829 3289 4889 procurat
3318 4828 3566 4886 mortem,
3593 4822 3770 4892 389

2172 4906 2325 4976 cujus
2354 4909 2407 4961 in
2437 4910 2699 4978 supplicio
2728 4925 2835 4964 non
2866 4910 2970 4964 erit
2998 4910 3153 4965 ﬁnis?
3180 4911 3257 4965 Ac
3281 4926 3379 4981 per
3406 4913 3510 4966 hoc
3535 4913 3625 4982 qui
3645 4913 3769 4969 ani-

2171 5014 2317 5053 mam
2361 5014 2513 5053 suam
2562 4999 2741 5055 odisse
2790 5000 3155 5068 convincitur,
3201 5002 3364 5056 etiam
3409 5002 3599 5055 anima:
3644 5017 3771 5057 suae

2169 5089 2401 5145 crudelis
2431 5089 2768 5146 adversarius
2796 5092 3063 5146 invenitur
3088 5110 3101 5145 :
3124 5093 3251 5160 quia
3278 5092 3417 5148 sicut
3445 5094 3571 5148 boni
3601 5103 3768 5151 actus

2166 5178 2369 5236 faciunt
2395 5196 2614 5237 carnem
2658 5198 2779 5237 cum
2806 5182 2984 5236 anima
3021 5184 3225 5239 cmlesti
3274 5185 3605 5241 beatitudine
3634 5201 3767 5255 per-

2166 5271 2290 5339 frui,
2339 5273 2416 5328 sic
2464 5289 2630 5343 opera
2675 5275 2815 5328 mala
2862 5275 3065 5328 faciunt
3109 5284 3316 5329 mterno
3362 5276 3470 5347 igni
3518 5278 3767 5332 animam

2166 5376 2288 5417 cum
2309 5377 2472 5418 carne
2497 5364 2755 5433 torqueri.
2788 5363 2909 5434 Ipse
2939 5364 3038 5418 sibi
3071 5379 3200 5433 ergo
3229 5374 3313 5419 est
3356 5367 3768 5434 perniciosissi-

2169 5467 2285 5507 mus
2307 5453 2574 5521 inimicus,
2603 5453 2845 5523 quisquis
2866 5454 3007 5509 male
3034 5454 3237 5521 vivens,
3263 5455 3427 5510 vitam
3453 5471 3559 5510 non
3584 5464 3769 5509 mutat

2170 5551 2457 5614 antequam
2486 5543 2651 5601 ﬁniat.
