4048 6342
325 437 426 494 557

917 546 1142 602 CAPUT
1181 548 1290 603 Vll.

391 624 472 678 Ex
510 624 672 693 huius
714 624 857 678 enim
895 626 1018 680 vita:
1066 627 1171 680 tine
1219 627 1359 682 illius
1387 629 1520 681 vine
1550 626 1748 696 pendet
1794 627 1895 681 ini-

321 714 474 779 tium,
505 711 560 764 in
586 725 695 782 qua
723 711 979 780 quidquid
1027 713 1339 767 retribuitur
1378 730 1484 768 non
1517 714 1715 766 ﬁnitur.
1763 712 1898 769 Cum

319 808 495 854 autem
525 799 684 868 digne
727 799 793 852 ab
822 800 1067 868 apostolo
1093 799 1297 855 Joanne
1336 802 1547 856 dicatur
1592 817 1606 854 :
1649 799 1749 864 Qui
1790 802 1899 856 odit

319 891 530 959 fratrem
557 904 722 951 suum,
755 888 1013 940 homicida
1036 896 1130 952 est,
1159 897 1207 940 et
1235 889 1376 942 scitis
1397 891 1514 958 quia
1542 890 1707 942 omnis
1729 890 1896 941 homi-

317 978 431 1030 cida
459 993 562 1030 non
590 975 740 1029 habet
759 978 910 1028 vitam
935 986 1179 1029 aeternam
1203 979 1258 1029 in
1280 993 1333 1029 se
1355 985 1645 1030 manentem
1666 975 1721 1046 (1
1734 976 1890 1030 Joan.

315 1081 388 1129 tu,
417 1063 528 1130 15).
560 1063 799 1131 Cumque
822 1075 1038 1118 sanctus
1067 1063 1232 1117 David
1264 1065 1407 1118 dicat
1432 1082 1443 1115 :
1474 1062 1573 1127 Qui
1612 1073 1779 1118 autem
1810 1067 1894 1118 di-

313 1153 425 1224 ligit
451 1153 795 1220 iniquitatem,
828 1151 936 1204 odit
979 1152 1207 1204 animam
1236 1167 1381 1203 suam
1410 1151 1584 1221 (Psal.
1618 1167 1672 1212 x,
1707 1150 1794 1220 6):
1847 1153 1890 1206 si

313 1242 579 1298 homicida
607 1249 690 1296 est
711 1241 802 1308 qui
829 1241 1231 1294 fratrem-suum
1263 1242 1397 1305 odit,
1426 1241 1553 1310 quid
1581 1250 1664 1295 est
1693 1244 1782 1309 qui
1806 1244 1886 1296 di-

313 1331 426 1400 ligit
454 1331 791 1400 iniquitatem
819 1337 872 1383 et
901 1330 1014 1383 odit
1037 1331 1270 1383 animam
1302 1333 1494 1385 suam?
1523 1339 1578 1384 et
1610 1332 1655 1386 si
1685 1332 1772 1385 ille
1801 1333 1890 1400 qui

308 1420 423 1474 odit
449 1419 671 1474 fratrem
695 1434 802 1472 non
831 1417 996 1471 habet
1025 1417 1187 1470 vitam
1209 1426 1464 1472 aeternam
1492 1418 1544 1472 in
1577 1435 1634 1473 se
1662 1435 1889 1473 manen-

311 1518 437 1573 tem,
469 1505 740 1576 quomodo
771 1505 860 1559 ille
903 1504 994 1572 qui
1029 1504 1082 1558 in
1108 1504 1395 1559 dilectione
1427 1506 1720 1574 iniquitatis
1763 1507 1888 1560 odio

309 1599 500 1652 animae
519 1611 630 1651 sua:
661 1595 777 1648 linit
818 1595 975 1649 istam
1025 1594 1211 1659 vitam,
1260 1594 1541 1662 pervenire
1586 1595 1787 1661 poterit
1821 1595 1887 1649 ad

309 1687 687 1756 indulgentiam
715 1692 1082 1754 peccatorum,
1119 1699 1218 1752 per
1245 1698 1404 1750 quam
1440 1684 1652 1738 venitur
1696 1686 1760 1738 ad
1811 1686 1888 1739 vi-

309 1778 453 1832 tam?
484 1791 605 1830 cum
638 1776 750 1844 ipse
800 1774 1052 1826 Dominus
1085 1782 1268 1828 noster
1307 1773 1587 1828 evidenter
1631 1775 1889 1831 ostendat

305 1866 534 1936 qualiter
560 1865 627 1919 ad
657 1865 822 1917 vitam
850 1863 1213 1932 unusquisque
1243 1865 1542 1932 perveniat,
1575 1865 1794 1919 dicens:
1824 1867 1887 1921 Si

307 1957 376 2009 vis
399 1955 570 2009 venire
597 1954 666 2006 ad
695 1954 868 2019 vitam,
913 1969 1058 2005 serva
1093 1953 1344 2005 mandata
1373 1952 1588 2018 (Matth.
1639 1969 1712 2018 ιχ,
1769 1955 1873 2023 17).

306 2041 394 2097 Ille
423 2043 590 2111 igitur
607 2042 785 2096 veniet
806 2040 872 2093 ad
906 2040 1071 2093 vitam
1104 2040 1194 2109 qui
1237 2040 1485 2094 mandata
1525 2051 1723 2096 servat.
1751 2043 1879 2109 Quis

307 2142 481 2187 autem
510 2113 687 2187 servat
714 2131 893 2184 divina
923 2129 1196 2195 mandata,
1225 2131 1325 2184 nisi
1347 2131 1437 2198 qui
1469 2130 1534 2186 ad
1560 2133 1726 2186 Deum
1756 2149 1880 2187 con-

306 2235 486 2276 versus
505 2227 629 2273 ante
655 2217 813 2272 tinem
843 2217 969 2271 vitae
997 2219 1276 2286 praesentis
1320 2219 1629 2274 discesserit
1668 2221 1734 2275 ab
1773 2222 1874 2275 ini-

304 2311 592 2382 quitatibus
617 2308 889 2378 pristinis?
914 2306 1142 2376 Propter
1168 2309 1311 2376 quod
1334 2310 1526 2364 beatus
1557 2310 1754 2367 Paulus
1779 2329 1878 2368 nos

302 2398 570 2460 admonet,
602 2406 658 2448 ut
685 2395 916 2448 discedat
944 2394 1006 2447 ab
1046 2396 1316 2465 iniquitate
1351 2399 1516 2450 omnis
1546 2400 1631 2467 qui
1674 2401 1876 2452 invocat

303 2504 480 2540 nomen
505 2485 713 2539 Domini
764 2483 814 2553 (Ι
848 2483 978 2536 Tim.
1011 2500 1066 2546 ιι,
1117 2483 1226 2553 18).
1271 2483 1386 2538 Hoc
1413 2493 1591 2539 autem
1641 2487 1872 2548 dicebat,

302 2578 472 2630 sciens
518 2575 643 2642 quia
693 2573 745 2626 in
800 2573 904 2627 hoc
927 2582 1171 2644 tempore
1235 2575 1549 2642 paenitentia
1601 2575 1874 2632 l'ructuose

304 2667 500 2733 agitur,
533 2665 586 2717 in
616 2678 723 2731 quo
752 2663 1138 2732 paenitentibus
1159 2662 1483 2731 indulgentia
1513 2665 1869 2721 condonatur.

300 2752 560 2807 Czcterum
599 2751 652 2804 in
691 2750 868 2804 futuro
907 2750 1010 2803 erit
1059 2749 1360 2818 iniquorum
1410 2751 1742 2820 pmnitentia,
1781 2753 1875 2808 sed

301 2841 566 2894 fructuosa
605 2853 714 2892 non
745 2839 847 2890 erit
879 2854 893 2888 :
925 2836 1048 2904 quia
1075 2838 1377 2905 iniquorum
1401 2840 1682 2894 conversio
1730 2841 1874 2895 nulla

300 2929 416 2982 erit.
446 2926 727 2981 Mittentur
751 2925 894 2978 enim
924 2925 978 2978 in
1007 2927 1258 2978 tenebras
1283 2926 1605 2992 exteriores,
1651 2928 1738 2981 ubi
1772 2929 1876 2982 erit

298 3018 449 3074 fletus
469 3030 525 3073 et
548 3017 747 3073 stridor
768 3017 1027 3070 dentium.
1076 3013 1152 3069 lbi
1194 3017 1308 3070 sine
1351 3015 1455 3071 fine
1487 3017 1871 3074 cruciabuntur

299 3127 404 3165 non
430 3110 605 3164 solum
629 3108 912 3176 gehennali
951 3107 1213 3177 supplicio
1244 3109 1432 3162 animae
1480 3110 1640 3163 simul
1665 3121 1720 3165 et
1753 3127 1875 3167 cor-

297 3216 445 3272 pora,
469 3200 564 3256 sed
603 3201 764 3254 etiam
813 3198 939 3267 ipsis
980 3200 1213 3254 tenebris
1262 3201 1510 3269 pessiime
1557 3203 1868 3274 voluptatis.

297 3291 393 3346 Hic
411 3291 514 3346 erit
540 3289 683 3344 enim
709 3289 903 3343 talibus
931 3289 1070 3342 mala
1108 3282 1222 3358 ipsa
1254 3291 1503 3360 voluptas
1532 3291 1596 3346 ad
1626 3294 1873 3362 supplicii

296 3383 586 3445 cumulum,
619 3396 716 3450 pro
747 3396 852 3449 qua
892 3389 1078 3434 manet
1106 3397 1289 3435 eorum
1333 3383 1448 3438 sine
1489 3383 1594 3438 ﬁne
1633 3391 1871 3440 tormen-

295 3483 431 3528 tum.
461 3472 735 3541 Spernunt
756 3469 896 3525 enim
927 3486 1068 3524 nunc
1112 3472 1571 3540 opportunitatem
1615 3475 1872 3544 temporis

1302 440 1388 495 DE
1431 432 1830 498 REMISSIONE
1870 441 2322 496 PECCATOltUM
2363 442 2486 497 LIB.
2529 444 2590 497 11.

1924 556 1968 611 Λ

3471 441 3604 504 558¹

2589 552 2813 638 CAPUT
2853 553 2982 605 V'Ill.
3351 619 3372 625 ,_

2068 661 2295 732 Oportet
2334 663 2496 731 igitur
2540 672 2599 717 ut
2636 664 2779 719 hunc
2828 665 3137 734 apostolicae
3179 663 3575 735 praedicationis

1998 767 2298 807 sermonem
2323 754 2479 821 paulo
2501 753 2803 822 diligentius
2830 756 3184 810 attendamus.
3210 755 3392 825 Neque
3429 758 3573 811 enim

1997 842 2191 895 frustra
2214 857 2334 895 cum
2365 851 2514 896 tanto
2539 844 2776 912 pondere
2802 854 3097 913 prtemonet
3121 845 3304 900 dicens
3340 863 3352 897 :
3398 844 3577 900 Nolite

1997 947 2202 996 errare;
2260 949 2322 986 ac
2362 934 2612 1002 deinceps
2669 935 2905 1003 adjecit:
2953 935 3092 990 Deus
3148 953 3253 991 non
3308 938 3570 992 irridetur.

1995 1021 2341 1078 Postmodum
2371 1039 2501 1078 vero
2543 1027 2772 1092 aperuit,
2816 1026 2867 1078 in
2911 1040 3018 1094 quo
3061 1027 3344 1080 nonnullos
3389 1021 3571 1081 errare

1995 1112 2264 1180 cognovit,
2298 1113 2544 1181 inquiens
2571 1132 2582 1165 :
2619 1112 2746 1177 Quae
2771 1116 2904 1168 enim
2926 1117 3250 1168 seminaverit
3269 1115 3438 1180 homo,
3463 1118 3571 1169 haec

1993 1211 2042 1255 et
2061 1211 2231 1256 metet.
2263 1201 2420 1256 Errat
2439 1217 2570 1270 ergo
2590 1205 2832 1272 quisquis
2853 1219 2910 1259 se
2938 1205 2991 1257 in
3014 1205 3365 1259 retributione
3392 1204 3571 1258 futura

1993 1307 2290 1347 messurum
2320 1301 2472 1362 putat
2500 1293 2642 1362 quod
2685 1295 2736 1346 in
2762 1293 2920 1360 hujus
2961 1296 3216 1362 temporis
3256 1295 3570 1363 operatione

1991 1392 2098 1430 non
2119 1378 2369 1431 seminat.
2395 1377 2590 1431 Verum
2618 1379 2741 1447 quia
2765 1379 2930 1448 ipsius
2951 1381 3317 1434 seminationis
3339 1395 3404 1435 ac
3427 1396 3570 1435 mee-

1990 1466 2063 1520 sis
2084 1466 2366 1520 diversitas
2396 1467 2491 1519 fuit
2519 1468 2817 1522 evidentius
2845 1469 3157 1532 intimanda,
3197 1470 3396 1525 idcirco
3443 1488 3565 1526 eam

1990 1556 2437 1624 subsequentibus
2472 1559 2648 1613 verbis
2686 1560 2889 1628 peritus
2932 1560 3270 1616 discernendi
3329 1563 3564 1630 agricola

1989 1645 2330 1714 subjungens,
2359 1647 2473 1702 haec
2501 1649 2576 1701 ait
2612 1667 2624 1701 :
2659 1647 2916 1712 Quoniam
2953 1653 3036 1722 qui
3065 1653 3285 1708 seminat
3320 1653 3373 1706 in
3411 1670 3567 1708 carne

1987 1750 2104 1801 sua,
2133 1735 2198 1788 de
2223 1751 2380 1790 carne
2405 1746 2552 1791 metet
2594 1741 2970 1808 corruptionem
2997 1759 3010 1792 :
3035 1743 3121 1812 qui
3149 1752 3316 1796 autent
3345 1735 3567 1796 seminat

1987 1825 2041 1876 in
2061 1826 2266 1893 spiritu,
2313 1827 2375 1881 de
2422 1830 2604 1898 spiritu
2649 1840 2798 1883 metet
2833 1832 2989 1883 vitam
3029 1843 3294 1887 wternam.
3341 1833 3435 1888 Ille
3482 1844 3566 1888 est

1918 1919 1961 1978 Β
1987 1930 2116 1982 ergo
2142 1931 2295 1970 error
2314 1934 2473 1986 quem
2505 1920 2555 1972 in
2593 1919 2748 1987 hujus
2788 1923 3051 1977 sermonis
3091 1924 3367 1978 interdixit
3413 1939 3564 1978 exor-

295 3563 532 3634 accepti;
561 3570 618 3616 et
644 3561 699 3615 in
728 3561 814 3616 die
851 3561 1036 3614 salutis
1073 3576 1182 3614 non
1220 3569 1466 3629 quaerunt
1490 3563 1746 3617 divinitus
1783 3567 1872 3618 ad-
1933 3616 1936 3618 γ

290 3654 484 3724 juvari.
517 3653 671 3719 Quod
698 3660 909 3720 tempus
939 3651 1012 3705 ita
1044 3651 1184 3706 Deus
1213 3652 1531 3720 prophetico
1558 3653 1713 3707 nobis
1738 3652 1870 3707 insi-

293 3741 732 3810 nuavit.eloquio,
757 3741 942 3795 dicens
967 3759 978 3793 :
1015 3739 1264 3808 Tempore
1291 3751 1500 3812 accepto
1529 3744 1767 3797 exaudivi
1798 3751 1866 3807 te,

293 3848 341 3890 et
367 3838 421 3890 in
443 3837 526 3890 die
550 3834 732 3889 salutis
774 3834 948 3904 adjuvi
984 3842 1069 3887 te:
1097 3831 1211 3887 Hoc
1247 3833 1613 3887 testimonium
1644 3835 1696 3887 in
1739 3834 1868 3904 Epi-

292 3927 431 3982 stola
458 3943 555 3981 sua
584 3941 705 3980 cum
735 3925 924 3979 beatus
964 3923 1256 3992 Apostolus
1295 3923 1596 3987 indidisset,
1652 3933 1866 3979 secutus

291 4015 571 4084 adjunxit:
615 4013 746 4068 Ecce
800 4030 934 4066 nunc
986 4023 1177 4082 tempus
1216 4012 1548 4082 acceptabile,
1580 4029 1695 4066 ecce
1733 4029 1868 4065 nunc

291 4107 398 4160 dies
422 4106 606 4160 salutis
636 4103 721 4174 (II
743 4103 862 4157 Cor.
894 4119 964 4167 γι,
1002 4103 1079 4170 2).
1109 4102 1222 4157 Hoc
1249 4111 1457 4171 tempus
1498 4104 1604 4157 alio
1643 4105 1762 4158 loco
1791 4104 1868 4159 sic

290 4192 571 4250 evidenter
591 4194 728 4248 idem
749 4192 1088 4248 commendat
1108 4193 1402 4262 apostolus,
1430 4199 1490 4245 ut
1520 4194 1761 4263 quisquis
1782 4193 1865 4247 di-

289 4287 412 4340 vino
447 4285 778 4340 illuminatus
817 4299 1039 4338 munere
1080 4284 1282 4338 intente
1315 4285 1505 4353 legerit
1550 4293 1605 4339 et
1653 4300 1866 4354 compe-

287 4381 464 4428 tenter
491 4372 834 4438 intellexerit,
879 4389 987 4427 non
1025 4388 1084 4426 se
1127 4368 1381 4441 decipiat,
1427 4390 1528 4429 nec
1577 4375 1720 4429 aliud
1763 4379 1864 4432 sibi

288 4469 497 4531 tempus
517 4462 881 4516 conversionis
910 4469 1002 4515 aut
1022 4463 1352 4516 remissionis
1383 4464 1652 4531 inquirat:
1688 4467 1862 4522 sciens

287 4551 407 4619 quia
435 4550 678 4619 quisquis
699 4551 753 4604 in
783 4551 884 4605 hoc
911 4559 1154 4619 tempore
1198 4552 1588 4620 indulgentiam
1632 4557 1862 4610 noluerit

1980 2006 2088 2068 dio,
2117 2023 2223 2076 quo
2260 2023 2320 2062 se
2349 2011 2715 2078 unusquisque
2762 2011 2903 2064 aliud
2949 2013 3222 2066 existimat
3265 2030 3562 2070 messurum

1980 2109 2100 2148 esse
2134 2111 2299 2163 quam
2338 2098 2585 2151 seminat.
2616 2098 2774 2152 Errat
2820 2100 2978 2167 igitur
3012 2102 3251 2170 quisquis
3297 2104 3350 2156 in
3398 2119 3561 2158 carne

1979 2185 2226 2248 seminat,
2259 2185 2325 2240 de
2349 2202 2452 2255 qua
2481 2189 2752 2258 corruptio
2779 2190 3018 2254 metitur,
3060 2192 3330 2246 existimat
3358 2207 3565 2248 messu-

1977 2290 2097 2328 rum
2123 2291 2183 2330 se
2213 2277 2374 2331 vitam
2396 2287 2676 2346 aeternam,
2709 2296 2828 2349 qua:
2858 2281 2910 2334 in
2943 2282 3133 2349 spiritu
3172 2285 3564 2344 seminantibus

1979 2375 2303 2420 reservatur.
2330 2367 2584 2438 Sequitur
2614 2386 2742 2424 vero
2769 2371 3062 2438 Apostolus
3104 2373 3287 2428 dicens
3315 2393 3327 2427 :
3364 2374 3560 2430 Bonum

1979 2465 2148 2509 autem
2189 2459 2453 2526 facientes,
2500 2476 2602 2512 non
2653 2461 2994 2529 deﬁciamus:
3028 2472 3252 2532 tempore
3289 2466 3424 2518 enim
3468 2483 3561 2522 suo

1977 2552 2222 2597 metemus
2251 2562 2354 2599 non
2394 2547 2708 2615 deficientes.
2755 2549 2880 2604 Haec
2922 2551 3079 2621 (forte
3118 2553 3238 2622 llic)
3286 2555 3561 2610 evidenter

1977 2631 2213 2684 ostendit
2241 2633 2458 2688 seminis
2488 2635 2703 2688 nomine
2743 2637 3168 2706 uniuscujusque
3213 2655 3378 2708 opera
3416 2642 3561 2696 desi-

1977 2724 2148 2791 gnari.
2182 2725 2437 2794 Superius
2462 2727 2603 2782 enim
2635 2728 2879 2783 dixerat:
2914 2730 3041 2794 Qute
3067 2736 3204 2787 enim
3233 2738 3560 2793 seminaverit

1977 2817 2146 2882 homo,
2179 2820 2286 2873 litvo
2306 2830 2356 2873 et
2381 2829 2548 2875 metet.
2575 2823 2723 2878 Nunc
2751 2824 2911 2879 dicit:
2947 2827 3146 2882 Bonum
3177 2840 3347 2884 autem
3369 2834 3560 2900 facien-

1979 2916 2070 2970 tes,
2096 2925 2198 2962 non
2223 2910 2568 2980 deficiamus:
2607 2922 2831 2983 tempore
2859 2918 2995 2970 enim
3040 2935 3133 2973 suo
3173 2930 3414 2975 metemus
3453 2905 3585 2978 non~

1977 2997 2288 3066 deﬁcientes.
2317 3000 2458 3054 Vere
2487 3001 2742 3056 Veritatis
2785 3004 3098 3075 discipulus,
3126 3017 3181 3062 et
3211 3011 3280 3063 ob
3310 3011 3413 3064 hoc
3441 3027 3558 3066 nia-

1977 3087 2144 3154 gister
2171 3090 2418 3157 egregius
2446 3092 2712 3158 gentium,
2741 3096 2831 3162 qui
2859 3095 2999 3150 sicut
3030 3097 3291 3164 justitiam
3324 3115 3428 3154 non
3464 3101 3559 3156 de-

1977 3175 2208 3230 futuram
2249 3177 2300 3230 in
2332 3180 2687 3235 retributione
2732 3199 2956 3252 operum
2986 3186 3187 3252 docuit,
3236 3189 3312 3244 sic
3352 3199 3558 3260 tempus

1900 3278 1945 3340 ρ
1978 3267 2350 3322 seminationis
2370 3277 2425 3322 et
2455 3271 2660 3337 messis,
2695 3272 2745 3327 id
2777 3284 2860 3329 est
2889 3280 3216 3345 operationis
3244 3283 3557 3338 retributio-

1977 3357 2165 3426 nisque
2190 3359 2473 3414 discrevit:
2507 3377 2574 3416 ne
2603 3365 2722 3431 quis
2769 3367 2949 3436 inepta
2997 3371 3321 3436 cogitatione
3349 3383 3556 3444 tempus

1973 3449 2342 3505 seminationis
2373 3460 2427 3505 et
2457 3457 2647 3508 messis
2677 3458 3030 3522 confundens,
3064 3471 3155 3514 aut
3185 3471 3425 3532 tempore
3463 3481 3555 3520 se-

1973 3536 2282 3592 minationis
2310 3541 2566 3609 deposcat
2585 3543 2774 3599 futurae
2797 3550 2984 3602 messis
3005 3549 3273 3616 elfectum,
3303 3562 3392 3606 aut
3411 3561 3552 3608 tem-

1973 3642 2105 3695 pore
2133 3631 2320 3685 messis
2346 3633 2745 3688 concedendum
2776 3637 2877 3708 sibi
2913 3647 3091 3707 speret
3118 3640 3273 3694 home
3316 3643 3551 3698 semina-

1971 3717 2132 3772 tionis
2184 3720 2422 3787 initium;
2470 3739 2535 3780 ac
2577 3726 2654 3780 sic
2693 3727 2836 3782 iners
2889 3732 3167 3800 operarius
3214 3743 3270 3788 et
3325 3735 3550 3802 ignavus

1970 3807 2196 3876 pigritiae
2237 3811 2460 3867 vinculis
2503 3815 2762 3883 irretitus,
2803 3819 2930 3885 imo,
2967 3821 3111 3890 quod
3160 3832 3241 3877 est
3290 3825 3569 3892 deterius,

1970 3899 2146 3953 studio
2176 3902 2465 3958 mortiferae
2491 3907 2860 3964 seminationis
2888 3910 3140 3976 intentus,
3185 3929 3291 3968 non
3317 3914 3552 3983 gaudeat

1924 4022 1930 4029 ς
1972 3987 2026 4038 in
2053 4001 2246 4054 messe,
2275 3989 2366 4044 sed
2393 3991 2588 4059 lugeat,
2621 3994 2747 4048 dum
2783 3999 3006 4066 cmperit
3033 4015 3140 4054 suae
3180 4003 3550 4060 seminationis

1970 4078 2228 4145 condigna
2261 4091 2386 4136 tunc
2415 4093 2635 4150 metere,
2663 4089 2877 4154 quando
2901 4088 3010 4158 jam
3043 4107 3149 4146 non
3182 4095 3382 4160 poterit
3404 4110 3542 4164 qua-

1969 4166 2176 4222 litatem
2205 4170 2328 4222 mali
2365 4173 2585 4228 seminis
2625 4175 2928 4232 immutare.
2979 4177 3077 4234 Est
3123 4189 3384 4249 praeterea
3431 4184 3547 4239 dili-

1969 4260 2177 4324 gentius
2205 4261 2586 4316 attendendum
2616 4267 2716 4319 tria
2755 4268 2970 4337 quidem
3001 4271 3154 4325 nobis
3199 4273 3252 4326 in
3282 4273 3387 4328 hoc
3423 4274 3543 4331 loco

1968 4351 2274 4418 apostolicae
2329 4353 2585 4409 doctrinte
2615 4360 2879 4413 sermonis
2908 4362 3116 4415 ostendi
3147 4381 3168 4425 ;
3195 4363 3301 4418 hoc
3331 4374 3436 4432 est,
3486 4375 3547 4420 ut

1967 4440 2164 4493 bonum
2195 4441 2467 4508 faciamus,
2497 4455 2551 4498 et
2581 4455 2637 4498 nt
2665 4463 2766 4500 non
2793 4448 3118 4515 deficiamus,
3151 4451 3273 4518 quia
3299 4461 3544 4522 tempore

1966 4542 2064 4581 suo
2093 4538 2353 4585 metemus
2381 4549 2488 4586 non
2528 4533 2859 4608 deﬁcientes.
2892 4535 3093 4592 Horum
3135 4540 3295 4592 trium
3336 4541 3444 4596 duo
3486 4543 3540 4597 in

285 4654 547 4709 qumrere,
573 4639 874 4695 nullatenus
895 4648 1016 4708 post
1054 4640 1210 4693 istam
1255 4641 1418 4694 vitam
1461 4642 1661 4710 poterit
1708 4644 1861 4697 inve-

1971 4625 2233 4684 prteccpto
2262 4628 2384 4672 sunt
2412 4622 2609 4689 operis,
2643 4624 2856 4676 tertium
2903 4626 2954 4678 in
2999 4627 3351 4694 promissione
3390 4645 3537 4684 mer-

284 4730 418 4784 nire.
451 4729 701 4783 Scribens
724 4743 851 4797 ergo
880 4729 1067 4785 beatus
1096 4729 1291 4783 Paulus
1320 4731 1386 4784 ad
1411 4730 1627 4785 Galatas
1650 4733 1761 4787 haec
1789 4734 1864 4788 lo-

283 4820 463 4887 quitur
486 4836 499 4868 ε
533 4816 708 4871 Nolite
732 4833 944 4871 errare:
972 4817 1110 4872 Deus
1134 4835 1236 4873 non
1271 4819 1535 4872 irridetur.
1573 4819 1699 4882 Qua:
1725 4809 1860 4876 enim

280 4910 606 4962 seminaverit
627 4908 800 4972 homo,
835 4908 942 4960 hth
961 4916 1008 4960 et
1037 4919 1207 4962 metet.
1239 4900 1510 4970 Quoniam‘
1529 4911 1613 4980 qui
1642 4911 1863 4964 seminat

279 4999 330 5050 in
353 5014 513 5050 carne
539 5013 653 5062 sua,
683 4997 745 5049 de
771 5012 926 5049 carne
954 5005 1104 5049 metet
1133 4999 1541 5066 corruptionem;
1573 4999 1668 5062 qui
1690 5009 1860 5052 autem

280 5088 500 5139 seminat
529 5087 582 5138 in
602 5086 803 5151 spiritu,
834 5085 896 5136 de
915 5087 1097 5154 spiritu
1121 5095 1270 5138 metet
1291 5088 1446 5138 vitam
1470 5097 1734 5140 teternam.
1763 5087 1860 5141 Bo-

277 5193 401 5230 num
427 5184 596 5228 autem
616 5177 880 5246 facientes,
912 5192 1012 5230 non
1055 5177 1352 5246 deﬁciamus
1383 5193 1400 5229 :
1431 5185 1657 5248 tempore
1694 5180 1857 5248 390

277 5267 413 5319 enim
435 5282 527 5318 suo
551 5274 795 5319 metemus
822 5283 926 5320 non
953 5267 1264 5336 deﬁcientes.
1315 5267 1457 5338 Ergo
1492 5269 1614 5322 dum
1657 5278 1853 5338 tempus

277 5354 540 5418 habemus,
571 5371 836 5423 operemur
861 5355 1048 5408 bonum
1076 5355 1144 5407 ad
1173 5371 1378 5420 omnes;
1416 5357 1638 5410 maxime
1683 5367 1851 5410 autem

275 5441 344 5494 ad
367 5441 672 5496 domesticos
693 5442 818 5511 ﬁdei
848 5442 989 5510 (Gal.
1034 5459 1120 5511 v1,;
1144 5443 1174 5496 7
1213 5454 1261 5496 et
1281 5443 1435 5511 seq.).
1471 5443 1562 5499 His
1607 5445 1850 5514 Apostoli

241 5593 250 5600 _
273 5529 455 5584 verbis
481 5531 601 5598 quis
622 5531 770 5598 piger
797 5530 867 5584 ad
894 5531 1074 5600 operis
1103 5532 1230 5586 boni
1278 5547 1384 5586 non
1425 5533 1691 5588 excitetur
1720 5533 1850 5589 affe-

273 5620 462 5689 ctum?
489 5618 618 5684 Quis
644 5633 831 5672 errans
859 5633 889 5672 a
910 5619 1021 5674 Deo
1062 5635 1168 5674 non
1212 5629 1415 5675 rectam
1460 5621 1598 5675 viam
1649 5631 1848 5678 treme-

273 5703 445 5760 factus
467 5706 733 5776 inquirat?
755 5707 884 5773 Quis
913 5723 1022 5762 non
1062 5708 1403 5764 seminatibni
1430 5709 1587 5765 bonae
1607 5711 1845 5768 delecte-

273 5798 360 5847 tur
382 5794 650 5861 insistere,
679 5793 896 5864 quando
921 5810 980 5850 se
1001 5811 1111 5850 non
1139 5796 1282 5851 aliud
1311 5813 1474 5867 quam
1509 5799 1653 5870 quod
1681 5801 1847 5857 semi-

270 5889 366 5936 nat
385 5891 722 5953 recepturum
749 5883 1027 5950 cognoscit
1051 5883 1102 5938 in
1133 5887 1348 5942 messe?

1964 4703 2128 4758 cedis.
2163 4705 2377 4761 Duobus
2428 4709 2580 4763 labor
2623 4714 2887 4779 Operariis
2927 4715 3195 4780 indicitur,
3241 4719 3401 4772 tertio
3439 4736 3537 4789 spe

1962 4792 2153 4846 futurze
2180 4797 2370 4850 messis
2390 4797 2747 4853 laborantium
2772 4803 2980 4856 animus
3015 4803 3341 4860 sublevatur.
3380 4808 3539 4863 Assu-

1963 4881 2035 4935 let
2055 4884 2195 4936 enim
2225 4885 2315 4953 qui
2335 4894 2536 4941 certam
2568 4897 2749 4958 sperat
2786 4907 2884 4960 pro
2913 4892 2994 4945 sui
3032 4891 3230 4947 laboris
3277 4897 3537 4964 qualitate

1962 4972 2285 5040 mercedem,
2319 4989 2533 5031 sumere
2553 4980 2720 5047 magis
2754 4995 2821 5034 ex
2851 4981 3033 5038 labore
3069 4983 3341 5039 virtutem.
3374 4986 3537 5042 Bome

1962 5063 2123 5131 igitur
2169 5069 2468 5135 operationi
2513 5070 2802 5142 Apostolus
2847 5077 3297 5142 perseverantiam
3335 5078 3533 5147 jungit,

1961 5163 2020 5208 ut
2046 5170 2152 5209 non
2180 5156 2391 5212 deficiat
2421 5161 2471 5214 in
2502 5163 2703 5216 semine
2733 5164 2972 5232 quisquis
3002 5165 3054 5218 in
3083 5182 3260 5221 messe
3306 5168 3536 5224 delecta-

1960 5253 2046 5300 tur
2063 5248 2178 5302 sine
2198 5246 2301 5303 ﬁne
2325 5252 2572 5317 gaudere.
2601 5253 2834 5308 Proinde
2855 5256 3147 5309 secundum
3168 5258 3368 5312 dictum
3388 5259 3534 5315 beati

1958 5335 2200 5405 Apostoli
2228 5338 2316 5391 ille
2347 5355 2565 5395 necesse
2593 5350 2676 5395 est
2705 5342 2771 5395 ad
2796 5345 2952 5415 391
2983 5345 3173 5399 futurae
3195 5349 3383 5402 messis
3403 5362 3536 5416 gau-

1955 5423 2099 5478 dium
2132 5429 2427 5495 pcrveniat,
2458 5429 2545 5498 qui
2575 5433 2828 5499 praesenti
2866 5441 3108 5503 tempore
3138 5435 3191 5488 in
3225 5436 3380 5490 bona:
3409 5453 3535 5507 ope-

1956 5520 2178 5574 rationis
2192 5522 2392 5577 semine
2413 5533 2739 5592 perseverat.
2762 5523 3024 5583 Cancrum
3047 5531 3273 5585 multum
3297 5535 3530 5603 seipsum

1956 5611 2180 5674 seducit,
2212 5614 2323 5668 sive
2352 5615 2442 5684 qui
2474 5615 2615 5670 nulla
2646 5618 2863 5672 mittens
2900 5634 3067 5688 usque
3090 5622 3140 5675 in
3183 5621 3340 5679 tinem
3388 5643 3530 5697 prae-

1957 5706 2122 5759 sentis
2166 5707 2288 5760 vita:
2341 5709 2546 5762 semina
2586 5725 2809 5779 operum
2856 5713 3141 5780 bonorum,
3190 5726 3344 5786 putat
3386 5719 3529 5774 bona

1955 5796 2275 5867 quandoque
2297 5814 2625 5865 messurum;
2650 5816 2743 5855 seu
2768 5803 2857 5873 qui
2885 5803 3210 5875 depravatus
3235 5817 3382 5863 caret
3405 5825 3530 5878 per-

1955 5889 2253 5944 severantia
2297 5890 2452 5948 bontc
2495 5893 2843 5962 operationis,
2885 5905 2938 5952 et
2984 5897 3222 5954 iustitiam
3251 5907 3431 5971 sperat
3470 5900 3523 5953 in
