4066 6346
447 418 550 475 559

1457 410 1514 466 s.
1558 392 1922 464 sumsum
1962 404 2264 462 EPISCOPI
2304 402 2677 466 RUSPENSIS

3610 409 3712 464 560

447 532 800 589 retributione
839 527 1105 585 mercedis
1137 545 1149 580 :
1192 539 1315 582 cum
1353 523 1545 579 beatus
1584 521 1872 592 Apostolus
1919 520 2024 574 hoc
2052 525 2097 581 Α
2127 523 2374 574 morietur
2402 520 2614 592 (Ezech.
2647 536 2791 586 xvm,
2823 517 2936 589 24).
2970 517 3185 575 Frustra
3214 520 3374 588 igitur
3400 521 3503 576 sibi
3527 535 3715 592 pecu.

446 635 885 691 unumquemque
923 626 1263 688 recepturum
1309 622 1538 670 testatur
1570 614 1628 668 in
1663 628 1851 688 messe
1882 611 2027 682 quod

447 723 856 784 perseveranter
885 709 1158 781 prmmittit
1186 707 1239 762 in
1268 706 1493 762 semine.
1529 704 1672 760 Talis
1694 719 1926 773 namque
1946 711 2029 758 est
2072 712 2078 718 '

448 806 537 860 ille
568 803 920 884 peritissimus
946 798 1234 854 ventilator
1272 795 1487 869 (Matth.
1532 811 1607 860 ιιι,
1642 794 1725 866 12)
1777 794 1868 863 qui
1915 808 2032 862 pcr-

447 899 725 954 mnndabit
754 910 933 950 aream
965 908 1137 958 suam,
1168 901 1226 947 ut
1254 892 1308 945 in
1337 890 1662 945 discretione
1686 888 1844 943 tritici
1868 896 2030 957 atque

447 990 723 1057 palearum
753 985 895 1040 nulla
918 982 1264 1053 subreptione
1290 980 1535 1046 fallatur;
1568 994 1668 1034 nec
1693 978 1746 1033 in
1776 978 2031 1033 horreum

448 1080 612 1135 mittit
637 1078 817 1149 paleas
844 1076 1057 1145 ignibus
1084 1074 1306 1139 dandas,
1334 1088 1435 1128 nec
1465 1072 1628 1128 tradit
1655 1071 1884 1127 ﬂammis
1917 1070 2030 1127 fru-

447 1178 628 1224 menta
660 1183 780 1239 quae
825 1175 950 1222 sunt
991 1167 1188 1222 horreo
1223 1164 1546 1235 deputanda.
1576 1163 1790 1218 Futura:
1838 1163 2035 1234 quippe

450 1260 640 1315 messis
687 1267 931 1328 tempore
980 1256 1109 1311 boni
1148 1255 1524 1320 seminatores,
1563 1253 1638 1307 illi
1687 1253 1890 1308 scilicet
1942 1252 2036 1322 qui

452 1365 596 1404 nunc
620 1355 1029 1420 perseveranter
1056 1345 1385 1400 semiuantes
1415 1343 1468 1397 in
1492 1342 1741 1413 lacrymis
1772 1342 1823 1395 in
1844 1340 2037 1409 gaudio

452 1447 679 1502 metent,
703 1438 926 1509 quique.
950 1451 1089 1490 nunc
1117 1445 1307 1489 euntes
1351 1432 1480 1487 ﬂent
1517 1433 1794 1487 mittentes
1833 1431 2038 1486 semina

452 1548 570 1594 sua,
609 1540 736 1584 tunc
772 1536 955 1583 autem
995 1525 1274 1581 venientes
1315 1523 1532 1579 venient
1579 1523 1630 1576 in
1679 1522 2040 1578 exsultatione

451 1630 734 1697 portantes
760 1618 1065 1689 manipulos
1102 1631 1230 1671 suos
1266 1615 1443 1688 (Psal.
1472 1629 1633 1681 cxxv,
1682 1612 1739 1678 5,
1769 1612 1849 1681 6).
1890 1611 2042 1667 Sicut

451 1694 545 1768 ille
591 1694 888 1782 privabitur
926 1705 1124 1776 gaudio
1166 1706 1551 1774 consortioque
1580 1718 1880 1758 messorum
1920 1703 2034 1771 qui,

452 1805 583 1859 licet
605 1799 891 1871 aliquando
921 1799 1063 1854 bona
1091 1796 1457 1860 seminaverit,
1482 1794 1939 1865 perseverantiam
1966 1803 2044 1848 ta-

2131 620 2306 664 torum
2362 602 2733 665 remissionem
2773 611 2926 687 vanis
2984 610 3401 679 cogitationibus
3454 614 3717 678 somniat,

2129 702 2369 771 quisquis
2401 718 2507 756 non
2547 717 2713 770 usque
2749 702 2800 755 in
2834 700 2991 756 linem
3021 704 3304 770 praesentis
3328 704 3450 758 vitae
3479 705 3534 758 in
3558 719 3711 759 man-

2129 792 2269 847 datis
2310 791 2518 846 Domini
2566 799 2909 861 perseverat,
2960 791 3044 846 vel
3089 792 3333 861 quisquis
3373 802 3500 849 ante
3558 794 3718 849 ﬁnem

2130 883 2252 937 vitm
2278 884 2559 952 pnnsentis
2589 899 2697 937 non
2729 882 2956 937 discedit
3003 882 3072 937 ab
3120 883 3399 939 itineribus
3434 882 3714 956 pessimis.

2132 972 2357 1053 Oportet
2384 972 2526 1026 enim
2550 980 2609 1026 ut
2645 972 2819 1027 omnis
2839 972 3017 1041 justus
3036 987 3158 1027 cum
3182 971 3374 1027 timore
3401 982 3457 1029 et
3488 981 3723 1031 tremore

2132 1077 2283 1117 suam
2305 1062 2531 1116 salutem
2553 1070 2808 1132 operetur
2836 1060 3055 1131 (Philip.
3091 1077 3148 1127 ιι,
3178 1062 3300 1133 12);
3333 1070 3390 1118 et
3409 1064 3586 1120 omnis
3614 1064 3733 1119 ini-,

2136 1168 2273 1222 quus
2293 1152 2503 1207 desinat
2531 1153 2788 1207 exhibere
2823 1152 3063 1206 membra
3097 1168 3193 1207 sua
3223 1168 3372 1207 arma
3422 1153 3727 1224 iniquitatis

2135 1249 2398 1310 peccato;
2428 1240 2519 1295 sed
2543 1240 2794 1299 exhibeat
2821 1241 3164 1310 semetipsum
3204 1249 3455 1310 tanquam
3485 1259 3553 1298 ex
3574 1261 3725 1298 mor-

2139 1333 2245 1386 tuis
2292 1331 2578 1397 viventem,
2624 1339 2678 1385 et
2727 1331 2964 1385 meazbra
3006 1346 3099 1384 sua
3151 1320 3299 1386 arma
3338 1333 3560 1401 iustitia:
3609 1333 3728 1389 Deo

2142 1423 2320 1495 (Rom.
2356 1440 2427 1487 vi,
2464 1422 2576 1494 15),
2607 1438 2670 1477 ac
2698 1422 2911 1477 desinat
2940 1424 3066 1476 talia
3096 1424 3327 1492 operari,
3353 1440 3582 1493 quorum
3623 1427 3727 1481 sti-

2141 1516 2392 1587 pendium
2425 1531 2573 1569 mors
2613 1523 2715 1579 cst,
2747 1514 2962 1569 dicente
3000 1515 3166 1568 Paulo
3195 1516 3480 1585 apostolo:
3514 1516 3727 1587 Stipen-

2142 1608 2284 1662 dium
2309 1607 2445 1660 enim
2474 1606 2671 1676 peccati
2692 1623 2828 1660 mors
2856 1604 3047 1676 (Ibid.,
3076 1604 3189 1660 23.
3223 1604 3347 1660 Hmc
3370 1622 3533 1672 mors,
3559 1607 3727 1662 etiam

2144 1696 2322 1754 futura
2354 1700 2430 1753 ira
2460 1698 2555 1753 Dei
2579 1698 2791 1762 dicitur,
2826 1714 2945 1768 qua:
2974 1698 3171 1768 iniquis
3201 1707 3256 1753 et
3286 1698 3337 1751 in
3370 1700 3512 1753 malo
3543 1715 3729 1770 perse-

2146 1790 2453 1844 verantibus
2477 1789 2759 1844 inleretur.
2787 1787 2939 1843 Unde
2964 1797 3016 1842 et
3044 1787 3284 1844 Joannes
3313 1789 3554 1859 Baptista
3594 1790 3731 1846 Pha-

453 1910 579 1971 men
608 1895 750 1947 bona
778 1888 1077 1945 seminandi
1124 1902 1230 1941 non
1260 1886 1435 1940 tenuit
1462 1904 1473 1938 :
1524 1885 1602 1939 sic
1624 1887 1786 1939 etiam
1823 1884 1913 1938 ille
1942 1899 2042 1939 nec
2074 1896 2120 1956 Β
2148 1882 2331 1936 risanos
2357 1879 2785 1949 Sadducccosque
2807 1880 2883 1933 sic
2907 1880 3166 1948 increpat,
3193 1887 3249 1932 ut
3275 1879 3436 1934 etiam
3465 1879 3729 1935 Christia-

456 1985 804 2055 indulgentim
834 1997 935 2037 nec
979 1980 1178 2035 laetitiae
1223 1979 1422 2049 poterit
1462 1976 1877 2047 participatione
1918 1987 2043 2042 gau-

440 2108 443 2113 η
494 2095 607 2139 ere,
652 2091 810 2147 quem
854 2072 1168 2129 setninatori
1194 2079 1486 2134 nocturno,
1514 2069 1565 2122 id
1608 2076 1693 2123 est
1719 2065 1954 2132 diabolo,
1988 2066 2041 2120 in

461 2178 666 2223 tantum
694 2165 936 2221 famulari
964 2164 1250 2231 lavereque
1278 2160 1527 2227 delectat,
1549 2170 1608 2214 ut
1632 2173 1799 2229 usque
1828 2157 1882 2212 in
1907 2172 2044 2211 mor-

458 2274 568 2318 tem
593 2277 697 2316 non
727 2261 970 2329 quiescat
995 2256 1083 2311 illa
1111 2255 1378 2310 seminare
1411 2267 1531 2323 qua:
1572 2251 1887 2329 angelorum
1926 2264 2038 2303 me-

458 2354 686 2409 tentium
726 2350 1053 2406 discretione
1084 2346 1315 2402 collecta
1353 2352 1410 2399 et
1457 2344 1513 2398 in
1557 2342 1842 2398 fasciculos
1895 2340 2045 2395 colli-

458 2456 602 2514 gata,
660 2441 868 2497 Domini
911 2437 1131 2508 judicio,
1181 2437 1297 2491 sine
1340 2433 1705 2491 commutabili
1754 2439 2045 2501 praecepto,

457 2533 882 2604 inexstinguibili
904 2532 1228 2602 deputentur
1253 2527 1506 2584 incendio
1528 2524 1743 2598 (Matth.
1772 2539 1886 2589 xm,
1917 2520 2042 2590 25):

459 2631 585 2700 quia
614 2638 667 2684 et
691 2624 1068 2695 subsequentis
1088 2622 1220 2677 vitio
1246 2620 1542 2692 iniquitatis
1575 2617 1880 2689 praeteritus
1917 2614 2048 2683 justi

460 2724 749 2778 frustratur
771 2720 945 2776 omnis
973 2718 1128 2772 labor
1153 2716 1345 2778 bonus,
1376 2722 1431 2769 et
1460 2711 1756 2781 iniquitatis
1796 2708 2047 2783 meritum

461 2818 759 2886 permanet,
793 2809 946 2879 cujus
987 2808 1142 2862 labor
1168 2814 1253 2860 est
1285 2804 1459 2860 omnis
1488 2802 1679 2856 malus.
1724 2798 2048 2883 Dicitenim

461 2876 790 2977 Apostolus:
823 2876 958 2968 Quia
984 2900 1329 2970 unusquisque
1352 2896 1615 2967 propriam
1651 2876 1936 2946 mercedem
1963 2904 2051 2941 ac-

464 2999 635 3068 cipiet,
659 2993 937 3049 secundum
958 3007 1104 3046 suum
1116 2988 1342 3043 laborem
1365 2984 1420 3049 (Ι
1441 2984 1559 3038 Cor.
1586 2998 1662 3048 ιιι,
1688 2980 1934 3065 8).]llum
1955 2977 2055 3032 sci-

428 3080 431 3083 ’
464 3064 592 3140 licet
610 3086 661 3137 in
682 3098 791 3153 quo
801 3080 1168 3150 unusquisque
1188 3077 1479 3137 invenitur,
1492 3064 1708 3142 quando
1729 3071 1796 3125 de
1807 3069 2052 3139 praesenti

466 3178 667 3233 sarculo
696 3174 929 3230 transire
964 3171 1289 3244 praccipitur.
1326 3166 1558 3222 Proinde
1594 3165 1733 3220 sicut
1763 3161 2053 3233 Apostolus

2144 1986 2244 2024 nos
2266 1970 2406 2024 male
2437 1970 2676 2023 viventes
2705 1984 2800 2021 sua
2834 1968 3201 2036 increpatione
3222 1968 3565 2039 perstringat.
3593 1966 3734 2024 Dicit

2144 2078 2374 2132 namque
2400 2081 2411 2115 :
2439 2058 2713 2115 Cenimina
2737 2060 3042 2127 viperarum,
3067 2061 3179 2130 quis
3200 2058 3338 2112 vobis
3360 2058 3735 2113 demonstravit

2145 2157 2323 2227 fugere
2350 2151 2413 2207 ab
2442 2154 2521 2206 ira
2551 2150 2762 2222 futura?
2787 2148 2967 2202 Facite
2986 2164 3108 2220 ergo
3140 2151 3338 2220 fructus
3359 2150 3547 2219 dignos
3569 2152 3732 2219 paeni-

2148 2252 2319 2304 tentia:
2350 2248 2441 2320 (al.
2474 2245 2795 2318 paenitentia)
2823 2261 2834 2295 :
2869 2254 2919 2297 et
2954 2259 3018 2296 ne
3058 2242 3222 2297 velitis
3262 2243 3429 2296 dicere
3459 2259 3476 2295 :
3522 2243 3734 2297 Patrem

2146 2340 2387 2395 habemus
2418 2337 2698 2391 Abraham.
2732 2334 2863 2389 Dico
2901 2336 3038 2388 enim
3076 2332 3215 2387 vobis
3261 2335 3379 2405 quia
3427 2344 3609 2403 potens
3657 2344 3734 2387 est

2148 2430 2287 2485 Deus
2315 2430 2380 2483 de
2422 2426 2678 2499 lapidibus
2713 2428 2826 2481 istis
2856 2428 3106 2480 suscitare
3146 2427 3286 2497 ﬁlios
3329 2427 3572 2480 Abrahc.
3613 2426 3735 2481 Jam

2147 2521 2283 2574 enim
2311 2519 2504 2597 securis
2533 2517 2600 2570 ad
2628 2516 2830 2570 radices
2859 2516 3099 2571 arborum
3115 2521 3282 2586 posita
3310 2526 3404 2570 est.
3437 2516 3620 2571 Omnis
3645 2535 3736 2570 ar-

2151 2607 2242 2662 bor
2292 2623 2405 2677 qua:
2452 2622 2553 2660 non
2605 2608 2732 2677 facit
2778 2607 3002 2676 fructum
3047 2605 3235 2660 bonum
3284 2608 3552 2665 eacidetur
3594 2618 3646 2661 et
3682 2610 3733 2661 in

2148 2705 2321 2776 ignem
2342 2704 2574 2757 mittetur
2598 2700 2747 2773 (Luc.
2787 2716 2868 2769 ιιι,
2893 2700 2923 2753 7
2944 2710 2995 2754 et
3022 2683 3179 2773 seq.)i.
3210 2701 3316 2756 Ista
3342 2718 3464 2756 cum
3495 2700 3734 2756 Praecur-

2150 2807 2243 2847 sor
2272 2792 2573 2846 dominicus
2610 2790 2834 2857 diceret,
2863 2789 3053 2860 procul
3083 2790 3246 2859 dubio
3283 2791 3479 2859 iniquis
3520 2791 3733 2846 dicebat

2152 2889 2207 2936 et
2234 2881 2407 2946 malis,
2456 2894 2592 2948 quos
2629 2880 2791 2934 etiam
2836 2886 3058 2948 propter
3106 2878 3463 2934 imitationem
3509 2895 3736 2948 serpen-

2152 2970 2307 3038 tium,
2337 2970 2441 3025 hoc
2466 2977 2550 3024 est
2575 2967 2825 3023 diabolici
2872 2968 3072 3038 operis,
3113 2966 3424 3039 Viperarum
3471 2970 3743 3040 genimina

2154 3062 2514 3130 nuncupabat.
2547 3058 2751 3126 Quibus
2783 3067 2965 3114 tamen
2994 3057 3230 3113 ostendit
3253 3058 3380 3128 quid
3421 3058 3475 3113 in
3510 3060 3617 3114 hoc
3636 3074 3741 3114 scc-

2155 3146 2277 3225 culd
2298 3153 2560 3218 facerent,
2584 3152 2711 3222 quid
2743 3152 2905 3207 etiam
2941 3152 2992 3205 in
3039 3149 3218 3205 futuro
3252 3150 3454 3219 judicio
3492 3151 3747 3205 formida-

468 3276 655 3324 monet
684 3285 696 3319 :
728 3265 867 3320 Dum
902 3234 1097 3334 tempus
1126 3234 1406 3323 habemus,
1442 3271 1707 3327 operemur
1749 3255 1938 3309 bonum
1989 3254 2058 3307 ad
2083 3257 2127 3319 C
2159 3257 2299 3323 rent.
2351 3243 2673 3313 Prmcipiens
2725 3243 2869 3297 enim
2913 3251 2969 3297 ut
3016 3241 3257 3297 facerent
3283 3234 3511 3297 'iructus
3554 3242 3749 3310 dignos

468 3377 678 3425 omnes,
722 3359 947 3415 maxime
989 3356 1162 3409 autem
1205 3352 1275 3406 ad
1320 3350 1629 3405 domesticos
1686 3346 1808 3436 fidei
1852 3343 2051 3415 (Galat.

477 3449 679 3521 vnio»

1088 3597 1314 3656 CAPUT
1352 3595 1439 3652 1X.

542 3738 675 3795 Nam
697 3744 751 3792 et
779 3735 834 3790 in
875 3732 1116 3805 Epistula
1157 3746 1278 3803 qua:
1311 3728 1382 3783 ad
1427 3725 1682 3781 Hebraeos
1710 3723 1907 3792 scripta
1956 3728 2057 3782 est,

472 3846 581 3888 non
608 3829 786 3885 solum
816 3825 1101 3881 conversio
1141 3824 1193 3877 iu
1234 3817 1488 3892 praesenti
1518 3826 1762 3890 tempore
1789 3809 2055 3881 signiﬁca-

472 3932 562 3977 tur
600 3918 939 3984 necessaria,
988 3930 1174 3970 verum
1220 3913 1382 3968 etiam
1432 3907 1738 3979 praecipitur
1791 3918 1960 3971 usque
2006 3901 2061 3955 in

476 4012 637 4067 linem
676 4007 1077 4081 perseverantia
1126 4002 1425 4060 retinenda.
1476 4000 1564 4054 Ait
1608 3999 1755 4068 enim
1791 4013 1803 4046 :
1840 3994 2059 4059 Videte,

476 4095 686 4175 fratres,
710 4117 774 4154 ne
796 4101 927 4170 forte
954 4097 1094 4152 sitia
1121 4096 1293 4165 aliqua
1315 4103 1532 4148 vestrum
1560 4108 1649 4145 cor
1676 4088 1868 4142 malum
1895 4087 2067 4159 inore:

408 4245 417 4254 ,
476 4184 708 4246 dulitatis
733 4187 1029 4243 discedendi
1058 4204 1088 4239 a
1119 4186 1229 4240 Deo
1257 4186 1383 4249 vivo,
1415 4183 1506 4236 sed
1534 4180 1812 4236 hortamini
1838 4184 2061 4232 vosmet»

474 4284 616 4350 ipsos
643 4296 731 4350 per
757 4278 983 4349 singulos
1006 4276 1133 4337 dies,
1165 4276 1326 4329 donec
1368 4273 1539 4328 Hodie
1565 4270 1978 4343 cognominatur,
2005 4272 2062 4318 ut

477 4372 581 4425 non
608 4369 893 4424 obdurctur’
908 4366 1019 4439 quis
1038 4382 1102 4419 ea:
1124 4365 1260 4419 robis
1282 4364 1495 4436 fallacia
1518 4361 1733 4432 peccati.
1767 4358 2059 4426 Participes

477 4463 616 4516 enim
645 4459 832 4514 Christi
863 4457 1033 4527 effecti
1054 4473 1248 4521 sumus,
1270 4455 1316 4508 si
1344 4462 1513 4507 tamen
1533 4453 1736 4506 initium
1758 4447 2059 4503 substantia:

402 4576 419 4588 ο
474 4567 635 4622 usque
673 4547 742 4601 ad
790 4548 946 4618 ﬁnem
982 4546 1190 4615 ﬁrmum
1221 4544 1533 4597 retineamus
1577 4537 1762 4609 (Hebr.
1796 4553 1871 4602 ιιι,
1910 4536 1978 4591 12
2008 4546 2057 4592 ει

479 4639 634 4713 seq.).
665 4638 796 4706 Quis
823 4646 1004 4691 autem
1031 4650 1139 4689 non
1162 4634 1329 4704 ipsius
1355 4630 1604 4702 exemplo
1627 4636 1891 4684 terreatur
1912 4628 2059 4698 Apo-

480 4731 625 4795 stoli,
650 4738 709 4783 ut
754 4743 785 4781 a
820 4727 976 4781 malis
1012 4724 1266 4795 operibus
1310 4720 1609 4785 discedens,
1654 4719 1706 4772 in
1750 4716 2063 4788 poenitentia

480 4808 537 4878 et
563 4820 918 4877 conversione
947 4817 1042 4888 (al.
1069 4811 1505 4883 conversatione)
1535 4818 1720 4867 currat
1761 4810 1827 4865 ad
1869 4810 2060 4878 Deum,

419 4948 428 4952 -
479 4923 537 4968 et
555 4912 816 4968 sollicitus
832 4916 1020 4965 caveat
1040 4922 1109 4962 ne
1130 4915 1317 4961 tenore
1341 4902 1758 4975 perseverantiae
1780 4900 2056 4964 derelicto,

479 5006 744 5076 reprobus
779 5003 908 5057 ﬁat?
940 4998 1403 5057 Considerandum
1443 5009 1676 5065 namque
1723 5001 1806 5048 est
1852 4992 2062 5047 cunctis

480 5096 730 5173 fidelibus
753 5110 860 5165 qua
880 5091 1237 5149 sollicitudine
1267 5090 1382 5158 ipse
1409 5084 1601 5142 beatus
1641 5082 1839 5137 Paulus
1868 5080 2059 5136 cucur-

404 5248 410 5255 ,
480 5188 631 5250 rerit,
663 5199 768 5254 qua
797 5180 1066 5252 vigilantia
1103 5177 1440 5250 pugnaverit,
1470 5189 1573 5244 qua
1604 5172 1895 5228 severitate
1939 5185 2061 5224 cor-

481 5294 586 5349 pus
642 5292 799 5333 suum
845 5275 1209 5344 castigaverit.
1266 5270 1356 5325 Ait
1400 5282 1527 5337 ergo
1564 5283 1579 5320 :
1628 5264 1741 5337 Ego
1786 5265 1947 5336 igitur
1988 5263 2063 5315 sic

483 5383 658 5442 curro,
684 5382 789 5420 non
816 5364 963 5437 quasi
1004 5366 1058 5417 in
1098 5362 1381 5425 incertum;
1428 5360 1503 5413 sic
1530 5372 1722 5428 pugno,
1777 5371 1880 5408 non
1920 5353 2067 5424 quasi

465 5476 657 5525 .aerem
684 5459 957 5514 verberans
981 5472 997 5510 :
1027 5455 1117 5510 sed
1142 5454 1340 5524 castigo
1368 5467 1554 5521 corpus
1576 5463 1761 5513 meum,
1794 5456 1844 5500 et
1871 5447 1925 5500 in
1953 5461 2067 5499 ser-

481 5555 693 5630 vitutem
718 5550 925 5621 redigo;
957 5564 1021 5602 ne
1050 5548 1184 5618 forte
1210 5559 1326 5598 cum
1360 5543 1479 5596 aliis
1522 5539 1927 5610 prwdicaverim,
1959 5535 2070 5606 ipse

383 5711 393 5719 ο
484 5628 730 5717 reprobus
759 5644 950 5715 eniciar
979 5639 1033 5713 (Ι
1064 5639 1183 5694 Cor.
1217 5654 1292 5706 ιι,
1313 5635 1401 5700 26,
1434 5632 1546 5706 27).
1573 5631 1699 5688 Haec
1718 5640 1898 5685 autem
1920 5628 2069 5684 dicc-

485 5726 601 5803 bat,
631 5736 806 5795 sciens
826 5749 923 5805 per
959 5734 1119 5804 392
1155 5728 1485 5786 Ezechielem
1519 5725 1771 5780 divinitus
1817 5721 2019 5776 dictum
2049 5738 2061 5773 :

486 5828 557 5888 In
584 5844 642 5881 eo
671 5842 785 5879 cum
806 5823 1106 5879 converterit
1132 5838 1188 5875 se
1206 5820 1378 5891 justus
1406 5835 1437 5871 a
1462 5832 1554 5871 sua
1575 5814 1804 5884 justitia,
1833 5820 1881 5865 et
1909 5811 2068 5884 faciat

479 5918 754 5996 delictum,
779 5924 828 5971 et
856 5913 1137 5977 moriatur;
1160 5912 1214 5984 in
1241 5926 1333 5963 suo
1355 5896 1539 5963 delicto
1557 5904 1693 5974 quod
1709 5903 1849 5975 fecit,
1871 5902 1927 5957 in
1948 5902 2066 5972 ipso

2155 3336 2508 3408 poenitentiae,
2532 3333 2766 3391 ostendit
2794 3333 2883 3387 hic
2910 3333 3105 3387 mutari
3134 3348 3294 3403 posse
3333 3333 3601 3399 homines,
3632 3345 3694 3388 et
3719 3348 3751 3387 a

2155 3428 2402 3499 supplicii
2432 3427 2624 3481 merito
2648 3424 2714 3478 ad
2745 3424 2995 3479 meritum
3028 3423 3201 3490 regni,
3222 3424 3541 3499 .pmnitentis
3571 3424 3752 3477 'animi

2155 3519 2510 3575 conversione
2540 3516 2788 3570 transire.
2839 3514 3148 3583 Adjungens
3184 3491 3533 3581 autem,quia
3575 3515 3753 3568 omnis

2156 3612 2314 3666 arbor
2350 3626 2465 3681 qua:
2505 3625 2610 3662 non
2653 3607 2781 3680 facit
2814 3607 3040 3676 fructum
3087 3603 3275 3659 bonum
3311 3604 3577 3657 excidetur
3601 3614 3658 3657 et
3698 3606 3754 3658 in

2158 3702 2331 3774 ignem
2360 3701 2606 3763 mittetur,
2650 3706 2862 3764 tempus
2910 3693 3288 3763 praenuntiavit
3333 3692 3496 3747 futuri
3534 3692 3754 3762 judicii,

2159 3806 2268 3860 quo
2296 3790 2450 3843 malis
2477 3802 2646 3856 usque
2670 3787 2723 3840 in
2751 3785 2910 3838 linem
2938 3784 3283 3839 criminosam
3310 3784 3630 3839 ducentibus
3676 3787 3759 3839 vi-

2162 3891 2293 3945 tam,
2326 3877 2836 3950 sicutiufructuosis
2864 3875 3171 3943 arboribus,
3205 3890 3311 3929 non
3342 3876 3591 3930 remissio
3621 3892 3758 3947 pec-

2163 3984 2407 4035 catorum
2435 3968 2856 4026 misericorditer
2892 3967 3200 4032 donabitur,
3235 3966 3332 4021 sed
3358 3966 3560 4021 acterna
3597 3986 3761 4024 com-

2162 4064 2341 4120 bustio
2394 4062 2539 4131 juste
2593 4058 2866 4114 reddetur.
2936 4057 3062 4112 ldeo
3123 4072 3339 4126 quoque
3411 4056 3762 4114 Salvatorem

2162 4161 2407 4209 nostrum
2457 4149 2697 4221 praedicit
2725 4146 2793 4201 ad
2838 4145 3216 4200 discretionem
3248 4145 3410 4199 tritici
3448 4145 3763 4215 palearum-

2162 4259 2267 4315 que
2290 4250 2575 4298 venturum
2599 4258 2613 4294 :
2646 4239 2737 4309 qui
2763 4238 2956 4291 habens
2976 4234 3315 4290 ventilabrum
3343 4238 3399 4290 in
3432 4252 3590 4290 manu
3634 4256 3763 4305 sua,

2162 4332 2524 4408 permundabit
2569 4345 2748 4384 aream
2802 4343 2984 4391 suam,
3043 4335 3092 4379 et
3136 4324 3469 4396 congregabit
3523 4328 3767 4382 triticum

2159 4442 2309 4482 suum
2337 4426 2390 4478 in
2427 4423 2686 4485 horreum,
2716 4419 2896 4491 paleas
2945 4426 3112 4470 autem
3137 4414 3398 4469 comburet
3440 4418 3550 4486 igni
3596 4419 3766 4473 inex-

2158 4515 2447 4591 stinguibili
2498 4496 2698 4586 (lbid.,
2754 4510 2865 4580 i7).
2919 4507 3177 4562 lnl'ormat
3215 4522 3430 4565 omnem
3485 4517 3767 4577 pratlerea

2090 4621 2141 4681 υ
2165 4608 2526 4668 Christianum
2556 4612 2745 4658 tenore
2780 4600 3104 4667 evangelicae
3142 4598 3409 4666 lectionis,
3453 4605 3513 4650 ut
3551 4598 3773 4655 discre-

2165 4705 2314 4758 tione
2334 4699 2517 4755 habita
2541 4693 2848 4751 consideret
2875 4690 3002 4759 quid
3028 4690 3083 4743 in
3114 4688 3288 4757 primo
3315 4686 3622 4744 Salvatoris
3672 4692 3772 4745 ad-

2163 4802 2329 4850 ventu
2372 4788 2532 4844 fuerit
2570 4784 2860 4849 unicuique
2904 4780 3141 4851 piissima
3172 4778 3417 4847 largitate
3463 4778 3769 4851 donatum,

2163 4884 2291 4957 quid
2345 4883 2505 4938 etiam
2528 4846 2789 4947 ‘singulis'
2809 4846 3154 4944 exspectetur
3195 4846 3269 4924 in
3296 4869 3559 4937 secundo,

2165 4975 2518 5033 retributione
2541 4967 2893 5025 reddendum.

2794 5108 3126 5178 CAPUT‘X.

2237 5247 2354 5319 Ipse
2372 5244 2513 5299 enim
2538 5247 2724 5296 noster
2749 5237 3000 5293 Salvator
3019 5244 3076 5290 et
3094 5228 3401 5305 judex,.qui
3430 5249 3581 5291 nunc
3606 5240 3779 5295 venit

2167 5348 2227 5395 ut
2254 5339 2446 5402 salvet,
2470 5345 2597 5390 tunc
2610 5341 2694 5388 est
2715 5339 2895 5387 autem
2907 5338 3164 5385 venturus
3176 5335 3235 5381 ut
3248 5327 3469 5396 iudicet;
3494 5329 3594 5396 qui
3616 5346 3788 5388 nunc

2168 5429 2319 5485 venit
2346 5419 2411 5482 ut'
2425 5426 2597 5481 bonos
2626 5438 2693 5478 ex
2725 5420 2881 5489 malis
2916 5419 3005 5490 pia
3040 5418 3359 5473 remissione
3402 5417 3602 5487 faciat,
3636 5431 3791 5482 tunc

2174 5529 2355 5577 autem
2380 5526 2638 5574 venturus
2658 5524 2747 5570 ’est
2784 5523 2850 5568 ut
2870 5512 3041 5567 malos
3069 5527 3101 5565 a
3128 5512 3285 5568 bonis
3307 5511 3448 5580 justa
3480 5515 3795 5572 examina—
3821 5575 3837 5586 ,

2170 5614 2321 5668 tione
2343 5611 2629 5667 discernat.
2643 5603 2810 5659 Primi
2820 5602 3081 5658 adventus
3091 5601 3173 5656 sui
3194 5600 3533 5655 demonstrat
3548 5603 3794 5667 beneﬁ-

2172 5706 2315 5761 cium
2342 5702 2528 5757 dicens
2564 5717 2576 5753 :
2623 5696 2775 5751 Venit
2812 5694 2946 5749 enim
2984 5692 3157 5747 Filius
3185 5692 3407 5746 hominis
3445 5707 3697 5762 quaerere
3739 5688 3825 5751 et”

2172 5798 2364 5855 salvum
2391 5797 2561 5866 facere
2587 5789 2722 5863 quod
2750 5788 2971 5860 perierat
3005 5785 3154 5858 (Luc.
3185 5801 3294 5851 χιιι,
3328 5785 3438 5855 10).
3469 5786 3640 5857 393
3676 5788 3796 5845 se-

2171 5896 2332 5954 eundi
2358 5909 2489 5953 vero
2518 5891 2779 5949 adventus
2803 5884 3142 5944 metuendam
3170 5884 3249 5940 sic
3289 5885 3498 5941 intimat
3525 5888 3800 5959 atquin-
