4066 6346
363 397 462 455 561

1348 396 1434 455 DE
1476 396 1882 455 REMISSIONE
1923 396 2380 455 PECCATORUM
2424 397 2547 455 LIB.
2591 399 2652 455 ll.

3531 410 3639 464 562

361 524 474 567 tem
508 530 521 565 :
565 508 743 567 Veniet
772 511 943 568 Filius
971 514 1191 568 hominis
1210 556 1223 579 ,
1257 522 1311 567 et-
1336 523 1454 567 tunc
1482 513 1659 568 reddet
1683 513 1951 583 unicuique
1982 521 2024 578 Λ
2054 511 2226 565 stolus
2255 512 2358 581 ait,
2400 513 2482 566 bis
2508 514 2600 581 qui
2641 513 2873 582 diligunt
2895 504 3183 571 adventum
3214 517 3329 586 ejus
3378 519 3472 589 (11·
3503 521 3632 576 'l'im.

363 600 643 655 secundum
672 618 830 670 opera
858 618 953 656 sua
981 602 1196 672 (Matth.
1229 618 1335 667 xvi,
1360 602 1472 673 ‘27).
1506 602 1671 656 Primi
1694 602 1955 657 adventus

360 692 789 748 misericordiam
818 710 1004 749 rursus
1034 695 1343 755 ostendens,
1362 694 1443 747 ait
1481 713 1493 746 :
1527 693 1618 748 Sic
1646 695 1785 747 enim
1817 693 1955 746 Deus

358 781 546 834 dilexit
568 781 836 847 mundum,
864 792 922 835 ut
942 778 1138 837 Filium
1166 800 1310 836 suum
1341 784 1660 853 unigenitum
1688 782 1833 835 daret
1861 790 1957 835 :nt

357 873 532 925 omnis
558 872 643 941 qui
673 872 834 925 credit
871 873 925 926 in
953 890 1066 927 eum
1096 889 1197 928 non
1226 882 1433 940 pereat,
1463 872 1552 925 sed
1581 871 1763 924 habeat
1799 873 1957 931 vitam

360 970 631 1016 aeternam.
675 960 798 1016 Non
828 964 963 1016 enim
992 964 1133 1016 misit
1166 962 1300 1016 Deus
1331 960 1527 1015 Filium
1549 978 1696 1014 suum
1725 963 1778 1014 in
1808 975 1958 1013 mun-

294 1056 300 1063 '
361 1051 487 1103 dum
514 1043 585 1102 ut
602 1048 800 1121 judicet
838 1051 1082 1104 mundum
1107 1092 1121 1116 ,
1162 1051 1260 1105 sed
1286 1061 1339 1103 ut
1369 1050 1593 1104 salvetur
1619 1048 1838 1102 mundus
1864 1063 1958 1116 per

361 1141 530 1208 ipsum
562 1138 739 1211 (Joan.
767 1155 879 1204 XIII,
899 1139 975 1211 6).
1001 1139 1233 1195 Secundi
1261 1155 1390 1194 vero
1407 1131 1676 1194 adventus
1694 1137 1955 1207 judicium

360 1230 442 1284 sic
476 1224 862 1299 pronuntians,
889 1230 1018 1284 dicit
1050 1248 1063 1282 :
1095 1228 1263 1298 Multa
1292 1229 1453 1283 habeo
1479 1229 1542 1282 de
1567 1228 1705 1282 vobis
1735 1227 1873 1297 loqui
1907 1235 1958 1278 et

357 1320 598 1391 judicare
627 1320 818 1392 (Ibid.,
849 1337 970 1388 vm,
1001 1320 1113 1391 26).
1165 1319 1230 1373 Et
1258 1320 1364 1374 alio
1403 1320 1521 1374 loco
1554 1336 1566 1371 :
1600 1318 1783 1373 Sermo
1808 1332 1957 1388 quem

365 1413 570 1465 locutus
599 1427 711 1465 sum
740 1410 879 1465 vobis
906 1452 921 1476 ,
952 1413 1060 1481 ipse
1092 1408 1348 1480 judicabit
1376 1425 1462 1462 vos
1489 1407 1679 1478 (Ibid.,
1712 1422 1806 1468 xu,
1839 1404 1951 1476 48).

367 1501 436 1556 Et
471 1502 579 1557 alio
608 1503 729 1557 loco
763 1521 776 1555 τ
811 1501 959 1558 Sicut
996 1503 1151 1556 audio
1169 1501 1383 1571 judico,
1423 1508 1472 1554 et
1505 1499 1761 1570 judicium
1787 1494 1957 1552 meum

362 1610 539 1648 verum
563 1609 637 1649 est
664 1592 850 1665 (Ibid,
874 1610 927 1659 v,
945 1593 1056 1663 50).
1092 1592 1296 1655 Rursus
1321 1589 1640 1647 beneﬁcium
1669 1590 1825 1661 primi
1855 1588 1956 1644 ad-

363 1692 561 1741 ventus
582 1685 696 1751 sui,
727 1701 834 1755 quo
873 1684 1076 1739 nullum
1120 1684 1399 1739 inveniens
1424 1683 1604 1737 vivum
1633 1681 1799 1750 gratis
1835 1695 1956 1735 sus-

363 1778 498 1832 citat
532 1786 797 1841 mortuos,
828 1792 965 1847 quos
988 1778 1174 1846 utique
1202 1775 1326 1831 facit
1353 1790 1423 1830 ex
1452 1774 1628 1844 impiis
1651 1776 1846 1843 justos,
1874 1780 1959 1828 ta-

2059 618 2130 666 tv,
2160 603 2252 672 9);
2284 603 2632 671 operantibus
2660 614 2838 660 autem
2871 607 3227 676 iniquitatem,
3248 611 3382 677 sicut
3408 613 3641 681 psalmus

2059 694 2244 761 (xxvii,
2278 691 2334 761 4)
2378 694 2630 759 ostendit,
2661 693 2811 748 dabit
2837 695 3001 767 394
3029 700 3324 754 secundum
3353 718 3517 771 opera
3547 720 3643 759 eo-

2058 799 2175 838 rum
2197 825 2211 844 ,
2243 792 2297 837 et
2326 784 2619 838 secundum
2650 784 2940 853 nequitiam
2970 788 3270 844 studiorum
3301 791 3557 861 ipsorum,
3589 803 3646 846 et

2057 873 2355 928 secundum
2381 888 2543 943 opera
2574 888 2827 926 manuum
2856 889 3042 929 eorum
3075 878 3274 931 tribuet
3302 882 3433 944 illis,
3457 882 3646 931 reddet

2058 964 2466 1019 retributionem
2511 979 2703 1020 eorum
2743 965 2873 1033 ipsis
2907 983 2920 1018 :
2953 981 3017 1020 ea
3057 970 3263 1022 scilicet
3297 967 3488 1030 causa,
3520 970 3644 1037 quia

2058 1047 2233 1123 qualis
2253 1054 2618 1123 unusquisque
2645 1053 2712 1108 de
2734 1054 2836 1107 bac
2862 1056 2972 1109 vita
3000 1057 3288 1124 egreditur,
3316 1058 3434 1110 talis
3456 1059 3647 1113 totum:

2058 1145 2181 1199 vitae
2201 1144 2318 1200 sine
2340 1143 2675 1198 dubitatione
2703 1143 2980 1209 reddetur;
3011 1160 3110 1199 nec
3130 1145 3196 1199 de
3216 1147 3563 1215 corruptione
3594 1149 3648 1201 in

2058 1235 2519 1304 incorruptionem
2542 1236 2595 1288 in
2620 1234 2712 1288 illo
2735 1234 2880 1303 justo
2909 1236 3202 1290 mutabitur
3221 1232 3443 1305 ju'dicio,
3466 1236 3557 1306 qui
3581 1239 3649 1291 ab

2059 1325 2341 1395 iniquitate
2367 1323 2437 1378 ad
2470 1324 2763 1392 justitiam,
2798 1332 2851 1379 et
2878 1340 2907 1379 a
2938 1325 3079 1379 mala
3106 1327 3213 1380 vita
3245 1327 3310 1380 ad
3341 1326 3538 1383 bonam
3566 1330 3647 1383 vi-

2057 1422 2169 1470 tam
2199 1430 2305 1470 non
2334 1415 2482 1486 prius
2511 1415 2564 1469 in
2594 1415 2698 1470 hoc
2725 1416 2924 1471 saeculo
2951 1416 3108 1471 fuerit
3137 1417 3466 1473 immutatus.

2678 1506 2909 1562 CAPUT
2948 1507 3038 1563 Xl.

2132 1597 2423 1669 Propterea
2448 1598 2646 1654 Paulus
2672 1600 2800 1654 dicit
2828 1618 2839 1652 :
2867 1599 3059 1654 Omnes
3080 1602 3286 1671 quidem
3304 1618 3644 1673 resnrgemus,

2060 1690 2151 1744 sed
2179 1708 2281 1746 non
2328 1707 2502 1745 omnes
2548 1690 2932 1745 immutabimur
2976 1691 3028 1763 (Ι
3056 1689 3178 1747 Cor.
3213 1709 3300 1756 xv,
3332 1691 3444 1765 5|).
3494 1695 3648 1761 Quod

2060 1795 2183 1836 cum
2211 1781 2401 1836 beatus
2437 1783 2659 1837 dixisset
2696 1781 2986 1852 Apostolus
3009 1826 3025 1853 ,
3060 1797 3127 1837 ne
3163 1799 3354 1839 sensus
3383 1786 3648 1841 sennonis

365 1866 508 1921 libus
546 1856 760 1922 intimat
796 1867 972 1921 verbis
1005 1886 1016 1920 :
1047 1868 1209 1920 Amen
1234 1907 1248 1931 ,
1280 1859 1428 1920 amen
1469 1865 1582 1919 dico
1620 1865 1758 1919 vobis
1781 1904 1797 1930 ,
1833 1866 1955 1936 quia
1988 1885 2029 1943 Β
2059 1873 2176 1942 ejus
2206 1873 2347 1943 apud
2384 1874 2592 1944 aliquos
2628 1875 2887 1944 penderet
2933 1876 3167 1930 incertus
3192 1919 3207 1943 ,
3253 1877 3410 1931 scit-it
3455 1878 3647 1933 subse-

363 1959 503 2011 venit
526 1958 656 2011 hora
675 1995 689 2020 ,
721 1965 771 2011 et
803 1972 940 2010 nunc
968 1969 1063 2022 est,
1094 1958 1300 2028 quando
1329 1957 1523 2011 mortui
1545 1956 1758 2010 audient
1784 1972 1955 2010 vocem

372 2045 503 2100 Filii
525 2045 642 2112 Dei,
668 2054 718 2100 et
737 2048 823 2117 qui
843 2046 1101 2101 audierint
1128 2046 1471 2119 vivent(lbid.
1494 2062 1549 2114 v,
1570 2045 1955 2115 25).,Secundi

362 2149 497 2191 vero
527 2135 787 2191 adventus
825 2151 1080 2202 examen,
1114 2151 1222 2206 quo
1250 2136 1587 2206 judicaturus
1615 2140 1697 2190 est
1725 2135 1875 2188 vivos
1900 2142 1957 2189 et

366 2234 610 2281 mortuos
652 2227 1043 2297 subsequenter
1086 2226 1447 2298 praenuntiat,
1490 2226 1676 2281 dicens
1716 2242 1729 2278 :
1769 2224 1952 2289 Amen,

361 2332 515 2374 amen
542 2316 657 2371 dico
685 2317 824 2371 vobis
842 2356 857 2382 ,
899 2318 1018 2389 quia
1047 2318 1210 2371 veniet
1240 2317 1369 2371 liora
1386 2355 1402 2380 ,
1432 2315 1639 2388 quando
1667 2330 1842 2369 ontnes
1870 2316 1966 2386 qui.
1989 2371 2001 2380 _

360 2406 423 2458 in
451 2408 795 2461 monumentis
825 2415 943 2460 sunt
982 2407 1191 2460 audient
1220 2421 1395 2462 vocem
1421 2407 1531 2476 ejus
1562 2421 1580 2457 :
1605 2413 1655 2458 et
1682 2404 1955 2474 procedent

358 2497 448 2567 qui
471 2496 604 2551 bona
631 2499 895 2567 fecerunt,
933 2497 988 2549 in
1022 2497 1447 2551 resurrectionem
1471 2496 1631 2559 vitae;
1670 2496 1756 2566 qui
1784 2505 1956 2548 autem

358 2584 506 2638 mala
525 2593 757 2656 egerunt,
780 2585 832 2638 in
854 2584 1277 2640 resurrectionem
1294 2583 1485 2655 judicii
1510 2582 1700 2654 (Ibid.,
1723 2580 1815 2650 28,
1838 2579 1950 2652 29).

359 2673 655 2730 Praesentis
677 2675 859 2745 itaque
879 2675 1028 2730 vocis
1050 2670 1167 2744 éjus
1195 2674 1409 2728 auditus
1431 2674 1599 2729 donat
1623 2674 1789 2728 vitam
1809 2688 1956 2728 mor-

360 2764 506 2828 tuis,
539 2780 661 2819 cum
698 2764 826 2819 lidei
862 2765 1088 2834 gratiam
1120 2764 1342 2834 largitur
1383 2763 1671 2833 incredulis
1692 2802 1708 2827 ,
1735 2770 1791 2818 et
1819 2776 1955 2831 quos

361 2854 543 2909 malos
571 2854 809 2921 invenit,
842 2856 1014 2911 bonos
1050 2853 1179 2911 facit
1209 2872 1234 2919 ;.
1273 2855 1553 2925 praesentis
1589 2862 1770 2909 autem
1806 2857 1956 2910 vocis

355 2941 480 3012 ejus
508 2944 720 2999 auditus
755 2944 951 3014 impios
979 2944 1066 3014 pie
1089 2942 1378 3013 justiﬁeat,
1408 2952 1722 3014 peccatores
1746 2929 1955 2999 miseri-

353 3033 601 3089 corditer
627 3034 816 3100 salvat,
849 3048 1023 3090 caecos
1051 3034 1346 3090 clementer
1374 3033 1658 3089 illuminat.
1696 3032 1956 3089 Secundae

352 3132 543 3180 autem
573 3126 724 3180 vocis
752 3124 869 3194 ejus
895 3125 1137 3190 auditus,
1166 3125 1306 3180 sicut
1330 3124 1487 3193 justis
1516 3138 1773 3180 coronam
1796 3123 1955 3193 justi-

354 3218 451 3271 tiae
470 3216 681 3282 reddet,
696 3216 773 3272 sic
793 3217 989 3286 iniquis
1010 3231 1222 3286 poenam
1244 3231 1346 3286 pro
1368 3216 1647 3284 iniquitate
1667 3214 1950 3271 retribuet.

351 3307 421 3364 In
451 3310 637 3379 primae
667 3308 815 3363 vocis
841 3307 961 3376 ejus
990 3307 1175 3362 auditu
1193 3346 1209 3372 ,
1243 3306 1503 3376 praevenit
1536 3313 1825 3377 peccantes
1853 3306 1954 3361 mi-

349 3398 654 3454 sericordia
681 3398 1029 3463 redimentis;
1071 3399 1123 3451 in
1153 3396 1400 3453 secundae
1429 3398 1574 3465 vocis
1598 3396 1803 3464 auditu,
1826 3396 1954 3452 sub-

350 3496 620 3556 sequetur
668 3488 1021 3557 operantibus
1069 3496 1096 3525 ·
1144 3486 1427 3543 retributio
1475 3486 1783 3556 judicantis.
1854 3486 1953 3544 llic

349 3577 613 3633 omnibus
635 3577 831 3634 dicitur
863 3596 875 3631 :
916 3577 1099 3632 Venite
1126 3578 1195 3632 ad
1217 3594 1298 3632 me
1324 3595 1499 3633 omnes
1523 3581 1607 3650 qui
1629 3577 1877 3633 laboratis
1900 3589 1953 3639 et

349 3671 563 3724 onerati
589 3672 732 3737 estis,
760 3680 809 3725 et
833 3687 927 3742 ego
955 3688 1042 3726 vos
1069 3671 1306 3741 reﬁciam
1334 3668 1553 3740 (Matth.
1585 3687 1661 3738 xl,
1686 3670 1799 3741 28).
1841 3671 1954 3728 Illic

348 3767 540 3813 autem
556 3758 769 3817 dextris
798 3768 1006 3815 tantum
1034 3759 1241 3816 dicetur
1270 3777 1288 3815 :
1330 3760 1531 3828 Venite,
1559 3759 1809 3816 benedicti
1840 3761 1951 3815 Pa-

334 3844 452 3906 tris
477 3852 599 3916 mei,
631 3852 877 3922 percipite
906 3869 1119 3924 regnum
1151 3850 1370 3926 (Matth.
1402 3868 1528 3916 xxv,
1560 3851 1686 3921 54);
1724 3853 1953 3909 sinistris

350 3958 489 3997 vero
510 3940 719 3997 dicetur
746 3961 758 3996 ε
784 3942 888 4011 Ite,
909 3944 1190 4009 maledicti,
1214 3945 1266 3997 in
1289 3945 1462 4012 ignem
1485 3952 1732 3998 aeternum
1764 3942 1949 4016 (Ibid.,

349 4033 469 4105 4!).
526 4033 628 4090 Ubi
676 4044 762 4091 est
810 4037 1132 4092 meritorum
1181 4024 1327 4091 tatita
1376 4038 1677 4093 certissima
1718 4039 1954 4107 cognitio

350 4124 647 4196 pastoralis
668 4168 684 4191 ,
723 4141 830 4195 qua
858 4128 1284 4197 segregabuntur
1312 4143 1444 4184 oves
1472 4127 1539 4183 ab
1564 4128 1761 4195 haedis,
1794 4138 1851 4184 ut
1879 4131 1954 4185 ita

349 4217 541 4272 nullus
567 4216 749 4273 haedus
777 4227 1010 4289 ponatur
1048 4219 1118 4274 ad
1153 4219 1430 4275 dexteram
1452 4263 1466 4288 ,
1499 4219 1638 4275 sicut
1664 4221 1781 4275 ovis
1809 4221 1953 4277 nulla

351 4307 721 4367 collocabitur
762 4307 828 4363 ad
867 4309 1156 4364 sinistram.
1206 4308 1302 4364 llla
1348 4310 1550 4380 quippe
1599 4310 1791 4365 merita
1830 4326 1953 4367 cum

348 4400 559 4470 quibus
585 4399 833 4456 homines
860 4416 926 4455 ex
956 4401 1057 4456 hac
1086 4402 1193 4455 vita
1221 4401 1545 4470 discedunt,
1581 4402 1694 4471 ipsa
1724 4418 1845 4458 cum
1873 4405 1955 4459 eis

349 4494 409 4548 in
434 4493 535 4547 illa
560 4492 668 4547 vita
705 4493 1072 4550 indesinenter
1104 4504 1266 4565 atque
1294 4496 1805 4552 incommutabiliter
1832 4511 1954 4566 per-

348 4581 697 4651 manebunt,
733 4585 848 4639 sive
875 4586 1015 4640 bona
1043 4600 1162 4654 quae
1187 4586 1276 4643 hic
1299 4587 1477 4643 divina
1506 4587 1678 4657 pietas
1702 4587 1950 4653 contulit,

343 4688 452 4728 seu
484 4673 626 4727 mala
658 4690 776 4745 qua:
812 4676 900 4731 hic
935 4676 1168 4731 humana
1209 4677 1461 4746 iniquitas
1488 4676 1839 4746 comparavit.
1871 4677 1949 4733 Ac

341 4779 451 4833 per
494 4764 605 4819 hoc
642 4766 785 4820 nulla
823 4766 893 4821 ibi
940 4767 1045 4822 erit
1085 4768 1316 4823 remotio
1361 4768 1659 4834 malorum,
1704 4767 1949 4837 quamvis

341 4853 543 4910 futura
584 4855 655 4910 sit
691 4857 955 4912 bonorum
993 4859 1263 4927 promotio
1303 4858 1645 4927 meritorum,
1681 4857 1773 4911 Illa
1802 4858 1945 4921 enim

340 4946 660 5002 manebunt
687 4948 740 5002 in
765 4964 952 5018 paena,
983 4949 1085 5004 ista
1114 4949 1456 5019 perﬁcientur
1483 4950 1539 5004 in
1565 4951 1755 5019 gleria.
1803 4951 1946 5006 Istud

339 5044 434 5089 est
465 5043 688 5104 tempus
705 5051 824 5106 .quo
853 5036 1015 5104 Deus,
1049 5037 1188 5092 sicut
1214 5037 1268 5092 in
1298 5037 1505 5109 psalmo
1534 5039 1789 5110 scriptum
1818 5048 1900 5095 est
1928 5059 1942 5093 :

343 5121 486 5179 Non
532 5126 812 5180 secundum
863 5136 1073 5197 peccata
1118 5138 1299 5183 nostra
1329 5131 1448 5200 fecit
1475 5129 1653 5196 nobis,
1683 5148 1845 5203 neque
1871 5149 1954 5187 se-

341 5216 589 5268 cundum
616 5214 911 5287 iniquitates
949 5226 1155 5273 nostras
1194 5217 1430 5273 retribuit
1475 5219 1641 5275 nobis.
1695 5220 1951 5285 Quoniam

337 5305 642 5359 secundum
666 5307 990 5362 altitudinem
1017 5308 1128 5363 caeli
1158 5326 1191 5363 a
1217 5318 1353 5363 terra
1372 5351 1389 5377 ,
1424 5312 1746 5380 conﬁrmavit
1770 5312 1953 5368 Domi-

340 5415 449 5452 nus
474 5400 890 5455 misericordiam
918 5418 1065 5456 suam
1091 5418 1245 5473 super
1267 5403 1501 5457 timentes
1528 5420 1660 5458 eum.
1694 5402 1951 5469 Quoniam

338 5490 487 5546 sicut
504 5491 663 5545 distat
685 5502 828 5547 ortus
848 5492 911 5546 ab
933 5510 1136 5558 occasu,
1154 5478 1407 5566 elongavit
1427 5495 1720 5566 iniquitates
1741 5505 1946 5558 nostras

340 5600 376 5635 α
408 5580 572 5636 nobis
614 5582 836 5654 (Psalm.
871 5600 961 5649 cn,
997 5584 1081 5650 10,
1116 5584 1203 5651 ll,
1236 5584 1346 5654 12).
1392 5584 1451 5639 In
1480 5586 1572 5642 illo
1601 5595 1781 5642 autem
1802 5587 1948 5656 judi-

339 5672 437 5731 cio
468 5687 731 5727 coronam
757 5673 976 5743 justitia:
1004 5673 1196 5729 reddet
1215 5674 1391 5745 justus
1411 5675 1610 5746 judex,
1640 5678 1778 5734 sicut
1801 5677 1945 5749 Δρο-

418 5816 447 5844 ι
484 5806 679 5889 ln_u_ts.
710 5809 985 5889 legebatur
1025 5808 1153 5867 olim
1195 5822 1485 5880 operantes.
1534 5816 1660 5889 Qum
1704 5836 1809 5879 vox
1839 5821 1941 5875 alia

340 5892 523 5975 manu
555 5876 648 5933 fuit
683 5876 905 5935 mutata.

1980 4637 2033 4697 D

2060 1971 2289 2030 quenter
2322 1962 2566 2019 ﬁdelibus
2598 1964 3021 2030 ostendendum,
3053 1976 3312 2035 quosnam
3344 1966 3533 2023 futura:
3560 1984 3649 2023 re-

2057 2056 2408 2110 surrectionis
2445 2064 2689 2125 tempore
2730 2057 3345 2114 dixerit-immutandos.
3399 2055 3648 2115 Profecto

2059 2146 2200 2201 enim
2231 2146 2276 2202 si
2306 2147 2530 2203 dixisset
2557 2165 2571 2202 ε
2601 2147 2800 2203 Omnes
2821 2152 3181 2217 resurgemus,
3200 2149 3298 2205 sed
3321 2166 3428 2205 non
3457 2152 3648 2207 immu-

2059 2239 2329 2304 tabimur,
2380 2241 2578 2297 nullius
2624 2241 2927 2297 immutatio
2975 2242 3163 2297 futura
3203 2244 3533 2299 crederetur.
3583 2244 3649 2300 Et

2057 2327 2252 2384 iterum
2297 2330 2343 2385 si
2382 2330 2608 2387 dixisset
2640 2349 2652 2385 :
2683 2330 2884 2387 Omnes
2910 2348 3267 2401 resurgemus,
3289 2327 3354 2389 iet
3399 2336 3648 2390 immuta-

2055 2418 2262 2487 bimur;
2310 2422 2447 2476 sicut
2481 2438 2669 2478 omnes
2709 2423 3002 2479 creduntur
3038 2427 3426 2488 resurrecturi,
3459 2443 3648 2482 omnes

2057 2510 2218 2565 etiam
2248 2510 2597 2567 crederentur
2623 2512 2871 2568 similiter
2907 2514 3239 2568 immutandi.
3262 2534 3263 2537 η
3285 2508 3353 2569 At
3381 2531 3503 2571 cum
3531 2528 3648 2569 ont-

2056 2602 2205 2657 nium
2234 2602 2467 2657 futuram
2496 2606 2947 2671 resurrectionem
2978 2605 3302 2675 praedixerit,
3338 2622 3436 2662 nec
3467 2616 3646 2663 tamen

2055 2707 2243 2748 omnes
2263 2696 2652 2759 asseveraverit
2688 2696 3048 2752 immutandos
3066 2737 3081 2763 ,
3117 2697 3396 2752 admonuit
3419 2713 3519 2755 nos
3538 2700 3648 2753 sol-

2061 2786 2208 2842 licite
2249 2788 2477 2843 scrutari
2523 2789 2741 2857 quinam
2781 2789 2890 2843 sint
2935 2789 2988 2843 in
3040 2792 3434 2845 resurrectione
3482 2791 3645 2845 futuri

2054 2879 2318 2935 examinis
2347 2879 2682 2935 immutandi.
2730 2880 2846 2937 Hoc
2876 2890 3055 2937 autem
3105 2883 3296 2938 nolens
3343 2884 3647 2954 relinquere

2054 2969 2244 3027 beatus
2274 2969 2472 3027 Paulus
2500 2972 2806 3041 ambiguum
2835 3014 2850 3038 ,
2896 2988 2963 3029 ne
2991 2972 3237 3030 licentius
3266 2964 3442 3044 iniqui
3472 2975 3646 3031 delin-

2053 3072 2314 3134 querent,
2344 3066 2388 3121 si
2428 3081 2715 3122 commune
2753 3066 2853 3122 sibi
2891 3078 3010 3123 cum
3037 3066 3196 3137 justis
3233 3082 3425 3122 munus
3454 3066 3645 3123 futurae

2045 3155 2366 3211 mutationis
2433 3156 2755 3221 audissent,
2815 3158 3061 3227 sequenti
3123 3172 3370 3213 sermone
3442 3159 3647 3214 curavit

1980 3258 2027 3324 ο
2057 3247 2344 3303 ostendere
2372 3247 2513 3306 illius
2544 3249 2857 3303 mutationis
2888 3248 3090 3304 donum
3122 3267 3135 3302 :
3171 3248 3237 3303 In
3281 3260 3557 3313 momento,
3587 3251 3642 3304 in

2052 3340 2154 3393 ictu
2203 3339 2378 3404 oculi,
2424 3341 2479 3393 in
2522 3340 2803 3394 novissima
2849 3338 2973 3392 tuba
3002 3356 3019 3392 :
3052 3334 3377 3392 canet'enim
3409 3338 3526 3391 tuba
3551 3381 3566 3403 ,
3595 3352 3638 3397 el

2051 3430 2242 3484 mortui
2263 3439 2531 3501 resurgant
2551 3431 2837 3499 incorrupti
2861 3445 2879 3483 :
2900 3440 2949 3483 et
2970 3445 3065 3483 nos
3084 3429 3469 3483 immntabimur
3509 3427 3640 3499 (1b..

2053 3520 2164 3593 52).
2197 3521 2331 3575 Cum
2360 3521 2513 3589 dicit,
2539 3538 2656 3585 nos,
2688 3520 2924 3576 ostendit
2953 3521 3076 3593 illos
3099 3535 3281 3575 secum
3309 3519 3496 3574 fututa:
3524 3534 3644 3574 mu-

2055 3611 2277 3666 tationis
2305 3611 2573 3681 petituros
2611 3610 2757 3665 dono
2783 3651 2798 3675 ,
2842 3625 2978 3680 quos
3007 3610 3058 3664 in
3090 3610 3193 3664 hoc
3237 3617 3480 3680 tempore
3519 3625 3641 3665 cum

2054 3700 2221 3756 Paulo
2247 3703 2517 3773 sociisque
2544 3701 2661 3772 ejus
2698 3710 2848 3757 tenet
2887 3702 3250 3758 ecclesiastica
3282 3711 3535 3772 recteque
3564 3704 3644 3757 vi-

2020 3791 2215 3847 -vendi
2241 3792 2571 3848 communio.
2628 3791 2799 3862 Ipsius
2849 3807 2977 3847 vero
3015 3792 3324 3847 mutationis
3368 3793 3643 3848 insinuans

2044 3880 2365 3951 "qualitatem
2402 3882 2531 3939 dicit
2565 3900 2579 3935 :
2613 3880 2827 3951 Oportet
2873 3884 3010 3937 enim
3052 3882 3383 3953 corruptibile
3425 3883 3521 3960 ltoc
3560 3885 3642 3938 in-

2053 3969 2209 4025 duere
2236 3972 2706 4043 incorruptionem,
2742 3982 2793 4026 et
2821 3973 3041 4033 mortale
3067 3973 3163 4027 hoc
3189 3973 3403 4027 induere
3430 3974 3643 4030 immor-

2046 4061 2308 4116 talitatem
2339 4062 2527 4135 (Ibid.,
2561 4062 2671 4135 55).
2714 4064 2787 4121 Ut
2827 4078 2956 4134 ergo
2986 4065 3040 4119 in
3071 4065 3266 4121 talibus
3293 4074 3421 4122 tunc
3449 4082 3645 4137 sequa-

2057 4157 2146 4205 tur
2170 4152 2399 4208 mutatio
2422 4152 2580 4222 justae
2623 4154 2997 4210 retributionis
3022 4197 3036 4222 ,
3078 4170 3224 4211 nunc
3248 4150 3502 4225 praecedit
3530 4173 3659 4212 mu...

2055 4241 2190 4295 talio
2237 4243 2483 4310 gratuitae
2524 4244 2808 4313 largitatis.
2861 4235 3040 4312 Quam
3076 4247 3426 4302 mutationem
3457 4247 3646 4304 beatus

2056 4328 2317 4398 propheta
2368 4330 2533 4387 David
2571 4332 2894 4399 ostendens,
2925 4335 3000 4389 ait
3046 4352 3058 4387 :
3104 4334 3253 4400 Dixi,
3298 4354 3433 4391 nunc
3476 4341 3644 4409 coepi:

2057 4418 2166 4472 lucc
2192 4421 2410 4475 mutatio
2441 4422 2668 4477 dextera:
2702 4420 2907 4477 Excelsi
2934 4423 3159 4492 (Psalm.
3194 4441 3371 4490 Lxxvt,
3406 4426 3515 4495 ll).

2653 4511 2884 4566 CAPUT
2926 4512 3039 4568 XII.

2127 4597 2219 4654 llis
2245 4614 2374 4670 ergo
2403 4602 2495 4671 qui
2525 4602 2579 4657 in
2607 4603 2859 4672 praesenti
2900 4604 3009 4658 vita
3054 4604 3124 4661 de
3172 4605 3315 4661 malo
3358 4608 3410 4662 in
3443 4603 3642 4664 bonum

2057 4687 2256 4745 fuerint
2294 4691 2573 4747 immutati
2608 4691 2801 4748 futurae
2837 4693 3152 4750 mutationis
3189 4696 3477 4752 retributio
3516 4714 3643 4768 pro-

2056 4776 2285 4833 mittitur
2315 4798 2329 4833 :
2360 4795 2465 4851 qua
2495 4780 2585 4837 tlet
2609 4790 2668 4835 ut
2688 4782 2928 4854 quisquis
2955 4783 3043 4839 hic
3069 4784 3136 4838 ad
3163 4784 3384 4840 meliora
3415 4802 3642 4843 conver-

2054 4882 2145 4923 sus
2165 4873 2451 4926 mutaverit
2480 4873 2674 4939 vitam,
2702 4873 2756 4928 in
2786 4874 2875 4929 illa
2900 4866 3118 4945 quoque
3145 4884 3381 4933 mutatus
3410 4874 3641 4934 retribu-

2054 4956 2201 5014 tione
2223 4999 2238 5023 ,
2277 4959 2475 5016 donum
2506 4957 2744 5032 potiatur
2770 4956 3091 5033 aequalitatis
3132 4966 3430 5034 angelice;
3478 4984 3638 5037 quam

2056 5045 2170 5116 ipse
2189 5046 2455 5116 Salvator,
2478 5051 2570 5122 qui
2602 5050 2772 5107 Iidelis
2795 5060 2877 5107 est
2905 5053 2957 5107 in
2984 5054 3165 5109 verbis
3188 5055 3319 5121 suis,
3340 5065 3397 5112 et
3423 5066 3640 5113 sanctus

2010 5180 2017 5185 .
2053 5136 2107 5190 in
2155 5138 2405 5194 omnibus
2433 5141 2687 5211 operibus
2728 5142 2841 5198 suis
2883 5141 3110 5215 (Pselm.
3141 5160 3317 5212 cxuv,
3350 5146 3440 5216 15)
3465 5185 3481 5213 ,
3529 5162 3639 5203 non
3734 5180 3741 5183 τ

2052 5225 2248 5295 iniquis
2276 5237 2369 5283 aut
2392 5230 2586 5299 impiis,
2609 5233 2703 5286 sed
2728 5232 2861 5289 solis
2886 5233 3154 5303 promittit
3173 5236 3313 5291 bene
3337 5237 3638 5314 viventibus

2052 5331 2116 5371 ac
2139 5317 2319 5387 justis.
2368 5318 2503 5387 Quia
2536 5336 2636 5376 nec
2674 5321 2805 5391 justi
2851 5333 2974 5379 sunt
3002 5326 3094 5394 qui
3123 5326 3261 5382 bene
3291 5344 3397 5384 non
3428 5330 3633 5393 vivunt,

2052 5422 2153 5462 nec
2180 5408 2378 5477 injuste
2406 5412 2727 5481 punientur,
2768 5415 2859 5484 qui
2904 5414 3072 5471 Deum
3108 5416 3394 5486 diligentes
3424 5418 3449 5458 δ
3480 5436 3635 5476 man~

2056 5495 2183 5551 data
2211 5498 2329 5567 ejus
2352 5509 2735 5571 contemnunt,
2763 5519 2922 5575 quem
2963 5507 3122 5578 395
3159 5509 3232 5563 illi
3259 5510 3513 5579 diligunt,
3542 5514 3633 5582 qui

2052 5590 2169 5660 ejus
2196 5594 2446 5650 mandata
2474 5597 2783 5667 custodiunt
2815 5617 2826 5651 :
2865 5600 3004 5656 sicut
3030 5602 3145 5672 ipse
3181 5602 3437 5660 Dominus
3460 5605 3589 5660 dicit
3616 5626 3629 5659 :

2055 5684 2155 5748 Qui
2181 5687 2352 5759 diligit
2379 5705 2478 5756 me,
2504 5692 2751 5749 mandata
2778 5710 2890 5747 mea
2917 5696 3135 5751 custodit
3174 5696 3351 5764 (Joan.
3381 5715 3487 5764 xlv,
3515 5698 3627 5767 23).

2123 5824 2147 5862 δ
2179 5825 2338 5880 Fonte
2368 5839 2468 5878 non
2497 5824 2786 5895 diligentes.
