4048 6342
404 381 507 437 565

1419 370 1474 424 S.
1518 367 1881 422 FULGliNTll
1920 364 2221 421 EPISCOPI
2265 365 2630 422 RUSPENSIS

3575 375 3680 429 564

402 495 573 548 Deum
602 491 789 560 igitur,
818 489 908 558 qui
939 502 1038 541 nec
1071 485 1265 553 injuste
1298 482 1474 551 diligi,
1506 495 1604 534 nec
1637 479 1780 547 juste
1806 485 1984 548 potest
2016 483 2063 539 Α
2094 478 2514 546 indulgentiam,
2547 487 2816 534 transacto
2845 478 3004 548 hujus
3034 479 3158 535 vitm
3185 481 3368 536 limine
3395 484 3680 542 conferen-

385 583 694 653 .aliquando
720 579 1019 654 contemni,
1051 577 1126 629 illi
1154 589 1280 629 vere
1309 573 1536 640 diligunt
1572 570 1661 637 qui
1704 568 1820 636 ejus
1848 582 1988 636 prte-

384 675 572 744 vceptis
601 672 875 728 obediunt.
922 669 1011 722 Isti
1058 672 1184 718 sunt
1213 663 1304 732 qui
1356 661 1648 718 secundum
1687 673 1989 713 sermonem

399 762 611 819 Domini
660 759 880 832 (Matth.
915 773 1050 818 χχιι,
1085 753 1183 823 50)
1232 752 1606 811 mutabuntur,
1659 757 1714 802 et
1756 747 1991 816 aequales

398 857 606 918 angelis
632 854 725 904 Dei
741 890 756 912 ,
783 847 1216 916 incorruptibiles
1241 845 1446 899 scilicet
1471 851 1633 912 atque
1659 841 1991 896 immortales

399 953 623 993 munere
653 938 792 991 illius
818 936 1131 990 mutationis
1157 933 1332 988 effecti
1360 976 1374 999 ,
1407 949 1637 1002 quorum
1677 947 1784 986 non
1813 932 1991 985 anima

397 1029 512 1082 sola
543 1028 836 1080 mutabitur
863 1027 914 1078 in
944 1027 1154 1086 melius,
1184 1031 1242 1076 ut
1263 1022 1376 1089 jam
1407 1037 1633 1091 peccare
1664 1036 1770 1075 non
1800 1019 1988 1088 possit,

396 1115 490 1170 scd
522 1115 685 1169 etiam
714 1129 840 1168 caro
871 1129 1029 1181 quam
1061 1111 1463 1180 corruptibilem
1501 1119 1663 1178 atque
1706 1109 1990 1164 mortalem

396 1204 667 1268 habuerit,
701 1204 779 1257 sic
808 1203 860 1256 in
892 1201 1285 1256 resurrectione
1313 1200 1623 1264 mutabitur,
1653 1207 1710 1252 ut
1734 1199 1846 1268 ipsa
1869 1197 1991 1267 qui-

397 1297 522 1351 dem
551 1296 621 1352 sit
643 1311 761 1364 qua:
791 1309 934 1349 nunc
962 1302 1067 1358 est,
1091 1292 1186 1346 sed
1208 1307 1382 1360 neque
1409 1290 1795 1360 corruptibilis,
1818 1303 1992 1358 neque

394 1388 643 1443 mortalis
670 1387 841 1456 possit
868 1400 1010 1448 esse,
1032 1383 1176 1453 quod
1205 1399 1346 1436 nunc
1366 1389 1470 1437 est.
1501 1383 1577 1435 Ac
1599 1396 1696 1450 per
1717 1381 1839 1444 hoc,
1864 1393 1991 1433 caro

394 1487 451 1532 et
485 1478 791 1545 iniquorum
839 1485 894 1530 et
929 1475 1228 1543 justorum,
1277 1489 1396 1541 quae
1431 1488 1572 1526 nunc
1600 1471 1847 1538 moritur,
1878 1470 1991 1539 ipsa

393 1576 479 1623 est
501 1575 892 1622 resurrectura.
923 1566 1181 1634 Resurget
1207 1573 1388 1619 autem
1416 1565 1717 1634 iniquorum
1750 1563 1801 1615 in
1831 1570 1990 1615 arter-

393 1676 466 1714 no
485 1659 694 1724 dolore,
710 1658 976 1727 justorum
993 1672 1118 1712 vero
1143 1658 1194 1710 in
1219 1664 1421 1711 acterna
1443 1654 1698 1709 felicitate
1716 1667 1989 1706 mansura.

391 1750 460 1805 Et
480 1752 620 1806 sicut
643 1750 730 1804 illa
755 1756 1001 1818 resurget
1021 1748 1085 1802 ad
1108 1749 1424 1811 cruciatum,
1448 1746 1524 1800 sic
1546 1745 1645 1799 ista
1662 1749 1910 1810 resurget
1927 1741 1991 1794 ad
2010 1735 2019 1744 “

2092 567 2235 630 dam,
2266 577 2482 623 secutus
2509 568 2753 638 adjunxit
2785 588 2796 622 :
2826 567 3075 624 Extendit
3103 589 3313 627 manum
3339 591 3488 628 suam
3515 577 3569 629 in
3595 595 3681 630 re-

2095 659 2361 713 tribuendo
2394 658 2662 730 (Ibidem).
2713 659 2881 729 llujus
2927 661 3295 718 retributionis
3340 664 3549 719 initium
3597 676 3680 722 est

2093 765 2216 804 cum
2247 751 2481 819 iniquus,
2513 751 2816 805 mercedem
2845 767 3005 822 quam
3019 755 3258 823 oportuit
3286 757 3488 811 erroris
3514 758 3595 811 sui
3623 758 3677 812 in

2090 839 2382 907 semetipso
2407 839 2694 910 recipiens,
2712 840 2858 909 justo
2873 842 3077 910 judicio
3103 843 3156 898 in
3176 845 3298 900 suis
3312 845 3683 915 iniquitatibus

2065 975 2068 978 .
2093 931 2215 997 igne
2245 931 2583 999 torquebitur
2609 934 2957 1002 sempiterno.
2983 933 3168 1004 Neque
3196 935 3358 990 etiam
3387 938 3488 992 ista
3517 956 3681 1009 parva

2094 1022 2330 1090 putanda
2361 1031 2444 1076 est
2468 1024 2776 1091 retributio,
2804 1040 2910 1094 qua
2941 1026 3155 1096 iniquus
3177 1027 3399 1096 justitite
3425 1031 3545 1086 luce
3574 1033 3683 1102 pri-

2095 1120 2248 1167 vatus
2271 1114 2322 1166 in
2347 1114 2458 1168 suis
2480 1115 2713 1168 tenebris
2733 1131 2917 1171 errare
2937 1119 3284 1186 permittitur,
3308 1121 3686 1190 prtejudicatus

2099 1217 2206 1258 non
2236 1219 2425 1267 carne,
2469 1205 2564 1258 sed
2607 1206 2852 1260 caecitate
2882 1204 3066 1262 cordis‘
3090 1227 3103 1261 :
3133 1210 3224 1264 ubi
3252 1211 3414 1265 etiam
3444 1210 3572 1265 illud
3615 1213 3685 1270 ad

2096 1296 2367 1350 cumulum
2402 1297 2771 1352 retributionis
2800 1299 3055 1367 pertinet,
3087 1302 3130 1356 si
3159 1317 3332 1356 caecus
3363 1303 3544 1358 iumen
3573 1317 3683 1359 non

2095 1383 2271 1438 solum
2301 1400 2406 1439 non
2435 1394 2600 1454 queat
2632 1387 2878 1456 recipere
2897 1427 2912 1452 ,
2953 1403 3141 1443 verum
3179 1391 3342 1445 etiam
3387 1409 3509 1448 cum
3538 1393 3685 1449 dele-

2096 1476 2340 1530 ctatione
2375 1476 2591 1530 studeat
2619 1477 2870 1532 tenebras
2897 1494 3005 1533 suae
3034 1480 3290 1536 caecitatis
3318 1496 3536 1547 augere.
3575 1483 3684 1540 Ta—

2095 1565 2234 1621 libus
2260 1566 2388 1620 dicit
2414 1566 2672 1622 Dominus
2701 1568 2754 1622 in
2785 1567 3012 1642 Psalmis
3043 1587 3057 1622 :
3090 1569 3159 1622 Et
3182 1588 3284 1626 non
3307 1574 3501 1627 audivit
3523 1593 3686 1645 popu-

2095 1657 2174 1709 lus
2204 1673 2342 1710 meus
2369 1674 2540 1711 vocem
2567 1675 2754 1724 meam,
2784 1669 2832 1713 et
2868 1659 3037 1714 Israel
3065 1678 3170 1716 non
3197 1665 3415 1718 intendit
3444 1667 3602 1729 mihi;
3630 1677 3687 1721 et

2095 1747 2272 1800 dimisi
2299 1748 2416 1802 illos
2444 1748 2721 1802 secundum
2740 1749 3006 1818 desideria
3033 1749 3204 1809 cerdis
3233 1770 3432 1822 eorum,
3460 1766 3508 1808 et
3537 1741 3688 1810 ibu'nt

393 1842 664 1910 gaudium.
687 1840 781 1894 Illa
811 1841 880 1894 ob
911 1840 1016 1894 hoc
1042 1837 1384 1903 animabitur,
1417 1844 1477 1890 ut
1505 1835 1557 1890 in
1583 1842 1785 1918 (eterna
1815 1838 1990 1886 morte
2025 1849 2068 1907 Β
2093 1841 2146 1892 in
2178 1839 2522 1910 voluptatibus
2550 1843 2656 1896 suis
2689 1841 2916 1914 (Psatm.
2942 1860 3106 1908 Lxxx,
3136 1845 3224 1909 12,
3249 1846 3358 1916 1⁸5).
3386 1847 3462 1902 De
3491 1849 3687 1903 talibus

394 1951 515 1990 cum
572 1934 751 1987 anima
806 1935 1151 2000 torqueatur;
1221 1929 1288 1984 ad
1317 1930 1420 1984 hoc
1449 1930 1549 1983 ista
1585 1929 1746 1991 vivet,
1781 1934 1842 1980 ut
1867 1933 2024 1980 cum'

394 2030 571 2085 anima
612 2026 866 2097 perennis
893 2026 1018 2078 vita:
1068 2023 1398 2078 beatitudine
1437 2021 1661 2075 fruatur.
1709 2018 1982 2074 Justorum

394 2131 526 2184 ergo
585 2129 824 2184 corpus,
866 2111 1160 2166 secundum
1209 2109 1454 2179 Apostoli
1505 2106 1987 2178 przcdicationem:

394 2206 699 2262 Seminatur
738 2206 792 2257 in
833 2204 1188 2271 corruptione,
1223 2210 1395 2270 surget
1438 2202 1489 2253 iu
1523 2200 1904 2267 incorruptione
1928 2207 1988 2262 κ;

395 2300 682 2352 seminatur
711 2298 764 2349 in
795 2295 1132 2366 ignobilitate,
1170 2301 1344 2363 surget
1384 2294 1439 2344 in
1479 2292 1676 2362 gloria;
1707 2291 2020 2359 seminatur~

331 2423 336 2426 -
395 2389 447 2440 in
473 2387 795 2455 infirmitate,
825 2395 999 2455 surget
1021 2385 1073 2437 in
1096 2385 1314 2445 virtute;
1349 2382 1632 2435 seminatur
1663 2397 1847 2450 corpus
1876 2382 1991 2433 ani-

395 2481 564 2546 male,
604 2489 776 2550 surget
823 2495 1008 2549 corpus
1047 2477 1281 2546 spiritale
1322 2477 1376 2544 (I
1399 2475 1520 2530 Cor.
1552 2492 1641 2540 xv,
1665 2474 1734 2527 42
1761 2485 1810 2526 et
1833 2474 1987 2544 θεῷ),

395 2574 514 2629 Hoc
543 2589 672 2643 ergo
701 2576 753 2627 in
785 2575 862 2627 eis
891 2573 1068 2642 agitur
1091 2587 1188 2641 per
1207 2571 1454 2639 gratiam,
1479 2577 1538 2624 ut
1565 2568 1794 2639 pritnum
1829 2567 1915 2622 hic
1937 2567 1990 2620 in

396 2667 475 2720 eis
497 2681 595 2734 per
622 2662 1089 2733 justificatiouem,
1112 2663 1162 2715 in
1184 2677 1288 2730 qua
1325 2660 1640 2730 spiritaliter
1672 2657 1989 2726 resurgitur,

395 2755 625 2810 mutatio
661 2753 824 2809 divini
861 2752 1097 2806 muneris
1133 2752 1444 2820 inclinetur,
1478 2757 1533 2803 et
1567 2747 1911 2818 postmodum
1937 2746 1990 2800 in

397 2844 641 2914 corporis
672 2843 1089 2906 resurrectione,
1121 2856 1226 2909 qua
1245 2839 1660 2909 justificatorum
1691 2837 1991 2892 immutatio

368 2986 370 2988 ,
401 2938 697 3008 perficitur,
734 2938 788 2991 in
822 2945 1083 2990 teternum
1128 2948 1352 2986 manens
1394 2931 1632 3002 perfecta
1671 2929 1990 3000 glorificatio

379 3045 507 3084 .uon
528 3036 785 3081 mutetur.
823 3025 903 3078 Ad
924 3026 1028 3078 hoc
1049 3024 1191 3077 enim
1214 3023 1334 3076 illos
1357 3023 1586 3091 primum
1608 3021 1780 3087 gratia
1799 3019 1992 3089 justifi-

400 3117 650 3181 cationis,
692 3116 886 3170 deinde
924 3110 1328 3182 glorificationis
1357 3121 1553 3176 mutat,
1578 3121 1636 3166 ut
1666 3113 1719 3166 in
1761 3113 1838 3166 eis
1877 3112 1990 3181 ipsa

401 3206 722 3276 glorificatio
785 3204 1236 3260 incommutabilis
1294 3212 1601 3271 aeternaque
1656 3211 2064 3290 permaneat.c

402 3299 686 3366 Mutantur
703 3299 790 3352 hic
819 3297 960 3351 enim
997 3310 1094 3364 per
1115 3295 1340 3364 primam
1375 3295 1859 3361 resurrectionem,
1886 3307 1993 3362 qua

402 3392 770 3445 illuminantur
801 3398 860 3444 ut
887 3395 1296 3452 convertantur;
1338 3403 1442 3457 qua
1484 3387 1689 3442 scilicet
1717 3393 1993 3441 transeunt

402 3483 470 3537 de
492 3491 663 3538 morte
684 3482 750 3536 ad
773 3481 963 3547 vitam,
987 3479 1053 3533 de
1076 3481 1354 3547 iniquitate
1380 3477 1445 3531 ad
1468 3478 1752 3546 justitiam,
1778 3477 1844 3531 de
1874 3475 1993 3530 infi-

403 3576 622 3630 delitate
645 3575 709 3628 ad
736 3561 1010 3638 lidemfdc
1035 3572 1188 3626 malis
1221 3571 1430 3626 actibus
1469 3572 1536 3624 ad
1576 3579 1819 3625 sanctam
1858 3586 1992 3624 con-

402 3667 792 3722 versationem.
835 3664 960 3750 lde'o
1002 3664 1052 3716 in
1094 3663 1198 3716 illis
1225 3662 1457 3716 secunda
1498 3677 1643 3715 mors
1684 3677 1790 3716 non
1835 3661 1995 3714 habet

402 3766 747 3828 potestatem.
789 3755 866 3810 De
895 3755 1090 3809 talibus
1117 3755 1169 3808 in
1193 3753 1510 3824 Apocalypsi
1544 3753 1774 3806 dicitur:
1805 3752 1994 3805 Beatus

400 3860 452 3906 et
483 3859 693 3904 sanctus
724 3848 750 3885 ι)
772 3851 857 3918 qui
888 3848 1038 3900 habet
1066 3855 1264 3914 partem
1294 3847 1345 3898 in
1379 3846 1752 3899 resurrectione
1783 3845 1991 3914 prima:

401 3944 456 3995 in
498 3942 576 3995 Itis
615 3939 842 3993 secunda
872 3955 1010 3992 mors
1041 3955 1143 3990 non
1168 3936 1317 3990 habet
1343 3947 1649 4006 potestatem
1691 3937 1873 4005 (Apoc.
1900 3952 1990 3996 xx,

403 4034 479 4099 ti).
519 4031 574 4084 ln
599 4029 788 4084 eodem
813 4043 999 4082 rursus
1023 4027 1158 4080 libro
1179 4025 1374 4080 dicitur
1398 4045 1410 4078 :
1439 4025 1538 4090 Qui
1561 4027 1758 4091 vicerit,
1779 4044 1809 4077 α
1835 4034 1995 4078 morte

403 4121 629 4173 secunda
652 4136 754 4172 non
779 4119 995 4172 lwdetur
1032 4117 1216 4186 (Apoc.
1238 4131 1298 4183 ιι,
1325 4116 1436 4184 ff).
1467 4117 1618 4170 Sicut
1639 4129 1767 4183 ergo
1789 4117 1840 4169 in
1864 4131 1994 4169 con-

406 4211 661 4264 versione
685 4209 866 4264 cordis
894 4209 1066 4276 prima
1097 4207 1344 4262 consistit
1378 4207 1723 4271 resurrectio,
1747 4207 1825 4260 sic
1850 4221 1995 4261 mors

404 4298 642 4354 secunda
672 4298 724 4351 in
753 4297 1017 4367 supplicio
1043 4297 1394 4366 sempiterno.
1433 4297 1673 4350 Festinet
1704 4295 1882 4365 itaque
1908 4297 1996 4350 hic

407 4391 592 4460 prima:
619 4387 1032 4452 resurrectionis
1055 4387 1327 4456 particeps
1367 4384 1481 4441 fieri
1506 4429 1523 4451 ,
1565 4385 1738 4441 omnis
1765 4386 1857 4454 qui
1884 4401 1992 4440 non

405 4480 520 4533 vult
547 4478 794 4534 secunda:
822 4478 1011 4532 mortis
1047 4484 1250 4532 {eterna
1301 4476 1580 4545 punitione
1623 4475 1884 4529 danmari.
1937 4473 1996 4528 Si

378 4573 496 4641 'qui
517 4573 660 4627 enim
681 4571 737 4625 in
765 4570 1014 4640 pnesenti
1032 4569 1142 4623 vita
1168 4568 1360 4622 timore
1386 4567 1568 4644 divino
1589 4566 1799 4631 mutati,
1823 4575 1994 4620 trans-
2026 4604 2073 4662 υ

405 4671 535 4717 eunt
559 4678 590 4717 a
620 4663 731 4716 vita
759 4661 898 4716 mala
921 4661 988 4715 ad
1016 4661 1180 4714 vitam
1210 4659 1438 4726 bonam,
1486 4659 1586 4729 ipsi
1619 4667 1897 4713 transeunt
1923 4658 1990 4713 de

402 4760 580 4806 morte
601 4753 668 4807 ad
695 4736 880 4820 vitam,
907 4750 998 4820 qui
1019 4751 1182 4805 etiam
1204 4749 1546 4819 postmodum
1572 4749 1641 4804 de
1661 4749 1993 4819 ignobilitate

553 4848 753 4899 buntur
780 4843 834 4898 in
861 4843 1106 4912 gloriam.
1167 4857 1171 4860 ί

1002 4931 1230 4988 CAPUT
1274 4930 1406 4984 Xlli'.

475 5027 742 5084 Craterum
771 5028 1090 5081 miserorum
1120 5035 1281 5093 atque
1303 5022 1615 5084 infelicium,
1639 5023 1733 5090 qui
1757 5023 1825 5077 de
1850 5023 1992 5076 malo

401 5124 470 5175 ad
505 5119 702 5174 bonum
745 5115 1020 5184 negligant
1047 5114 1201 5170 istius
1228 5114 1349 5167 vitae
1378 5121 1622 5182 tempore
1650 5113 1992 5180 commutari,

400 5218 543 5266 -cut
584 5207 751 5263 David
800 5207 1169 5262 sanctissimus
1215 5206 1610 5262 contumaciam
1657 5205 1866 5274 culpat;
1917 5207 1994 5260 sic

398 5303 634 5358 futuram
665 5316 880 5373 pascam
909 5299 1100 5355 divinae
1130 5298 1501 5357 retributionis
1542 5298 1706 5369 396
1739 5312 1992 5367 pmnun-

402 5395 503 5447 tiat
546 5392 730 5448 dicens
762 5411 775 5446 :
809 5391 934 5446 Non
963 5395 1098 5446 enim
1144 5392 1253 5445 illis
1293 5399 1370 5445 est
1419 5391 1782 5453 commutatio,
1811 5400 1861 5443 et
1889 5406 1992 5443 non

400 5488 680 5540 timuerunt
724 5484 892 5540 Deum
939 5483 1164 5555 (Psalm.
1209 5499 1323 5547 LIV,
1356 5482 1466 5551 20).
1519 5482 1596 5537 Ac
1642 5497 1709 5536 ne
1752 5481 1852 5536 sibi
1898 5481 1991 5549 qui

401 5576 717 5632 commutari
746 5577 1046 5640 noluerint,
1075 5575 1271 5630 frustra
1303 5575 1618 5644 promittant
1644 5581 1987 5645 peccatorum

475 5745 497 5769 ³·
532 5731 629 5786 Ms.
665 5740 719 5785 et
743 5733 890 5798 Ant.,
922 5737 976 5786 in
1006 5735 1466 5802 incorruptionem.

473 5804 496 5842 ι)
535 5803 632 5858 Ms.
664 5805 868 5860 omittit
892 5813 938 5858 et
960 5813 1186 5857 sanctus.
1219 5801 1346 5859 ’Ant.
1376 5803 1536 5865 habet
1566 5801 1742 5858 beatus
1763 5811 1992 5859 sanctus.

2091 1931 2254 1986 etiam
2286 1931 2488 1988 Doctor
2515 1935 2756 2003 gentium
2796 1935 2926 1990 dicit
2955 1953 2967 1988 :
2999 1935 3283 2000 PrOpterea
3324 1939 3540 1992 tradidit
3567 1941 3685 1995 itl'os

2095 2021 2234 2074 Deus
2259 2032 2279 2060 ο
2302 2023 2356 2075 in
2377 2024 2647 2093 passiones
2665 2025 2966 2094 ignominia:
2989 2025 3166 2094 (Rom.
3186 2044 3220 2090 ι,
3239 2026 3355 2096 26).
3379 2027 3445 2082 Et
3465 2045 3680 2085 rursus:

2093 2110 2378 2181 Propterea
2410 2113 2626 2167 tradidit
2651 2114 2937 2169 illos'Deus
2975 2117 3030 2170 in
3061 2119 3331 2188 reprobum
3359 2136 3598 2187 sensum,
3627 2137 3685 2175 ut

2094 2203 2288 2272 faciant
2309 2218 2422 2272 qua:
2442 2219 2543 2256 non
2567 2205 2868 2258 conveniant
2891 2205 3075 2276 (Ibid.,
3094 2205 3208 2277 28).
3228 2206 3534 2262 Traduntur
3552 2224 3684 2278 ergo

2096 2293 2232 2347 tales
2262 2293 2492 2361 primum
2521 2293 2800 2349 desideriis
2827 2295 2939 2350 suis
2979 2294 3224 2364 injustis,
3256 2296 3499 2352 tradendi
3535 2308 3684 2368 post-

2094 2382 2315 2437 modum
2343 2383 2616 2452 suppliciis
2642 2383 2821 2452 justis.
2867 2384 3171 2441 Traduntur
3200 2387 3287 2442 hic
3313 2388 3685 2443 convenienti-

2093 2476 2196 2529 bus
2259 2473 2456 2536 factis,
2529 2475 2777 2530 tradendi
2823 2476 3168 2546 postmodum
3236 2480 3683 2535 convenientibus

2094 2566 2286 2635 pinnis.
2337 2567 2519 2636 Neque
2567 2568 2710 2623 enim
2757 2568 2882 2638 quia
2930 2568 3320 2626 delectabiliter
3347 2579 3535 2639 peccat
3566 2586 3686 2625 ma-

2094 2657 2210 2719 lus,
2265 2656 2387 2711 ideo
2432 2658 2778 2714 aestimandus
2814 2667 2898 2713 est
2939 2658 2969 2712 ἐι
3000 2667 3270 2714 tormento
3311 2660 3685 2715 retributionis

2093 2754 2385 2803 extraneus
2412 2767 2424 2800 :
2457 2748 2890 2818 quandoquidem
2917 2749 3154 2818 graviter
3181 2751 3297 2820 ipsa
3322 2749 3682 2806 delectatione

2094 2838 2355 2909 peccandi
2376 2838 2490 2907 jam
2528 2840 2747 2909 punitur
2772 2883 2787 2906 ,
2829 2841 2920 2909 qui
2952 2840 3045 2894 tali
3072 2840 3418 2896 delectationi
3445 2857 3677 2896 consen-

2095 2931 2248 2985 sione
2275 2930 2574 2999 subjicitur,
2605 2947 2670 2986 ex
2697 2947 2803 3000 qua
2835 2933 3084 2987 meritum
3115 2933 3410 3003 punitionis
3435 2941 3686 3002 augetur.

2098 3018 2196 3074 Ubi
2227 3028 2429 3088 quanto
2460 3021 2632 3089 magis
2678 3021 2953 3092 perficitur
2994 3023 3142 3093 quod
3187 3023 3384 3092 injuste
3423 3024 3686 3089 delectat,

2096 3117 2248 3165 tanto
2276 3114 2446 3180 magis
2474 3121 2788 3182 recepturus
2822 3121 2906 3167 est
2933 3113 3161 3181 injustus
3187 3128 3295 3182 quo
3323 3113 3552 3183 amplius
3577 3113 3684 3168 do-

2097 3201 2222 3255 leat.
2271 3201 2329 3256 Si
2371 3203 2496 3271 “quis
2524 3217 2652 3271 ergo
2679 3204 2767 3258 hic
2797 3203 3030 3259 noluerit
3057 3204 3126 3258 ad
3153 3205 3318 3258 Deum
3351 3205 3595 3258 converti
3626 3214 3686 3259 et

2097 3309 2126 3346 a
2157 3295 2296 3348 mala
2328 3295 2433 3348 vita
2455 3295 2523 3348 ad
2550 3295 2705 3349 bonae
2736 3297 2857 3350 vita:
2883 3295 3056 3350 studia
3087 3296 3423 3359 commutari,
3449 3311 3549 3350 nec
3573 3295 3688 3350 illic

2097 3384 2485 3451 immutabitur,
2513 3386 2602 3440 ubi
2635 3386 2860 3442 feliciter
2886 3388 3105 3441 mutatis
3123 3388 3281 3456 justis
3311 3387 3685 3442 immortalitas

2097 3488 2152 3532 et
2189 3480 2519 3550 incorruptio
2549 3481 2842 3535 confertur.
2895 3481 3124 3536 Proinde
3170 3483 3336 3550 iniqui
3380 3483 3464 3536 vel
3511 3482 3685 3552 impii,

2097 3571 2200 3624 hoc
2229 3579 2312 3624 est
2337 3572 2421 3624 vel
2450 3572 2541 3640 qui
2570 3587 2823 3640 perverse
2867 3572 3112 3635 credunt,
3141 3573 3254 3627 sive
3297 3573 3394 3642 qui
3436 3573 3685 3639 nequiter

2095 3662 2304 3743 vivunt,
2333 3679 2432 3718 nec
2462 3671 2586 3718 ante
2614 3665 2890 3733 praesentis
2922 3665 3044 3719 vita:
3082 3665 3242 3719 tinent
3269 3681 3296 3719 a
3323 3680 3417 3719 sua
3449 3664 3684 3719 infideli-

2097 3763 2207 3808 tate
2235 3755 2347 3809 sive
2376 3755 2657 3825 iniquitate
2684 3755 2996 3820 discedunt,
3029 3758 3080 3810 in
3107 3756 3280 3810 futura
3305 3757 3684 3821 retributione,

2095 3860 2197 3899 nec
2224 3845 2556 3900 immortales
2586 3862 2685 3900 nec
2714 3847 3148 3917 incorruptibiles
3184 3856 3372 3914 erunt;
3419 3848 3513 3903 sed
3556 3863 3685 3904 cor-

2096 3946 2427 4005 rumpentur,
2452 3952 2551 3991 nec
2580 3947 2990 4002 consumentur;
3017 3940 3330 4003 morientur,
3357 3955 3455 3995 nec
3479 3942 3688 3995 exstin-

2095 4034 2342 4093 guentur.
2377 4027 2716 4081 Permanebit
2744 4029 2886 4082 enim
2915 4029 3400 4084 cruciamentorum
3430 4031 3687 4099 perennis

2097 4130 2287 4169 sensus
2316 4116 2367 4168 in
2398 4117 2627 4171 mortuis
2650 4159 2666 4184 ,
2698 4118 2787 4172 ubi
2817 4119 3026 4174 miseris
3052 4121 3189 4174 mori
3231 4135 3339 4174 non
3369 4120 3689 4175 conceditur

2097 4205 2150 4258 in
2181 4205 2372 4272 poenis.
2424 4205 2500 4259 lbi
2549 4222 2696 4261 mors
2743 4209 3062 4262 miserorum
3093 4209 3214 4263 talis
3254 4211 3389 4273 erit,
3421 4225 3539 4280 qutc
3568 4225 3683 4264 non

2098 4297 2328 4350 animam
2358 4297 2426 4351 de
2453 4313 2682 4367 corpore
2715 4297 2947 4353 dolentis
2975 4299 3242 4364 excludat,
3275 4299 3367 4353 sed
3397 4300 3450 4352 in
3478 4298 3686 4353 dolenti

2097 4405 2326 4458 corpore
2364 4389 2430 4443 ad
2474 4391 2576 4444 hoc
2618 4390 2817 4457 jugiter
2848 4398 3065 4452 teneat,
3096 4399 3152 4444 ut
3182 4391 3414 4443 animam
3444 4389 3602 4446 simul
3631 4401 3688 4442 et

2096 4494 2292 4548 corpus
2315 4479 2620 4532 :cternitate
2640 4478 2840 4532 doloris
2869 4478 3088 4546 afﬂigat.
3121 4480 3197 4534 Ac
3223 4496 3320 4548 per
3343 4480 3445 4533 hoc
3471 4493 3690 4546 semper

2098 4586 2217 4624 cum
2246 4585 2476 4639 corpore
2503 4585 2602 4623 suo
2624 4570 2883 4624 morietur
2911 4571 3118 4634 anima;
3150 4587 3272 4625 cum
3301 4585 3410 4638 quo
3439 4571 3555 4624 sine
3578 4568 3688 4624 ﬁne

2099 4671 2320 4731 cogetur
2363 4670 2564 4716 aeterna
2611 4662 3012 4740 communicare
3063 4672 3348 4716 tormenta.
3408 4662 3483 4717 lbi
3538 4678 3688 4717 mors

2100 4754 2292 4807 animm
2322 4753 2671 4822 corporisque
2701 4767 2808 4806 non
2838 4754 3084 4816 moritur,
3113 4753 3236 4821 quia
3265 4754 3530 4808 cruciatus
3557 4769 3684 4808 cor-

2097 4847 2246 4914 poris
2274 4854 2330 4900 et
2362 4846 2553 4898 animm
2584 4860 2690 4898 non
2728 4843 2928 4898 finitur.
2976 4838 3101 4898 Htcc
3129 4845 3326 4914 quippe
3355 4846 3458 4898 erit
3482 4852 3688 4898 aeterna

2101 4953 2247 4990 mors
2291 4936 2595 5003 iniquorum
2615 4975 2630 4998 ,
2663 4943 2721 4988 ut
2749 4935 2801 4987 iu
2833 4934 2954 5002 igne
2997 4951 3102 4989 non
3133 4935 3431 4989 moriantur
3458 4943 3689 5000 aeterno,
3784 4921 3800 4927 ’

2102 5043 2172 5080 ne
2195 5027 2518 5096 quandoque
2547 5027 2756 5095 possint
2783 5042 2968 5081 carere
3015 5027 3296 5097 supplicio.
3341 5027 3451 5081 Nec
3498 5027 3568 5080 ibi
3599 5043 3696 5081 ar-

2099 5117 2245 5172 denti
2276 5117 2491 5185 corpori
2521 5117 2721 5185 aliquid
2748 5116 3000 5183 demitur,
3024 5118 3267 5188 quamvis
3297 5117 3475 5172 infelix
3506 5117 3692 5172 anima

2099 5209 2152 5262 in
2183 5225 2281 5262 suo
2311 5215 2539 5277 corpore
2563 5207 2765 5276 jugiter
2783 5217 3069 5274 exuratur;
3093 5208 3185 5262 sed
3209 5205 3274 5262 ut'
3294 5216 3465 5262 totum
3486 5223 3694 5277 corpus

2097 5299 2288 5354 ardere
2318 5314 2424 5353 non
2455 5299 2693 5364 desinat,
2727 5308 2899 5353 totum
2942 5315 3062 5352 cum
3090 5300 3266 5353 anima
3290 5298 3491 5366 jugiter
3520 5298 3572 5351 in
3605 5298 3694 5351 in-

2095 5391 2286 5446 cendio
2317 5399 2647 5460 perseverat.
2683 5390 2737 5445 In
2767 5406 2874 5459 quo
2905 5392 3046 5445 enim
3090 5407 3315 5461 corpore
3340 5391 3517 5444 anima
3541 5390 3692 5458 juste

2064 5483 2308 5547 'leerit,
2337 5489 2430 5535 aut
2459 5473 2661 5550 inique,
2686 5481 2737 5534 in
2768 5481 2883 5550 ipso
2911 5481 3136 5551 recipiet
3160 5490 3412 5535 aeternam
3443 5493 3685 5550 pinnam,

2095 5582 2185 5626 aut
2213 5576 2328 5630 sine
2359 5573 2462 5627 fine
2485 5571 2746 5626 laetitiam.

2177 5744 2196 5772 ε
2230 5734 2357 5800 Qum
2387 5736 2473 5793 hic
2504 5735 2728 5790 aberant
2763 5733 2828 5788 ab
2858 5733 3018 5788 editis
3067 5731 3429 5803 supplevimus
3455 5743 3524 5785 ex
3553 5743 3685 5782 mss.
