4066 6346
487 397 586 460 567

1534 397 1590 452 S.
1632 394 1992 451 FULGEXTII
2032 393 2332 449 EPISCOPI
2373 390 2738 448 RUSPE.\SIS

3649 385 3756 442 568

489 524 650 577 tendo
681 506 793 592 ipse
823 537 974 575 suum
999 517 1202 589 punivit
1230 514 1552 576 admissum;
1585 511 1724 565 alter
1769 524 1898 563 vero
1937 524 2069 563 cou—
2098 515 2149 572 Α
2175 523 2347 572 casse,
2376 506 2537 576 500
2564 522 2725 575 quam
2767 504 2856 557 ille
2882 503 2972 571 qui
3002 500 3205 557 occist
3231 499 3501 555 Christum
3528 516 3542 552 :
3576 507 3752 555 tamen

488 615 774 668 fessionem
796 612 1009 680 quidem
1042 607 1244 678 peccati
1265 605 1346 659 sui
1373 604 1540 658 verbo
1571 601 1810 671 protulit,
1842 599 1937 654 sed
1989 598 2067 652 af-

469 707 684 758 fectum
717 701 970 772 peccandi
997 695 1233 768 perversi
1264 693 1441 750 cordis
1462 694 1754 747 obstrictus
1771 690 1903 744 vitio
1959 705 2068 744 non

488 796 703 862 :tbjecil.

959 904 1122 973 393
1157 899 1385 954 CAPUT
1424 899 1562 952 xvr.

558 1020 706 1072 Tunc
737 1032 867 1086 ergo
898 1016 1118 1085 prodest
1145 1013 1354 1084 peccati
1383 1010 1672 1072 confessio,
1714 1010 1760 1063 si
1792 1008 2071 1066 confessus

487 1118 744 1179 peccator
770 1106 912 1176 quod
943 1105 1080 1159 male
1109 1105 1324 1166 fecerat,
1365 1103 1504 1156 ultra
1536 1117 1642 1155 non
1672 1099 1850 1165 faciat,
1891 1108 1945 1154 et
1974 1099 2070 1152 bo-

488 1216 680 1253 norum
702 1198 880 1253 studio
901 1212 1122 1267 operum
1147 1194 1541 1266 praeteritorum
1570 1193 1852 1247 criminum
1879 1191 2070 1245 merita

486 1307 741 1360 superare
771 1289 1061 1346 contendat
1090 1307 1102 1352 ;
1150 1298 1207 1342 ut
1247 1286 1543 1341 secundum
1570 1284 1813 1361 Apostoli
1841 1283 2066 1344 dictum,

486 1383 577 1436 ubi
607 1381 897 1436 abundavit
925 1388 1225 1449 peccatum,
1261 1377 1658 1446 superabundet
1686 1375 1856 1446 gratia
1889 1373 2066 1443 (Rom.

485 1490 542 1536 v,
569 1472 681 1539 21).
726 1470 974 1524 Nonnulli
1022 1475 1281 1538 prmterea
1329 1467 1582 1519 virtutem
1624 1464 1951 1534 pcenitentizc
1979 1479 2071 1516 ne-

487 1566 743 1624 scientes,
765 1577 872 1614 non
901 1559 968 1613 ad
997 1559 1101 1613 hoc
1128 1550 1496 1626 pmnitentiam
1525 1562 1735 1622 gerunt,
1768 1563 1826 1607 ut
1847 1568 2070 1622 speran-

489 1669 572 1711 tes
615 1670 770 1724 opem
816 1653 1008 1706 divina:
1059 1648 1446 1704 misericordia:
1494 1654 1913 1710 convertantur_;
1965 1645 2072 1698 imo

489 1743 801 1816 pernitendo
828 1743 1063 1797 deterius
1087 1747 1337 1809 peccant,
1363 1753 1483 1792 eum
1516 1737 1582 1792 de
1609 1745 1951 1806 peccatorum
1982 1749 2069 1788 re-

451 1893 463 1902 ,
489 1838 744 1891 missione
773 1835 1082 1902 desperant.
1123 1822 1268 1884 Talis
1298 1828 1396 1882 fuit
1433 1828 1743 1898 pmnitentia
1782 1825 1930 1880 Judze
1957 1833 2070 1879 tra-

489 1928 678 1983 ditoris
709 1899 924 1996 (Matth.
951 1899 1114 1984 xxvii,
1144 1921 1222 1991 5),
1253 1935 1371 1988 qum
1398 1919 1678 1988 poenitenti
1710 1933 1816 1972 non
1846 1917 2072 1986 acquisi-
2102 1899 2148 1960 Β

488 2019 565 2073 vit
613 2017 870 2078 salutem,
921 2013 1015 2068 sed
1055 2011 1362 2080 procuravit
1409 2009 1714 2077 desperanti
1754 2007 2068 2077 perniciem.

489 2105 732 2172 Denique
781 2101 1049 2156 deteriore
1113 2099 1456 2167 semetipsum
1516 2097 1728 2149 vinculo
1779 2095 2072 2163 iniquitatis

474 2194 802 2276 vobstrinxit,
823 2208 944 2246 cum
975 2208 1031 2245 se
1062 2189 1256 2244 occidit
1281 2196 1586 2254 nocentem,
1618 2202 1776 2255 quam
1808 2195 1920 2239 tum
1950 2201 2070 2239 cum

492 2287 760 2345 Christum
786 2283 1001 2345 tradidit
1030 2283 1389 2335 innocentem.
1425 2278 1705 2333 Peccatum
1736 2278 1877 2332 enim
1903 2277 2072 2331 tradi-

493 2379 654 2434 tionis
675 2376 877 2430 Christi
911 2381 1121 2443 poterat
1142 2371 1306 2433 .ludze,
1341 2370 1383 2424 si
1425 2373 1612 2424 vivens
1639 2377 2065 2432 converteretur,

491 2469 725 2533 dimitti;
776 2466 976 2522 occisio
1019 2479 1148 2518 vero
1176 2479 1270 2516 sua
1317 2462 1622 2515 nullatenus
1663 2460 1934 2516 relaxatur
1957 2459 2073 2514 'ex-

493 2561 710 2614 stincto.
752 2557 881 2611 Post
911 2554 1250 2608 traditionem
1280 2553 1438 2619 igitur
1465 2549 1662 2604 Christi
1698 2550 1882 2604 habuit
1903 2549 2071 2606 tradi-

493 2663 584 2706 tor
611 2659 822 2719 tempus
851 2663 958 2717 quo
989 2662 1085 2717 per
1115 2643 1262 2703 illum
1291 2644 1605 2712 sanguinem
1646 2639 1738 2711 qui
1759 2641 1960 2696 effusus
1987 2650 2071 2696 est

498 2752 550 2800 in
600 2741 974 2802 remissionem
1021 2745 1396 2809 peccatorum,
1456 2737 1621 2806 ipsius
1670 2749 1884 2805 quoque
1926 2732 2074 2789 Judce

498 2835 667 2906 possit
696 2833 897 2887 remitti
925 2840 1207 2902 peccatum
1234 2849 1246 2882 :
1273 2829 1527 2904 quoniam
1555 2827 1824 2893 Christus,
1850 2828 1940 2896 qui
1971 2843 2071 2897 pro

498 2926 675 2996 impiis
701 2931 945 2978 mortuus
972 2930 1072 2984 est,
1099 2936 1205 2975 non
1236 2921 1556 2988 denegasset
1583 2934 1680 2974 suo
1709 2918 1954 2972 traditori
1983 2933 2072 2972 re-

496 3013 766 3069 missionis
813 3008 1156 3075 beneficium,
1203 3010 1250 3064 si
1301 3023 1406 3063 non
1455 3008 1544 3061 ille
1588 3006 1688 3061 sibi
1738 3005 2074 3075 desperando

498 3103 757 3158 adimeret
803 3108 1012 3169 tempus
1040 3098 1342 3152 remissioni
1385 3112 1717 3154 concessum.
1778 3096 1894 3150 Non
1946 3110 2074 3164 ergo

499 3202 646 3247 recte
674 3191 1044 3261 paenitentiam
1091 3190 1276 3259 gessit.
1327 3203 1428 3243 nec
1463 3187 1671 3256 justum
1721 3187 1986 3242 vindicem
2015 3202 2074 3243 se

507 3285 582 3341 su.”
609 3282 825 3340 sceleris
854 3280 1089 3354 pertulit.
1131 3279 1293 3333 Auxit
1319 3279 1538 3349 quippe,
1569 3294 1674 3331 non
1700 3278 1917 3333 abstulit
1944 3295 2073 3349 sup-

504 3374 721 3448 plicium
754 3371 929 3428 meriti
959 3370 1195 3424 criminis
1223 3370 1304 3424 sui
1331 3369 1475 3423 ultor
1517 3368 1764 3438 injustus,
1805 3368 1896 3439 qui
1927 3370 2072 3425 occi-

498 3464 606 3520 sori
634 3479 733 3518 suo
754 3470 965 3531 tempus
995 3459 1361 3516 conversionis
1390 3459 1588 3513 ademit
1616 3459 1840 3514 occisus.
1883 3457 1958 3513 Ac
1978 3474 2076 3528 per

499 3559 602 3611 hoc
627 3556 751 3624 quia
779 3550 893 3624 ipse
917 3569 975 3608 se
1004 3552 1216 3618 occidit,
1243 3552 1356 3622 ipse
1382 3551 1482 3605 sibi
1509 3551 1692 3620 utique
1716 3559 1922 3620 tempus
1945 3566 2075 3605 eon-

499 3646 761 3701 versionis
807 3660 864 3698 se
886 3642 1178 3699 occidendo
1206 3641 1489 3696 subtraxit.
1531 3639 1862 3695 Miserrimus
1890 3638 2069 3701 Judas,

499 3738 590 3806 qui
623 3752 742 3792 cum
772 3735 910 3790 male
933 3736 1134 3789 crimen
1163 3734 1469 3787 traditionis
1509 3731 1803 3797 admiserit,
1839 3732 1988 3801 pejus
2020 3732 2077 3784 il-

500 3830 603 3882 lius
632 3828 868 3884 criminis
895 3826 1279 3896 pmnitudinem
1321 3825 1506 3894 gessit,
1555 3825 1678 3894 quia
1728 3825 1939 3893 penitus
1986 3823 2070 3877 in-

499 3919 826 3986 dulgentiam
856 3935 964 3971 non
1004 3917 1250 3986 quaesivit
1291 3935 1304 3970 :
1339 3932 1402 3972 ac
1431 3916 1510 3970 sic
1555 3916 1642 3970 illa
1685 3917 1861 3983 gravis
1906 3915 2074 3984 culpa:

502 4009 816 4078 poenitentia
865 4009 1101 4063 deterior
1143 4017 1226 4062 est
1265 4009 1478 4062 inventa
1524 4023 1682 4077 quam
1712 4009 1890 4078 culpa.
1943 4006 2074 4061 Illud

453 4117 472 4131 ·
499 4101 700 4154 etenim
730 4101 1010 4154 dominicze
1049 4098 1351 4152 traditionis
1376 4109 1655 4168 peccatum
1681 4099 1868 4152 habuit
1895 4106 2075 4168 poste-

501 4193 612 4245 rius
642 4201 850 4260 tempus
877 4206 982 4258 quo
1014 4190 1182 4258 possit
1211 4189 1354 4242 ablui
1379 4207 1392 4254 ;
1448 4189 1592 4242 illum
1621 4189 1926 4258 veropunit
1951 4204 2076 4242 sen-

501 4281 691 4346 tentia,
719 4295 840 4349 qua:
869 4296 973 4334 non
1003 4279 1408 4334 conversionem
1437 4277 1642 4343 habuit,
1693 4279 1787 4332 sed
1815 4279 2072 4347 despera-

505 4375 724 4428 tionem.
770 4373 896 4427 ideo
926 4372 1270 4442 pmnitentem
1297 4387 1402 4425 non
1433 4370 1654 4439 adjuvit,
1685 4370 1777 4423 sed
1806 4369 2070 4439 peremit:

407 4514 412 4519 ,
496 4465 625 4530 quia
653 4463 754 4516 sibi
799 4463 1168 4537 conversionis
1199 4469 1407 4529 tempus
1435 4461 1703 4516 occisione
1734 4458 1970 4523 abstulit,
2021 4468 2076 4513 et

501 4553 879 4622 indulgentiam
902 4552 1278 4627 desperatione
1305 4551 1585 4606 subtraxit.

1054 4663 1304 4719 -CAPUT
1336 4663 1494 4717 XVII.

570 4776 796 4830 Tantum
829 4775 988 4841 igitur
1016 4773 1157 4828 valet
1177 4774 1552 4842 opportunitas
1592 4773 1834 4826 concessi
1867 4780 2074 4842 tempo-

425 4911 428 4916 .
498 4869 573 4921 ris
593 4866 658 4919 ad
687 4865 1072 4932 indulgentiam
1103 4871 1451 4931 peccatorum
1477 4861 1489 4912 !
1518 4860 1585 4914 Et
1611 4877 1730 4917 cum
1759 4862 1926 4916 multo
1953 4877 2074 4929 gra-

497 4955 615 5006 vius
635 4953 704 5006 sit
723 4951 994 5005 Christum
1016 4950 1292 5004 tradidisse
1312 4965 1471 5017 quam
1493 4949 1783 5018 quemlibet
1804 4950 2073 5004 hominem

499 5042 779 5106 occidisse,
829 5042 1097 5095 occisores
1145 5048 1324 5093 tamen
1353 5038 1574 5100 Christi,
1619 5038 1924 5107 quicunque
1951 5047 2075 5094 sunt

501 5136 554 5188 in
603 5133 854 5202 praesenti
893 5132 1002 5184 vita
1045 5137 1158 5184 toto
1184 5129 1348 5184 corde
1393 5129 1660 5190 conversi,
1707 5129 2074 5184 remissionem

499 5231 843 5293 peccatorum
875 5222 1041 5290 ipsius
1079 5219 1277 5273 Christi
1303 5226 1427 5272 sunt
1467 5219 1725 5286 sanguine
1756 5221 2028 5274 consecuti
2057 5239 2070 5284 ;

497 5315 738 5383 quisquis
766 5321 970 5377 autem,
1000 5326 1106 5365 non
1135 5310 1254 5364 dico
1281 5310 1566 5365 hazreticus
1594 5325 1687 5365 seu
1719 5325 1977 5379 paganus,
2006 5313 2073 5367 de

496 5404 694 5473 quibus
717 5405 858 5458 nulla
885 5411 966 5456 est
993 5401 1253 5455 dubitatio
1282 5400 1426 5469 quod
1457 5401 1576 5474 igne
1603 5400 1891 5468 punientur
1917 5409 2072 5455 aeter-

457 5565 469 5573 O
497 5512 589 5562 tm,
621 5510 728 5562 quo
756 5494 914 5547 etiam
941 5490 1278 5548 Christianus
1306 5490 1619 5554 catholicus,
1652 5490 1696 5543 si
1716 5490 2070 5545 homicidium

496 5587 761 5648 admittat,
798 5594 888 5638 aut
910 5583 1228 5637 adulterium
1250 5581 1432 5648 faciat,
1455 5582 1696 5636 alienare
1721 5581 1954 5650 diripiat,
1987 5583 2071 5636 vel

496 5676 538 5726 si
568 5674 928 5739 juramentum
958 5673 1195 5743 perjurio
1235 5672 1415 5735 viclet,
1455 5680 1548 5725 aut
1587 5671 1774 5726 falsum
1827 5673 2068 5725 testimo—

499 5767 641 5818 nium
672 5765 848 5818 dicere
880 5781 984 5817 non
1032 5765 1263 5831 dubitet,
1316 5778 1411 5816 nec
1460 5770 1581 5817 ante
1627 5765 1904 5830 pnesentis
1949 5761 2071 5815 vitae.

500 5857 659 5912 linem
686 5863 1054 5921 convertatur,
1082 5872 1201 5911 cum
1231 5855 1398 5910 multo
1428 5854 1601 5908 minus
1646 5852 1892 5908 videatur
1940 5866 2069 5922 pec-

2173 600 2380 655 ocoisor
2399 597 2622 664 Christi,
2639 596 2682 650 si
2713 602 3053 650 convertatur
3075 593 3127 646 in
3153 591 3400 662 prmsenti
3426 591 3553 655 vita,
3577 591 3752 645 salva-

2172 690 2354 753 bitur;
2398 689 2487 742 ille
2516 696 2696 740 autem
2721 700 2819 755 pro
2846 699 2912 739 eo
2940 682 3166 751 quodin
3196 681 3449 751 praesenti
3492 680 3601 733 vita
3643 697 3754 734 non

2173 777 2525 842 convertitur,
2575 783 2701 844 post
2731 763 2887 842 hujus
2917 773 3038 826 vitae
3079 771 3245 826 ﬁnem
3275 771 3561 825 tormentis
3586 769 3740 840 depu-

2173 870 2372 923 tabitur
2411 883 2528 938 qua}
2577 881 2684 920 non
2713 865 2912 919 habent
2951 862 3132 917 ﬁnem.
3166 862 3281 917 Hoc
3320 871 3501 915 autem
3531 860 3606 925 ﬁt,
3643 878 3748 914 non

2173 959 2297 1029 quia
2327 959 2427 1012 iste
2451 957 2570 1027 plus
2597 956 2840 1025 peccavit
2860 969 3020 1024 quam
3043 954 3130 1007 ille
3152 953 3345 1021 impius
3368 951 3458 1020 qui
3481 951 3750 1004 Christum

2172 1049 2386 1114 occidit,
2432 1048 2526 1102 sed
2569 1048 2690 1102 ideo
2741 1047 2831 1100 ille
2872 1053 3231 1111 consequetur
3267 1044 3430 1096 vitam
3471 1039 3750 1107 aiternam,

2172 1144 2296 1210 quia
2325 1139 2770 1209 omnipotentiam
2805 1137 2934 1192 boni
2954 1137 3155 1192 medici
3180 1149 3589 1203 recognoscens,
3622 1148 3755 1188 cor.-

2173 1246 2308 1301 gruo
2340 1241 2585 1301 tempore
2623 1231 2689 1284 ad
2718 1228 3014 1284 remedium
3059 1228 3306 1282 sanitatis
3353 1218 3608 1290 advenit;
3660 1224 3757 1278 ille

2173 1335 2354 1381 autem
2393 1333 2676 1395 propterea
2701 1331 2876 1377 morte
2923 1321 3314 1376 condemnatur
3358 1327 3578 1381 aeterna,
3626 1316 3756 1385 quia

2173 1419 2466 1487 deSpcrans
2495 1414 2925 1471 benevolentiam
2951 1430 2964 1465 :
3018 1421 3178 1480 atque
3208 1412 3280 1464 ita
3327 1425 3446 1464 cum
3476 1407 3592 1476 ejus
3620 1421 3757 1475 pec-

2173 1519 2352 1564 catum
2383 1513 2749 1576 comparatum
2801 1503 3055 1557 occisioni
3084 1500 3282 1554 Christi
3322 1499 3489 1553 levius
3543 1498 3749 1550 crimen

2172 1600 2570 1672 pronuntietur,
2625 1599 2738 1666 ipse
2769 1605 2948 1648 tamen
2981 1594 3032 1647 in
3055 1591 3248 1646 eodem
3277 1590 3481 1646 leviore
3523 1587 3753 1642 crimine

2172 1693 2342 1748 multo
2389 1691 2625 1744 deterius
2674 1688 2983 1742 invenitur:
3025 1685 3162 1752 'quia
3206 1673 3329 1737 licet
3359 1697 3465 1736 non
3494 1679 3756 1736 occiderit

2173 1785 2470 1850 Christum,
2517 1782 2570 1836 in
2613 1796 2679 1836 eo
2712 1789 2888 1834 tamen
2929 1777 3166 1832 deterius
3207 1775 3454 1844 peccavit
3496 1786 3656 1840 quam
3709 1771 3755 1827 si

2172 1875 2445 1931 Christum
2492 1871 2800 1934 occidisset,
2852 1869 2905 1922 in
2935 1883 3042 1936 quo
3091 1874 3300 1933 tempus
3347 1861 3579 1930 neglexit
3617 1875 3755 1913 eon-

2174 1986 2362 2042 gruum
2405 1967 2548 2039 quod
2589 1974 2673 2022 est
2718 1949 3016 2019 remissioni
3045 1966 3388 2028 peccatorum
3428 1954 3606 2008 divina
3637 1951 3755 2005 lon-

2174 2063 2486 2133 ganimitate
2514 2071 2848 2114 concessum.
2879 2053 2956 2107 ita
2985 2050 3325 2120 cognoscitur
3348 2062 3449 2102 nec
3476 2044 3754 2099 remissio—

2175 2167 2298 2206 nem
2329 2157 2672 2220 peccatorum
2700 2145 2835 2208 dari,
2866 2145 2910 2197 si
2937 2139 3251 2211 pmnitentia
3294 2137 3347 2190 in
3374 2136 3479 2189 hoc
3508 2143 3754 2202 tempore

2174 2258 2283 2297 non
2325 2249 2514 2308 agatur
2541 2257 2556 2305 ;
2588 2253 2688 2292 nec
2719 2237 2771 2290 in
2800 2237 2904 2290 hoc
2933 2241 3175 2302 tempore
3215 2227 3586 2300 pmnitentiam
3629 2239 3754 2294 pro-

2173 2331 2351 2399 desse,
2375 2330 2418 2384 si
2446 2336 2787 2399 peccatorum
2830 2323 3075 2379 remissio
3105 2320 3418 2388 desperatur
3443 2335 3455 2369 :
3489 2317 3541 2372 in
3572 2315 3753 2369 futuro

2173 2421 2525 2478 veromullam
2566 2418 2720 2474 malis
2748 2404 3156 2471 conversionem
3189 2410 3438 2473 futuram,
3478 2415 3535 2461 et
3564 2406 3754 2459 talium

2175 2515 2545 2588 pcenitentia‘m
2594 2511 2905 2566 continuam
2953 2507 3100 2568 fore,
3150 2502 3245 2560 sed
3298 2515 3540 2555 vacuam.
3606 2495 3756 2550 Sicut

2175 2607 2322 2662 enim
2350 2606 2430 2660 eis
2460 2617 2730 2671 nunquam
2761 2599 3006 2654 remissio
3033 2595 3264 2671 dabitur,
3295 2592 3373 2646 sic
3401 2604 3590 2645 eorum
3617 2601 3754 2642 nun-

2176 2712 2336 2767 quam
2356 2669 2668 2766 pcenitentia
2699 2691 2928 2749 ﬁnietur.
2971 2669 3254 2756 Negliguiit
3281 2683 3423 2737 enim
3464 2689 3671 2747 tempus
3700 2677 3754 2731 in

2176 2805 2284 2858 quo
2311 2785 2626 2857 paenitentia
2656 2781 2940 2838 salubriter
2987 2794 3017 2832 a
3056 2775 3425 2847 peccatoribus
3453 2771 3645 2838 agitur,
3695 2776 3750 2822 et

2177 2880 2231 2934 in
2260 2895 2367 2948 quo
2394 2885 2737 2947 peccatorum
2761 2872 3130 2927 remissionem
3159 2868 3332 2938 pietas
3379 2863 3555 2917 divina
3585 2859 3751 2926 iargi-

2176 2978 2283 3025 tur.
2303 2969 2529 3038 Propter
2543 2965 2684 3029 quod
2699 2973 2752 3020 et
2770 2965 2881 3034 ipse
2897 2961 3149 3016 Dominus
3169 2959 3220 3011 in
3244 2952 3560 3025 Apocalypsi
3589 2949 3754 3004 Joan-

2177 3061 2259 3116 nis
2289 3059 2471 3115 ﬁdeles
2513 3073 2642 3113 suos
2691 3055 2997 3116 consolans,
3048 3060 3103 3126 et
3143 3049 3332 3117 iniquis
3361 3060 3578 3116 pomum
3611 3041 3750 3095 futu-

2179 3168 2251 3206 r.e
2297 3151 2590 3222 punitionis
2635 3149 2938 3208 intentans,
2984 3145 3060 3198 ita
3113 3141 3348 3210 loquitur
3390 3157 3402 3190 :
3439 3135 3540 3199 Qui
3583 3141 3766 3198 nocet,

2101 3252 2146 3313 (ζ
2178 3250 2357 3295 noceat
2405 3240 2620 3303 adhuc;
2690 3247 2738 3290 et
2785 3237 2870 3308 qui
2921 3235 2976 3286 in
3029 3231 3264 3286 sordibus
3317 3237 3431 3287 est,
3491 3223 3755 3278 sordescat
3843 3225 3848 3228 ’

2180 3332 2385 3384 adhuc:
2419 3331 2592 3401 justus
2639 3336 2808 3380 autent
2853 3325 3019 3378 adhuc
3057 3322 3280 3393 justiora
3327 3320 3512 3389 (aciei,
3555 3324 3605 3368 et
3642 3330 3756 3367 sano

2176 3430 2286 3474 ctus
2332 3420 2613 3474 sanctiora.
2673 3416 2807 3470 Ecce
2854 3415 2999 3470 venio
3045 3414 3165 3476 cito,
3215 3419 3263 3464 et
3305 3423 3500 3463 merces
3521 3422 3634 3460 mea
3658 3419 3755 3456 me-

2176 3529 2290 3566 cum
2316 3520 2429 3583 est,
2454 3509 2666 3564 reddere
2693 3508 2966 3577 unicuique
3009 3503 3285 3558 secundum
3304 3503 3462 3571 facta
3489 3514 3606 3551 sua.
3641 3495 3755 3565 Ego

2174 3620 2287 3658 sum
2315 3601 2471 3670 alpha
2499 3608 2547 3654 et
2574 3616 2770 3669 omega,
2801 3599 2995 3668 primus
3029 3605 3080 3649 et
3118 3593 3444 3654 novissimus,
3471 3588 3678 3642 initium
3706 3595 3756 3638 et

2175 3697 2315 3766 ﬁnis.
2359 3693 2505 3747 Beati
2533 3695 2617 3764 qui
2657 3692 2888 3745 laverunt
2933 3688 3095 3743 stolas
3141 3701 3280 3750 suos,
3327 3694 3385 3737 ut
3430 3684 3498 3736 sit
3525 3689 3753 3751 potestas

2175 3805 2350 3843 eorum
2378 3789 2432 3841 in
2462 3787 2600 3857 ligno
2630 3787 2765 3846 vitta,
2789 3793 2837 3836 et
2861 3799 2950 3852 per
2978 3789 3154 3851 portas
3181 3780 3374 3832 intrent
3403 3776 3458 3828 in
3499 3775 3753 3826 civitatem

2175 3887 2408 3931 sanctam
2432 3893 2448 3928 :
2482 3875 2610 3946 [oris
2631 3882 2798 3927 autent
2821 3869 3154 3925 remanebunt
3174 3883 3349 3932 canes,
3371 3864 3625 3934 maleﬁci,
3649 3865 3757 3934 [or—

2176 3967 2392 4029 nicarii,
2415 3974 2465 4018 et
2493 3963 2784 4026 homicidae,
2811 3970 2860 4017 et
2880 3961 3153 4014 uendentes
3175 3957 3350 4020 idolis,
3387 3965 3435 4008 et
3476 3955 3644 4008 omnis
3664 3952 3756 4023 qui

2177 4067 2318 4110 amat
2339 4056 2530 4126 etfacit
2558 4053 2878 4109 mendacium
2903 4051 3083 4121 (Apoc.
3112 4065 3242 4113 xxn,
3267 4047 3325 4099 ll
3357 4055 3404 4099 et
3423 4042 3579 4115 πᾳ).
3599 4041 3749 4107 Quis,
3773 4109 3775 4111 ι

2177 4161 2327 4214 rogo,
2361 4155 2469 4199 tam
2493 4145 2640 4199 dura:
2662 4143 2832 4213 possit
2860 4140 3082 4196 cervicis
3111 4153 3248 4202 esse,
3293 4143 3385 4190 aut
3412 4134 3535 4203 quis
3569 4132 3748 4186 itavin-

2176 4238 2520 4293 circumcisus
2564 4235 2726 4290 corde
2755 4233 3057 4303 reperiatur
3083 4239 3138 4284 et
3165 4227 3404 4293 auribus,
3454 4225 3545 4295 qui
3573 4222 3755 4278 verbis

2175 4327 2291 4381 istis
2321 4342 2426 4380 non
2457 4331 2742 4389 terreatur,
2767 4338 2873 4376 non
2905 4328 3306 4390 prosternatur,
3331 4331 3441 4370 non
3463 4320 3756 4370 converta-

2177 4418 2303 4470 tur?
2353 4415 2480 4481 Quis
2523 4429 2629 4467 non
2668 4413 2836 4466 ﬂeat?
2885 4410 3016 4476 Quis
3063 4423 3168 4463 non
3215 4405 3415 4460 intimis
3461 4402 3764 4458 visceribus

2175 4507 2556 4561 intremiscat?
2595 4503 2726 4570 Quis
2755 4519 2861 4556 non
2893 4494 3094 4555 timore
3115 4500 3255 4554 illius
3278 4496 3408 4566 justi
3451 4493 3637 4564 judicii
3685 4492 3759 4548 ad

2103 4623 2156 4682 D
2180 4600 2586 4655 conversionem
2617 4594 2962 4650 tremefactus
2992 4599 3260 4657 accurrat,
3290 4599 3348 4643 ut
3381 4587 3760 4642 remissionem

2180 4699 2531 4759 peccatorum
2558 4697 2614 4742 et
2656 4687 2882 4755 gratiam
2930 4692 3203 4754 perpetua:
3247 4681 3434 4736 salutis
3474 4677 3762 4732 inveniat?

2181 4783 2273 4837 Va:
2302 4783 2376 4836 illi
2405 4783 2495 4851 qui
2529 4789 2652 4834 ante
2678 4789 2886 4847 tempus
2916 4777 3189 4831 novissimi
3219 4772 3500 4828 ventilabri
3529 4787 3636 4825 non
3669 4769 3763 4823 fe-

2180 4873 2459 4929 stinaverit
2489 4888 2555 4926 ex
2585 4871 2738 4940 palea
2771 4869 3004 4922 triticum
3035 4867 3146 4922 ﬁeri
3174 4867 3186 4918 !
3222 4865 3313 4919 Va:
3357 4864 3429 4917 illi
3457 4863 3568 4931 qui,
3597 4868 3762 4914 ante-

2180 4979 2342 5033 quam
2385 4963 2606 5017 veniant
2652 4974 2918 5014 messores
2946 4957 3120 5025 angeli
3150 4957 3216 5011 de
3245 4955 3422 5010 medio
3467 4951 3769 5006 frumento-

2179 5068 2297 5107 rum
2325 5051 2686 5107 comburenda
2717 5049 2919 5103 zizauia
2948 5047 3226 5103 collecturi
3257 5043 3467 5114 (Matth.
3497 5057 3609 5105 xm,
3637 5037 3764 5107 59),

2178 5161 2288 5200 non
2309 5144 2577 5200 curaverit
2603 5157 2669 5197 ex
2698 5140 2916 5195 zizaniis
2957 5140 3009 5192 in
3039 5139 3303 5191 frumenta
3332 5131 3573 5189 converti
3597 5131 3611 5182 !
3643 5128 3766 5184 Ne-

2178 5253 2284 5306 que
2310 5237 2451 5290 enim
2486 5235 2678 5289 divina:
2707 5233 2998 5302 Scriptura:
3021 5229 3249 5298 benigna
3279 5226 3440 5281 debet
3479 5223 3771 5279 contemni

2177 5328 2420 5390 monitio,
2439 5308 2556 5395 qua:
2570 5325 2724 5380 nobis
2738 5332 2793 5378 et
2806 5323 3134 5378 celeritatem
3149 5317 3516 5375 conversionis
3529 5313 3776 5368 salubri-

2178 5427 2260 5474 ter
2275 5421 2520 5490 imperat,
2539 5426 2594 5473 et
2610 5417 2941 5475 tardantibus
2961 5416 3094 5469 iram
3115 5410 3601 5467 futuram'vindicue
3621 5407 3773 5462 divi-

2175 5524 2263 5564 na)
2279 5509 2636 5564 commendat.
2671 5506 2760 5562 Sic
2784 5507 2924 5562 enim
2947 5505 3100 5560 dicit:
3128 5502 3211 5557 Ne
3230 5500 3512 5555 tardaveris
3531 5500 3776 5553 conuerti

2176 5603 2245 5655 ad
2276 5601 2458 5666 Deum,
2492 5611 2625 5655 etate
2652 5601 2866 5668 (li/feras
2900 5599 2962 5651 de
3001 5599 3080 5650 die
3107 5599 3161 5649 in
3203 5596 3355 5658 diem,
3377 5611 3440 5647 ne
3467 5592 3631 5647 subito
3668 5607 3776 5643 ve-

2175 5695 2288 5748 niat
2307 5696 2385 5747 ira
2409 5711 2535 5764 ejus,
2562 5704 2609 5748 et
2639 5695 2688 5746 in
2715 5702 2934 5762 tempore
2952 5689 3188 5744 vindicta:
3212 5685 3469 5754 disperdat
3497 5692 3544 5737 te
3565 5681 3776 5753 (Et-cli.

2175 5801 2227 5851 v,
2262 5785 2336 5854 8).
