4048 6342
230 386 331 442 569

701 495 857 568 ἀοι
890 495 1114 550 CAPUT
1149 495 1329 549 xvm.

300 584 364 641 Ut
401 595 583 641 autem
627 587 835 657 plenius
880 602 1230 655 agnoscamus
1271 585 1548 654 praesentis
1595 594 1800 639 tantum

227 677 402 732 saeculi
433 686 645 746 tempus
674 678 918 731 humana:
946 677 1284 732 conversioni
1307 691 1618 730 concessqu
1637 719 1652 743 ,
1685 676 1803 730 illos

226 764 568 820 attendamus
615 766 892 834 operarios
929 780 1065 834 quos
1101 765 1359 818 Dominus
1386 765 1600 818 vocavit
1627 765 1692 819 ad
1723 765 1803 819 vi-

226 871 377 909 neam
407 855 621 925 (Matth.
656 872 748 922 sx,
779 857 858 923 6).
891 855 1130 920 Quorum
1179 856 1518 910 vocationem
1564 856 1692 910 licet
1718 856 1794 910 di-

225 949 392 1002 versis
415 947 562 1000 horis
591 948 760 1013 egerit
790 946 884 1015 (al.
917 946 1168 1016 egerint),
1203 947 1333 999 hora
1371 954 1550 1000 tamen
1582 946 1802 1001 undeci-

226 1055 328 1101 ma,
377 1037 484 1092 hoc
520 1045 602 1091 est
649 1045 773 1090 ante
819 1035 978 1090 linem
1007 1035 1113 1090 dici
1133 1035 1538 1090 consummavit.
1597 1034 1655 1088 In
1699 1035 1802 1090 illis

224 1141 404 1185 autem
431 1131 580 1185 horis
605 1129 800 1197 quibus
826 1128 1003 1183 vocati
1031 1136 1153 1182 sunt
1181 1127 1435 1196 Operarii,
1468 1141 1801 1193 cognoscun-

225 1232 310 1274 tur
335 1220 517 1274 mundi
549 1217 703 1286 hujus
726 1226 931 1282 aetates,
962 1217 1156 1286 quibus
1185 1217 1324 1271 Deus
1353 1215 1421 1270 ad
1449 1231 1582 1284 opus
1605 1217 1800 1271 bonum

228 1313 434 1367 vocavit
462 1325 600 1377 quos
642 1309 710 1362 ad
759 1324 820 1362 se
848 1308 1080 1375 gratuita
1106 1305 1486 1375 justilicatione
1513 1307 1797 1360 convertit.

227 1404 502 1472 Accipitur
548 1401 688 1453 enim
743 1414 900 1453 mane
948 1399 1107 1466 hujus
1151 1397 1258 1451 diei
1305 1397 1371 1450 ab
1418 1397 1569 1450 initio
1618 1397 1800 1450 mundi

227 1509 395 1563 usque
423 1492 492 1544 ad
515 1490 770 1544 diluvium
797 1507 810 1554 ;
844 1490 1014 1542 tertiae
1053 1489 1198 1541 hora:
1236 1487 1432 1556 quippe
1463 1487 1674 1557 vocatio
1703 1486 1803 1540 fuit

226 1607 252 1640 ει
275 1588 479 1642 diluvio
527 1604 695 1657 usque
725 1588 790 1641 ad
819 1586 1122 1650 Abraham;
1167 1593 1332 1639 sexta:
1379 1583 1524 1636 hora:
1562 1581 1796 1644 vocatio,

225 1680 288 1732 ab
317 1679 591 1732 Abraham
623 1691 791 1744 usque
837 1675 906 1729 ad
937 1675 1141 1739 David;
1184 1689 1214 1727 a
1257 1672 1424 1726 David
1459 1686 1587 1726 vero
1632 1685 1800 1739 usque

227 1768 289 1820 ad
331 1767 860 1835 transmigrationem
903 1765 1086 1834 populi
1138 1765 1190 1817 in
1236 1761 1612 1832 Babyloniam,
1666 1760 1800 1814 hora

1208 383 1293 438 DE
1331 384 1732 439 REMISSlONE
1770 383 2229 439 PECCATORUM
2261 381 2386 438 LIB.
2425 384 2489 437 11.

1830 497 1878 554 Α

3384 383 3486 438 570

2401 493 2560 564 ωε
2590 491 2815 547 CAPUT
2845 491 2984 546 XIX.

1975 584 2224 653 Quisquis
2253 593 2430 638 autem
2462 592 2642 652 potest
2691 583 2930 637 invenire
2966 583 3018 636 in
3059 567 3350 648 Evangelio
3392 590 3486 635 aut

1905 675 2100 730 docere
2119 717 2133 741 ,
2183 684 2305 745 post
2335 675 2493 729 linem
2525 675 2630 729 diei
2661 675 2954 744 quemlibet
2983 674 3290 743 operarium
3318 689 3482 728 voca-

1907 771 2016 818 tum
2052 763 2118 817 ad
2163 765 2395 827 vineam,
2429 763 2589 831 digne
2615 771 2795 832 speret
2823 771 2877 833 et
2905 763 3202 816 certissime
3231 762 3486 831 pratdicet

1904 852 2126 930 cuilibet
2148 851 2331 920 iniquo
2360 853 2449 920 qui
2475 853 2527 905 in
2558 852 2805 921 praesenti
2828 853 3022 909 sacculo
3044 867 3342 906 conversus
3373 868 3483 907 non

1904 938 2095 1005 fuerit,
2125 939 2434 994 facultatem
2464 942 2591 996 boni
2629 942 2807 1010 operis
2837 949 2929 995 aut
2957 941 3182 1009 gratiam
3212 943 3486 998 remiSsio-

1903 1029 1987 1082 nis
2013 1027 2175 1082 futuri
2204 1029 2380 1082 saaculi
2411 1037 2655 1097 tempore
2693 1030 3110 1084 concedendam.
3153 1029 3285 1084 Item
3331 1031 3482 1098 quis-

1903 1119 2023 1188 quis
2057 1117 2354 1172 ostenderit
2390 1119 2610 1172 cuilibet
2639 1117 2705 1171 ad
2733 1106 3100 1188 operationem
3131 1120 3298 1172 vineae
3319 1119 3485 1173 domi-

1905 1209 2038 1263 nica:
2083 1219 2208 1264 ante
2254 1209 2415 1264 linem
2463 1209 2568 1263 diei
2617 1225 2722 1264 non
2770 1218 2961 1264 vocato
3007 1211 3284 1264 denarium
3328 1211 3481 1279 jussu

1904 1298 2113 1354 Domini
2161 1300 2381 1364 datum,
2444 1299 2603 1366 digne
2635 1313 2994 1368 ,congrueque
3041 1306 3220 1368 speret
3259 1301 3482 1354 cuilibet

1903 1396 2028 1443 ante
2073 1388 2232 1442 linem
2282 1388 2561 1456 praesentis
2608 1387 2731 1440 vita:
2790 1402 2896 1439 non
2946 1401 3208 1440 converso
3257 1402 3480 1456 regnum

1904 1479 2160 1533 ccclorum
2187 1478 2432 1546 largitate
2461 1476 2675 1530 Domini
2704 1475 3103 1530 conferendum.
3129 1475 3184 1528 Si
3209 1490 3338 1528 vero
3363 1475 3482 1530 illos

1903 1585 2039 1640 quos
2064 1570 2240 1623 diurni
2269 1569 2448 1638 operis
2469 1569 2523 1622 in
2548 1568 2703 1621 vinea
2732 1565 2850 1635 pius
2880 1567 3030 1618 labor
3053 1566 3311 1632 exercuit,
3337 1565 3482 1634 ipsos

1904 1669 2108 1715 tantum
2138 1668 2260 1730 post
2288 1659 2446 1714 linem
2477 1659 2581 1713 diei
2607 1658 2814 1712 denarii
2843 1671 3050 1710 merces
3077 1656 3288 1724 excepit
3317 1672 3330 1720 ;
3377 1671 3477 1709 nos

1903 1765 2118 1821 quoque
2145 1750 2190 1804 si
2219 1749 2284 1804 ad
2314 1749 2593 1804 denarium
2617 1756 2831 1802 aeterna:
2862 1747 2980 1801 vita:
3020 1746 3301 1814 pervenire
3327 1745 3480 1799 volu-

227 1873 360 1912 nona
395 1858 662 1926 completa
703 1865 822 1921 est;
864 1855 1060 1909 deinde
1103 1853 1236 1906 hora
1266 1850 1551 1906 undecima
1600 1849 1700 1904 fuit
1745 1851 1799 1904 in

1914 1855 2043 1906 mus,
2075 1841 2126 1894 in
2142 1840 2299 1893 vinea
2314 1839 2588 1893 Dominica
2610 1837 2859 1907 praesenti
2882 1845 3122 1904 tempore
3147 1836 3478 1899 laboremus;

225 1951 402 2019 primo
428 1949 659 2002 adventu
687 1946 906 2012 Christi,
953 1961 1060 2014 quo
1108 1944 1252 1999 venit
1298 1943 1512 1997 humilis
1557 1943 1610 1996 in
1639 1956 1802 1996 carne

224 2041 458 2104 mortali,
490 2042 544 2094 in
575 2056 680 2108 qua
712 2055 811 2108 pro
843 2046 1063 2108 peccato
1086 2036 1267 2090 mundi
1307 2036 1555 2102 dignatus
1584 2043 1666 2088 est
1697 2033 1799 2087 im-

225 2130 469 2185 mortalis
489 2129 678 2183 occidi.
705 2128 828 2182 llaec
847 2135 930 2182 est
950 2127 1316 2195 operariorum
1339 2132 1610 2193 postrema
1639 2137 1802 2176 voca-

227 2221 314 2282 tio,
346 2233 471 2288 quae
496 2234 634 2272 nunc
655 2217 828 2286 agitur
849 2230 1016 2284 usque
1038 2214 1103 2268 ad
1126 2213 1402 2282 pnesentis
1423 2211 1600 2266 satculi
1620 2207 1799 2274 linem,

227 2311 274 2364 id
298 2318 386 2364 est
435 2309 502 2363 ab
530 2307 762 2361 adventu
791 2305 1108 2359 humilitatis
1155 2302 1273 2372 ejus
1303 2318 1470 2372 usque
1499 2301 1566 2355 ad
1603 2300 1804 2354 adven-

227 2411 333 2455 tum
363 2397 704 2455 celsitudinis
729 2414 744 2462 ;
793 2396 860 2450 ab
888 2395 1118 2449 adventu
1141 2409 1250 2462 quo
1279 2393 1450 2446 bonus
1490 2390 1640 2445 venit
1661 2387 1804 2457 judi-

227 2491 485 2546 candusa
515 2487 689 2549 malis,
741 2494 797 2540 ut
823 2484 1246 2539 misericorditer
1294 2482 1362 2536 de
1405 2480 1562 2535 malis
1607 2480 1808 2534 faceret

226 2581 419 2641 bonos,
453 2592 621 2645 usque
651 2575 716 2630 ad
747 2575 1037 2628 adventum
1062 2589 1169 2642 quo
1193 2572 1336 2641 juste
1365 2570 1698 2640 judicaturus
1725 2573 1808 2622 est

224 2682 276 2726 et
301 2670 482 2724 mans
518 2675 575 2721 et
601 2668 807 2730 bonos;
841 2665 910 2718 ab
939 2664 1172 2718 adventu
1202 2662 1302 2732 piat:
1337 2660 1683 2722 remissionis,
1715 2674 1806 2712 us-

225 2777 325 2831 que
369 2761 445 2814 ad
474 2760 760 2814 adventum
800 2756 964 2826 justze‘
1005 2754 1410 2817 retributionis;
1462 2753 1529 2805 ab
1575 2750 1808 2805 adventu

227 2868 328 2921 quo
356 2867 434 2907 ex
466 2849 642 2904 usuris
689 2857 744 2903 et
772 2847 1141 2916 iniquitatibus
1171 2844 1420 2898 liberavit
1445 2842 1652 2896 animas
1676 2856 1809 2911 pau-

228 2964 419 3019 perum
451 2946 625 3016 (Psal.
659 2960 804 3010 Lm,
837 2942 946 3011 14),
980 2957 1149 3009 usque
1180 2939 1247 2994 ad
1277 2938 1564 2992 adventum
1585 2953 1693 3007 quo
1723 2950 1812 2990 ve-

228 3040 333 3093 niet
360 3052 490 3092 cum
531 3037 705 3090 usuris
741 3035 956 3101 exigere
994 3031 1277 3101 pecuniam
1324 3044 1496 3093 suam,
1547 3043 1577 3081 a
1617 3027 1810 3097 quibus

221 3128 339 3186 eam
369 3129 644 3185 invenerit
679 3135 1084 3196 consumptam,
1137 3135 1229 3178 aut
1256 3124 1402 3177 nullo
1449 3123 1576 3177 boni
1624 3121 1807 3189 operis

1905 1949 2006 1987 nec
2033 1942 2441 1986 contemnamus
2467 1931 2749 1999 imperium
2777 1929 3053 1990 vocantis,
3085 1927 3130 1981 si
3177 1926 3423 1979 nolumus
3449 1940 3481 1978 a

1903 2022 2152 2090 largitate
2182 2020 2574 2074 remunerantis
2602 2017 2834 2074 excludi.
2873 2015 2974 2081 Qui
3002 2015 3143 2068 enim
3173 2024 3297 2068 ante
3320 2013 3479 2068 linem

1905 2113 2011 2169 diei
2058 2128 2162 2166 non
2197 2119 2452 2181 operatur
2485 2109 2538 2163 in
2567 2109 2745 2173 vinea,
2799 2106 2950 2160 linito
2997 2105 3084 2158 die
3130 2120 3238 2158 non
3283 2103 3482 2173 poterit

1903 2203 2184 2258 denarium
2214 2202 2457 2270 accipere
2482 2217 2495 2252 :
2527 2199 2652 2267 quia
2679 2207 2806 2252 tunc
2834 2211 2942 2250 non
2971 2195 3074 2250 erit
3103 2202 3330 2263 tempus,
3359 2209 3482 2270 cum

1906 2294 2272 2362 unusquisque
2323 2291 2392 2345 ad
2421 2282 2816 2360 'operationem
2863 2287 3033 2340 vineae
3063 2268 3483 2338 misericorditer

1909 2395 2152 2449 vocetur,
2183 2383 2278 2439 sed
2321 2399 2428 2452 quo
2457 2395 2664 2441 merces
2692 2379 2961 2450 prteterita
2992 2376 3307 2445 operatione
3330 2374 3484 2443 (forte
3544 2378 3546 2380 ’

1905 2475 2191 2548 praeterita:
2212 2471 2534 2543 operationi)
2577 2470 2848 2525 reddatur.
2910 2467 3028 2520 Non
3076 2478 3206 2532 ergo
3255 2464 3330 2518 ibi
3376 2463 3481 2516 erit

1907 2569 1996 2639 pia
2042 2566 2274 2628 vocatio,
2323 2563 2417 2619 sed
2452 2562 2598 2630 justa
2647 2559 2896 2614 redditio.
2950 2557 3044 2610 Ille
3085 2555 3337 2610 denarius
3384 2567 3484 2607 nec

1908 2659 2084 2714 otioso
2112 2657 2347 2719 dabitur,
2371 2668 2473 2708 nec
2509 2653 2558 2706 ei
2587 2652 2678 2720 qui
2708 2658 2862 2705 extra
2889 2649 3103 2703 vineam
3129 2646 3259 2701 foris
3287 2660 3484 2714 opera-

1907 2758 2014 2805 tur.
2047 2739 2263 2802 Otiosus
2293 2755 2374 2801 est
2395 2753 2574 2799 autem
2603 2741 2902 2797 catholicus
2942 2739 3034 2808 qui
3064 2754 3170 2792 non
3216 2737 3324 2791 vult
3350 2737 3486 2791 bene

1909 2838 2161 2908 operari:
2211 2835 2346 2900 Quia
2374 2835 2502 2904 ﬁdes
2533 2835 2644 2886 sine
2681 2831 2950 2901 operibus,
2982 2829 3155 2884 otiosa
3199 2834 3254 2882 et
3283 2835 3486 2881 mortua

1908 2941 1985 2986 est
2015 2933 2068 2984 in
2097 2931 2369 2998 semetipsa
2402 2926 2539 2998 (Jac.
2571 2941 2626 2988 tl,
2659 2923 2770 2992 17).
2802 2922 2964 2976 Extra
2997 2922 3207 2975 vineam
3241 2935 3368 2974 vero
3399 2919 3488 2972 ille

1909 3030 2188 3093 operatur,
2214 3019 2304 3088 qui
2334 3017 2657 3072 constitutus
2687 3014 2739 3067 in
2768 3013 3009 3080 qualibet
3052 3010 3263 3074 haeresi,
3311 3009 3486 3062 bono-

1909 3131 2028 3170 rum
2058 3112 2271 3184 quidem
2301 3125 2522 3179 operum
2546 3107 2682 3176 gerit
2703 3105 2956 3168 studium,
2979 3103 3073 3157 sed
3096 3103 3209 3171 ipse
3231 3100 3331 3155 sibi
3350 3099 3490 3152 male

228 3225 407 3279 studio
458 3221 783 3290 duplicalam
815 3191 1029 3286 (Matth.
1079 3232 1207 3282 xxv,
1251 3213 1362 3285 ‘27).
1418 3213 1541 3268 Haec
1565 3220 1648 3266 est
1675 3212 1807 3264 hora
1837 3214 1880 3273 C
1911 3203 2182 3259 credendo
2218 3201 2448 3268 denegat
2475 3196 2788 3253 salvationis
2834 3193 3104 3250 effectum.
3159 3192 3296 3246 Dicit
3343 3191 3488 3244 enim

228 3331 382 3386 quam
413 3311 759 3368 novissimam
778 3309 968 3364 beatus
987 3306 1224 3361 Joannes
1259 3304 1525 3374 appellat:
1571 3301 1805 3365 Pueruli,

229 3407 511 3462 novissima
540 3405 670 3458 hora
709 3412 784 3456 est
831 3400 886 3473 (I
913 3400 1072 3455 Joan.
1106 3416 1163 3465 ιι,
1197 3399 1306 3468 18).
1351 3397 1480 3452 Post
1524 3397 1682 3464 hujus
1712 3396 1810 3449 ho-

227 3511 298 3552 ra:
322 3493 849 3551 consummationem
879 3506 989 3545 non
1037 3489 1104 3544 ad
1140 3489 1351 3542 vineam
1397 3487 1654 3541 Dominus
1682 3500 1811 3554 ope-

230 3590 405 3643 rarios
436 3593 613 3650 vocat,
643 3584 738 3638 sed
765 3583 948 3637 veniet
987 3589 1046 3634 ut
1073 3580 1359 3646 unicuique
1400 3577 1702 3631 mercedem
1730 3574 1812 3628 sui

231 3679 414 3748 operis
442 3676 652 3740 reddat,
680 3675 819 3729 sicut
843 3673 958 3742 ipse
983 3671 1058 3725 ait
1082 3688 1094 3723 :
1127 3669 1261 3723 Ecce
1280 3669 1425 3722 venio
1447 3669 1568 3726 cito.
1597 3674 1645 3719 et
1674 3682 1813 3718 mer-

231 3788 311 3825 ces
337 3787 465 3824 mea
491 3784 689 3822 mecum
725 3775 802 3820 est
844 3765 1027 3835 (Apoc.
1074 3778 1203 3828 xxii,
1238 3759 1348 3829 12).
1404 3757 1498 3813 111ε
1540 3757 1642 3811 sibi
1683 3771 1814 3825 ergo

233 3871 420 3932 speret
466 3860 662 3915 divinae
707 3856 1080 3913 retributionis
1124 3854 1403 3909 denarium
1449 3848 1813 3916 tribuendum,

233 3953 320 4020 qui
345 3958 644 4018 antequam
667 3948 782 4002 dies
808 3945 1090 4016 praesentis
1116 3942 1295 3998 saeculi
1339 3941 1576 4003 finiatur,
1627 3940 1680 3993 in
1727 3939 1820 3992 do-

235 4043 437 4098 minica
485 4040 642 4094 vinea
688 4037 1026 4092 laudabiliter
1070 4042 1324 4104 operatur
1355 4041 1401 4085 ³.
1442 4030 1626 4100 Neque
1671 4029 1818 4084 enim

237 4133 379 4187 aliud
409 4139 501 4186 est
544 4130 631 4183 illa
658 4128 925 4199 Operatio,
958 4126 1059 4181 nisi
1104 4124 1280 4180 cordis
1326 4138 1452 4178 vera
1495 4121 1815 4177 conversio:

237 4224 324 4278 ille
362 4237 502 4277 vero
529 4221 668 4276 sicut
709 4226 924 4289 oportet
953 4219 1020 4272 ad
1053 4215 1219 4271 Deum
1269 4214 1603 4270 convertitur
1629 4215 1683 4272 in
1711 4228 1820 4282 quo

243 4322 338 4375 est,
389 4311 538 4367 sicut
566 4308 856 4378 Apostolus
900 4307 1048 4371 dicit,
1081 4303 1214 4359 fides
1239 4319 1359 4372 quas
1405 4318 1501 4372 per
1541 4303 1820 4357 caritatem

238 4409 520 4471 operatur.
558 4397 893 4466 llla.quoque
919 4396 1172 4450 horarum
1203 4393 1486 4449 diversitas
1506 4391 1665 4460 digne
1688 4391 1825 4446 acci-

239 4493 455 4561 piatur,
515 4491 656 4544 sicut
701 4489 946 4557 superius
995 4486 1310 4556 posuimus,
1377 4491 1594 4537 aetatum
1641 4481 1823 4536 mundi

1911 3296 2102 3349 beatus
2133 3291 2328 3346 Paulus
2354 3289 2651 3357 apostolus,
2680 3286 2800 3357 quia
2829 3301 2977 3338 omne
2999 3283 3135 3354 quod
3174 3298 3278 3334 non
3316 3290 3392 3334 est
3423 3293 3490 3333 ex

1912 3389 2035 3458 ﬁde,
2067 3395 2328 3456 peccatum
2349 3394 2424 3438 est
2453 3383 2630 3453 (Rom.
2661 3396 2769 3443 xxv,
2793 3378 2883 3448 23)
2910 3395 2924 3444 ;
2976 3387 3068 3432 et:
3109 3378 3236 3431 Siue
3263 3376 3368 3446 ﬁde
3394 3377 3492 3428 im-

1912 3475 2155 3547 possit-ile
2181 3483 2257 3528 est
2277 3475 2477 3543 placere
2499 3471 2608 3525 Deo
2637 3469 2824 3542 (Hebr.
2851 3485 2924 3532 XI,
2953 3467 3028 3537 6).
3065 3466 3302 3534 Uterque
3331 3464 3492 3531 igitur

1913 3568 2015 3623 sibi
2046 3567 2243 3620 adimit
2299 3563 2598 3628 denarium,
2651 3569 2877 3626 uterque
2924 3573 2984 3612 se
3023 3557 3090 3610 ab
3120 3554 3493 3625 operariorum

1915 3659 2192 3714 consortio
2239 3656 2404 3711 efficit
2432 3655 2666 3708 alienum
2711 3651 2858 3706 :iste
2909 3649 3123 3718 quidem
3176 3647 3302 3715 quia
3351 3645 3492 3698 intra

1915 3750 2131 3804 vineam
2171 3747 2497 3802 dominicam
2559 3742 2884 3798 constitutus
2936 3739 3106 3793 noluit
3151 3752 3271 3792 esse
3316 3736 3495 3790 studio

1919 3841 2250 3911 operationis
2296 3844 2574 3898 attentus;
2618 3833 2706 3887 ille
2736 3847 2864 3886 vero
2893 3830 3018 3898 quia
3064 3827 3194 3882 foris
3240 3833 3496 3896 operatus

1919 3940 2003 3988 est
2030 3929 2174 4001 quod
2215 3935 2342 3981 ante
2370 3925 2530 3980 ﬁnem
2575 3925 2682 3979 diei
2730 3923 2867 3976 intra
2913 3921 3124 3974 vineam
3177 3916 3499 3972 dominicam

1919 4023 2104 4080 debuit
2131 4018 2363 4089 operari.
2398 4015 2475 4070 Ac
2500 4029 2598 4084 per
2626 4013 2730 4067 hoc
2761 4011 2868 4074 ille,
2900 4009 3022 4079 quia
3055 4022 3161 4061 non
3194 4014 3277 4060 est
3304 4018 3502 4073 opera-

1921 4121 2009 4168 tus
2039 4110 2178 4166 unde
2217 4107 2414 4164 salvari
2445 4105 2654 4174 possit;
2705 4102 2795 4156 ille
2837 4109 3050 4162 autem,
3102 4096 3226 4166 quia
3277 4110 3386 4148 non
3430 4093 3502 4147 ibi

1922 4208 2176 4272 operatus
2198 4205 2303 4262 est,
2334 4197 2422 4250 ubi
2447 4193 2648 4249 donum
2679 4189 2864 4246 salutis
2893 4189 3159 4264 acciperet
3184 4203 3196 4237 :
3229 4191 3283 4238 et
3305 4182 3504 4246 idcirco

1923 4293 2074 4350 finito
2102 4292 2188 4346 die
2233 4304 2332 4344 nec
2361 4288 2450 4340 ille
2475 4285 2541 4339 ad
2569 4284 2779 4338 vineam
2823 4281 3023 4334 intrare
3055 4275 3400 4346 permittitur,
3450 4281 3508 4326 et

1920 4349 2001 4439 illi
2030 4383 2254 4438 facultas
2279 4381 2432 4435 bona:
2459 4375 2789 4446 operationis
2831 4371 3105 4433 aufertur;
3155 4368 3277 4435 quia
3309 4365 3503 4420 catho-

1925 4474 2060 4528 licus
2124 4471 2342 4540 quidem
2402 4469 2576 4522 malus
2635 4466 2688 4519 in
2745 4463 2995 4518 convivio
3038 4460 3249 4513 Domini
3300 4465 3504 4510 vestem

241 4545 541 4638 distinctio.
582 4580 699 4635 Non
743 4545 921 4633 tamen
967 4545 1260 4644 incongrue
1297 4545 1591 4645 possumus
1637 4573 1690 4626 in
1721 4573 1822 4626 hac
1851 4581 1902 4641 ι)
1926 4562 2216 4632 nuptialem
2246 4576 2353 4614 non
2377 4558 2562 4612 habuit
2586 4554 2750 4626 (quod
2781 4553 2978 4606 Paulus
3003 4550 3243 4603 fidelibus
3286 4545 3501 4600 intimat

240 4674 502 4728 horarum
554 4670 865 4725 diversitate
910 4668 1072 4724 etiam
1125 4665 1539 4734 uniuscujusque
1586 4662 1820 4716 hominis

239 4775 432 4820 mtates
482 4764 780 4832 accipere:
822 4770 883 4816 ut
941 4776 1100 4815 mane
1149 4761 1220 4814 sit
1266 4757 1497 4813 hominis
1549 4767 1829 4823 quousque

246 4856 472 4911 finiatur
521 4855 742 4909 infantia
767 4892 782 4916 ,
841 4851 1035 4907 deinde
1061 4851 1304 4920 pueritite
1334 4848 1453 4901 linis
1493 4849 1832 4900 consummet

242 4949 462 5003 tertiam
489 4989 506 5014 ,
546 4945 921 5001 adolescentia:
945 4944 1207 4999 terminus
1229 4945 1450 5010 peragat
1469 4944 1679 4992 sextam
1699 4975 1717 4999 ,
1742 4934 1831 5001 ju-

242 5043 488 5098 ventutis
536 5039 928 5096 consummatio
975 5035 1218 5107 perficiat
1266 5047 1504 5095 nonam,
1553 5027 1830 5097 gravitatis

243 5151 444 5190 rursus
490 5140 716 5204 peragat
759 5131 1096 5186 undecimam
1121 5168 1136 5192 ,
1187 5133 1242 5180 et
1281 5125 1534 5191 deinceps
1584 5127 1830 5174 senectus

241 5227 482 5281 tendens
519 5225 586 5278 ad
621 5223 936 5285 terminum,
989 5219 1154 5273 totius
1203 5217 1309 5272 diei
1347 5213 1630 5280 consignet
1671 5223 1830 5264 occa-

244 5331 394 5370 sum.
462 5295 538 5366 ln'
579 5324 899 5384 quacunque
964 5308 1124 5375 igitur
1169 5305 1292 5359 vitae
1340 5300 1618 5372 praesentis
1675 5303 1833 5352 aetate

243 5405 433 5470 omnis
455 5403 670 5472 iniquus
703 5408 797 5454 aut
825 5399 1021 5467 impius
1055 5405 1171 5450 toto
1211 5394 1374 5450 corde
1402 5391 1562 5444 fuerit
1609 5402 1832 5444 conver-

244 5513 340 5552 sus
370 5495 444 5548 ad
475 5494 660 5555 Deum,
694 5491 876 5545 statim
913 5489 1308 5559 prteteritorum
1356 5483 1593 5539 omnium
1641 5481 1831 5534 remis—

244 5588 468 5643 sionem
494 5584 720 5652 accipiet
740 5589 1108 5652 peccatorum.

1924 4653 2344 4718 formidandttm,
2371 4652 2556 4704 dicens
2581 4667 2593 4701 :
2631 4646 2690 4701 Si
2712 4657 2879 4699 tamen
2908 4645 3096 4706 vrstili,
3131 4658 3234 4695 non
3265 4640 3392 4693 nudi
3421 4639 3506 4690 in-

1923 4746 2187 4800 veniamur
2225 4739 2314 4813 (II
2342 4739 2461 4793 Cor.
2494 4755 2546 4801 v,
2579 4737 2673 4807 5):
2729 4735 3012 4789 haereticus
3059 4747 3190 4786 vero
3239 4729 3306 4783 ad
3336 4730 3508 4798 ipsum

1930 4834 2237 4892 convivium
2283 4839 2527 4898 tempore
2575 4824 2891 4898 acceptabili
2939 4822 3120 4876 venire
3149 4818 3508 4886 .contempsit.

1931 4925 2000 4980 Et
2031 4924 2152 4979 ideo
2178 4923 2268 4977 ille
2296 4895 2660 4992 projicietur,‘
2676 4923 2732 4972 et
2779 4915 2855 4969 illi
2900 4911 3125 4967 facultas
3175 4906 3510 4977 ingrediendi

1933 5033 2042 5073 non
2070 5015 2302 5070 dabitur.
2355 5009 2722 5074 Nunc‘itaquc
2753 5014 2964 5072 tempus
3004 5010 3062 5054 ut
3091 5000 3243 5070 palea
3275 5005 3512 5052 mutetur

1935 5109 1989 5164 in
2019 5105 2256 5161 triticum
2284 5120 2298 5167 ;
2330 5116 2472 5155 nunc
2500 5107 2710 5166 tempus
2756 5102 2814 5147 ut
2853 5091 3028 5145 omnis
3058 5089 3268 5158 iniquus
3299 5085 3514 5139 festinet

1935 5218 2004 5258 ex
2049 5199 2268 5256 zizaniis
2313 5195 2548 5249 triticum
2597 5190 2746 5252 tieri,
2797 5188 2840 5242 si
2887 5202 2994 5241 non
3021 5185 3134 5239 vult
3164 5181 3514 5248 inexstingui-

1938 5294 2060 5349 bilis
2089 5290 2226 5360 ignis
2244 5286 2546 5343 aeternitate
2568 5279 2829 5336 comburi.
2862 5276 2919 5331 Si
2954 5277 3074 5347 quis
3102 5274 3244 5329 enim
3279 5285 3514 5343 prmsen-

1943 5385 2010 5438 tis
2038 5379 2296 5450 temporis
2335 5375 2562 5445 gratiam
2611 5385 2900 5440 respuens,
2947 5383 3054 5436 quo
3101 5364 3358 5418 Dominus
3406 5376 3512 5414 non

1941 5467 2362 5541 adjudicandos,
2412 5462 2506 5520 sed
2543 5462 2611 5517 ad
2639 5459 2923 5517 salvandos
2971 5463 3281 5526 peccatores
3321 5451 3514 5528 venire

1943 5565 2190 5633 dignatus
2224 5568 2325 5622 est,
2369 5558 2420 5611 in
2451 5556 2562 5610 suis
2591 5553 2879 5608 crediderit
2905 5549 3273 5622 iniquitatibus
3303 5560 3514 5616 perma-

325 5823 351 5865 i
388 5821 834 5894 Q‘hzesequuntur
855 5822 918 5877 ad
943 5822 1054 5878 haec
1075 5819 1256 5884 verba,
1291 5813 1393 5870 Illa
1415 5827 1626 5885 quoque,
1658 5809 1933 5864 habuimus
1963 5821 2028 5860 ex
2055 5819 2181 5858 mss.
2213 5799 2440 5856 duobus.
2471 5798 2668 5853 Absunt
2702 5809 2830 5850 vero
2860 5793 2926 5847 ab
2949 5792 3178 5849 excusis.
