4066 6346
572 429 668 484 571

569 541 823 603 nendum,
870 536 1070 592 nullam
1119 534 1352 589 inveniet
1390 532 1812 588 miscricordiam
1863 532 1917 586 in
1962 532 2149 586 futuro
2178 534 2224 592 Α

568 630 768 698 judicio
811 645 824 681 :
866 628 990 695 quia
1045 640 1148 679 nec
1206 633 1450 690 tempore
1510 622 1876 677 ventilationis
1935 622 2146 692 paleam

568 722 839 775 frumento
863 715 1073 770 misceri
1100 713 1389 767 ventilator
1426 712 1516 767 ille
1559 713 1852 781 permittet,
1884 726 1983 766 nec
2012 719 2147 766 tem-

567 824 703 879 pore
742 803 1023 860 reddendae
1050 802 1274 856 rationis
1301 800 1460 873 503
1490 801 1677 855 talenti
1708 808 2030 870 potestatem
2061 801 2145 871 pi-

566 913 687 967 gro,
731 894 905 949 inutili
935 892 1157 961 famulo;
1181 891 1443 946 severitas
1469 890 1647 944 divina
1694 891 1993 957 concedet;
2052 891 2147 946 sed

567 990 706 1044 sicut
752 985 936 1056 paleas
979 990 1109 1038 tunc
1155 982 1605 1051 inexstinguibilis
1633 982 1770 1050 ignis
1810 991 2021 1047 exuret,
2070 983 2148 1037 sic

567 1092 797 1148 nequam
823 1076 1143 1146 pigrumque
1164 1089 1379 1129 servum
1410 1072 1647 1128 tenebris
1672 1068 2028 1127 exterioribus
2050 1072 2148 1126 de-

565 1174 808 1239 putatum
840 1165 999 1220 ﬂetus
1039 1171 1094 1219 et
1136 1164 1336 1219 stridor
1361 1163 1603 1216 dentium
1631 1169 1865 1216 aeternus
1893 1162 2148 1230 excipiet.

565 1257 705 1325 Quid
734 1265 816 1312 est
849 1256 993 1311 enim
1026 1253 1174 1309 aliud
1201 1254 1342 1324 quod
1358 1241 1460 1307 'ille
1487 1267 1675 1307 servus
1701 1251 1856 1320 ligari
1898 1250 2147 1304 manibus

565 1348 783 1418 jubetur
805 1354 860 1401 et
887 1345 1134 1415 pedibus,
1172 1342 1274 1397 nisi
1320 1349 1381 1396 ut
1414 1342 1465 1395 in
1511 1339 1757 1395 manibus
1802 1339 1928 1393 mali
1969 1338 2148 1408 operis

566 1447 774 1504 reatus,
797 1437 849 1490 in
881 1434 1103 1506 pedibus
1133 1441 1314 1487 autem
1343 1432 1498 1485 mala:
1528 1431 1819 1486 voluntatis
1846 1429 2151 1500 puniendus

568 1529 885 1590 ostendatur
913 1524 1177 1581 affectus?

1179 1612 1408 1668 CAPUT
1436 1611 1555 1665 XX.

639 1708 809 1776 llujus
838 1705 1297 1776 Opportunitatem
1328 1702 1587 1772 temporis
1614 1708 1832 1755 sanctus
1861 1699 2028 1754 lsaias
2065 1697 2149 1751 di-

567 1778 767 1852 vinitus
798 1798 1115 1851 informatus
1142 1794 1378 1863 agnovit,
1401 1792 1490 1862 qui
1514 1807 1612 1846 nos
1641 1790 1708 1844 ad
1737 1789 2145 1844 conversionem

1550 374 1632 476 ’S.
1672 419 2035 477 FULGENTII
2071 417 2373 473 EPISCOPI
2412 415 2776 472 RUSPENSIS

3733 413 3844 469 ὅτε

2742 526 2905 600 ωδ
2930 525 3157 582 CAPUT
3188 524 3329 581 XXI.

2319 621 2580 692 Equidem
2621 627 2745 691 post
2766 620 2906 674 hanc
2933 619 3122 682 vitam,
3153 618 3279 672 licet
3300 615 3619 687 pmnitentia
3657 615 3836 669 futura

2247 714 2318 768 sit
2353 713 2685 782 iniquorum,
2715 725 2822 765 non
2865 711 2971 764 illis
2999 718 3178 762 tamen
3208 713 3555 778 peccatorum
3584 705 3837 760 remissio

2247 802 2482 866 dabitur,
2527 801 2625 856 sed
2661 801 2779 871 ipsa
2815 814 3031 868 quoque
3070 797 3385 868 poenitentia
3414 795 3714 866 punitionis
3742 809 3843 871 ge-

2248 890 2456 945 nerabit
2473 868 2779 958 augmenta.
2807 888 3024 943 Valebit
3049 888 3191 942 enim
3221 887 3289 941 ad
3310 887 3581 942 cumulum
3613 868 3827 940 crucia-

2247 982 2413 1035 tionis
2439 988 2693 1045 aeternae;
2725 980 2814 1034 ubi
2842 978 3036 1034 duritia
3065 979 3306 1048 perversi
3327 977 3523 1042 cordis,
3558 990 3681 1045 quae
3711 983 3850 1030 ante

2248 1070 2408 1127 ﬁnem
2439 1071 2725 1142 praesentis
2748 1071 2872 1124 vita:
2904 1085 3013 1124 non
3058 1069 3219 1123 fuerit
3246 1067 3447 1122 salubri
3489 1064 3836 1121 confessione

2247 1163 2468 1227 abolita,
2513 1176 2636 1215 cum
2682 1159 2911 1214 ﬂammis
2952 1158 3231 1213 ultricibus
3275 1157 3393 1211 sine
3438 1157 3545 1211 line
3589 1154 3833 1222 graviter

2247 1261 2453 1327 uretur,
2483 1266 2578 1306 sua
2608 1250 2822 1318 gravius
2850 1248 3186 1318 paenitudine
3210 1248 3480 1317 pdnietur.
3523 1244 3662 1311 Quid
3690 1245 3837 1299 enim

2248 1344 2487 1400 deterius
2515 1358 2676 1412 quam
2705 1343 2784 1397 sic
2811 1341 2880 1395 de
2903 1340 3181 1411 praeterito
3210 1338 3325 1409 jugi
3355 1338 3670 1409 poenitentia
3706 1351 3837 1390 cou-

2249 1437 2372 1500 teri,
2420 1443 2479 1490 ut
2504 1448 2776 1503 nunquam
2805 1432 2982 1503 possit
3008 1432 3278 1501 paenitens
3319 1445 3351 1484 a
3376 1436 3649 1483 tormento
3678 1440 3834 1481 com-

2248 1528 2396 1582 missi
2425 1526 2664 1581 criminis
2693 1524 2953 1580 liberari?
2994 1523 3183 1592 Neque
3221 1523 3366 1578 enim
3395 1522 3502 1576 hoc
3528 1520 3585 1574 in
3612 1519 3835 1574 homine

2248 1625 2562 1688 praesentem
2590 1617 2757 1671 vitam
2785 1616 2837 1669 in
2866 1615 2979 1670 suis
3001 1616 3158 1669 malis
3178 1613 3432 1684 operibus
3455 1613 3675 1666 liniente
3698 1626 3834 1665 con-

2247 1706 2601 1775 siderabitur,
2651 1714 2711 1761 ut
2760 1706 2885 1775 quia
2932 1705 3081 1759 ﬁnita
3127 1703 3454 1759 videbuntur
3495 1698 3614 1771 ejﬁs
3664 1716 3832 1771 opera

2247 1799 2415 1862 mala,
2439 1798 2693 1852 ﬁniantur
2721 1796 2838 1866 ejus
2856 1796 3182 1865 quandoque
3207 1803 3505 1850 tormenta:
3536 1793 3632 1848 sed
3655 1801 3834 1846 atten—

566 1891 651 1945 ltis
691 1890 869 1944 verbis
917 1888 1124 1942 hortari
1173 1902 1281 1941 non
1320 1886 1551 1939 desinit:
1599 1881 1824 1947 Quwrite
1871 1881 2146 1935 Dominum

2251 1888 2476 1944 deturin
2496 1888 2783 1956 eo-iniquze
2794 1887 3086 1942 voluntatis
3108 1886 3453 1956 perversitas,
3479 1899 3642 1953 quam
3665 1897 3834 1951 usque

567 1982 688 2034 dum
735 1981 951 2034 inveniri
1001 1987 1183 2047 potest,
1232 1978 1464 2029 im'ocate
1516 1991 1631 2028 eum
1679 1974 1799 2026 dum
1842 1987 2003 2041 prope
2049 1978 2153 2022 est.

566 2071 904 2140 Derelinquat
940 2069 1127 2136 impius
1162 2067 1302 2119 uiam
1332 2080 1502 2128 suam,
1530 2071 1581 2116 et
1619 2063 1696 2115 uir
1722 2062 1924 2132 iniquus
1954 2058 2151 2128 cogita-
2184 2080 2201 2093 ο

538 2163 543 2167 “
568 2164 760 2215 tionem
783 2175 927 2212 suam
951 2175 970 2221 ;
997 2167 1046 2210 et
1066 2163 1391 2209 convertatur
1412 2152 1481 2205 ad
1500 2150 1801 2215 Dominum,
1817 2157 1865 2202 et
1884 2145 2151 2200 miserebi~

570 2263 652 2304 tur
673 2252 785 2319 ejus
810 2264 826 2311 ;
850 2258 898 2300 et
926 2246 994 2299 ad
1022 2244 1188 2298 Deum
1216 2252 1470 2305 nostrum,
1506 2240 1749 2311 quoniam
1776 2237 1966 2290 mullus
1985 2244 2061 2289 est
2081 2233 2150 2286 ad

460 2340 465 2351 ’
567 2338 936 2412 ignoscendum
977 2334 1134 2404 (Isai.
1165 2348 1255 2399 Lv,
1300 2331 1351 2398 6,
1384 2332 1463 2402 7).
1515 2330 1666 2384 Nunc
1714 2342 1845 2396 ergo
1891 2325 2150 2380 Dominus

568 2428 887 2500 qumrendus
915 2434 1019 2492 est,
1050 2439 1172 2479 cum
1198 2429 1379 2492 potest
1423 2436 1453 2473 a
1495 2417 1859 2490 qurerentibus
1898 2414 2151 2469 inveniri.

569 2522 719 2576 Nunc
744 2516 1093 2583 invocandus,
1121 2529 1244 2570 cum
1267 2520 1351 2567 est
1376 2512 1654 2581 proximus
1676 2507 1970 2563 invocanti.
2000 2506 2152 2561 Nunc

567 2609 862 2681 impietatis
883 2608 991 2674 via,
1041 2620 1185 2660 nunc
1232 2612 1315 2659 est
1358 2601 1654 2672 iniquitatis
1688 2599 1944 2668 cogitatio
1987 2596 2152 2651 relin-

566 2700 803 2771 quenda.
843 2697 997 2752 Nunc
1036 2703 1118 2751 est
1147 2692 1449 2749 necessaria
1495 2691 1781 2746 conversio
1824 2686 2156 2771 peccatoris,

567 2766 675 2861 qua
711 2797 892 2860 potest
920 2786 1186 2842 beneﬁcio
1212 2785 1406 2839 divina:
1431 2780 1764 2837 remissionis
1803 2766 1956 2833 reatu
1983 2776 2151 2831 totius

569 2898 758 2938 carere
787 2879 1011 2951 peccati.
1062 2876 1329 2931 Czcterum
1375 2874 1516 2928 bona
1557 2871 1652 2925 Dei
1701 2885 1810 2923 non
1852 2866 2055 2921 videbit
2094 2866 2151 2920 in

569 2984 716 3030 terra
746 2970 1032 3026 viventium
1065 2966 1239 3038 (Psal.
1268 2980 1411 3030 xxvr,
1438 2962 1547 3029 15),
1578 2962 1624 3014 si
1651 2959 1773 3028 quis
1790 2959 1851 3031 .in
1881 2957 1984 3011 hac
2007 2964 2156 3010 terra-

571 3063 914 3120 morientium
950 3058 1321 3113 remissionem
1352 3068 1458 3108 non
1486 3050 1757 3120 acceperit
1783 3056 2151 3117 peccatorum.

570 3156 690 3211 Hoc
728 3154 869 3208 enim
902 3153 1016 3220 ipse
1059 3144 1441 3219 praeordinavit
1485 3142 1760 3197 hominum
1798 3138 2048 3193 Salvator
2093 3143 2151 3190 et

2251 1980 2304 2034 in
2336 1980 2494 2035 ﬁnem
2524 1980 2804 2049 praesentis
2831 1978 2954 2032 vitae
2982 1978 3154 2046 diligit
3180 1985 3236 2033 et
3263 1984 3411 2031 tenet
3441 1976 3680 2043 iniquus,
3712 1973 3835 2028 licet

2252 2070 2427 2139 ipsam
2453 2068 2639 2133 vitam,
2682 2083 2842 2138 quam
2886 2067 3120 2137 pessime
3147 2066 3302 2136 gerit,
3353 2065 3568 2119 amittat
3612 2063 3832 2117 invitus.

2251 2161 2351 2227 Qui
2369 2159 2495 2213 dum
2514 2159 2708 2213 malam
2731 2145 3063 2214 voluntatem
3083 2165 3208 2212 ante
3230 2156 3389 2210 ﬁnem
3411 2153 3697 2225 praesentis
3710 2154 3841 2207 vitat-

2251 2258 2458 2305 mutare
2474 2265 2581 2304 non
2603 2257 2773 2313 curat,
2792 2247 3027 2303 ostendit
3046 2246 3394 2318 proculdubio
3407 2245 3490 2300 sic
3504 2259 3565 2299 se
3582 2244 3834 2313 iniquita-

2250 2350 2333 2396 tes
2351 2356 2477 2396 suas
2494 2340 2735 2409 diligere,
2759 2346 2817 2394 ut
2843 2340 2889 2396 si
2916 2347 3096 2410 posset
3115 2338 3202 2393 hic
3221 2339 3337 2392 sine
3356 2335 3464 2391 ﬁne
3493 2336 3701 2398 vivere,
3718 2335 3843 2390 sine-

2244 2434 2357 2488 ‘line
2373 2420 2531 2487 vellet
2545 2432 2598 2486 in
2615 2431 2981 2500 iniquitatibus
3023 2442 3359 2500 permanere.
3389 2427 3506 2482 Non
3533 2440 3667 2495 ergo
3680 2440 3848 2496 prop~

2254 2532 2401 2577 terea
2421 2522 2643 2577 cuilibet
2655 2522 2837 2590 iniquo
2850 2530 3119 2591 parcetur,
3134 2520 3257 2589 quia
3276 2520 3386 2588 jam
3397 2517 3663 2574 desideria
3679 2517 3833 2572 mala:

2250 2613 2545 2669 voluntatis
2592 2612 2818 2682 implere
2846 2627 2954 2666 non
2991 2612 3221 2682 poterit;
3270 2610 3365 2665 sed
3412 2610 3533 2664 ideo
3582 2610 3700 2665 sine
3729 2608 3835 2663 ﬁne

2250 2702 2609 2773 torquebitur,
2635 2702 2760 2772 quia
2782 2701 3017 2770 quandiu
3041 2702 3129 2755 hic
3146 2715 3371 2771 peccare
3387 2700 3585 2769 potuit,
3606 2712 3849 2768 peccare

2253 2807 2360 2847 non
2390 2790 2614 2847 destitit.
2662 2789 2731 2844 Et
2755 2791 2826 2845 ob
2855 2790 2959 2845 hoc
2985 2790 3162 2847 nullus
3187 2788 3402 2844 dabitur
3429 2789 3606 2857 iniquo
3638 2788 3847 2841 termi-

2251 2898 2353 2936 nus
2381 2882 2693 2952 punitionis,
2723 2882 2849 2951 quia
2877 2882 3187 2951 priusquam
3219 2882 3535 2935 terminaret
3555 2880 3723 2949 hujus
3744 2881 3835 2935 vi-

2252 2979 2325 3026 tae
2348 2987 2595 3035 cursum,
2647 2987 2757 3027 non
2795 2972 2977 3041 posuit
3012 2971 3325 3026 criminibus
3370 2970 3480 3025 suis
3521 2972 3837 3024 terminum.

2251 3062 2505 3129 Quamvis
2550 3063 2692 3117 enim
2737 3063 2904 3116 vitam
2952 3077 3104 3117 suam
3147 3062 3341 3116 malam
3383 3070 3644 3129 quantum
3672 3061 3834 3115 vellet

2250 3154 2575 3224 prolongare
2599 3170 2706 3210 non
2740 3162 2925 3224 posset
2952 3153 3195 3223 quisquis
3237 3153 3324 3207 hic
3366 3153 3541 3206 noluit
3586 3152 3835 3208 converti

566 3246 753 3314 iudex.
777 3251 836 3297 ιη
853 3242 1043 3311 quibus
1063 3244 1285 3313 99003,la
1311 3232 1553 3298 άίιηίιιίίν
1584 3232 1639 3285 in
1670 3231 1773 3285 hac
1798 3238 1941 3283 ιθιτθ
1964 3226 2149 3281 dum“
2174 3254 2219 3314 ο
2250 3244 2377 3298 dum
2400 3243 2924 3312 viveret,-eamdem,
2949 3252 3127 3297 tamen
3149 3243 3195 3297 si
3214 3243 3396 3309 vellet,
3418 3250 3634 3297 mutare
3654 3242 3847 3312 posset

568 3344 668 3391 tat.
700 3334 929 3403 Propter
955 3329 1100 3399 quod
1133 3327 1330 3381 ludmis
1355 3323 1645 3379 incredulis
1668 3321 1833 3376 dicit:
1870 3318 1914 3373 Ι]
1921 3328 1939 3371 ι
1977 3326 2149 3399 autem

564 3427 745 3481 sciatis
780 3425 905 3495 quia
942 3427 1242 3491 potestatem
1279 3415 1430 3470 habet
1466 3413 1635 3467 Filius
1669 3411 1890 3466 hominis
1928 3411 1983 3463 in
2011 3417 2149 3463 terra

566 3513 856 3591 dimittatdi
869 3520 1078 3581 peccata
1100 3506 1312 3575 tuatth.
1338 3522 1412 3571 Ix,
1431 3504 1508 3574 6).
1529 3502 1682 3569 Quod
1701 3518 1808 3556 non
1837 3501 1960 3556 ideo
1987 3498 2144 3563 dixit,

564 3589 691 3676 quia
735 3601 1136 3658 transeuntibus
1176 3596 1483 3651 hominibus
1528 3594 1597 3649 de
1637 3594 1740 3648 hac
1783 3601 1956 3656 terra,
1989 3589 2156 3658 hujus.

565 3696 824 3767 temporis
853 3700 1093 3762 peccata,
1124 3689 1170 3743 si
1196 3688 1391 3758 quibus
1418 3685 1599 3749 vellet,
1625 3684 1869 3739 relaxare
1890 3696 1996 3735 non
2017 3695 2146 3751 pos-

565 3789 638 3843 sit
663 3804 675 3839 :
704 3786 798 3841 sed
827 3792 885 3838 ut
914 3782 1158 3837 homines
1184 3784 1539 3847 agnoscerent
1566 3783 1777 3844 tempus
1805 3770 2141 3827 remissionis

563 3888 620 3934 ct
649 3860 1016 3932 retributionis
1035 3871 1213 3926 divina
1234 3866 1744 3924 incommutabiliter
1763 3862 2149 3920 constitutione

562 3969 884 4033 discretum,
915 3978 1016 4018 nec
1044 3960 1233 4016 audire
1257 3960 1491 4014 humana
1521 3956 1755 4010 inaniter
1777 3962 2021 4025 speraret
2048 3969 2143 4007 va-

564 4059 705 4113 nitas
748 4055 890 4124 quod
945 4053 1125 4107 divina
1171 4050 1513 4121 promitteret
1542 4048 1699 4118 (forte
1726 4062 1833 4101 non
1863 4045 2143 4116 promitte-

563 4145 673 4215 ret)
700 4145 917 4198 veritas.
969 4141 1108 4195 Hinc
1135 4146 1219 4194 est
1239 4138 1386 4209 quod
1431 4137 1596 4193 etiam
1625 4137 1786 4191 beato
1809 4135 1993 4200 Petro,
2040 4135 2144 4189 hoc

561 4232 925 4301 estEcclesice
953 4246 1086 4299 sum,
1120 4232 1175 4285 in
1200 4238 1346 4285 terra
1358 4228 1568 4298 ligandi
1582 4227 1932 4296 solvendique
1959 4226 2145 4280 tribuit

559 4328 887 4394 potestatein
914 4338 926 4373 :
956 4328 1016 4375 ut
1043 4332 1456 4387 agnosceremus
1486 4319 1541 4371 in
1571 4325 1815 4387 tempore
1841 4315 1999 4384 hujus
2020 4315 2142 4368 vita:

558 4411 851 4480 gratuitam
879 4409 1056 4464 tribui
1083 4409 1135 4462 in
1177 4414 1525 4478 peccatorum
1566 4406 1886 4462 remissione
1928 4404 2139 4460 miseri-

558 4504 823 4569 cordiam,
864 4503 919 4557 in
943 4501 1123 4555 futuro
1154 4508 1335 4556 autem
1372 4499 1574 4570 justam
1595 4500 1805 4555 cunctis
1834 4496 2142 4554 mercedem

2254 3331 2305 3384 in
2338 3331 2546 3397 melius,
2578 3332 2887 3402 priusquam
2912 3332 3111 3385 malam
3138 3332 3304 3385 vitam
3330 3330 3516 3385 ﬁniret
3529 3331 3754 3399 invitus,
3784 3332 3846 3385 in.

2250 3423 2407 3477 malis
2434 3424 2693 3490 gehennae
2728 3425 2845 3478 sine
2873 3421 2979 3478 line
3005 3437 3314 3479 mansurus.
3356 3420 3429 3477 Ut
3473 3422 3579 3477 hac
3613 3437 3750 3492 ergo
3780 3423 3834 3477 in

2250 3515 2625 3571 combustione
2641 3521 2846 3569 aeterna
2865 3514 3175 3568 crucientur
3200 3513 3292 3583 qui
3313 3522 3637 3582 praesentem
3667 3513 3843 3567 vitam

2249 3608 2302 3661 in
2325 3606 2479 3660 malis
2502 3606 2739 3661 moribus
2759 3613 2815 3661 et
2834 3604 3087 3676 operibus
3102 3604 3312 3667 ﬁniunt,
3335 3603 3406 3658 ad
3421 3603 3689 3672 justitiam
3712 3618 3838 3674 per-

2251 3698 2385 3752 tinet
2434 3696 2566 3765 justi
2622 3694 2825 3750 Judicis
2867 3694 3142 3750 reddentis
3186 3693 3477 3763 unicuique
3538 3691 3845 3748 secundum-

2248 3802 2415 3858 opera
2461 3802 2578 3842 sua.
2631 3785 2799 3856 Cujus
2839 3787 3026 3855 utique
3069 3802 3178 3841 non
3206 3794 3291 3841 est
3328 3785 3529 3854 injusta
3574 3784 3848 3855 redditio,
3938 3798 3941 3799 '

2246 3895 2352 3950 qua
2381 3879 2439 3933 fit
2466 3887 2525 3934 ut
2553 3879 2721 3948 iniqui
2751 3895 3023 3949 nunquam
3044 3889 3269 3934 careant
3286 3878 3574 3949 supplicio,
3602 3892 3837 3948 quorum

2245 3966 2495 4025 voluntas
2536 3970 2590 4024 in
2630 3971 2731 4025 bac
2773 3971 2879 4025 vita
2926 3969 3099 4026 noluit
3141 3985 3328 4025 carere
3369 3977 3622 4040 peccato.
3670 3967 3840 4023 Tales

2246 4063 2390 4117 enim
2418 4062 2589 4129 magis
2627 4062 2970 4117 delectantur
2993 4076 3222 4132 peccare
3261 4075 3421 4130 quam
3450 4060 3637 4115 vivere
3665 4076 3680 4123 ;
3738 4072 3840 4113 nec

2245 4153 2317 4206 ob
2343 4152 2448 4206 hoc
2475 4160 2717 4221 peccant,
2748 4160 2807 4206 ut
2830 4167 3046 4222 semper
3070 4153 3271 4217 vivant,
3301 4151 3396 4207 sed
3421 4151 3543 4207 ideo
3565 4150 3656 4206 hic
3681 4165 3806 4205 sem
3822 4177 3838 4187 -

2245 4258 2342 4313 per
2362 4243 2542 4298 vivere
2555 4243 2796 4313 cupiunt,
2819 4251 2879 4297 ut
2889 4235 3166 4311 nunquam
3188 4243 3439 4298 desinant
3457 4255 3685 4312 peccare
3704 4240 3839 4293 dum

2245 4334 2451 4387 vivunt.
2492 4332 2661 4389 Nemo
2698 4342 2879 4390 autem
2907 4349 3131 4388 securus
3157 4314 3477 4403 pauentem
3504 4332 3670 4385 vitam
3721 4338 3849 4385 ter-

2244 4424 2431 4488 minat,
2482 4423 2585 4477 nisi
2627 4425 2940 4494 priusquam
2994 4425 3161 4478 vitam
3208 4421 3393 4489 ﬂniat,
3438 4422 3506 4476 ab
3546 4421 3841 4489 iniquitate

2242 4515 2520 4581 discedat;
2565 4530 2635 4569 ne
2664 4524 2793 4572 tunc
2821 4517 3055 4571 inaniter
3080 4531 3177 4570 sua
3206 4516 3339 4569 velit
3366 4512 3568 4569 deﬂere
3593 4513 3837 4578 scelera,

559 4612 659 4666 pro
688 4594 953 4651 factorum
981 4593 1241 4661 qualitate
1288 4590 1655 4682 reddendam;
1687 4605 1799 4682 nec
1838 4589 2138 4655 ambigere-
2168 4622 2222 4682 Β
2244 4602 2466 4674 quando
2488 4605 2793 4660 nullatenus
2817 4606 3019 4674 potem
3037 4604 3210 4659 vitam
3238 4611 3527 4659 tormenta.
3550 4602 3670 4658 Non
3699 4616 3839 4671 ergo

554 4700 847 4742 musnunc
862 4683 1055 4765 omnia
1083 4697 1242 4752 posse
1261 4689 1482 4751 peccata
1504 4680 1720 4746 dimitti,
1746 4687 1804 4735 et
1829 4694 1973 4734 nunc
1991 4693 2141 4748 qua:-

552 4795 769 4849 cunquc
798 4795 904 4833 non
934 4778 1133 4832 fuerint
1158 4776 1396 4841 dimissa,
1434 4784 1563 4830 tunc
1586 4774 1750 4843 exigi.
1798 4771 1953 4839 Quod
1973 4771 2137 4826 etiam

554 4873 746 4927 beatus
778 4868 1135 4954 Davidsancti
1160 4866 1752 4955 Spiritusgevelatione
1780 4877 2135 4932 cognoscens,

553 4962 665 5030 cui,
693 4961 832 5015 sicut
861 4953 976 5029 ipse
1005 4965 1254 5021 testatur,
1292 4953 1499 5011 incerta
1527 4964 1584 5009 et
1618 4955 1829 5009 occulta
1859 4953 2136 5022 sapientia:

548 5068 662 5108 sua:
691 5051 1126 5107 manifestaverat
1153 5048 1412 5104 Dominus
1435 5046 1605 5117 (Plat.
1630 5063 1683 5111 ι,
1714 5045 1792 5111 8),
1824 5046 2135 5115 priusquam

547 5146 617 5199 de
648 5144 750 5197 hoc
794 5141 992 5197 saeculo
1020 5148 1110 5194 eat
1158 5139 1251 5209 (al.
1284 5138 1468 5204 exeat)
1497 5137 1869 5190 remissionem
1898 5136 2136 5203 postulat

548 5240 891 5305 peccatorum
915 5272 930 5296 ,
982 5231 1168 5285 dicens
1216 5247 1228 5281 :
1276 5228 1496 5281 Remitte
1552 5228 1679 5280 mihi
1733 5236 1791 5279 ut
1837 5228 2129 5297 refrigerer,

546 5327 845 5397 priusquam
864 5341 999 5391 eam,
1022 5333 1068 5377 et
1091 5322 1310 5391 amplius
1332 5338 1433 5375 non
1454 5337 1545 5375 ero
1568 5319 1740 5389 (Psal.
1766 5334 1990 5385 xxxvm,
2016 5318 2126 5388 Η).

546 5420 745 5475 Beatus
780 5419 966 5488 utique
1001 5414 1267 5485 propheta
1308 5429 1416 5468 non
1447 5422 1558 5467 tam
1586 5413 1813 5468 sollicite
1834 5412 2130 5483 postularet

546 5521 673 5567 ante
689 5512 810 5565 vitae
830 5505 1112 5579 praesentis
1137 5504 1423 5561 terminum
1449 5504 1822 5559 remissionem
1845 5502 1945 5558 sibi
1968 5502 2128 5556 tribui

544 5612 909 5672 prccammm,
959 5599 1005 5655 si
1033 5597 1196 5655 sciret
1234 5604 1359 5667 post
1389 5596 1525 5652 hanc
1552 5596 1717 5650 vitam
1749 5596 1833 5650 vel
1878 5595 2125 5665 cuiquam

546 5697 881 5766 profuturam
910 5693 1306 5763 pmnitentiam,
1341 5692 1424 5746 vel
1454 5692 1827 5746 remissionem
1866 5696 2121 5760 peccato-

547 5805 663 5842 rum
694 5796 821 5841 tunc
848 5786 1215 5855 paenitentiam
1247 5784 1527 5853 agentibus
1550 5783 1729 5838 divino
1750 5796 1971 5853 munere
1994 5794 2123 5835 con-

546 5876 860 5934 cedendann

2244 4694 2473 4769 inaniter
2494 4696 2549 4750 in
2571 4696 2822 4766 praesenti
2841 4696 3038 4750 saaculo
3062 4695 3375 4765 paenitentia
3396 4694 3663 4750 universis
3686 4693 3841 4749 indi-

2243 4788 2401 4851 citur,
2425 4800 2597 4856 neque
2623 4785 2819 4841 frustra
2846 4787 2900 4840 in
2925 4786 3028 4841 hac
3046 4787 3155 4840 vita
3178 4785 3464 4840 conversio
3481 4784 3841 4854 praedicatur.

2244 4875 2342 4931 Hic
2387 4875 2530 4930 enim
2554 4876 2869 4944 pmnitentia
2895 4875 3226 4930 remissionis
3250 4874 3456 4929 invenit
3482 4872 3745 4937 fructum.
3789 4872 3839 4928 si

2242 4974 2518 5035 peccator,
2544 4966 2670 5020 dum
2709 4967 2796 5020 hic
2821 4967 2971 5029 vivit,
3004 4966 3261 5035 peccandi
3284 4965 3523 5034 deponat
3550 4963 3843 5019 allectum.

2240 5054 2528 5110 Prseseutis
2565 5071 2799 5125 namque
2832 5057 3015 5111 saeculi
3063 5065 3275 5126 tempus
3301 5054 3614 5110 misericors
3642 5053 3840 5110 Domi-

2240 5164 2341 5203 nus
2367 5158 2422 5203 et
2445 5148 2623 5217 justus
2649 5149 2825 5204 solum
2850 5147 3181 5203 remissionis
3208 5145 3473 5203 beneﬁcio
3492 5145 3795 5216 deputavit
3817 5163 3837 5199 :

2238 5237 2472 5293 futurum
2521 5253 2651 5293 vero
2693 5238 2855 5306 justas
2900 5236 3241 5292 retributioni
3268 5242 3473 5301 servat,
3516 5249 3631 5304 quo
3657 5249 3839 5291 unm-

2236 5331 2462 5400 quisque
2490 5346 2588 5400 pro
2611 5328 2873 5399 qualitate
2894 5326 3227 5383 credulitatis
3250 5333 3309 5382 et
3330 5324 3510 5395 operis
3529 5324 3842 5396 condigna,

2232 5418 2328 5473 sed
2356 5435 2462 5473 non
2494 5418 2725 5473 ﬁnienda
2756 5418 3000 5486 recipiat.

2715 5512 2876 5583 ωδ
2903 5508 3130 5565 CAPUT
3163 5507 3324 5564 xxu.

2306 5590 2539 5657 Proinde
2568 5617 2712 5657 nunc
2741 5601 2918 5657 omnis
2937 5601 3150 5670 iniquus
3176 5600 3317 5655 intra
3343 5598 3646 5656 Ecclesiam
3674 5600 3840 5669 posi-

2232 5703 2316 5748 tus
2365 5693 2560 5747 malam
2601 5693 3077 5748 conversationem
3100 5699 3350 5763 respuat,
3405 5698 3459 5745 et
3511 5690 3671 5745 bona:
3700 5691 3840 5743 vita.

2229 5797 2439 5836 cursum
2469 5781 2682 5835 festinet
2701 5782 2960 5851 arripere,
2991 5790 3048 5835 ut
3075 5781 3139 5836 ad
3161 5791 3416 5836 :eternant
3447 5779 3612 5833 vitam
3640 5779 3840 5833 valeat

2226 5875 2531 5942 pervenire.
2575 5871 2725 5927 Nunc
2756 5873 2929 5928 omnis
2969 5872 3163 5953 impius
3191 5885 3411 5942 pravam
3438 5859 3836 5924 ﬁdeisentcn-
