4066 6346
179 377 276 433 573

1048 409 1052 414 ι
1094 371 1178 426 DE
1213 367 1712 427 INCARNATIONE
1747 366 1900 422 FILII
1939 365 2049 422 DEI
2086 365 2281 420 LIBER
2319 365 2519 422 UNUS.

3264 322 3266 325 Ι
3323 367 3425 422 571

182 497 303 550 tiam
330 493 596 562 deponat,
625 497 683 544 et
709 485 777 543 ad
804 475 1301 543 Ecclesiamvenire
1331 495 1354 521 α
1384 500 1491 539 non
1518 482 1745 538 dill‘erat.
1779 490 1824 546 Α
1855 480 1992 548 leve)
2028 480 2213 550 jugum
2252 479 2547 535 Salvatoris
2589 479 2876 550 levemque
2931 482 3196 535 sarcinam
3237 482 3424 547 tollat;

181 587 327 640 Nune
355 583 454 639 sibi
491 582 667 636 omnis
691 581 853 634 homo
881 579 1084 634 dextrae
1104 579 1270 648 partis
1289 585 1566 647 comparet
1589 576 1751 630 meri-

178 686 307 739 tum,
339 674 384 728 si
411 688 519 727 non
544 671 658 725 vult
685 671 911 725 sinistra:
931 669 1099 739 partis
1123 667 1363 739 perferre
1403 674 1747 721 tormentum.

179 764 325 818 Nunc
354 762 591 816 ambulet
612 759 833 829 justitia:
852 759 1017 826 viam,
1042 766 1101 812 ut
1129 758 1195 812 ad
1222 757 1448 827 patriam
1471 756 1668 820 veniat,
1696 756 1750 810 in

179 869 278 922 qua
309 852 552 922 requiem
579 850 786 905 habeat
817 849 1220 918 sempiternam.
1268 848 1420 902 Nunc
1454 846 1626 900 omnis
1660 846 1752 913 qui

181 943 345 997 Deum
385 942 538 996 malis
574 940 829 1010 operibus
863 938 1176 1001 exacerbat,
1228 944 1464 991 transeat
1497 935 1562 990 ad
1589 936 1752 989 vitam

182 1034 393 1097 bonam,
423 1046 523 1101 per
549 1045 710 1099 quam
740 1029 1002 1098 propitius
1023 1028 1164 1082 Deus
1185 1028 1498 1095 acquiritur,
1529 1034 1585 1081 ut
1613 1026 1755 1080 acci-

183 1123 288 1192 piat
308 1123 473 1174 vitam
503 1129 758 1174 aeternam
781 1161 796 1187 ,
833 1134 991 1188 quam
1020 1117 1161 1173 Deus
1183 1119 1338 1173 bonis
1366 1118 1482 1172 sine
1511 1117 1616 1170 ﬁne
1645 1118 1752 1172 lar-

183 1213 338 1281 gitur.
368 1211 536 1265 Nemo
559 1211 813 1279 desperet
832 1209 1251 1264 misericordiam
1267 1208 1381 1274 Dei,
1407 1207 1752 1263 considerans

186 1301 521 1355 atrocitatem
547 1299 829 1368 cujuslibet
851 1299 1117 1364 criminis;
1137 1313 1236 1352 nec
1257 1305 1432 1352 tamen
1450 1296 1640 1366 aliquis
1654 1297 1752 1352 sub

185 1408 272 1462 spe
293 1391 672 1446 misericordia:
695 1391 789 1445 Dei
809 1398 1122 1460 permaneat
1149 1391 1202 1444 in
1220 1390 1480 1458 peccatis,
1511 1390 1603 1444 sed
1624 1404 1752 1443 con-

185 1480 394 1534 ﬁdentia
421 1480 689 1550 sperantis
714 1479 930 1533 ita‘sine
955 1478 1290 1533 dubitatione
1312 1487 1458 1548 petat
1488 1479 1752 1548 poeniten-

186 1571 263 1624 tia:
291 1577 536 1639 portum,
577 1576 635 1622 ut
660 1569 933 1623 humilitas
953 1569 1263 1638 pmnitentis
1293 1568 1459 1636 fugiat
1501 1568 1753 1637 despera-

184 1659 338 1713 tionis
376 1658 575 1712 lethale
616 1656 972 1726 naufragium.
1006 1657 1073 1711 Et
1102 1658 1180 1712 sic
1205 1658 1298 1711 Dei
1327 1656 1750 1711 misericordiam

186 1747 384 1816 diligat,
407 1755 466 1802 ut
495 1746 608 1815 ejus
635 1747 939 1802 consideret
967 1763 1088 1802 cum
1118 1749 1311 1802 timore
1327 1746 1609 1815 justitiam.
1641 1745 1750 1801 To-

1853 587 1994 626 nunc
2021 573 2087 626 ab
2113 587 2179 626 eo
2204 572 2373 626 discat
2415 571 2538 640 quia
2567 571 2711 626 mitis
2731 580 2816 626 est
2843 579 2898 626 et
2925 572 3138 626 humilis
3165 572 3352 639 corde,
3381 573 3428 628 si

1854 666 2043 719 animm
2064 680 2172 719 sua:
2196 665 2431 732 requiem
2457 663 2724 718 desiderat
2745 664 3014 730 invenire;
3037 679 3179 718 nune
3213 679 3430 718 aversus

1855 757 1920 810 ad
1950 757 2359 810 conversionem
2389 764 2604 821 currat;
2649 772 2792 810 nunc
2819 757 3029 825 iniquus
3057 757 3123 810 ab
3149 757 3432 826 iniquitate

1854 845 2116 909 discedat,
2141 860 2282 900 nunc
2306 861 2490 900 errans
2510 845 2576 899 ad
2604 847 2744 900 viam
2766 847 3008 900 veritatis
3036 847 3241 901 redeat.
3272 847 3432 903 Modo

1855 946 2058 1006 quaerat
2086 939 2295 992 Domini
2322 938 2762 1005 misericordiam,
2789 939 2878 1009 qui
2908 956 3012 993 non
3041 941 3155 993 vult
3179 941 3288 1010 pati
3316 941 3434 996 sine

1858 1025 1962 1082 ﬁne
1991 1028 2281 1084 miseriam.
2308 1028 2465 1084 Modo
2495 1037 2699 1098 quaerat
2725 1038 2978 1084 mternam
3001 1031 3186 1097 vitam,
3211 1032 3298 1101 qui
3322 1048 3433 1087 non

1853 1119 1967 1171 vult
1991 1119 2045 1172 in
2066 1128 2326 1174 :eternum
2355 1119 2680 1175 mori.Nunc
2709 1122 3001 1190 praeveniat
3023 1122 3073 1175 in
3095 1122 3432 1177 confessione

1854 1208 2043 1264 faciem
2070 1209 2186 1272 Dei,
2220 1211 2311 1280 qui
2341 1227 2448 1265 non
2485 1211 2600 1265 vult
2621 1212 2950 1280 sempiterna
2978 1213 3255 1281 punitione
3283 1213 3432 1267 dam-

1855 1301 1989 1355 nari.
2021 1301 2172 1356 Nunc
2195 1304 2337 1357 enim
2372 1302 2646 1358 fructuose
2667 1305 2984 1372 poenitentia
3010 1306 3245 1372 geritur,
3264 1335 3271 1345 -
3290 1322 3430 1360 nunc

1853 1392 2098 1446 remissio
2115 1401 2461 1462 peccatorum
2485 1393 2766 1462 pmnitenti
2788 1395 3126 1460 conceditur;
3146 1411 3287 1452 nunc
3307 1411 3432 1450 cono

1852 1495 2010 1535 verso
2040 1482 2189 1549 regni
2215 1483 2477 1537 caelorum
2505 1484 2775 1552 possessio
2804 1500 2910 1538 non
2952 1492 3196 1552 negatur,
3243 1486 3296 1538 in
3324 1499 3429 1554 qua

1853 1572 1969 1625 sine
1995 1569 2099 1625 line
2123 1572 2320 1626 vivitur
2347 1581 2400 1625 et
2445 1573 2559 1626 sine
2587 1571 2691 1628 line
2720 1574 2978 1641 gaudetur
3003 1591 3014 1625 :
3042 1574 3131 1628 ubi
3161 1588 3260 1627 nec
3284 1587 3431 1626 mors

1853 1660 2156 1716 laetantibus
2178 1662 2560 1730 adimitvitam,
2583 1680 2683 1719 nec
2705 1681 2906 1720 maeror
2931 1665 3230 1720 viventibus
3251 1673 3431 1734 potest

1854 1749 2064 1805 auferre
2093 1751 2350 1804 lmtitiam.
2381 1752 2438 1804 ιιι
2469 1753 2610 1821 quali
2640 1755 2782 1807 enim
2819 1754 2920 1808 ﬁde
2950 1763 3003 1808 et
3037 1769 3200 1823 opere
3234 1769 3427 1807 unum-

185 1849 288 1894 tum
316 1839 420 1894 sibi
449 1847 630 1908 speret
658 1838 886 1893 relaxari
918 1851 1077 1906 posse
1116 1853 1408 1902 converso,
1441 1851 1540 1891 nec
1570 1835 1750 1890 dimitc
1782 1853 1825 1912 Β
1852 1853 2117 1910 quemque
2143 1842 2420 1896 hominum
2450 1844 2570 1897 vita:
2594 1844 2748 1913 hujus
2778 1845 3042 1900 invenerit
3077 1845 3216 1911 finis,
3239 1846 3360 1899 talis
3381 1845 3431 1900 ei

184 1929 396 1983 tendum
419 1936 599 1982 tamen
620 1928 820 1996 aliquid
848 1929 1116 1982 existimet
1143 1927 1423 1983 obdurato.
1454 1927 1569 1983 Hoc
1609 1936 1749 1983 tem-

183 2036 309 2089 pore
329 2027 503 2074 mutet
543 2020 757 2088 iniquus
784 2020 977 2085 vitam,
1018 2027 1074 2074 et
1102 2035 1210 2074 non
1245 2021 1481 2074 inveniet
1514 2035 1749 2089 poenam.

185 2103 366 2180 Fugiat
385 2111 616 2179 culpam,
648 2119 701 2166 et
723 2111 949 2180 accipiet
973 2111 1203 2165 veniam.
1236 2110 1290 2163 ln
1321 2111 1424 2164 hoc
1445 2111 1586 2164 enim
1615 2118 1751 2164 tern-

183 2216 308 2272 pore
325 2202 646 2257 beneficium
676 2202 1006 2256 remissionis
1031 2202 1344 2269 acquiritur,
1382 2200 1597 2268 quando
1627 2215 1751 2253 mu-

186 2289 434 2345 tationem
463 2289 778 2355 voluntatis,
820 2290 999 2354 meriti
1027 2304 1242 2358 quoque
1269 2289 1495 2343 mutatio
1522 2289 1749 2343 comita-

187 2387 282 2433 tur.
299 2377 448 2434 Nunc
469 2381 644 2433 omnis
663 2379 756 2448 qui
776 2378 990 2435 laborat
1010 2387 1066 2434 et
1093 2388 1348 2434 oneratus
1372 2387 1472 2444 est,
1499 2379 1564 2433 ad
1579 2377 1747 2433 Deum

1854 1929 2134 1983 retributio
2165 1930 2406 1996 dabitur,
2448 1931 2744 2000 cujus‘non
2791 1935 2892 1988 erit
2923 1934 3062 1988 linis.
3113 1933 3248 1999 Quia
3288 1933 3431 1988 sicut

1855 2020 2030 2074 omnis
2055 2020 2145 2088 qui
2176 2030 2301 2075 ante
2331 2020 2491 2076 linem
2525 2023 2647 2076 vitae
2684 2024 2965 2091 praesentis
3003 2039 3294 2078 conversus
3322 2039 3431 2076 non

1855 2109 2048 2176 fuerit,
2078 2117 2148 2164 .et
2191 2112 2243 2164 in
2284 2112 2440 2165 malis
2485 2113 2595 2166 suis
2624 2113 2852 2178 ﬁnierit,
2889 2113 3026 2168 ultra
3058 2113 3298 2182 requiem
3323 2127 3434 2167 non

1855 2200 2072 2255 habebit
2101 2219 2113 2253 :
2146 2201 2223 2256 sic
2252 2202 2426 2256 omnis
2453 2203 2544 2271 qui
2588 2203 2642 2256 in
2673 2204 2778 2259 hoc
2807 2212 3050 2274 tempore
3076 2203 3270 2259 divinis
3298 2217 3436 2272 prte-

1854 2292 2024 2362 ceptis
2052 2291 2340 2359 obediens,
2373 2308 2404 2347 a
2434 2294 2588 2349 malis
2611 2295 2721 2350 suis
2749 2310 3040 2349 conversus
3068 2294 3227 2349 luerit
3245 2331 3260 2356 ,
3303 2293 3349 2347 si
3376 2293 3434 2346 in

1855 2381 1957 2436 lide
1981 2391 2129 2436 recta
2161 2391 2216 2436 et
2253 2384 2408 2438 bona'
2437 2385 2544 2438 vita
2583 2385 2718 2438 intra
2763 2384 3060 2439 Ecelesiam
3109 2382 3432 2438 catholicam

187 2476 456 2524 vocantem
479 2468 796 2524 reﬁciendas
821 2470 1004 2524 veniat
1033 2487 1048 2522 :
1080 2485 1222 2524 nunc
1247 2484 1406 2539 super
1429 2483 1486 2525 se
1507 2469 1626 2524 lene
1645 2470 1741 2537 (αι.
1793 2497 1796 2500 ~
1850 2473 2279 2541 perseveraverit
2305 2488 2474 2542 usque
2500 2474 2553 2548 in
2581 2474 2762 2542 linem,
2783 2475 2870 2530 hic
2886 2475 3068 2529 salvus
3089 2473 3213 2528 erit.
3237 2473 3428 2525 Amen.

249 2568 271 2593 ι
301 2556 424 2616 Ms.,
458 2558 663 2626 redimi

1213 2773 1354 2885 s.
1430 2772 2413 2916 PULGENTII
3155 2705 3165 2858 ί

497 2964 697 3076 DE
861 2961 2154 3078 INCARNATIONE
2288 2966 2706 3079 FILII
2845 2969 3116 3079 DEI

867 3156 1006 3226 ET
1079 3154 1466 3228 VlL‘tUM
1539 3154 2166 3226 ANIMALIUM
2218 3127 2758 3251 AUCTORE,

1051 3305 1183 3380 AD
1264 3301 1804 3397 SCABILAM,

1885 3301 2176 3379 LIBER
2252 3305 2556 3380 UNUS.

209 3566 214 3572 .
252 3520 414 3593 ωε
443 3522 494 3576 l.
541 3522 720 3578 Lectis
743 3523 936 3577 litteris
964 3536 1100 3590 quas
1126 3520 1347 3585 misisti,
1383 3519 1456 3574 ﬁli
1483 3520 1760 3576 carissime
1788 3523 1835 3584 C
1933 3521 1984 3574 2.
2013 3520 2285 3590 Scripsisti
2313 3489 2443 3588 ergo
2462 3561 2477 3586 ,
2508 3528 2567 3573 ut
2597 3519 2701 3573 tuis
2729 3527 2850 3572 utar
2879 3521 3086 3588 verbis,
3133 3522 3275 3590 quod
3318 3523 3439 3577 dunt

191 3611 407 3681 Scarila,
436 3615 648 3681 gavisus
672 3629 789 3668 sum
811 3615 863 3668 in
887 3613 1134 3677 Domino,
1178 3619 1233 3666 et
1267 3611 1557 3665 exsultavit
1580 3612 1757 3666 anima

192 3719 299 3758 mea
329 3706 384 3758 in
405 3703 518 3759 Deo
537 3705 758 3760 salutari
781 3719 925 3771 meo,
955 3705 1080 3772 quia
1103 3703 1276 3757 induit
1293 3718 1388 3758 vos
1409 3703 1642 3757 studium
1672 3717 1760 3757 sa-

194 3791 339 3856 lutis,
385 3802 440 3847 et
468 3793 616 3848 cordi
641 3801 823 3848 vestro
860 3791 1188 3848 desiderium
1213 3789 1436 3859 justitize
1463 3791 1761 3845 clementer

193 3881 394 3947 infudit,
425 3899 533 3953 quo
571 3900 756 3940 veram
801 3883 961 3938 ﬁdem
992 3896 1322 3950 cognoscere
1360 3881 1605 3951 cupiatis.
1658 3879 1761 3935 Per

193 3971 323 4026 hanc
345 3975 488 4028 enim
516 3975 641 4028 vitae
665 3974 883 4042 largitas
907 3973 986 4046 ad~
1015 3974 1259 4028 homines
1289 3974 1460 4036 venit,
1491 3971 1636 4042 quod
1664 3986 1761 4042 per

192 4065 500 4134 prophetam
525 4066 666 4122 Deus
693 4067 808 4136 ipse
833 4074 1061 4121 testatus
1089 4073 1171 4120 est
1197 4065 1380 4120 dicens
1411 4080 1425 4116 :
1455 4063 1634 4118 Justus
1661 4080 1753 4116 au-

194 4160 286 4207 tem
315 4171 382 4208 ex
406 4155 514 4224 ﬁde
540 4158 659 4210 vivit
689 4156 878 4227 (Rom.
905 4173 953 4224 ι,
991 4157 1088 4224 17)
1113 4173 1126 4221 ;
1157 4155 1288 4209 ﬁdes
1316 4164 1493 4209 autem
1516 4155 1605 4209 illa
1632 4169 1760 4208 vera

190 4247 500 4314 appellanda
520 4257 620 4308 est,
638 4264 758 4318 quae
777 4257 860 4304 est
881 4263 1027 4312 vera,
1049 4263 1152 4302 non
1183 4248 1322 4312 lieta,
1347 4262 1506 4316 quam
1537 4253 1755 4301 sanctus

190 4337 524 4390 commendat
552 4337 839 4407 Apostolus
861 4337 1047 4393 dicens
1083 4355 1096 4389 :
1129 4335 1283 4390 Finis
1322 4347 1494 4391 autem
1520 4338 1760 4406 pracepti

189 4433 258 4476 est
285 4428 480 4480 caritas
508 4427 572 4480 de
604 4429 758 4482 corde
785 4444 946 4495 puro,
977 4437 1025 4480 et
1055 4427 1368 4480 conscientia
1398 4427 1550 4489 bona,
1582 4436 1630 4478 et
1657 4425 1762 4494 [ide

190 4529 286 4565 non
314 4515 438 4582 ﬁcta
464 4513 520 4586 tl
545 4514 676 4568 Tim.
709 4532 747 4584 ι,
775 4515 851 4584 5).
882 4516 1012 4569 Nam
1043 4517 1169 4584 quia
1199 4516 1338 4570 idem
1361 4517 1550 4569 beatus
1566 4512 1761 4568 Paulus

190 4605 354 4667 gratia
385 4619 486 4660 nos
515 4605 644 4659 dicit
668 4605 844 4660 salvos
872 4606 1042 4660 factos
1070 4620 1190 4660 esse
1227 4620 1326 4674 per
1365 4603 1520 4658 ﬁdem
1541 4646 1555 4669 ,
1600 4619 1759 4673 quam

192 4705 294 4744 non
322 4708 388 4746 ex
426 4693 600 4759 nobis,
627 4695 722 4750 sed
749 4693 845 4750 Dei
874 4697 1067 4750 asserit
1093 4695 1292 4749 donum
1325 4694 1546 4765 (Ep/tes.
1581 4709 1644 4757 ιι,
1669 4692 1760 4764 8),

195 4781 370 4850 utique
398 4799 523 4838 vera
548 4785 696 4840 salus
722 4800 829 4839 non
857 4787 960 4841 erit
985 4786 1075 4840 ubi
1103 4800 1229 4840 vera
1263 4784 1392 4838 lides
1430 4799 1538 4837 non
1562 4782 1758 4846 fuerit;

1861 3612 1930 3664 ad
1979 3627 2213 3664 mensam
2259 3609 2542 3663 Christiani
2592 3608 2841 3663 Ecclesia:
2883 3611 3150 3665 catholica:
3195 3613 3294 3681 ﬁlii
3339 3613 3439 3666 mei

1859 3701 2045 3754 Evenli
2073 3701 2135 3753 de
2160 3699 2254 3754 Dei
2278 3699 2636 3752 incarnatione
2659 3700 2846 3752 locutio
2872 3709 3190 3765 nasceretur,
3215 3718 3346 3754 unus
3376 3718 3440 3754 ea:

1821 3806 1834 3814 ”
1860 3793 2000 3846 vobis
2027 3793 2123 3845 hoc
2153 3793 2215 3845 de
2238 3792 2352 3860 ipsa
2388 3791 2749 3843 incarnatione
2780 3793 2999 3843 asseruit
3039 3793 3280 3862 quoniam
3334 3809 3438 3845 non

1860 3883 2001 3938 Deus
2037 3883 2192 3937 Pater
2234 3899 2442 3935 carnem
2469 3881 2655 3946 induit,
2689 3882 2779 3934 sed
2816 3883 2980 3935 soluat
3008 3881 3104 3936 Dei
3148 3881 3336 3936 Filius.
3371 3881 3439 3934 Et

1861 3978 1993 4030 alius
2015 3976 2148 4029 dixit
2171 3991 2188 4028 :
2214 3972 2334 4044 Ipse
2354 3971 2513 4038 Deus,
2542 3973 2628 4043 qui
2657 3989 2786 4025 unus
2809 3982 2885 4026 est
2905 3974 2958 4026 in
2985 3973 3166 4037 tribus,
3198 3973 3438 4044 dignatus

1862 4075 1939 4120 est
1967 4082 2175 4119 carnem
2200 4064 2358 4134 407
2390 4078 2669 4126 assumere,
2696 4071 2751 4115 'ut
2772 4072 3001 4117 nostram
3023 4065 3311 4116 servitutem
3340 4078 3442 4132 qua

1860 4146 1954 4228 per
1977 4157 2441 4227 transgressionem
2478 4155 2643 4224 patris
2679 4154 2841 4207 nostri
2864 4153 2992 4208 Adae
3014 4152 3224 4224 obligati
3245 4153 3441 4206 detine-

1864 4248 2064 4309 bantur,
2090 4247 2158 4300 ad
2172 4246 2456 4301 libertatem
2477 4246 2793 4318 perduceret.
2819 4235 3026 4298 Deinde~
3045 4243 3180 4298 dicis
3194 4259 3290 4297 vos
3311 4243 3443 4296 scire

1864 4355 2046 4409 cupere
2071 4339 2116 4392 si
2136 4339 2245 4408 ipse
2273 4337 2413 4391 Deus
2439 4336 2595 4390 Pater
2617 4335 2932 4389 descenderit
2953 4343 3001 4386 et
3021 4349 3226 4386 carnem
3248 4349 3445 4385 assum-
3515 4359 3517 4363 ι

1864 4430 2044 4500 pserit,
2064 4445 2132 4481 an
2151 4430 2261 4497 ipso
2280 4427 2550 4490 residente,
2573 4419 2739 4479 Verbo
2753 4423 3075 4477 mandaverit
3091 4422 3226 4492 quod
3235 4437 3443 4473 carnem

1865 4517 2219 4586 assumpserit.
2276 4515 2422 4568 Dicis
2462 4531 2555 4567 nos
2593 4515 2747 4565 etiam
2771 4513 2902 4564 scire
2942 4512 3181 4566 quoniam
3220 4507 3441 4561 Verbum

1867 4623 1992 4660 caro
2017 4608 2208 4675 factum
2234 4612 2339 4666 est,
2370 4611 2424 4654 ut
2453 4604 2561 4668 ipse
2586 4599 2839 4652 habitaret
2868 4601 2920 4651 in
2949 4597 3113 4651 nobis.
3151 4595 3249 4650 Ubi
3279 4597 3440 4650 etiam

1866 4702 1981 4757 hinc
2008 4697 2171 4754 verba
2205 4694 2471 4752 subvertis
2499 4679 2682 4747 dicens
2709 4709 2720 4743 :
2749 4692 2853 4746 Sed
2875 4692 3008 4744 inter
3037 4688 3277 4753 Verbum,
3309 4688 3442 4751 quod

1867 4792 2006 4846 Deus
2035 4799 2138 4854 est,
2188 4798 2238 4842 et
2264 4786 2504 4852 Patrem,
2545 4786 2631 4855 qui
2670 4782 2808 4835 Deus
2837 4792 2942 4845 est,
2984 4798 3088 4833 una
3116 4789 3446 4849 utrorumque

195 4886 305 4938 qui?
325 4889 442 4928 cum
473 4873 730 4931 diVinilus
770 4875 1093 4944 illfundilut',
1123 4876 1310 4947 procul
1339 4875 1501 4930 (1111)ίο
1530 4874 1760 4942 gratuita
1789 4898 1840 4959 ι)
1870 4880 2186 4936 descenderit
2207 4878 2275 4931 ad
2296 4875 2609 4930 induendam
2638 4890 2846 4927 carnem
2870 4873 3133 4943 majestas,
3171 4873 3290 4942 quia
3319 4871 3447 4940 legi-

196 4962 432 5032 largitate
451 4967 714 5033 donatur;
745 4977 800 5022 et
823 4969 913 5024 ubi
936 4984 1032 5039 per
1049 4983 1232 5024 veram
1254 4967 1411 5022 ﬁdem
1437 4967 1636 5020 veritas
1655 4966 1766 5020 fue-

198 5055 264 5107 rit
285 5057 627 5123 credulitatis,
662 5061 860 5115 veritas
883 5061 1076 5129 utique
1101 5060 1446 5116 comitabitur
1467 5067 1524 5115 et
1542 5059 1756 5114 salutis:

197 5145 422 5213 quisquis
450 5155 631 5202 autem
662 5165 692 5202 a
721 5165 847 5203 vera
893 5150 997 5204 ﬁde
1035 5149 1359 5215 deviaverit,
1404 5165 1546 5204 verae
1574 5149 1764 5204 salutis

196 5237 409 5302 gratiam
435 5255 546 5294 non
574 5241 813 5296 habebit.
835 5240 1068 5297 Proinde
1091 5251 1308 5311 torpere
1329 5257 1434 5295 non
1462 5241 1623 5295 debet
1639 5239 1763 5294 lide-

199 5325 260 5378 lis
280 5330 480 5384 animus
499 5330 566 5385 ad
597 5333 940 5399 quatrendum
968 5333 1014 5387 si
1044 5332 1174 5402 quid
1204 5333 1257 5388 in
1277 5330 1617 5388 sacramento
1641 5330 1764 5387 ﬁdei

196 5419 292 5474 sibi
309 5424 479 5478 cernit
503 5425 810 5492 ambignum
833 5444 845 5478 :
865 5427 1095 5482 maxime
1117 5427 1170 5481 in
1196 5427 1453 5497 mysterio
1481 5427 1763 5482 dominicae

197 5511 591 5580 incarnationis,
613 5531 708 5586 per
732 5532 890 5586 quam
916 5517 1121 5586 justitia
1151 5519 1326 5588 impiis
1341 5558 1355 5580 ,
1387 5518 1495 5571 vita
1515 5517 1760 5583 mortuis,

195 5603 331 5659 salus
364 5607 620 5672 inﬁrmis,
675 5616 730 5662 et
765 5623 905 5663 vera:
952 5609 1215 5663 libertatis
1242 5617 1322 5662 est
1359 5609 1526 5676 gratia
1567 5609 1763 5663 donata

195 5700 432 5766 captivis.

1867 4993 2004 5042 mus,
2045 4973 2218 5041 inquis
2247 4989 2259 5023 :
2299 4989 2317 5021 «
2348 4968 2451 5023 Hic
2479 4967 2617 5022 Deus
2646 4977 2851 5029 noster.
2888 4975 2937 5020 et
2966 4981 3067 5019 non
3109 4964 3447 5019 wstimabitur

1868 5068 2003 5120 alius
2032 5065 2221 5135 absque
2241 5061 2332 5114 illo
2372 5077 2390 5113 :
2430 5069 2546 5130 post
2571 5060 2682 5114 hanc
2702 5060 2754 5111 in
2786 5068 2920 5111 terra
2952 5058 3086 5110 risus
3110 5063 3215 5120 est,
3255 5064 3302 5107 et
3332 5071 3446 5106 cum

1869 5154 2159 5209 hominibus
2194 5161 2520 5206 conversatus
2549 5159 2624 5203 est
2647 5148 2883 5220 (Baruch
2913 5163 2999 5214 Ill,
3031 5147 3152 5218 56).
3186 5167 3204 5198 ι
3263 5146 3446 5199 Adhuc

1869 5244 2020 5299 addis
2040 5253 2096 5299 et
2123 5243 2283 5307 dicis,
2309 5240 2451 5310 quod
2481 5256 2594 5293 cum
2617 5238 2754 5292 istud
2778 5239 3122 5292 testimonium
3151 5237 3204 5289 in
3227 5235 3445 5288 medium

1868 5335 2169 5404 proferretis
2191 5373 2206 5396 ,
2251 5333 2344 5386 hoc
2371 5331 2460 5385 illc
2493 5329 2782 5384 econtrario
2811 5329 3010 5382 locutus
3038 5337 3113 5381 est
3137 5345 3154 5380 :
3186 5325 3264 5379 De
3302 5323 3446 5379 Filia

1871 5427 1964 5480 hoc
1986 5427 2116 5479 dixit
2142 5435 2192 5490 ⁸,
2217 5442 2317 5478 non
2343 5423 2406 5477 de
2434 5423 2593 5476 Patre
2616 5440 2634 5477 :
2660 5430 2710 5477 et
2740 5432 2792 5474 tu
2822 5422 2867 5474 ei
2898 5421 2966 5473 ad
2993 5435 3220 5490 presens
3249 5422 3444 5472 locutus

1870 5536 1922 5572 es
1942 5557 1955 5581 ,
1997 5527 2054 5571 ut
2082 5517 2216 5588 quod
2243 5515 2395 5569 simul
2435 5517 2629 5583 pariter
2655 5514 2908 5583 ignoratis
2941 5512 3008 5565 ad
3047 5529 3139 5567 nos
3180 5525 3439 5564 recursum

1872 5611 2128 5679 faceretis.
2164 5607 2297 5662 Huic
2324 5607 2723 5674 interrogationi
2747 5622 2906 5676 quam
2930 5606 3098 5676 prima
3129 5620 3252 5676 pars
3272 5603 3444 5658 conti-

1874 5709 1975 5753 net
2025 5707 2235 5753 tuarum
2272 5698 2570 5752 litterarqu
2627 5697 2892 5751 reddenda
2929 5714 3067 5753 nunc
3097 5707 3176 5752 est
3208 5711 3235 5750 a
3272 5691 3447 5758 nobis,

261 5829 767 5918 fEmendamuSﬁx
803 5834 916 5906 ipsa
945 5833 1168 5904 epistola
1198 5848 1314 5902 qua:
1344 5832 1756 5912 habetur'supra
1788 5832 1873 5888 10:
1905 5831 2179 5902 legebatur
2206 5831 2348 5886 enim
2379 5846 2478 5884 non
2513 5827 2668 5897 dixit,
2700 5829 2791 5885 sed
2818 5831 2976 5886 male.
