4066 6346
619 403 726 458 575

1654 403 1710 455 S.
1754 400 2116 457 FULGENTII
2158 400 2457 458 EPISCOPI
2498 399 2868 457 RUSPENSIS

3785 399 3892 454 576

620 521 732 574 Deo
755 519 989 573 donante
1019 525 1178 584 atque
1208 515 1514 583 adjuvante,
1545 498 1825 584 responsio
1851 534 1864 580 ;
1896 532 1999 585 qua
2026 516 2191 578 linita,
2222 519 2274 577 Α
2300 523 2404 581 tur,
2431 517 2523 585 qui
2553 524 2608 570 et
2634 516 2927 572 secundum
2956 513 3322 579 divinitatem,
3367 521 3421 568 et
3441 512 3733 568 secu'nl'um
3762 531 3886 571 car-

620 610 773 663 alteri
803 623 1018 681 quoque
1043 605 1395 674 respondere,
1421 614 1677 674 quantum
1712 605 1854 660 Deus
1892 605 2195 673 donaverit,

623 717 730 757 non
757 700 975 771 pigebit.

691 836 743 890 3.
771 829 1346 900 Principaliter'daque
1367 831 1504 886 scire
1525 830 1877 886 debetomnis
1905 833 2200 888 catholicus

612 922 958 977 Christianus
1005 936 1169 974 unum
1214 935 1332 974 esse
1372 920 1539 974 Deum
1579 930 1817 976 sanctam
1860 922 2197 992 Trinitatem,

612 1015 662 1067 id
683 1020 784 1074 est,
813 1009 1050 1078 Patrem,
1078 1020 1131 1066 et
1156 1010 1366 1075 Filium,
1387 1013 1707 1082 etSpiritum
1733 1025 1976 1068 sanctum
1994 1032 2008 1080 ;
2029 1015 2198 1088 ipsam

619 1118 749 1156 vero
777 1101 1092 1157 Trinitatem
1123 1117 1243 1171 quae
1270 1119 1406 1159 unus
1434 1111 1516 1158 est
1561 1104 1727 1168 Deus,
1779 1120 1937 1158 unam
1985 1091 2199 1175 quidem

615 1211 736 1251 esse
761 1204 1030 1263 naturam,
1059 1210 1167 1249 non
1195 1203 1375 1250 tamen
1398 1211 1557 1249 unam
1585 1213 1704 1251 esse
1733 1212 2039 1267 personam.
2065 1197 2198 1262 Quia

615 1294 672 1339 et
700 1285 843 1355 quod
873 1285 1064 1339 dicitur
1095 1301 1230 1340 unus
1259 1286 1396 1340 Deus
1433 1302 1551 1340 esse
1578 1287 1841 1355 Trinitas,
1865 1303 2048 1342 verum
2079 1295 2198 1353 est;

618 1380 910 1434 unusDeus
940 1387 1023 1434 est
1038 1381 1178 1434 enim
1199 1379 1452 1447 Trinitas,
1476 1380 1602 1448 quia
1635 1363 1742 1435 non]
1765 1382 1923 1436 aliam
1954 1390 2199 1436 naturam

617 1467 784 1523 habet
813 1467 1000 1533 Pater,
1039 1478 1092 1522 et
1134 1469 1294 1523 aliam
1324 1469 1518 1535 Filius,
1551 1479 1604 1524 et
1632 1471 1789 1524 aliam
1820 1470 2050 1539 Spiritus
2079 1487 2202 1525 san-

615 1566 762 1618 ctus,
793 1555 886 1609 sed
912 1572 1015 1610 una
1045 1565 1233 1610 natura
1261 1565 1344 1610 est
1373 1557 1485 1625 ipsa
1515 1556 1747 1612 Trinitas
1776 1558 1915 1612 Deus
1940 1576 1953 1622 ;
1995 1573 2093 1612 nec
2121 1566 2202 1611 ta-

616 1661 741 1699 incn
768 1662 870 1699 una
894 1662 1120 1717 persona
1149 1655 1231 1700 est
1252 1645 1428 1711 Pater,
1460 1656 1513 1700 et
1534 1647 1718 1708 Filius,
1742 1657 1796 1701 et
1820 1647 2050 1717 Spiritus
2077 1665 2202 1703 san-

616 1745 754 1798 ctus,
788 1735 880 1790 sed
903 1753 1133 1805 persona
1172 1735 1346 1789 Patris
1366 1735 1531 1806 solius
1559 1735 1731 1791 Patris
1753 1745 1854 1800 est,
1887 1746 1942 1791 et
1969 1753 2199 1806 persona

615 1825 737 1883 Filii
761 1827 926 1880 solius
958 1824 1077 1879 Filii
1107 1834 1205 1890 est,
1235 1835 1290 1879 et
1319 1841 1547 1894 persona
1575 1823 1806 1894 Spiritus
1833 1825 2006 1879 sancti
2034 1825 2200 1879 solius

618 1913 851 1984 Spiritus
893 1916 1066 1969 sancti
1110 1926 1212 1969 est.
1265 1913 1628 1968 Personaliter
1662 1928 1790 1982 ergo
1819 1915 1910 1982 qui
1937 1923 2019 1968 est
2041 1912 2200 1968 Pater

619 2023 727 2061 non
751 2015 831 2059 est
857 2006 967 2074 ipse
996 2006 1180 2066 Filius,
1210 2014 1266 2059 ct
1293 2006 1382 2073 qui
1409 2005 1571 2059 Filius
1597 2012 1680 2058 est
1709 2019 1813 2058 non
1838 2013 1920 2058 est
1952 2005 2064 2072 ipse
2078 2002 2200 2072 Spi-

616 2100 754 2153 ritus
789 2107 1022 2154 sanctus.
1069 2097 1223 2164 Quod
1262 2113 1391 2151 vero
1421 2097 1737 2150 naturaliter
1773 2105 1853 2150 est
1893 2095 2052 2150 Pater
2089 2096 2197 2153 hoc

617 2201 701 2246 est
733 2191 894 2244 Filius
913 2233 925 2254 ,
951 2192 1054 2245 hoc
1083 2199 1164 2246 est
1191 2189 1421 2259 Spiritus
1449 2197 1683 2251 sanctus,
1728 2189 1852 2256 quia
1884 2189 2201 2243 naturaliter

619 2285 736 2353 ipsa
778 2282 1010 2336 Trinitas
1051 2298 1188 2335 unus
1225 2291 1307 2335 est
1353 2280 1493 2333 Deus
1534 2297 1548 2332 :
1592 2280 1679 2333 ubi
1719 2279 1891 2347 major
1919 2281 2200 2348 minorque

619 2390 727 2428 non
758 2373 982 2437 dicitur,
1027 2373 1152 2440 quia
1181 2387 1281 2426 nec
1313 2372 1460 2441 prior
1487 2369 1778 2432 alius.alio,
1811 2386 1910 2424 nec
1932 2371 2201 2438 posterior

618 2466 907 2521 invenitur.
939 2465 1015 2520 lbi
1041 2463 1314 2518 aeternitas
1358 2470 1520 2530 atque
1558 2463 1890 2518 immensitas
1932 2470 2078 2515 tanta
2119 2470 2203 2515 est

619 2555 1035 2624 uniuscujusque
1053 2570 1318 2624 personrc,
1341 2562 1540 2623 quanta
1572 2553 1730 2606 trium
1753 2553 2066 2606 naturaliter
2081 2568 2204 2622 per-

618 2654 892 2703 sonarum.
921 2646 1080 2700 Solus
1111 2655 1288 2699 tamen
1320 2643 1480 2698 Pater
1517 2655 1600 2698 est
1635 2644 1724 2712 qui
1755 2643 1944 2696 Filium
1975 2643 2156 2712 genuit
2184 2661 2198 2708 ;

619 2742 766 2795 solus
795 2749 877 2794 est
906 2738 1068 2794 Filius
1097 2738 1188 2806 qui
1218 2737 1285 2791 de
1314 2737 1474 2790 Patre
1503 2745 1657 2790 natus
1683 2753 1697 2800 ;
1746 2734 1893 2789 solus
1927 2744 2008 2790 est
2040 2735 2202 2789 etiam

619 2831 854 2900 Spiritus
893 2838 1138 2894 sanctus,
1192 2828 1283 2896 qui
1322 2843 1420 2881 nec
1454 2836 1610 2880 natus
1643 2834 1726 2879 est
1752 2825 1819 2879 de
1857 2823 2049 2890 Patre,
2104 2841 2202 2880 nec

622 2923 813 2975 Filium
842 2920 1053 2988 genuit,
1087 2917 1180 2974 sed
1209 2934 1237 2971 a
1269 2916 1429 2970 Patre
1458 2916 1701 2984 Filioque
1731 2916 2014 2986 processit.
2037 2906 2204 2969 Pater

621 3028 750 3079 ergo
775 3011 940 3066 solius
965 3018 1048 3063 est
1085 3009 1247 3062 Pater
1276 3008 1426 3069 Filii,
1464 3014 1518 3060 et
1546 3007 1712 3060 Filius
1733 3016 1815 3071 est
1843 3008 2010 3061 solius
2037 3006 2203 3062 Filius

623 3103 819 3169 Patris,
841 3110 1059 3154 sanctus
1098 3108 1277 3152 autem
1303 3098 1533 3167 Spiritus
1562 3113 1666 3150 non
1689 3095 1861 3150 Patris
1883 3097 2069 3161 solius,
2103 3112 2204 3151 nec

623 3191 742 3245 Filii
782 3191 979 3255 solius,
1032 3188 1126 3243 sed
1156 3188 1314 3242 simul
1344 3186 1518 3242 Patris
1544 3196 1598 3242 et
1629 3185 1745 3239 Filii
1788 3201 1922 3240 unus
1958 3191 2024 3240 et'
2047 3175 2198 3241 com-

625 3283 803 3336 munis
826 3289 924 3336 est.

695 3414 746 3468 4.
774 3413 832 3468 In
856 3415 956 3468 hac
974 3413 1154 3481 itaque
1177 3411 1439 3465 Trinitate
1459 3419 1584 3466 sunt
1604 3410 1846 3481 quasdam
1876 3411 2207 3480 singularum

627 3523 979 3578 personarum
1007 3506 1243 3576 propria.
1265 3504 1403 3570 Quid
1430 3505 1474 3558 si
1497 3513 1675 3558 tamen
1705 3504 1936 3574 propriis
1964 3519 2209 3573 personae

628 3604 1016 3656 monstrantur,
1040 3593 1132 3648 58d
1156 3609 1263 3647 non
1291 3602 1608 3662 separantur
1624 3631 1636 3652 ν
1661 3608 1888 3661 quarum
1916 3601 2103 3648 natura
2126 3601 2204 3661 ut,

626 3705 746 3745 cum
775 3687 1160 3757 inseparabiles
1198 3686 1326 3749 sint,
1377 3683 1631 3740 confundi
1658 3701 1763 3738 non
1792 3684 1980 3754 possit,
2012 3683 2104 3738 sed
2144 3684 2211 3738 ad

627 3782 731 3836 hoc
754 3781 806 3834 in
837 3778 1064 3846 singulis
1084 3762 1331 3847 personis
1351 3776 1557 3844 singula
1588 3784 1860 3839 maneant,
1895 3783 1951 3829 ut
1979 3784 2034 3829 et
2061 3782 2213 3829 natu-

627 3871 795 3925 ralem
828 3859 1089 3923 unitatein
1121 3883 1264 3922 ver-.e
1292 3866 1596 3931 Trinitatis,
1630 3874 1687 3921 et
1717 3866 2056 3936 personalem
2088 3864 2209 3919 Tri-

628 3963 856 4016 nitatem
887 3975 1026 4013 vera:
1055 3959 1275 4012 unitatis
1303 3957 1599 4012 ostendat?
1647 3955 1926 4026 Proprium
1957 3964 2040 4010 est
2081 3969 2211 4024 ergo

627 4052 796 4105 solius
826 4049 1030 4112 Patris,
1081 4049 1226 4117 quod
1257 4064 1364 4102 non
1400 4058 1482 4102 est
1511 4055 1666 4102 natus
1689 4048 1821 4116 ipse,
1861 4045 1952 4102 sed
1983 4047 2168 4114 genuit
2193 4063 2208 4113 ;

629 4140 905 4210 proprium
929 4147 1012 4192 est
1040 4147 1094 4192 et
1115 4137 1235 4191 Filii
1261 4137 1408 4206 quod
1432 4153 1540 4191 non
1570 4137 1755 4205 genuit
1784 4138 1914 4206 ipse,
1939 4137 2032 4192 sed
2054 4123 2212 4192 natus

626 4239 742 4296 est;
767 4230 1043 4300 proprium
1074 4229 1236 4300 408
1255 4243 1385 4282 vero
1411 4237 1493 4283 est
1517 4236 1571 4283 et
1598 4227 1828 4298 Spiritus
1854 4230 2045 4295 sancti,
2068 4229 2212 4298 quod

631 4337 734 4376 nec
763 4321 946 4389 genuit
977 4320 1090 4389 ipse
1116 4335 1214 4374 nec
1242 4327 1402 4374 natus
1429 4327 1542 4384 est,
1574 4319 1668 4374 sed
1689 4320 1756 4374 de
1783 4321 2025 4388 genitore
2062 4321 2213 4388 geni-

631 4425 796 4483 toque
834 4412 1096 4483 procedit.
1143 4411 1291 4466 Sicut
1321 4419 1404 4466 est
1441 4421 1619 4466 autem
1659 4411 1774 4466 sine
1820 4411 1972 4466 initio
2011 4419 2212 4465 mterna

629 4503 907 4574 generatio
938 4500 1130 4568 Patris,
1157 4511 1212 4556 et
1233 4501 1346 4555 sine
1376 4501 1530 4555 initio
1552 4511 1752 4556 acterna
1783 4501 2034 4554 nativitas
2057 4500 2209 4566 Filii;

2304 623 2426 662 nem
2456 607 2605 662 solus
2633 608 2844 674 genitus
2867 606 3154 660 invenitur.
3338 656 3342 659 .

2373 698 2425 752 5.
2472 698 2652 753 Solius
2681 699 2862 766 itaque
2891 697 3148 765 unigeniti
3179 695 3273 751 Dei
3305 696 3519 765 propria
3547 708 3627 750 est
3655 706 3894 767 utraque

2287 784 2574 856 nativitas,
2599 803 2703 842 una
2717 787 3002 842 scilicetex
3016 787 3242 841 veritate
3259 794 3463 840 natura:
3485 786 3695 852 divinas,
3712 789 3895 842 altera

2301 895 2432 933 vero
2465 895 2532 934 ex
2559 879 2733 948 gratia
2774 879 3122 934 humanitatis
3144 887 3450 948 assumptae.
3483 876 3711 948 Propter
3739 881 3896 948 quod

2302 957 2629 1040 evangelista
2666 967 2904 1025 Joannes
2933 971 3262 1039 unigenitum
3303 985 3332 1023 a
3363 968 3528 1025 Patre
3555 973 3746 1024 asserit
3769 971 3898 1040 ple-
3991 1007 3996 1014 π

2303 1077 2430 1116 num
2465 1063 2650 1130 gratia:
2678 1070 2732 1116 et
2761 1062 3005 1116 veritatis
3061 1059 3257 1132 (Joan.
3291 1077 3335 1124 ι,
3371 1059 3490 1130 14).
3531 1059 3761 1115 Proinde
3791 1076 3896 1115 ca-

2302 1152 2474 1206 venda
2497 1159 2580 1206 est
2604 1152 2692 1206 illa
2721 1150 2997 1206 mortifera
3021 1162 3076 1205 et
3103 1150 3427 1205 omnimodis
3447 1151 3707 1205 diabolica
3737 1151 3894 1205 blas-

2302 1242 2519 1312 phemia
2571 1257 2676 1311 qua
2712 1242 2950 1298 creditur
2977 1242 3062 1295 vel
3100 1241 3298 1296 dicitur
3323 1241 3479 1295 simul
3510 1241 3625 1310 ipsa
3655 1241 3895 1297 Trinitas

2303 1347 2520 1386 carnem
2541 1332 2916 1403 assumpsisse,
2937 1331 3081 1400 quod
3105 1331 3368 1385 catholica
3389 1330 3519 1386 iides
3543 1347 3647 1386 non
3673 1334 3892 1400 recipit,

2303 1422 2400 1479 sed
2453 1424 2692 1494 nequitia
2749 1423 3039 1478 Sabelliani
3092 1424 3292 1476 erroris
3340 1423 3562 1475 invenit.
3622 1420 3896 1477 Sabelrius

2303 1515 2531 1584 quippe,
2580 1515 2673 1583 qui
2710 1513 2926 1568 Patrem
2956 1522 3010 1568 et
3049 1511 3239 1566 Filium
3270 1519 3327 1567 et
3355 1511 3610 1581 Spiritum
3640 1521 3893 1566 sanctum

2304 1621 2413 1659 non
2437 1614 2544 1660 tres
2567 1605 2718 1670 deos,
2745 1603 2840 1658 sed
2863 1618 3028 1657 unum
3054 1603 3222 1657 Deum
3245 1616 3433 1656 verum
3464 1601 3739 1670 praedicari
3759 1615 3896 1671 cog-

2305 1696 2489 1764 novit,
2527 1697 2605 1751 sic
2632 1695 2835 1750 audivit
2863 1694 3006 1763 quod
3035 1708 3218 1748 verum
3249 1701 3361 1761 est,
3391 1701 3449 1747 ut
3477 1693 3578 1748 sibi
3607 1702 3895 1761 generaret

2305 1787 2420 1856 ipse
2451 1787 2592 1855 quod
2623 1785 2813 1841 falsum
2854 1795 2954 1840 est.
2985 1785 3224 1853 Denique
3253 1784 3377 1852 quia
3407 1783 3485 1838 sic
3513 1799 3671 1839 unam
3713 1784 3895 1840 Patris

2232 1881 2274 1941 Β
2303 1885 2358 1930 et
2395 1875 2513 1930 Filii
2542 1885 2596 1930 et
2629 1875 2859 1946 Spiritus
2887 1876 3058 1929 sancti
3091 1876 3342 1942 cognovit
3370 1889 3490 1930 esse
3515 1883 3789 1942 naturam,
3832 1887 3895 1930 ut

2303 1965 2541 2034 ejusdem
2573 1973 2777 2018 natura:
2812 1971 2974 2018 unam
3003 1980 3111 2018 non
3141 1962 3412 2019 dubitaret
3441 1963 3734 2033 prmdieare
3766 1981 3896 2034 per-

2302 2073 2513 2126 sonam,
2537 2057 2602 2112 ad
2626 2059 2728 2112 hoc
2748 2067 2832 2112 est
2858 2057 3064 2111 insania
3082 2057 3162 2111 sui
3192 2058 3552 2126 prcecipitatus
3581 2057 3800 2120 erroris,
3828 2067 3891 2110 ut

2303 2135 2479 2219 ipsum
2496 2148 2711 2204 Patrem
2733 2158 2917 2203 natum
2946 2149 3014 2202 de
3025 2147 3244 2217 Virgine
3267 2156 3550 2202 assereret.
3571 2147 3892 2203 Necessario

2303 2250 2484 2295 autem
2505 2251 2843 2308 consequens
2873 2239 2990 2304 fuit,
3023 2247 3082 2293 ut
3106 2239 3191 2293 cui
3215 2239 3376 2294 dabat
3400 2239 3679 2293 veritatem
3697 2239 3891 2292 huma—

2304 2347 2386 2386 nte
2414 2331 2729 2396 nativitatis,
2763 2332 2863 2402 ipsi
2897 2332 3183 2401 deputaret
3215 2333 3496 2386 veritatem
3526 2333 3789 2401 passionis
3833 2341 3892 2385 et

2303 2425 2512 2479 mortis.
2543 2422 2697 2479 Unde
2719 2431 3016 2479 sectatores
3045 2424 3286 2492 ejusdem
3315 2423 3535 2478 Sabellii
3562 2440 3671 2478 non
3711 2425 3889 2478 solum

2304 2517 2659 2582 Sabellianos,
2689 2517 2783 2572 sed
2809 2517 2971 2570 etiam
2997 2515 3423 2584 Patripa‘ssianos
3445 2515 3682 2570 Ecclesia
3705 2517 3893 2570 catho-

2304 2609 2407 2663 lica
2436 2609 2752 2676 nominavit,
2797 2616 2853 2662 et
2881 2608 3095 2663 vinculo
3124 2607 3480 2662 anathematis
3502 2622 3622 2662 cum
3650 2621 3751 2661 suo
3790 2622 3892 2660 au-

2305 2707 2458 2754 ctore
2482 2698 2773 2752 damnavit.

2378 2786 2430 2841 6.
2452 2787 2604 2842 Absit
2623 2787 2826 2854 igitura
2846 2787 3086 2842 ﬁdelibus
3109 2789 3208 2843 ista
3229 2785 3570 2858 perversitas,
3585 2799 3682 2840 nec
3697 2800 3894 2853 quem-

2305 2894 2465 2948 quam
2489 2878 2824 2947 redemptum
2853 2880 3112 2947 sanguine
3143 2879 3402 2947 unigeniti
3431 2877 3546 2931 Filii
3566 2877 3648 2931 sui
3668 2877 3896 2946 permit-

2285 2981 2384 3026 tat
2437 2972 2577 3026 Deus
2627 2972 2730 3026 isto
2778 2970 3057 3026 mortifero
3101 2985 3261 3025 sensu
3306 2967 3543 3039 perﬁdia:
3588 2966 3899 3038 profanari-

2305 3063 2510 3130 Magnae
2538 3062 2738 3132 quippe
2785 3062 3076 3132 impietatis
3119 3070 3201 3116 est
3239 3062 3285 3115 si
3320 3060 3513 3129 aliquis
3556 3048 3609 3113 in
3648 3057 3804 3112 Patre
3834 3067 3894 3112 et

2307 3155 2443 3208 Filio
2485 3163 2540 3209 et
2578 3154 2780 3224 Spiritu
2811 3163 3027 3219 sancto,
3069 3160 3162 3208 aut
3192 3160 3414 3224 propter
3453 3167 3614 3206 unam
3645 3160 3892 3204 naturam

2230 3251 2276 3314 C
2307 3245 2438 3300 velit
2465 3260 2622 3300 unam
2647 3245 2927 3328 praedicari
2955 3258 3263 3315 personam,
3289 3251 3382 3297 aut
3405 3251 3626 3311 propter
3646 3249 3755 3294 tres
3775 3255 3896 3308 per-

2311 3353 2506 3406 sonas,
2548 3346 2660 3392 tres
2707 3345 2911 3392 asserat
2955 3344 3011 3390 et
3050 3342 3288 3390 naturas.
3333 3332 3775 3402 Quandoquidem
3805 3331 3897 3384 ille

2311 3431 2403 3500 qui
2434 3446 2593 3485 unam
2623 3443 2908 3499 personam
2939 3426 3112 3481 Patris
3141 3434 3197 3480 et
3223 3425 3342 3479 Filii
3370 3433 3425 3479 et
3459 3424 3689 3494 Spiritus
3721 3421 3898 3476 sancti

2313 3523 2524 3586 asserit,
2553 3520 2748 3590 laqueo
2773 3518 3065 3575 Sabelliani
3082 3519 3282 3573 erroris
3301 3517 3624 3580 innectitur;
3651 3513 3744 3583 qui
3765 3528 3897 3568 vero

2314 3624 2425 3671 tres
2445 3622 2664 3668 naturas
2692 3611 2867 3666 Patris
2893 3619 2949 3666 et
2976 3611 3096 3665 Filii
3113 3618 3167 3665 et
3187 3610 3417 3680 Spiritus
3431 3609 3603 3665 sancti
3621 3623 3740 3664 esse
3768 3622 3900 3661 con-

2314 3704 2511 3768 ﬁrmat,
2539 3703 2750 3757 Arianae
2779 3702 3014 3772 pertidize
3034 3701 3261 3756 nexibus
3286 3701 3570 3769 obligatur.
3605 3697 3671 3753 Et
3702 3713 3896 3767 quam-

2312 3793 2395 3848 vis
2411 3793 2689 3861 utriusque
2717 3789 3048 3846 infidelitatis
3066 3791 3237 3846 divisa
3255 3790 3498 3845 videatur
3521 3791 3769 3855 assertio,
3781 3795 3902 3842 una

2314 3893 2495 3938 tamen
2518 3891 2601 3938 est
2620 3883 2910 3960 impietatis
2933 3883 3210 3952 utriusque
3237 3882 3530 3938 damnatio.
3551 3883 3719 3951 impie
3749 3898 3902 3936 nam-

2314 3988 2420 4042 que
2449 3987 2802 4042 personarum
2821 3973 3123 4042 proprietas
3153 3981 3374 4043 propter
3400 3974 3660 4026 unitatem
3693 3981 3904 4026 natura

2315 4065 2691 4130 confunditur;
2717 4065 2879 4136 impie
2907 4066 3254 4121 nihilominus
3280 4065 3540 4120 naturalis
3567 4066 3747 4121 unitas
3774 4080 3906 4133 pro-

2315 4166 2438 4227 pter
2473 4171 2733 4226 personas
2779 4157 2920 4226 ipsas
2961 4165 3260 4226 separatur.
3309 4155 3482 4211 Unum
3526 4157 3692 4211 habet
3738 4155 3908 4210 Pater

2314 4263 2500 4302 verum
2527 4247 2847 4302 naturaliter
2866 4245 3091 4310 Filium,
3129 4255 3185 4300 et
3206 4246 3273 4301 de
3311 4261 3374 4301 se
3400 4247 3518 4300 sine
3545 4246 3720 4309 initio,
3749 4254 3807 4299 et
3838 4245 3910 4298 de

2315 4337 2535 4404 Virgine
2561 4337 2931 4406 temporaliter
2951 4345 3154 4391 natum.
3179 4335 3531 4406 lpsum'misit
3557 4336 3610 4389 in
3640 4335 3910 4389 mundum

2317 4434 2377 4481 ut
2418 4427 2720 4482 salvaretur
2757 4425 2986 4481 mundus
3011 4442 3112 4495 per
3139 4427 3330 4496 ipsum.
3374 4425 3537 4497 409
3574 4425 3732 4491 Quod
3761 4425 3914 4480 idem

2311 4511 2482 4572 Filius
2496 4517 2787 4572 ostendens
2808 4517 2884 4570 ait
2915 4535 2928 4568 :
2961 4515 3054 4571 Sic
3082 4517 3220 4570 enim
3255 4516 3389 4571 Deus
3415 4517 3598 4570 dilexit
3629 4517 3912 4581 mundum,

628 4597 709 4651 sic
733 4594 1048 4649 naturaliter
1076 4594 1193 4647 sine
1223 4593 1376 4646 initio
1405 4589 1706 4646 est’azlerna
1737 4592 2009 4662 processio
2035 4590 2208 4660 Spiri-
2243 4635 2287 4694 ο
2316 4619 2372 4662 αι
2392 4607 2588 4662 Filium
2615 4624 2765 4661 suum
2795 4610 3115 4679 unigenitum
3145 4608 3320 4673 dum,
3351 4615 3406 4660 ,η
3437 4609 3607 4661 omni,
3627 4607 3713 4678 qui
3744 4608 3918 4660 πεδί,

630 4698 718 4743 tus
741 4686 930 4740 sancti.
975 4685 1051 4739 De
1090 4684 1185 4738 Dei
1222 4684 1368 4738 enim
1409 4681 1583 4738 Patris
1622 4685 1920 4738 mternitate
1949 4699 2068 4753 qua:
2097 4683 2214 4737 sine

630 4778 786 4833 initio
817 4784 1030 4841 manet,
1065 4775 1186 4829 talis
1225 4785 1307 4830 est
1334 4775 1517 4843 utique
1541 4775 1789 4829 nativitas
1817 4773 1965 4851 Filii,
2000 4782 2055 4828 et
2084 4788 2213 4844 pro-

629 4875 802 4930 cessio
826 4872 1056 4942 Spiritus
1083 4871 1276 4937 sancti,
1309 4878 1368 4924 ut
1387 4879 1441 4924 et
1471 4870 1560 4924 illa
1583 4870 1854 4935 nativitas,
1888 4879 1942 4923 et
1973 4869 2059 4921 illa
2090 4884 2216 4936 pro-

631 4943 806 5017 cessio
835 4971 1100 5016 comterna
1132 4961 1199 5013 sit
1227 4959 1300 5013 illi
1332 4959 1523 5027 origini
1543 4997 1556 5021 ,
1592 4961 1643 5012 in
1672 4975 1776 5027 qua
1800 4959 2006 5012 initium
2035 4958 2212 5010 nulla-

636 5061 790 5108 tenus
818 5052 992 5121 potuit
1021 5037 1268 5105 inveniri.
1302 5049 1567 5116 Quoniam
1599 5062 1728 5115 ergo
1758 5049 1860 5102 hoc
1890 5050 1942 5101 in
1973 5063 2030 5102 se
2054 5049 2216 5102 habet

635 5125 892 5195 naturalis
917 5141 1004 5194 illa
1033 5142 1207 5194 unitas
1237 5139 1544 5204 Trinitatis,
1577 5147 1634 5191 ut
1660 5147 1845 5192 natum
1868 5154 1988 5193 esse
2016 5139 2116 5192 soli
2145 5140 2216 5193 sit

635 5232 909 5300 proprium
939 5231 1075 5286 Filio
1094 5271 1108 5296 ,
1138 5231 1226 5285 ille
1254 5229 1344 5297 qui
1367 5229 1514 5284 solus
1545 5229 1595 5282 in
1627 5245 1685 5283 se
1715 5229 1876 5284 habet
1904 5246 2090 5284 veram
2121 5247 2216 5284 na-

636 5323 896 5379 tivitatem
927 5323 1273 5378 humanitatis
1301 5337 1369 5376 ex
1400 5321 1616 5390 Virgine
1649 5340 1663 5389 ;
1707 5323 1863 5392 hujus
1893 5325 2090 5378 etenim
2118 5324 2216 5378 fuit

635 5417 927 5472 secundum
950 5430 1165 5471 carnem
1185 5430 1364 5468 veram
1389 5415 1590 5470 habere
1619 5416 1933 5470 naturaliter
1962 5425 2210 5479 matrem,

636 5509 726 5576 qui
755 5509 1050 5564 secundum
1075 5506 1425 5566 divinitatem
1476 5518 1660 5561 verum
1701 5506 1864 5560 habet
1902 5506 2216 5561 naturaliter

637 5597 849 5654 Patrem
884 5618 894 5652 :
921 5598 1144 5668 proinde
1172 5598 1263 5667 qui
1287 5606 1368 5652 est
1397 5597 1464 5652 de
1495 5607 1701 5653 mterno
1730 5598 1885 5653 Patre
1916 5599 2032 5653 sine
2060 5600 2215 5655 initio

635 5694 872 5761 genitus,
925 5692 1038 5760 ipse
1069 5700 1150 5746 est
1191 5691 1258 5746 de
1288 5691 1569 5761 temporali
1623 5700 1796 5747 matre
1847 5693 2217 5761 temporaliter

540 5849 543 5852 ξ
637 5791 827 5846 natus;
877 5793 930 5837 et
974 5782 1170 5837 idcirco
1203 5798 1309 5837 non
1352 5783 1523 5836 solum
1567 5783 1618 5836 in
1664 5782 1974 5847 divinitate,
2029 5799 2210 5838 verum

483 5868 489 5874 ’
587 5890 589 5894 ·
637 5872 800 5926 etiam
837 5873 887 5926 in
929 5889 1094 5928 carne
1131 5873 1393 5928 veraciter
1419 5872 1732 5943 Unigenitus
1763 5874 1855 5929 Dei
1886 5874 2052 5930 Filius
2077 5875 2208 5930 dici-

2317 4699 2371 4752 in
2400 4715 2513 4752 eum
2552 4715 2656 4752 non
2697 4708 2902 4768 pereat,
2954 4698 3043 4752 sed
3069 4698 3256 4751 habeat
3274 4699 3433 4751 vitam
3473 4706 3746 4752 wternam.
3785 4696 3915 4759 Non

2316 4794 2453 4846 enim
2483 4793 2621 4845 misit
2659 4791 2800 4846 Deus
2841 4790 3037 4846 Filium
3065 4809 3211 4845 suum
3238 4794 3291 4845 in
3331 4792 3574 4846 mundum
3613 4805 3669 4845 ut
3705 4794 3921 4863 judicet

2316 4883 2586 4948 mundum,
2618 4883 2707 4936 sed
2726 4891 2782 4935 ut
2802 4883 3025 4936 salvetur
3043 4884 3265 4937 niundus
3293 4900 3386 4952 per
3405 4886 3596 4954 ipsum.
3621 4883 3722 4948 Qui
3742 4887 3924 4939 credit

2275 5007 2278 5011 -
2316 4973 2372 5026 in
2403 4990 2518 5025 eum
2547 4989 2651 5026 non
2673 4973 2963 5043 judicatur,
2993 4975 3078 5044 qui
3107 4983 3277 5027 autent
3308 4991 3409 5028 non
3433 4976 3596 5028 credit
3620 4979 3733 5045 jam
3756 4977 3924 5046 judi-

2320 5073 2464 5116 catus
2485 5073 2579 5129 est,
2604 5066 2724 5136 quia
2744 5081 2849 5119 non
2879 5065 3039 5118 credit
3059 5066 3113 5118 in
3143 5067 3348 5120 nomine
3373 5067 3629 5136 uuigeniti
3660 5064 3797 5118 Filii
3823 5066 3926 5120 Dei

2324 5150 2502 5220 (Joan.
2529 5168 2604 5220 Ill,
2635 5153 2718 5218 16,
2750 5154 2838 5221 17,
2871 5153 2984 5222 18).

2395 5243 2445 5296 7.
2472 5241 2610 5299 Ecce
2665 5244 2768 5300 isto
2815 5244 2938 5300 loco
2981 5245 3096 5314 ipse
3123 5245 3371 5300 Salvator
3418 5246 3812 5301 nostervtertio
3869 5263 3932 5302 se

2322 5332 2513 5387 Filiu'm
2543 5321 2690 5398 dicit,
2734 5342 2791 5389 et
2843 5335 3081 5390 secundo
3112 5334 3454 5404 Unigenitum
3504 5337 3843 5404 nominavit,
3877 5352 3935 5394 et

2323 5440 2382 5480 se
2423 5441 2453 5478 a
2485 5423 2664 5493 Patre,
2695 5434 2752 5480 ut
2782 5424 3036 5480 mundum
3066 5425 3318 5490 salvaret,
3348 5426 3568 5480 missum
3597 5439 3718 5480 esse
3772 5443 3934 5483 asse-

2321 5515 2448 5580 ruit;
2472 5531 2593 5570 cum
2615 5517 2799 5584 utique
2813 5517 2858 5571 si
2886 5516 3044 5571 simul
3073 5516 3186 5586 ipSa
3209 5515 3442 5570 Trinitas
3470 5515 3524 5570 in
3545 5517 3708 5570 carne
3737 5520 3932 5572 venis

2321 5616 2425 5674 set,
2457 5622 2564 5662 non
2593 5622 2652 5662 se
2677 5606 2843 5661 Filius
2866 5607 3085 5662 missum
3107 5622 3137 5660 a
3163 5605 3321 5661 Patre
3341 5606 3596 5660 dixisset:
3622 5603 3716 5660 sed
3765 5623 3936 5663 men-

2323 5696 2411 5750 tiri
2437 5711 2542 5750 non
2570 5695 2744 5765 potuit
2765 5693 3038 5750 Christus:
3070 5695 3186 5749 sine
3205 5694 3368 5749 dubio
3391 5694 3760 5764 personaliter
3793 5697 3942 5752 alter

2322 5787 2482 5851 misit,
2512 5798 2566 5840 et
2604 5787 2740 5840 alter
2785 5794 2866 5841 est
2909 5784 3122 5842 missus.
3173 5784 3314 5855 Misit
3354 5793 3534 5840 autem
3567 5799 3730 5838 verus
3765 5783 3940 5842 Pater

2322 5878 2820 5945 Vcritatcm,quam
2872 5876 3091 5944 genuit;
3127 5875 3268 5932 misit
3324 5874 3672 5946 Sapientiam,
3729 5875 3794 5932 in
3827 5893 3943 5952 qua
