4066 6346
181 392 284 446 5⁸3]
387 404 390 408 ’
847 457 851 466 ι
1112 397 1198 451 DE
1235 397 1738 456 INCARNATIONE
1778 400 1929 456 FILIl
1970 400 2077 455 DEI
2118 400 2316 454 LIBER
2357 400 2556 456 UNUS.

3366 402 3469 456 578

181 508 365 562 omnia
418 508 585 574 lecit;
637 509 784 566 misit
816 510 1068 578 Verbum,
1114 516 1258 584 quod
1314 517 1477 573 corde
1525 520 1774 574 ructavit.
1810 521 1852 578 Α
1887 515 1991 579 tite,
2036 515 2250 597 quando
2301 515 2470 567 lactus
2529 521 2609 567 est
2649 512 2793 567 salva
2841 529 2934 568 sua
2971 515 3254 570 divinitate
3284 513 3466 582 homo,

182 597 421 654 Proinde
451 601 504 654 in
527 601 631 655 alia
663 604 820 672 (forte
859 604 969 675 illa)
1001 606 1256 663 missione
1283 626 1390 664 non
1423 619 1505 665 est
1533 611 1774 667 localiter

180 692 534 748 aestimandus
588 694 873 764 adventus,
903 706 1154 768 tanquam
1201 701 1366 756 Filius
1404 703 1497 758 Dei
1527 705 1595 758 de
1638 706 1776 759 caelo

180 788 345 843 fuerit
367 790 564 845 missus
590 791 656 844 ad
681 803 869 857 terras,
890 803 1066 866 utaut
1093 796 1143 848 in
1169 803 1308 850 terra
1325 814 1431 851 non
1450 799 1608 853 fuerit
1628 800 1776 868 prius

179 896 345 948 quam
402 896 619 935 carnem
674 884 993 952 acciperet,
1053 895 1145 940 aut
1198 889 1392 942 cmlnm
1438 889 1776 953 deseruerit,

180 971 400 1041 quando
425 987 640 1027 carnem
671 985 984 1043 prognostra
1013 977 1186 1031 salute
1214 979 1467 1048 suscepit.
1495 980 1627 1034 Cum
1676 981 1777 1034 ita-

179 1076 287 1129 que
318 1061 433 1131 ipse
457 1062 526 1116 sit
547 1060 824 1131 Sapientia
846 1064 940 1119 Dei
971 1065 1038 1119 de
1058 1081 1162 1135 qua
1185 1066 1386 1120 dictum
1416 1077 1531 1123 est:
1557 1070 1777 1140 Attingit

178 1170 211 1206 α
232 1155 343 1223 fine
364 1171 522 1226 usque
543 1155 613 1208 ad
641 1157 797 1226 ﬁnem
827 1159 1048 1227 fortiter,
1079 1166 1126 1212 et
1150 1159 1374 1227 disponit
1404 1163 1578 1214 omnia
1607 1163 1778 1215 suavi-

181 1255 257 1296 ter
307 1245 463 1314 (Sap.
498 1261 605 1310 vin,
640 1245 692 1314 l)
721 1264 734 1308 ;
766 1246 1018 1302 divinitas
1065 1248 1154 1301 illa
1183 1263 1303 1316 qua:
1333 1251 1650 1306 naturaliter
1670 1267 1776 1306 una

181 1344 266 1388 est
299 1334 497 1399 Patris,
529 1348 586 1390 et
629 1337 765 1401 Filii,
819 1347 871 1392 et
916 1338 1147 1408 Spiritus
1189 1341 1379 1407 sancti,
1431 1343 1510 1396 sic
1538 1358 1644 1396 non
1691 1324 1776 1398 est

180 1424 466 1490 localiter,
498 1427 636 1481 sicut
668 1443 772 1482 non
821 1439 904 1482 est
954 1431 1322 1498 temporaliter
1350 1448 1364 1496 ;
1413 1433 1492 1486 sic
1518 1432 1637 1488 loco
1667 1449 1776 1486 non

181 1514 542 1581 concluditur,
575 1517 714 1571 sicut
742 1534 843 1572 nec
863 1527 1104 1588 tempore
1134 1521 1387 1575 variatur.
1412 1521 1502 1575 llla
1525 1523 1776 1579 divinitas

181 1621 300 1674 qum
331 1609 653 1664 naturaliter
681 1611 942 1665 immensa
984 1620 1067 1667 est
1113 1620 1168 1666 et
1209 1621 1432 1680 aeterna,
1485 1629 1584 1668 nec
1615 1617 1776 1684 cmpit

181 1699 360 1760 initio,
389 1714 498 1778 nec.
517 1701 856 1755 concluditur
878 1702 1030 1757 loco:
1058 1702 1178 1757 ideo
1208 1702 1322 1772 ipse
1354 1720 1487 1758 unus
1511 1704 1651 1759 Deus
1673 1705 1775 1760 Pa-

181 1798 283 1852 ter,
304 1797 359 1843 et
377 1789 566 1855 Filius,
592 1799 646 1845 et
673 1790 903 1861 Spiritus
925 1800 1142 1847 sanctus
1172 1801 1340 1847 totum
1363 1794 1568 1863 implet,
1600 1805 1770 1850 totum

1880 607 2026 663 salva
2071 622 2166 660 sua
2193 608 2494 660 aeternitate
2526 607 2856 675 temporalis,
2889 608 3032 661 salva
3063 624 3158 664 sua
3191 608 3470 663 immensi-

1882 705 1990 753 tate
2020 697 2224 761 localis,
2274 697 2421 750 salva
2475 713 2571 752 sna
2602 699 3109 752 incommutabilitat
3179 700 3467 763 mutabilis,

1879 788 2024 840 salva
2055 802 2150 843 sua
2181 786 2584 840 immortalitate
2616 788 2874 842 mortalis.

1950 881 2004 935 9.
2045 881 2163 935 Non
2213 889 2391 934 autem
2435 881 2696 936 adventus
2729 882 2849 935 Filii
2893 883 2987 937 Dei
3037 879 3144 938 uno
3171 887 3472 953 eodemque

1879 971 2040 1025 modo
2062 987 2276 1040 semper
2303 971 2581 1039 accipitur.
2602 972 2771 1025 Aliter
2795 989 3023 1040 namque
3045 975 3190 1027 venit
3225 975 3470 1029 mittente

1879 1059 2060 1127 Patre,
2092 1061 2247 1115 aliter
2274 1061 2522 1128 dignatur
2555 1063 2736 1117 venire
2765 1079 2885 1117 cum
2916 1063 3090 1117 Patre.
3109 1063 3315 1118 Etenim
3347 1081 3470 1118 cum

1879 1149 2036 1206 Patre
2066 1153 2250 1206 venire
2277 1152 2526 1219 dignatur
2544 1153 2788 1220 mqualis,
2819 1169 2846 1206 a
2872 1152 3031 1208 Patre
3068 1164 3244 1207 autem
3276 1156 3471 1211 missus

1876 1245 2023 1298 venit
2076 1245 2374 1298 minoratus
2411 1245 2573 1314 paulo
2623 1244 2798 1301 minus
2845 1247 2912 1298 ab
2952 1247 3188 1312 angelis;
3222 1247 3468 1300 missusa

1878 1333 2038 1388 Patre
2083 1335 2251 1389 semel
2278 1335 2488 1388 venisse
2537 1335 2895 1401 cognoscitur,
2929 1351 3050 1388 cum
3100 1333 3259 1389 Patre
3289 1344 3469 1389 autem

1879 1425 2340 1479 innumerabiliter
2369 1426 2552 1481 venire
2573 1426 2841 1493 dignatur.
2866 1426 3050 1494 Neque
3079 1428 3220 1481 enim
3249 1428 3469 1504 modum

1878 1525 1971 1570 aut
2009 1533 2291 1570 numerum
2339 1517 2586 1571 veniendi
2629 1520 2827 1586 posuit,
2877 1518 3092 1586 quando
3121 1520 3231 1572 ait:
3266 1507 3466 1588 Siquis

1879 1607 2047 1677 diligit
2093 1625 2173 1661 me
2211 1625 2500 1662 sermonem
2542 1627 2709 1662 meum
2750 1609 3003 1674 servabit,
3048 1620 3097 1664 et
3139 1611 3298 1664 Pater
3325 1629 3467 1666 meus

1878 1699 2056 1769 diliget
2085 1716 2220 1763 eum,
2252 1709 2300 1751 et
2324 1699 2393 1750 ad
2439 1716 2550 1752 eum
2579 1702 2853 1764 veniemus,
2898 1710 2946 1754 et
2972 1702 3293 1754 mansionem
3328 1702 3468 1770 apud

1877 1803 1990 1839 eum
2042 1789 2291 1857 faciemus
2323 1787 2500 1855 (Joan.
2539 1806 2644 1850 xiv,
2677 1789 2789 1858 25).
2823 1789 3054 1844 Proinde
3083 1791 3174 1844 ille
3203 1790 3468 1845 adventus

181 1882 463 1933 continet:
495 1880 573 1934 sic
603 1889 746 1935 totus
793 1883 844 1935 in
892 1882 1134 1950 singulis,
1177 1884 1254 1937 sic
1284 1892 1428 1939 totus
1457 1885 1508 1938 in
1540 1885 1767 1948 cunctis,

1880 1890 1982 1944 quo
2012 1877 2158 1931 solus
2183 1877 2349 1932 Filius
2378 1894 2408 1932 a
2433 1877 2588 1932 Patre
2611 1881 2778 1934 semel
2803 1883 2946 1934 venit
2976 1882 3027 1933 in
3055 1883 3336 1947 mundum,
3358 1899 3466 1937 non

180 1970 258 2023 sic
281 1979 430 2026 totus
451 1970 504 2023 in
533 1971 729 2039 parvis,
745 1971 821 2026 sic
853 1980 998 2027 totus
1025 1975 1076 2028 in
1102 1975 1349 2028 maximis
1377 1977 1671 2031 creaturis:
1700 1978 1772 2031 ita

180 2074 279 2129 per
307 2069 577 2125 naturam,
610 2077 717 2115 non
750 2062 820 2115 ita
851 2077 946 2131 per
973 2065 1234 2131 gratiam;
1273 2066 1345 2118 ita
1374 2065 1498 2119 dum
1528 2067 1782 2122 homines.

181 2158 352 2214 creat,
385 2166 493 2203 non
523 2151 594 2204 ita
621 2151 747 2205 dum
777 2152 979 2215 salvat;
999 2153 1068 2206 ita
1091 2154 1216 2208 dum
1239 2153 1512 2220 facit,non
1542 2158 1614 2210 ita
1633 2138 1771 2211 dum

182 2239 391 2306 reiicit;
422 2241 496 2294 ita
526 2241 652 2296 dum
678 2243 848 2297 solem
889 2243 1050 2297 istum
1081 2243 1209 2298 facit
1255 2247 1382 2300 oriri
1411 2262 1574 2316 super
1600 2248 1772 2303 bonos

180 2338 233 2384 et
263 2330 457 2393 malos,
485 2346 588 2384 non
620 2331 692 2405 ita
716 2331 842 2385 dum
865 2330 957 2387 Sol
975 2332 1194 2401 justititn
1224 2333 1328 2389 illis
1356 2335 1544 2400 oritur,
1578 2338 1772 2406 quibus

181 2421 289 2473 vita
320 2436 428 2474 non
474 2421 670 2485 carnis,
704 2421 798 2476 sed
830 2423 1024 2487 cordis,
1055 2423 1198 2477 dono
1227 2424 1606 2480 misericordia:
1635 2443 1773 2496 pra:-

182 2510 452 2564 venientis
476 2509 790 2565 infunditur.
824 2511 939 2565 Non
964 2513 1103 2566 enim
1127 2513 1265 2568 sicut
1285 2524 1599 2569 cunctorum
1625 2517 1772 2572 nasci

182 2617 279 2670 per
309 2609 578 2674 naturam,
609 2602 685 2656 sic
716 2610 1028 2657 cunctorum
1059 2613 1142 2658 est
1163 2605 1368 2658 renasci
1398 2621 1495 2674 per
1522 2609 1768 2674 gratiam.

182 2690 449 2758 Quoniam
481 2706 608 2760 ergo
640 2691 797 2747 Pater
827 2702 882 2747 et
904 2692 1068 2749 Filius
1089 2704 1143 2748 et
1171 2693 1404 2763 Spiritus
1431 2705 1648 2750 sanctus
1678 2713 1775 2751 na-

183 2786 429 2840 turaliter
457 2802 594 2839 unus
621 2794 703 2839 est
732 2785 891 2852 Deus,
921 2794 1154 2841 aeternus
1200 2795 1256 2841 et
1297 2789 1608 2854 immensus,
1642 2790 1774 2844 nihil

182 2875 236 2930 in
261 2877 426 2941 cmlo,
456 2878 530 2930 nil
561 2880 612 2930 in
643 2886 804 2942 terra,
839 2877 911 2930 nil
951 2893 1113 2946 supra
1143 2879 1358 2942 coelum,
1392 2880 1466 2932 nil
1513 2879 1566 2933 in
1596 2881 1772 2948 quali-

181 2967 274 3023 bet
302 2977 494 3023 natura
523 2985 682 3038 quam
729 2969 855 3024 fecit
898 2986 1003 3024 non
1060 2971 1231 3025 factus
1261 2971 1421 3039 Deus,
1452 2972 1539 3026 ubi
1586 2972 1775 3030 deesse

181 3062 359 3131 possit
413 3061 555 3116 idem
595 3076 733 3115 unus
761 3061 919 3126 Deus,
953 3059 1132 3124 Pater,
1163 3076 1216 3116 et
1244 3061 1428 3130 Filius,
1459 3072 1514 3118 et
1541 3064 1775 3134 Spiritus

179 3160 432 3217 sanctus;
462 3153 513 3205 in
539 3167 646 3220 quo
668 3152 806 3205 sicut
827 3152 968 3205 nulla
995 3160 1077 3205 est
1098 3152 1426 3240 mutabilitas
1449 3161 1771 3224 temporum,

1872 1967 2000 2023 solis
2029 1977 2111 2022 est
2137 1969 2292 2023 bonis
2324 1970 2616 2033 exhibitus,
2631 1971 2724 2024 sed
2755 1980 2810 2024 et
2839 1972 3023 2025 malis:
3045 1973 3162 2026 aliis
3191 1981 3250 2025 ut
3277 1973 3464 2026 crede-

1871 2066 2013 2125 rent,
2036 2058 2154 2111 aliis
2183 2066 2242 2112 ut
2271 2058 2676 2126 cruciﬁgerent;
2709 2060 2827 2113 aliis
2857 2069 2913 2114 ut
2943 2061 3158 2115 liberari
3180 2077 3211 2114 a
3240 2069 3468 2130 peccato

1873 2153 2115 2215 possent,
2144 2146 2261 2200 aliis
2284 2157 2341 2201 ut
2368 2149 2770 2202 excusationem
2797 2149 2864 2202 de
2885 2159 3110 2219 peccato
3140 2166 3238 2204 suo
3267 2143 3469 2204 habere

1829 2305 1842 2313 .
1871 2253 1978 2309 non
2011 2248 2252 2307 possent.
2284 2239 2579 2294 Credentes
2602 2241 2744 2294 enim
2776 2256 2806 2294 a
2848 2251 3073 2310 peccato
3097 2241 3352 2296 liberatos
3375 2256 3466 2294 os-

1875 2329 2045 2383 tendit
2087 2329 2379 2399 Apostolus
2405 2331 2622 2386 dicens:
2649 2330 2807 2386 Nunc
2837 2342 3006 2386 autent
3036 2351 3066 2385 α
3096 2343 3306 2401 peccato
3339 2314 3469 2386 lib'e-

1872 2421 1994 2491 rati,
2027 2420 2161 2472 servi
2187 2431 2358 2474 autem
2387 2423 2514 2491 facti
2543 2421 2653 2476 Deo
2685 2421 2880 2475 habetis
2912 2425 3136 2493 fructum
3166 2425 3468 2493 vestrumin

1873 2507 2304 2580 sanctiﬁcatione,
2337 2512 2494 2579 ﬁnem
2526 2528 2641 2564 vero
2685 2512 2840 2564 vitam
2882 2522 3129 2565 (uernam
3183 2511 3357 2581 (Rom.
3389 2529 3465 2581 vr,

1873 2595 1985 2665 Ἦ).
2013 2596 2323 2652 incredulos
2343 2615 2469 2653 vero
2495 2601 2697 2668 peccati
2724 2602 2804 2654 sui
2833 2602 3236 2674 excusationem
3266 2603 3468 2656 habere

1875 2682 1981 2740 non
2012 2702 2171 2756 posse
2217 2688 2466 2742 Salvator
2494 2690 2606 2759 ipse
2651 2691 2988 2758 monstravit,
3018 2690 3233 2744 dicens:
3271 2689 3331 2744 Si
3361 2708 3468 2745 non

1873 2781 2143 2846 tutissetn,
2169 2790 2216 2833 et
2245 2780 2442 2834 locutus
2463 2783 2535 2835 eis
2564 2798 2666 2835 non
2695 2783 2924 2851 fuissem,
2943 2790 3209 2851 peccatum
3235 2798 3338 2836 non
3367 2783 3465 2835 Ita-

1876 2869 2070 2942 berent.
2091 2870 2243 2924 Nunc
2265 2884 2435 2926 autent
2449 2874 2834 2927 excusationem
2849 2891 2952 2928 non
2974 2874 3159 2928 habent
3175 2875 3238 2928 de
3257 2885 3467 2944 peccato

1877 2979 1968 3016 suo
2001 2961 2179 3033 (Joan.
2215 2980 2302 3027 xv,
2332 2963 2442 3032 2‘2).
2476 2963 2661 3032 Neque
2693 2966 2835 3019 enim
2887 2966 3147 3020 haberent
3185 2974 3467 3035 peccatum

1874 3051 2040 3128 «ιιιᾱωί
2065 3056 2534 3120 incredulitatis,si
2562 3073 2670 3110 non
2697 3057 2858 3111 etiam
2875 3058 2953 3111 eis
2973 3057 3320 3112 exhiberetur
3339 3071 3473 3126 prab-

1876 3146 2048 3199 sentia
2079 3143 2395 3199 Salvatoris.
2428 3145 2702 3200 Adventus
2725 3161 2853 3215 ergo
2882 3147 2970 3201 ille
2999 3162 3105 3215 quo
3137 3161 3167 3199 a
3198 3144 3358 3201 Patre
3374 3161 3468 3201 se-

178 3242 259 3297 sic
289 3241 440 3294 nulla
460 3247 542 3294 est
569 3241 843 3310 capacitas
867 3249 921 3295 et
951 3241 1212 3295 locorum.
1245 3234 1398 3307 Quod
1428 3242 1686 3299 Salomon
1715 3247 1767 3300 in
1797 3249 1845 3312 ο
1875 3234 1979 3289 m‘el
2005 3235 2058 3289 in
2104 3236 2360 3289 mundum
2403 3237 2599 3290 missus
2620 3247 2700 3290 est
2724 3235 2910 3300 Filius,
2940 3234 3038 3289 fuit
3067 3236 3120 3290 in
3160 3236 3369 3290 ruinam
3411 3243 3470 3290 et

178 3330 529 3386 dedicatione
569 3330 769 3384 dixisse
809 3331 1072 3385 veraciter
1114 3331 1385 3386 invenitur
1438 3333 1521 3388 his
1545 3337 1722 3391 verbis
1756 3354 1768 3388 :

178 3423 241 3478 Si
269 3424 416 3476 enim
445 3422 622 3475 calum
667 3433 717 3475 et
752 3421 866 3475 ειειὶ
903 3423 1147 3475 caelorum
1187 3432 1236 3476 te
1273 3439 1456 3494 capere
1501 3442 1604 3479 non
1654 3444 1774 3496 pos-

179 3520 324 3573 sunt,
372 3520 562 3579 quanto
609 3510 776 3581 magis
822 3511 1002 3564 domus
1043 3510 1153 3565 [nec
1180 3529 1331 3581 quam
1363 3513 1617 3583 wdi/icavi
1649 3515 1770 3585 (III

181 3602 314 3673 Reg.
341 3619 452 3667 vni,
484 3603 594 3671 27).
807 3669 809 3672 q

250 3692 311 3746 8.
363 3693 506 3747 Deus
543 3693 723 3762 itaque
755 3693 1074 3761 incﬂ’abilis,
1117 3701 1171 3749 et
1219 3695 1436 3761 omnino
1482 3697 1773 3766 mirabilis,

181 3782 531 3839 ineﬂabiliter
568 3799 632 3838 ac
661 3785 974 3839 mirabiliter
1003 3785 1116 3854 ipsa
1140 3801 1250 3838 sua:
1289 3785 1647 3842 immensitate
1676 3803 1774 3842 na-

181 3885 342 3940 turm,
373 3884 530 3930 etest
553 3884 694 3930 totus
715 3877 766 3929 in
797 3877 1039 3946 singulis,
1073 3885 1128 3931 et
1154 3893 1262 3930 non
1289 3879 1626 3933 concluditur
1656 3881 1776 3934 uni-

176 3968 378 4023 versis.
424 3965 502 4020 Ita
530 3968 675 4021 solus
705 3966 886 4033 Pater,
927 3969 997 4020 ita
1028 3969 1175 4022 solus
1206 3967 1399 4031 Filius,
1432 3970 1504 4023 ita
1546 3970 1778 4040 Spiritus

177 4070 410 4113 sanctus
438 4059 605 4125 solus,
637 4059 708 4111 ita
760 4059 919 4112 simul
951 4057 1183 4112 Trinitas
1206 4075 1343 4113 unus
1367 4059 1506 4114 Deus
1536 4060 1696 4115 Pater
1725 4070 1779 4116 et

180 4146 353 4200 Filius
383 4155 439 4201 et
465 4147 696 4215 Spiritus
734 4156 989 4202 sanctus:
1019 4149 1147 4216 quia
1178 4166 1278 4202 nec
1306 4150 1452 4202 solus
1481 4149 1639 4205 Pater
1663 4152 1780 4206 sine

179 4236 345 4303 Filio,
388 4247 480 4293 aut
506 4240 709 4308 Spiritu
738 4249 947 4300 sancto,
983 4255 1081 4294 nec
1127 4240 1274 4293 solus
1300 4240 1530 4307 Spiritus
1564 4251 1792 4304 sanctus,

181 4330 306 4384 sine
333 4329 515 4393 Patre,
533 4332 616 4385 vel
639 4329 793 4402 Filio.
814 4329 1043 4385 Proinde
1067 4331 1293 4385 sollicite
1315 4331 1657 4398 cogitandum
1675 4342 1776 4398 est,

179 4423 466 4494 quomodo
505 4424 667 4479 Filius
697 4425 749 4478 in
789 4424 1044 4480 mundum
1075 4425 1213 4478 mitti
1238 4426 1430 4494 potuit,
1455 4427 1546 4493 qui
1577 4427 1779 4483 mundo

181 4518 379 4571 deesse
424 4532 530 4570 non
563 4516 768 4585 potuit;
811 4523 902 4569 aut
938 4516 1210 4584 quomodo
1239 4516 1293 4569 in
1325 4515 1580 4570 mundum
1610 4519 1777 4584 venit,

1876 3326 1928 3379 in
1984 3327 2434 3397 resurrectionem
2483 3328 2810 3386 multorum;
2843 3327 2933 3380 ille
2961 3335 3138 3379 autem
3186 3341 3293 3394 quo
3344 3340 3468 3378 cum

1877 3415 2034 3470 Patre
2054 3417 2220 3481 venit,
2249 3417 2316 3470 ad
2347 3417 2796 3471 resurrectionem
2828 3424 3038 3469 tantum
3067 3415 3301 3483 pertinet
3329 3415 3470 3467 mul-

1877 3517 2077 3573 torum,
2109 3509 2233 3577 quia
2278 3508 2476 3562 caritas
2515 3522 2636 3561 eum
2666 3516 2918 3571 meretur,
2952 3521 3071 3575 qua:
3102 3506 3278 3574 operit
3324 3505 3466 3558 inul-

1879 3599 2162 3653 titudinem
2183 3607 2547 3668 peccatorum.
2573 3597 2680 3663 Isto
2708 3598 2938 3651 adventu
2969 3613 3077 3666 quo
3106 3613 3135 3650 a
3167 3597 3324 3650 Patre
3347 3597 3470 3650 mis-

1878 3707 1970 3745 sus
1999 3700 2081 3744 est
2118 3691 2299 3754 Filius,
2325 3691 2493 3745 semel
2520 3691 2574 3743 in
2601 3690 2931 3758 plenitudine
2960 3698 3258 3758 temporum
3289 3689 3467 3753 venit;

1880 3784 1971 3837 illo
2001 3792 2179 3837 autem
2203 3798 2311 3851 quo
2341 3797 2460 3837 cum
2485 3781 2644 3835 Patre
2675 3782 2856 3834 venire
2884 3781 3182 3843 consuevit,
3215 3779 3282 3833 ab
3313 3779 3470 3834 initio

1881 3890 2050 3942 usque
2078 3874 2143 3943 ad
2195 3875 2352 3928 ﬁnem
2385 3874 2590 3939 mundi,
2613 3873 2805 3941 quibus
2834 3872 3095 3942 oportuit,
3139 3881 3193 3925 et
3231 3880 3470 3940 oportet,

1882 3982 1982 4021 nec
2020 3965 2226 4020 destitit
2276 3965 2476 4028 venire,
2504 3979 2605 4018 nec
2629 3962 2843 4017 desinit.
2869 3962 2993 4016 Inde
3017 3970 3099 4018 est
3126 3961 3266 4031 quod
3301 3961 3469 4029 prius-

1880 4077 2040 4130 quam
2069 4061 2277 4115 veniret
2305 4060 2358 4113 in
2389 4074 2572 4121 carne,
2613 4057 2902 4112 adventum
2933 4056 3048 4124 ejus
3073 4056 3347 4124 prophetae
3375 4070 3474 4123 po-

1882 4151 2104 4205 scebant
2145 4149 2387 4204 dicentes
2412 4166 2424 4200 :
2477 4146 2669 4200 Excita
2707 4150 2990 4217 potentiam
3018 4157 3177 4212 tuam,
3202 4155 3250 4200 et
3279 4146 3388 4199 veni
3419 4153 3476 4197 ut

1882 4241 2066 4296 liberes
2105 4257 2197 4294 nos
2237 4239 2408 4311 (Psal.
2435 4254 2617 4303 LXXIX,
2647 4239 2725 4310 5).
2749 4237 2850 4304 Qui
2881 4240 3064 4308 utique
3089 4238 3325 4294 futurum
3354 4236 3478 4292 Filii

1884 4331 1978 4386 Dei
2019 4332 2307 4385 adventum
2354 4329 2664 4384 nullatenus
2690 4337 2995 4397 poscerent,
3039 4332 3081 4381 si
3113 4327 3354 4395 ejusdem
3379 4341 3475 4380 ve-

1882 4423 2077 4477 nientis
2099 4431 2154 4475 et
2182 4421 2448 4474 manentis
2477 4421 2530 4474 in
2561 4435 2621 4474 se
2649 4421 2875 4487 gratiam
2910 4436 3015 4472 non
3048 4420 3329 4473 haberent.

1959 4512 2043 4564 10.
2091 4511 2254 4565 Istum
2280 4510 2398 4564 Filii
2429 4509 2521 4564 Dei
2551 4509 2725 4563 Patris
2753 4510 3042 4563 adventum
3091 4525 3122 4562 a
3149 4524 3209 4564 se
3255 4510 3477 4563 omnino

181 4605 332 4660 unde
362 4620 632 4674 nunquam
660 4605 894 4660 recedit:
927 4620 1048 4660 cum
1081 4605 1265 4672 utique
1292 4604 1378 4658 cui
1401 4605 1646 4659 naturale
1673 4614 1775 4669 est,
1807 4626 1859 4685 υ
1885 4603 2180 4672 repellunt,
2211 4602 2305 4670 qui
2350 4599 2715 4670 aequalitatem
2745 4601 2919 4655 Patris
2960 4601 3187 4669 Filiique
3225 4617 3331 4654 non
3360 4616 3478 4655 cre-

182 4705 446 4764 totusque
494 4696 736 4764 implere,
768 4711 867 4750 nec
919 4695 1173 4749 recedere
1202 4695 1373 4763 possit
1416 4695 1776 4764 aliquatenus,

179 4787 353 4859 510
385 4802 485 4841 nec
509 4776 722 4842 venire.~
744 4787 943 4842 Natura
989 4787 1187 4856 quippe
1217 4786 1308 4841 illa
1337 4788 1632 4841 divinitatis
1681 4789 1795 4845 im-.

180 4895 413 4944 mensae,
434 4895 531 4934 nec
556 4880 862 4934 extenditur
882 4887 940 4934 ut
961 4880 1180 4948 impleat
1204 4879 1351 4948 quod
1374 4887 1532 4932 antea
1553 4895 1780 4933 vacuum

179 4979 328 5034 erat,
356 4986 456 5024 nec
483 4970 820 5024 contrahitur
850 4981 907 5024 ut
935 4978 1159 5024 evacuet
1181 4970 1323 5040 quod
1354 4969 1500 5039 prius
1527 4969 1782 5038 impleve-

178 5071 292 5115 rat.
311 5059 460 5116 Talis
482 5068 664 5115 autem
684 5070 769 5116 est
795 5061 965 5116 virtus
985 5060 1280 5126 Creatoris,
1296 5062 1524 5132 talisque
1545 5063 1784 5117 conditio

185 5154 370 5207 totius
401 5160 689 5220 creaturae,
716 5159 776 5206 ut
800 5152 1278 5222 quemadmodum,
1313 5153 1414 5207 nisi
1463 5153 1553 5208 ille
1583 5153 1784 5209 conde-

179 5253 292 5311 ret,
319 5243 467 5298 nulla
497 5243 793 5298 substantia
822 5244 993 5313 possit
1021 5245 1272 5307 existere,
1302 5243 1374 5298 ita
1404 5244 1503 5299 nisi
1538 5245 1626 5299 ille
1655 5259 1785 5298 con-

178 5338 386 5399 tineat,
414 5335 556 5390 nulla
600 5335 768 5404 possit
812 5337 1111 5391 substantia
1146 5350 1503 5406 permanere.
1553 5334 1786 5389 Proinde

175 5428 316 5496 quia
344 5425 645 5481 secundum
666 5425 1000 5481 divinitatem
1023 5427 1166 5480 Deus
1195 5426 1270 5479 de
1300 5426 1420 5479 loco
1457 5440 1564 5479 non
1595 5425 1787 5478 transit

178 5518 253 5574 ad
288 5518 498 5582 locum,
522 5517 627 5571 hoc
647 5516 809 5570 habet
829 5516 1029 5570 veritas
1059 5516 1178 5568 lidei
1204 5515 1538 5575 Christianm,
1565 5523 1622 5568 ut
1650 5515 1700 5567 in
1725 5530 1792 5569 eo

183 5610 370 5666 Filius
401 5608 498 5663 Dei
521 5607 771 5664 credatur
799 5607 851 5660 in
883 5605 1138 5659 mundum
1171 5606 1401 5670 venisse,
1443 5605 1492 5659 in
1523 5621 1630 5673 quo
1650 5605 1792 5660 servi

179 5701 429 5760 formam
459 5699 804 5767 cognoscitur
828 5695 1120 5764 accepisse.
1150 5693 1244 5748 Dei
1293 5696 1434 5750 enim
1475 5695 1638 5748 Filius
1665 5704 1794 5751 tunc

181 5794 246 5846 in
282 5791 546 5846 mundum
596 5789 761 5854 venit,
807 5787 1026 5856 quando
1054 5788 1199 5842 salva
1228 5789 1530 5858 mqualitate
1557 5797 1793 5858 paterna:

177 5891 424 5950 natum,
449 5881 718 5953 particeps
747 5879 863 5936 lieri
891 5879 1140 5949 dignatus
1167 5888 1249 5934 est
1278 5889 1532 5937 materna:
1553 5881 1796 5937 substan-

1882 4695 2033 4749 dunt.
2064 4693 2214 4763 Apud
2237 4709 2391 4749 suum
2422 4694 2622 4762 quippe
2650 4692 2989 4760 dilectorem,
3011 4709 3170 4746 unam
3198 4693 3479 4748 venientes

1882 4786 2084 4842 faciunt
2105 4785 2468 4848 mansionem;
2492 4797 2600 4837 non
2621 4791 2800 4836 autem
2823 4790 3002 4852 potest
3025 4799 3210 4838 eorum
3233 4797 3354 4837 esse
3373 4797 3478 4835 una

1884 4880 2111 4940 mansio,
2135 4878 2178 4932 si
2212 4877 2372 4932 fuerit
2399 4877 2606 4931 diversa
2637 4877 2877 4932 dilectio.
2909 4878 2966 4932 Si
2987 4887 3166 4933 autem
3190 4879 3480 4947 inaequales

1885 4967 2205 5039 sunt,&.ll
2223 4978 2443 5022 necesse
2471 4975 2556 5023 est
2583 4976 2641 5021 ut
2668 4967 3003 5038 inaequaliter
3023 4970 3332 5038 diligantur.
3350 4969 3480 5025 lure-

1892 5063 2138 5132 qualibus
2163 5079 2290 5119 vero
2319 5080 2426 5119 non
2444 5072 2622 5134 potest
2649 5066 2820 5119 unain
2839 5067 3001 5121 corde
3017 5068 3246 5137 simplici
3270 5069 3480 5125 mansio

1893 5155 2206 5226 praeparari.
2258 5154 2522 5210 Admonet
2571 5166 2750 5209 autem
2802 5172 2900 5210 nos
2939 5157 3214 5227 Scriptura
3243 5159 3475 5214 dicens:

1896 5247 2095 5302 Sentite
2122 5248 2184 5301 de
2205 5247 2428 5302 Domino
2454 5250 2507 5301 in
2531 5247 2777 5313 bonitate,
2802 5258 2850 5302 et
2871 5250 2925 5303 in
2953 5251 3280 5319 simplicitate
3308 5251 3478 5305 cordis

1894 5339 2112 5407 quwrite
2139 5337 2286 5390 illum
2317 5335 2469 5407 (Sap.
2503 5353 2540 5396 ι.
2574 5336 2651 5405 1).
2682 5335 2964 5402 Quomodo
2985 5351 3115 5405 ergo
3161 5339 3298 5393 Deus
3326 5354 3478 5408 qua:-

1895 5429 2030 5481 ritur
2056 5427 2400 5496 simplicitate
2441 5426 2640 5491 cordis,
2673 5427 2889 5497 quando
2925 5427 3036 5482 Deo
3082 5426 3228 5482 Patri
3273 5437 3330 5482 et
3369 5429 3480 5483 Deo

1903 5519 2036 5573 Filio
2074 5518 2359 5573 exhibetur
2397 5517 2681 5572 diversitas
2704 5518 3038 5574 dilectionis?
3079 5529 3169 5574 aut
3207 5523 3480 5590 quomodo

1899 5609 2124 5679 simplex
2147 5617 2231 5664 est
2258 5608 2462 5664 homini
2488 5623 2614 5677 erga
2645 5608 2810 5663 Deum
2842 5609 3058 5674 caritas,
3107 5611 3150 5664 si
3182 5611 3234 5665 in
3259 5613 3371 5682 ipsa
3400 5613 3482 5666 di-

1899 5700 2119 5754 vinitate
2149 5708 2367 5768 putatur
2393 5714 2516 5754 esse
2547 5698 2870 5754 diversitas?
2899 5699 2990 5753 llla
3015 5701 3197 5770 utique
3233 5702 3483 5759 divinitas

1899 5788 2126 5858 simplici
2156 5788 2319 5844 corde
2346 5787 2601 5857 diligitur,
2630 5805 2749 5860 qua:
2777 5789 3003 5860 simplex
3025 5807 3145 5847 esse
3168 5795 3483 5850 naturaliter

1901 5881 2162 5950 creditur;
2197 5882 2285 5940 ubi
2336 5891 2514 5940 autem
2557 5882 2768 5940 diversa
2815 5883 3066 5941 divinitas
3104 5887 3318 5956 colitur,
3373 5903 3506 5943 non‘
3582 5875 3584 5878 ’
