4066 6346
515 397 518 400 ’
589 413 694 469 579

1624 413 1677 467 S.
1721 409 2079 466 FULGENTII
2119 409 2418 467 EPISCOPI
2462 410 2832 468 RUSPENSIS

3759 418 3874 473 580

588 525 900 594 simplicitas
944 523 1138 587 cordis,
1191 521 1285 576 sul
1331 521 1613 590 duplicitas
1660 521 1980 575 exhibetur:
2037 521 2165 574 lides
2197 528 2242 582 Α
2271 519 2426 586 ctuni,
2451 523 2535 589 qui
2559 522 2709 574 datus
2750 531 2826 574 est
2862 522 3006 576 nobis
3042 523 3217 588 (Rom.
3260 543 3313 593 v,
3357 524 3432 597 5).
3466 525 3625 583 Pater
3651 545 3780 598 ergo
3815 548 3852 588 e

587 631 719 687 ergo
747 625 828 670 est
853 617 922 670 ibi
954 632 1059 669 non
1085 628 1230 680 vera,
1253 612 1346 666 sed
1373 611 1512 666 licta.
1548 611 1774 666 Sanctus
1805 621 1974 665 autem
1997 612 2173 682 Spiri-

588 723 670 768 tus
701 715 983 784 disciplina:
1009 715 1214 783 effugiet
1244 714 1437 782 ﬁctum,
1469 721 1518 764 et
1547 713 1749 780 auferet
1798 726 1852 763 se
1893 726 1925 762 a
1971 710 2173 780 rogita-

590 805 811 858 tionibus
834 821 946 873 qua:
972 814 1090 856 sunt
1135 803 1248 856 sine
1292 803 1551 855 intellectu
1583 801 1738 871 (Sap.
1785 817 1820 864 ι,
1854 797 1928 868 5).
1968 797 2172 867 Duplex

590 903 768 947 autem
797 909 892 947 cor
913 909 1030 947 esse
1065 894 1422 955 convincitur,
1469 893 1513 945 si
1569 891 1784 962 quando
1829 891 2022 959 aliquis
2064 903 2172 942 non

589 997 747 1035 unam
776 982 1113 1041 divinitatem
1144 997 1262 1036 esse
1297 981 1577 1036 colendam
1627 995 1657 1032 a
1709 979 1952 1033 ﬁdelibus
1998 987 2170 1048 putat,

587 1079 680 1124 aut
702 1073 920 1140 quando
947 1090 1052 1126 non
1079 1074 1322 1128 eamdem
1353 1082 1598 1126 naturam
1631 1072 1748 1125 Filii
1790 1088 1948 1140 quam
1999 1071 2173 1125 Patris

586 1164 880 1219 existimat.
913 1165 1065 1232 Quod
1096 1167 1140 1220 si
1169 1167 1289 1234 quis
1311 1165 1557 1234 proximo
1581 1165 1879 1218 bonitatem
1909 1165 2172 1218 sermoni-

589 1257 687 1324 bus
716 1254 921 1324 (ingens
950 1265 1006 1312 et
1031 1257 1192 1311 corde
1233 1257 1490 1310 malitiam
1523 1269 1737 1322 gerens,
1770 1255 1965 1324 duplex
2009 1254 2173 1309 corde

588 1347 804 1413 dicitur,
836 1350 1110 1417 quomodo
1138 1351 1225 1404 ille
1253 1351 1344 1418 qui
1372 1351 1472 1403 sub
1495 1350 1747 1416 ligmento
1772 1348 2016 1432 veritatis
2042 1346 2173 1400 falsa

588 1437 656 1492 de
685 1437 799 1493 Deo
828 1440 910 1493 vel
941 1440 1114 1494 credit
1145 1440 1228 1493 vel
1263 1440 1410 1503 dicit,
1449 1439 1676 1508 duplicis
1724 1437 1901 1492 cordis
1949 1437 2173 1490 crimine

592 1542 698 1581 non
730 1531 976 1582 tenetur?
1006 1528 1162 1594 Quod
1189 1530 1330 1583 enim
1361 1529 1678 1582 naturaliter
1705 1544 1868 1581 unum
1899 1535 1982 1582 est
2009 1529 2062 1581 in
2083 1527 2171 1581 illa

589 1633 799 1673 summa
822 1620 1103 1674 divinitate
1123 1621 1383 1686 dividere,
1410 1631 1464 1676 et
1491 1621 1656 1676 Deum
1687 1623 1950 1676 minorem
1982 1638 2044 1677 ac
2067 1636 2174 1676 ma-

587 1709 763 1778 jorem
794 1709 1013 1777 lingere,
1044 1712 1402 1765 certissimum
1435 1719 1516 1766 est
1553 1712 1620 1781 ad
1663 1713 1956 1780 nequitiam
1995 1712 2173 1768 cordis

589 1799 818 1868 duplicis
867 1801 1158 1868 pertinere.
1206 1800 1402 1854 Sancta
1449 1811 1629 1854 autem
1670 1800 1946 1868 Scriptura
2001 1802 2168 1856 dicit:

2275 609 2440 664 Filius
2464 609 2530 663 ad
2569 610 2882 665 dilectorem
2912 628 3067 667 suum
3097 615 3214 670 sine
3243 615 3445 686 Spiritu
3473 628 3660 679 sancto
3690 621 3876 675 nulla-

2275 710 2429 757 tenus
2449 703 2707 757 veniunt:
2739 704 2864 771 quia
2897 713 2955 758 ut
2994 707 3230 774 veniant,
3263 710 3563 779 caritatem,
3587 727 3688 782 qua
3735 714 3877 768 diii-

2272 801 2485 861 guntur,
2519 793 2664 848 dono
2691 795 2863 849 sancti
2892 794 3122 866 Spiritus
3157 798 3472 868 largiuntur.
3522 801 3875 858 invisibiliter

2272 883 2455 952 itaque
2482 886 2782 941 communis
2809 901 3024 957 semper
3052 888 3310 944 adventus
3334 900 3416 946 est
3446 890 3617 946 Patris
3645 902 3698 949 et
3737 895 3871 948 Filii

2272 980 2328 1025 et
2353 971 2582 1042 Spiritus
2606 975 2778 1029 sancti
2807 991 2818 1027 :
2854 991 2960 1030 non
2993 979 3318 1034 transeundo
3343 980 3552 1037 deloco
3572 984 3637 1038 ad
3659 985 3866 1052 locum,

2271 1062 2366 1116 sed
2396 1063 2448 1116 in
2475 1079 2544 1118 eo
2566 1065 2708 1132 quod
2738 1065 2850 1134 ipsa
2885 1065 3116 1122 Trinitas
3143 1084 3278 1123 unus
3308 1071 3449 1125 Deus
3473 1072 3718 1140 dignatur
3737 1090 3868 1144 gra-

2273 1153 2399 1206 tiam
2429 1155 2690 1221 caritatis,
2713 1155 2799 1209 vel
2821 1156 3024 1212 donare
3059 1173 3219 1226 quam
3268 1170 3478 1228 augeat,
3528 1164 3612 1216 vel
3658 1179 3863 1232 augere

2272 1259 2433 1320 quam
2462 1244 2644 1298 donat.
2679 1245 2797 1300 Alio
2842 1254 3019 1300 autem
3049 1249 3211 1303 modo
3237 1253 3385 1304 venit
3413 1251 3596 1318 Filius,
3642 1255 3866 1321 quando

2272 1351 2372 1404 pro
2400 1335 2556 1390 nobis
2585 1336 2747 1391 homo
2778 1337 2952 1392 factus
2973 1347 3057 1394 est
3094 1339 3406 1409 Unigenitus
3431 1343 3587 1398 Deus.
3631 1344 3724 1400 l‘lle
3753 1351 3866 1400 uti-

2273 1439 2377 1493 que
2404 1426 2495 1494 qui
2545 1427 2598 1479 in
2628 1441 2860 1494 persona
2902 1429 3118 1498 propria
3154 1430 3448 1487 divinitatis
3486 1450 3596 1488 sua:
3625 1453 3730 1490 non
3770 1454 3866 1492 ae-

2272 1515 2416 1584 cepit
2437 1529 2722 1586 personam
2743 1519 3000 1599 hominis,
3033 1521 3128 1574 sed
3155 1530 3420 1576 naturam.
3459 1523 3667 1581 Scimus
3695 1529 3864 1582 etiam

2273 1607 2530 1677 Spiritum
2560 1618 2808 1663 sanctum
2844 1607 3132 1665 visibiliter
3165 1614 3217 1666 in
3247 1614 3508 1668 columba:
3546 1619 3724 1685 specie
3764 1620 3865 1672 ad-

2272 1697 2481 1752 venisse
2508 1701 2526 1749 τ’
2554 1699 2714 1767 longe
2740 1699 2922 1767 utique
2952 1701 3059 1755 alio
3089 1702 3269 1768 modo,
3297 1704 3346 1757 id
3372 1716 3474 1768 est,
3506 1721 3605 1761 nec
3633 1708 3726 1762 illo
3749 1726 3862 1779 quo

2273 1786 2433 1843 Pater
2457 1799 2513 1844 et
2541 1789 2706 1844 Filius
2754 1790 2818 1844 ad
2849 1792 3164 1847 dilectorem
3193 1811 3350 1850 suum
3382 1813 3486 1851 non
3517 1798 3632 1854 sine
3656 1799 3862 1870 Spiritu

599 1887 692 1942 νω
720 1890 914 1958 duplici
938 1891 1110 1953 corde,
1142 1898 1191 1942 et
1212 1890 1363 1943 labiis
1388 1891 1672 1954 sceleratis,
1700 1899 1749 1942 et
1781 1889 2018 1944 manibus
2057 1909 2169 1945 ma-

2276 1887 2463 1934 sancto
2485 1881 2726 1946 veniunt,
2761 1896 2859 1936 nec
2886 1883 2989 1938 isto
3017 1899 3127 1952 quo
3155 1886 3302 1941 solus
3330 1887 3495 1943 Filius
3523 1890 3575 1944 in
3602 1892 3863 1948 mundum

588 1980 965 2052 lefacientibus,
995 1993 1045 2034 et
1082 1984 1340 2050 peccatori
1380 1991 1570 2055 terram
1619 1982 1930 2051 ingredienti
1977 1983 2172 2038 duabus

588 2072 685 2126 viis
717 2070 901 2142 (Eccli.
934 2088 990 2138 ιι,
1017 2071 1136 2136 lt)!
1163 2070 1226 2123 Et
1257 2071 1379 2139 quia
1411 2070 1675 2126 diversam
1704 2079 1893 2140 putare
1928 2071 2178 2126 divinita-

591 2171 699 2214 tem
747 2161 919 2215 Patris
966 2171 1020 2214 et
1067 2161 1184 2214 Filii
1217 2178 1322 2214 non
1363 2170 1444 2215 est
1472 2159 1581 2216 Deo
1628 2161 1848 2216 credere
1895 2163 2040 2232 (quia
2085 2163 2174 2215 ille

589 2267 718 2306 vere
738 2267 900 2305 unum
930 2252 1095 2304 Deum
1120 2253 1248 2304 colit
1277 2252 1366 2320 qui
1401 2251 1563 2304 alium
1612 2253 1832 2304 oumino
1868 2267 1974 2304 non
2021 2251 2170 2314 colit,
2220 2295 2232 2304 .

590 2355 646 2401 et
674 2346 762 2399 ille
794 2346 882 2398 uni
913 2345 1023 2398 Deo
1049 2345 1220 2398 credit
1255 2345 1344 2411 qui
1378 2345 1538 2396 alimn
1578 2342 1746 2396 Deum
1776 2359 1894 2397 esse
1925 2358 2032 2396 non
2065 2358 2177 2398 cre-

589 2438 713 2507 dit),
746 2439 865 2492 ideo
886 2435 1128 2504 sequitur
1149 2435 1337 2489 eadem
1375 2433 1652 2505 Scriptura
1699 2433 1920 2488 dicens:
1961 2432 2054 2487 Vw
2088 2435 2174 2501 qui

589 2545 694 2583 non
723 2528 936 2580 credunt
964 2526 1106 2580 Deo!
1131 2528 1252 2596 quia
1281 2543 1383 2579 non
1423 2533 1763 2596 proteguntur
1797 2525 1862 2578 ab
1901 2542 1960 2580 eo
1981 2518 2170 2595 (Eceli.

588 2637 648 2688 ιι,
674 2620 784 2690 15).
833 2621 959 2675 lnde
989 2630 1071 2675 est
1109 2619 1250 2690 quod
1279 2621 1440 2674 etiam
1483 2619 1730 2673 Salvator
1775 2629 1977 2684 noster,
2011 2634 2172 2673 unam

587 2710 922 2764 divinitatem
973 2709 1501 2778 dominationemque
1569 2709 1992 2774 commendans,
2054 2709 2166 2762 ait:

589 2797 758 2853 Nemo
782 2809 944 2868 potest
973 2799 1169 2853 duobus
1205 2799 1428 2852 dominis
1470 2799 1660 2850 servire
1707 2797 1920 2866 (Matth.
1955 2815 2023 2861 γι,
2055 2799 2167 2869 24).

588 2888 836 2957 Legimus
877 2899 1054 2943 autem
1081 2891 1202 2960 quia
1247 2888 1505 2942 Dominus
1546 2890 1654 2956 ipse
1696 2897 1771 2939 est
1821 2887 1957 2942 Deus
1997 2888 2168 2958 (Psal.

590 2996 732 3044 xcnx,
766 2982 842 3049 5).
875 2979 1026 3034 Unde
1058 2990 1261 3034 certum
1285 2987 1386 3044 est,
1417 2995 1542 3033 vera
1577 2978 1678 3032 (ide
1702 2981 2036 3048 caritateque
2057 2982 2170 3032 sin—

549 3068 556 3078 ’
587 3086 732 3134 cera,
758 3086 857 3124 nec
886 3069 1116 3124 dominis
1143 3085 1462 3138 quemquam
1488 3085 1645 3138 posse
1671 3070 1891 3135 servire,
1925 3086 2025 3124 nec
2046 3071 2167 3126 diis.

591 3157 740 3212 Unus
771 3167 852 3212 est
891 3159 1031 3212 enim
1080 3158 1221 3212 Deus
1257 3158 1501 3220 deorum,
1538 3167 1592 3212 et
1635 3158 1889 3213 Dominus
1933 3159 2172 3214 domino-

2276 1969 2440 2031 venit,
2473 1971 2765 2025 secundum
2790 1973 2934 2041 quod
2965 1983 3210 2029 naturam
3256 1986 3494 2033 nostram
3541 1981 3863 2040 mirabiliter

2276 2075 2340 2115 ac
2374 2062 2717 2133 singulariter
2763 2063 2816 2117 in
2868 2080 3100 2133 persona
3141 2083 3250 2122 sua:
3291 2068 3582 2128 divinitatis
3628 2077 3858 2146 accepit.

2276 2153 2392 2207 Non
2415 2155 2555 2208 enim
2585 2156 2722 2210 sicut
2751 2155 2977 2210 formam
3006 2159 3145 2211 servi
3170 2162 3376 2230 accepit
3401 2161 3584 2227 Filius,
3630 2167 3702 2221 ita
3750 2168 3857 2222 for-

2276 2259 2416 2298 mam
2459 2246 2720 2299 columba:
2773 2248 2981 2316 accepit
3009 2247 3236 2318 Spiritus
3283 2264 3526 2320 sanctus;
3571 2273 3668 2312 nec
3720 2261 3861 2315 sicut

2275 2337 2445 2392 factus
2471 2347 2552 2392 est
2580 2339 2746 2394 Filius
2771 2341 2823 2394 in
2866 2343 3264 2398 similitudinem
3296 2346 3524 2402 liliorum
3558 2350 3855 2416 hominum,

2277 2428 2347 2481 ita
2380 2428 2552 2484 factus
2581 2438 2663 2484 est
2696 2431 2926 2500 Spiritus
2954 2445 3170 2488 sanctus
3221 2436 3273 2489 in
3319 2437 3718 2495 similitudinem
3760 2460 3859 2498 co-

2274 2519 2593 2574 lumbarum.
2630 2521 2786 2576 Venit
2805 2537 2933 2591 ergo
2957 2523 3186 2594 Spiritus
3213 2537 3428 2583 sanctus
3459 2532 3512 2584 in
3544 2534 3723 2602 specie
3763 2551 3858 2589 eo-

2272 2609 2485 2673 lumbze,
2512 2629 2618 2666 non
2650 2615 2834 2682 utique
2878 2616 3176 2670 columbam
3209 2619 3261 2672 in
3308 2622 3566 2676 unitatem
3609 2639 3856 2693 persomn

2274 2702 2561 2770 accipiens.
2604 2701 2787 2771 Neque
2816 2704 2956 2757 enim
2987 2705 3064 2759 sic
3091 2721 3186 2773 per
3213 2705 3469 2776 Spiritum
3498 2720 3741 2766 sanctum
3769 2730 3860 2768 re-

2274 2789 2400 2843 dimi
2425 2791 2608 2845 debuit
2637 2801 2826 2845 natura
2851 2793 3237 2851 columbarum.
3261 2797 3396 2852 sicut
3420 2815 3513 2868 per
3533 2800 3722 2856 Filium
3753 2820 3858 2857 na-

2275 2888 2390 2935 tura
2429 2883 2700 2952 relempta
2729 2893 2811 2937 est
2839 2884 3132 2938 hominum.
3161 2885 3309 2944 Hanc
3335 2883 3477 2944 enim
3508 2893 3558 2944 in
3590 2893 3854 2948 unitatem

2273 2987 2515 3042 persona:
2561 2988 2669 3026 sure
2709 2974 2942 3043 suscepit
2982 2975 3163 3037 Filius,
3192 2993 3352 3032 quam
3397 2988 3513 3033 erat
3548 2982 3664 3035 siue
3693 2985 3861 3039 dubio

2273 3063 2670 3132 redempturus.
2695 3063 2757 3117 Et
2781 3067 3034 3133 quoniam
3059 3084 3088 3120 a
3120 3069 3214 3122 Dei
3246 3069 3380 3125 Filio
3409 3072 3712 3129 humanitas
3759 3093 3858 3131 sua

2273 3169 2546 3224 nunquam
2576 3156 2892 3224 scjungitur,
2933 3167 3218 3227 propterea
3261 3162 3315 3215 in
3344 3165 3481 3219 caalo
3521 3174 3575 3220 et
3620 3168 3672 3220 in
3715 3177 3861 3222 terra

586 3265 745 3304 rum:
778 3250 867 3318 qui
908 3257 1194 3318 propterea
1240 3249 1388 3302 solus
1425 3257 1507 3302 est
1549 3247 1822 3311 colendus,
1855 3253 1978 3316 quia
2024 3250 2170 3304 solus
2197 3248 2242 3309 C
2275 3245 2523 3298 omnibus
2563 3247 2766 3312 angelis
2796 3249 3151 3317 omnibusque
3197 3251 3502 3308 hominilms
3529 3255 3856 3312 dominatur.

588 3347 671 3393 est
699 3340 1015 3394 naturaliter
1042 3355 1200 3392 verus
1230 3338 1486 3393 Dominus
1527 3339 1684 3401 Deus,
1719 3339 1808 3408 qui
1859 3348 1942 3393 est
1987 3339 2167 3394 Triui-

590 3441 688 3499 tas,
722 3430 882 3487 Pater
905 3441 959 3489 et
980 3432 1143 3485 Filius
1165 3441 1217 3486 et
1247 3431 1477 3501 Spiritus
1504 3440 1739 3485 sanctus.

657 3525 744 3580 M.
773 3525 880 3578 Nos
932 3525 1134 3595 itaque,
1180 3534 1239 3578 ut
1284 3525 1448 3579 Deum
1501 3526 1552 3577 in
1601 3525 1944 3593 simplicitate
1991 3527 2168 3581 cordis

588 3629 908 3685 quairanus,
939 3614 1302 3668 diversitatem
1324 3614 1618 3667 divinitatis
1668 3614 1719 3668 in
1753 3613 1909 3668 Patre
1935 3603 1992 3669 et
2033 3615 2167 3670 Filio

587 3717 688 3758 nec
715 3703 876 3756 corde
901 3703 1204 3757 credamus.
1229 3702 1332 3756 Sed
1359 3712 1416 3756 ut
1437 3704 1606 3771 possit
1630 3704 1678 3755 in
1705 3704 1858 3756 nobis
1887 3719 2012 3758 vera
2045 3721 2166 3758 cor-

587 3791 670 3846 dis
699 3807 914 3847 manere
957 3793 1291 3862 simplicitas,
1324 3794 1412 3846 illa
1461 3794 1512 3847 in
1555 3795 1710 3848 nobis
1755 3805 1971 3850 maneat
2015 3796 2164 3860 lides,

585 3897 688 3951 qua
713 3890 910 3935 sancta:
941 3881 1215 3936 Trinitatis
1243 3899 1345 3936 una
1371 3883 1606 3936 creditur
1626 3899 1688 3937 ac
1711 3886 2032 3952 praedicatur
2051 3887 2167 3941 sine

584 3972 896 4026 diversitate
941 3973 1207 4027 divinitas.
1243 3973 1332 4027 Sic
1368 3974 1420 4026 in
1473 3975 1626 4028 nobis
1658 3974 1818 4030 Pater
1843 3986 1896 4030 et
1925 3977 2085 4032 Filius
2115 3987 2166 4031 et

585 4060 815 4129 Spiritus
841 4071 1057 4117 sanctus
1096 4065 1370 4118 venientes
1414 4081 1631 4120 manere
1668 4067 1967 4133 dignantur.
2024 4068 2167 4125 Unus

585 4161 669 4206 est
693 4154 832 4222 apud
859 4154 1168 4208 dilectorem
1208 4170 1359 4208 suum
1407 4165 1605 4209 sanctae
1645 4157 1922 4211 Trinitatis
1969 4160 2168 4214 adven-

585 4251 692 4309 tus,
714 4260 820 4312 quo
851 4245 991 4299 Deus
1019 4247 1296 4302 invisibilis
1330 4247 1669 4301 invisibiliter
1695 4248 1861 4313 venit,
1914 4258 1968 4302 et
2009 4265 2163 4303 man-

583 4335 789 4388 sionem
815 4336 1152 4392 invisibiliter
1182 4336 1326 4391 l‘acit.
1360 4338 1626 4394 Manendo
1649 4351 1829 4394 autem
1861 4341 2003 4410 apud
2029 4342 2167 4396 dile-

484 4447 490 4458 ι
582 4434 788 4481 ctorem
817 4443 994 4493 suum,
1029 4429 1138 4497 ipsa
1187 4429 1504 4498 multiplicat
1537 4431 1899 4494 dilectionem,
1933 4447 2166 4501 quapro-

582 4527 702 4588 pter
729 4517 853 4572 facit
879 4519 932 4572 in
962 4520 1178 4572 homine
1205 4521 1558 4574 mansionem.
1586 4518 1666 4574 Ob
1696 4522 1799 4574 hoc
1833 4521 2030 4589 quippe
2081 4539 2167 4576 ve-

2267 3334 2574 3389 Secundum
2604 3344 2850 3389 naturam
2881 3339 3078 3406 quippe
3107 3340 3392 3394 humanam
3422 3343 3590 3398 Filius
3637 3347 3730 3400 Dei
3763 3349 3862 3400 Im-

2268 3425 2484 3477 miliavit
2516 3441 2572 3478 se
2611 3426 2778 3494 factus
2806 3427 3046 3480 obediens
3075 3445 3234 3500 usque
3265 3433 3334 3484 ad
3379 3444 3613 3500 mortem,
3647 3450 3862 3491 mortem

2269 3524 2438 3568 (intem
2468 3518 2630 3569 crucis
2659 3516 2881 3584 (Philip.
2912 3533 2966 3580 ιι,
2995 3517 3071 3584 8),
3095 3523 3389 3576 secundum
3419 3539 3579 3592 quam
3610 3536 3856 3581 naturam

2267 3622 2389 3660 eum
2419 3605 2560 3662 Deus
2587 3608 2852 3671 exultavit,
2881 3618 2929 3660 et
2955 3609 3166 3662 donarit
3190 3613 3268 3665 illi
3289 3631 3469 3668 nomen
3494 3619 3632 3686 quod
3659 3628 3735 3671 est
3763 3637 3857 3671 su-

2268 3717 2360 3768 per
2387 3715 2536 3753 amne
2564 3716 2747 3752 nomen
2771 3716 2788 3752 :
2811 3710 2866 3750 ut
2895 3699 2946 3752 in
2969 3703 3174 3755 nomine
3197 3703 3322 3757 Jesu
3345 3723 3495 3760 omne
3524 3725 3656 3774 genu
3683 3711 3863 3778 ﬂecta-

2270 3804 2370 3858 tur,
2417 3794 2710 3858 cmlestium,
2743 3796 3059 3848 terrestrium
3097 3806 3147 3849 et
3189 3797 3540 3867 infernarum;
3595 3809 3646 3851 et
3692 3802 3863 3853 omnis

2269 3886 2444 3954 lingua
2473 3885 2782 3952 conﬁteatur
2800 3885 2920 3955 quia
2946 3885 3194 3940 Dominus
3215 3886 3368 3940 Iesus
3398 3885 3634 3942 Christus
3662 3893 3715 3942 in
3743 3892 3862 3961 gla-

2269 3977 2347 4028 ria
2376 3984 2451 4028 est
2483 3973 2576 4027 Dei
2607 3974 2788 4028 Patris
2809 3975 2997 4043 (lbid.,
3025 3977 3101 4046 9).
3134 3977 3396 4032 Veniente
3442 3992 3572 4046 ergo
3618 3980 3862 4048 plenitu-

2268 4065 2392 4118 dine
2435 4066 2711 4134 temporis,
2752 4067 2892 4118 misit
2946 4065 3087 4120 Deus
3144 4065 3339 4135 Filium
3387 4085 3532 4122 suum
3560 4071 3759 4138 factum
3799 4089 3867 4125 e1:
3929 4075 3934 4078 ’

2268 4157 2498 4222 muliere,
2525 4159 2716 4227 factum
2746 4156 2836 4210 sub
2862 4158 2971 4226 lege
2995 4155 3136 4227 (Gal.
3182 4170 3252 4225 tv,
3295 4158 3373 4230 4).
3405 4158 3514 4214 Cur
3541 4169 3723 4215 autem
3751 4163 3863 4218 hoc

2270 4247 2428 4301 fuerit
2459 4247 2676 4312 factum,
2709 4249 2999 4317 Apostolus
3021 4249 3410 4318 subsequenter
3430 4252 3722 4306 ostendens
3741 4255 3822 4307 ait
3849 4273 3863 4306 :

2273 4337 2339 4390 Ut
2381 4354 2468 4390 eos
2495 4341 2579 4408 qui
2627 4337 2718 4390 sub
2753 4339 2863 4408 lege
2901 4347 3050 4392 erant
3091 4340 3377 4404 redimeret,
3430 4351 3484 4393 ut
3529 4344 3869 4411 adoptiuum

2273 4427 2499 4496 ﬁliorum
2530 4429 2886 4497 reciperentus.
2922 4429 3181 4497 Suscepta
3204 4438 3286 4484 est
3316 4431 3494 4498 itaque
3524 4447 3553 4484 a
3597 4431 3691 4485 Dei
3724 4432 3869 4487 Filio

2251 4521 2501 4573 ,humana
2534 4528 2744 4573 natura.
2769 4520 2902 4573 ideo
2943 4529 3118 4574 autem
3155 4521 3296 4574 Deus
3342 4519 3660 4589 Unigeuitus
3688 4523 3868 4579 factus

582 4608 662 4661 nit
689 4609 812 4677 quia
835 4608 1096 4676 diligitur;
1137 4609 1240 4664 hoc
1284 4621 1464 4665 autem
1510 4612 1732 4666 veniens
1775 4611 1901 4664 facit
1947 4621 2002 4665 ut
2049 4629 2163 4666 am-
2197 4624 2242 4682 ο
2268 4620 2352 4666 est
2389 4612 2568 4675 homo,
2596 4619 2652 4663 ut
2682 4613 2835 4665 nobis
2879 4629 2977 4680 per
3004 4628 3125 4666 eum
3156 4613 3336 4666 divina
3383 4613 3682 4668 donaretur
3727 4616 3872 4670 ade-

581 4704 720 4773 plius
747 4703 1016 4772 diligatur.

659 4796 741 4848 12.
771 4794 892 4849 Haec
926 4796 1044 4849 ideo
1073 4795 1202 4862 dixi,
1239 4806 1296 4849 ut
1333 4796 1588 4849 noveritis
1610 4797 1782 4865 qualis
1825 4795 1921 4850 fuit
1960 4798 2161 4852 adven-

581 4893 668 4939 tus
692 4885 827 4944 Filii.
859 4886 1074 4954 quando
1100 4887 1292 4941 missus
1315 4895 1398 4940 est
1427 4904 1455 4939 a
1483 4887 1656 4946 Patre,
1684 4898 1736 4940 et
1765 4889 1938 4956 qualis
1967 4890 2036 4941 sit
2062 4889 2158 4941 ad-

579 4986 774 5030 ventus
794 4977 930 5041 Filii,
960 4977 1175 5045 quando
1196 4978 1444 5045 dignatur
1473 4979 1653 5032 venire
1675 4995 1793 5031 cum
1821 4978 1995 5032 Patre.
2026 4979 2159 5044 Quia

581 5069 724 5123 sicut
749 5069 800 5121 in
829 5069 921 5122 illo
949 5069 1177 5122 adventu
1204 5072 1364 5123 homo
1386 5069 1579 5134 factus,
1610 5069 1768 5123 Patre
1791 5071 1965 5123 minor
1993 5085 2163 5137 agno-

583 5159 784 5224 scitur;
814 5160 964 5214 sicin
994 5165 1096 5214 isto
1117 5160 1351 5214 adventu
1373 5161 1594 5227 aequalis
1625 5159 1767 5213 Patri
1799 5160 1938 5214 Deus
1957 5177 2167 5230 perma-

583 5266 719 5307 nens
747 5251 1035 5305 invenitur.
1060 5251 1221 5320 412
1251 5251 1451 5304 Dicitur
1479 5259 1656 5304 autem
1696 5259 1750 5303 et
1778 5251 2010 5320 Spiritus
2041 5268 2164 5305 san-

580 5351 700 5398 ctus
722 5343 940 5397 venire:
973 5356 1094 5396 cum
1129 5341 1198 5394 sit
1225 5341 1385 5394 etiam
1413 5356 1534 5395 cum
1563 5339 1722 5395 Patre
1761 5350 1816 5395 et
1863 5341 1995 5395 Filio
2025 5357 2162 5396 unus

583 5433 742 5499 Deus,
781 5443 1014 5488 aeternus
1041 5433 1357 5486 naturaliter
1380 5441 1436 5486 et
1457 5433 1764 5496 immensus,
1794 5434 1908 5486 sine
1928 5448 2033 5501 quo
2055 5434 2158 5486 uti-

582 5539 706 5592 que,
739 5539 838 5577 nee
865 5523 1025 5578 Pater
1055 5530 1232 5592 potest
1267 5525 1470 5587 venire,
1513 5539 1612 5578 nec
1649 5524 1830 5579 Filius.
1883 5523 1975 5578 Ille
2006 5525 2160 5594 (forte

583 5614 754 5681 illum)
784 5615 926 5666 enim
953 5622 1076 5682 post
1104 5613 1314 5667 Patrem
1346 5613 1642 5683 Filiumque
1669 5615 2014 5682 cognoscitur
2037 5613 2158 5666 dili-

582 5716 728 5768 gere,
759 5705 847 5771 qui
893 5707 1172 5760 caritatem
1215 5705 1378 5759 habet
1414 5707 1464 5760 in
1507 5707 1686 5760 corde:
1734 5707 1935 5760 Caritas
1984 5712 2163 5758 autem

585 5793 681 5847 Dei
711 5795 899 5864 (li/fusa
929 5808 1002 5850 est
1029 5800 1082 5851 in
1125 5797 1362 5854 cordibus
1391 5801 1599 5862 nostris,
1641 5816 1731 5870 per
1762 5797 2014 5868 Spiritum
2041 5814 2167 5852 san-

2269 4704 2381 4772 ptio
2407 4720 2418 4754 :
2447 4710 2506 4755 ut
2530 4701 2654 4769 quia
2686 4701 2774 4755 ille
2803 4702 2968 4756 homo
2996 4701 3137 4756 Deus
3161 4718 3318 4756 verus
3345 4710 3427 4757 est
3457 4703 3690 4757 naturali
3717 4705 3873 4758 veri-

2269 4800 2376 4847 tate
2394 4791 2686 4846 divinitatis
2717 4806 2846 4850 sutc,
2883 4806 2982 4844 nos
3010 4806 3245 4861 quoque,
3274 4793 3326 4845 in
3366 4807 3432 4846 eo
3464 4793 3612 4858 quod
3660 4793 3866 4848 fratres

2265 4884 2380 4953 ejus
2409 4899 2665 4947 essemus,
2699 4883 2789 4936 lilii
2817 4881 2928 4947 Dei,
2959 4899 3067 4937 non
3106 4892 3290 4938 nostro
3330 4884 3566 4948 merito,,
3600 4884 3695 4938 sed
3726 4886 3856 4956 ejus

2273 4977 2442 5043 gratia
2474 4975 2742 5030 heremus.
3147 5013 3150 5015 λ

2346 5065 2433 5118 15.
2466 5063 2694 5117 Sanctus
2722 5070 2901 5116 autem
2936 5060 3167 5132 Spiritus
3195 5061 3419 5116 veniens
3459 5062 3510 5115 in
3551 5063 3739 5130 specie
3772 5079 3878 5118 co-

2269 5157 2482 5219 lumbzn,
2509 5171 2614 5210 non
2650 5155 2896 5209 columba
2945 5155 3117 5209 factus
3155 5162 3254 5219 est,
3288 5155 3428 5209 sicut
3476 5153 3644 5208 Filius
3683 5155 3879 5213 factus

2269 5255 2351 5301 est
2376 5247 2563 5309 homo;
2596 5245 2690 5299 sed
2719 5260 2816 5314 per
2843 5244 3105 5299 columbae
3141 5245 3396 5312 speciem,
3425 5242 3737 5312 doqandam
3770 5262 3878 5301 no-

2213 5329 2230 5331 A
2266 5336 2350 5389 bis
2379 5335 2615 5389 ostendit
2643 5349 2742 5388 suo
2773 5348 2996 5387 munere
3023 5333 3322 5387 caritatem.
3356 5331 3563 5387 Caritas
3589 5335 3732 5386 enim
3771 5335 3882 5390 Dei

2267 5425 2460 5492 di/fusa
2487 5434 2563 5477 est
2591 5425 2644 5477 in
2675 5423 2912 5476 cordibus
2942 5425 3130 5476 nostris
3164 5438 3256 5492 per
3297 5422 3555 5492 Spiritum
3596 5435 3875 5489 sanctum,

2267 5517 2351 5585 qui
2400 5516 2551 5568 datus
2599 5525 2677 5568 est
2721 5513 2866 5568 nobis
2917 5512 3093 5580 (Rom.
3125 5528 3178 5577 v,
3219 5511 3295 5580 5).
3355 5512 3619 5581 Apparuit
3671 5522 3876 5569 autem

2269 5605 2609 5676 postmodum
2649 5614 2704 5658 et
2756 5605 2807 5658 in
2843 5603 3010 5671 igneis
3051 5603 3273 5670 linguis,
3319 5601 3418 5656 sed
3459 5603 3624 5655 etiam
3655 5601 3774 5657 hoc
3803 5605 3881 5658 ad

2271 5698 2714 5768 significationem
2763 5695 2888 5750 fecit
2925 5696 3086 5764 ipsius
3108 5708 3269 5762 quam
3303 5694 3459 5747 nobis
3507 5693 3738 5762 largitus
3789 5706 3883 5750 est

2209 5785 2216 5794 ’
2273 5792 2530 5852 caritatis.
2565 5791 2695 5848 Nam
2718 5791 2836 5862 quia
2864 5789 2985 5858 ﬁnis
3014 5787 3174 5860 413
3199 5787 3442 5857 praecepti
3469 5797 3546 5840 est
3573 5785 3786 5840 caritas
3810 5789 3881 5841 de
