4066 6346
233 356 337 414 381

1172 360 1261 415 DE
1290 360 1793 417 INCARNATIONE
1829 357 1982 416 FlLll
2020 361 2371 441 DEl’LlBER
2413 364 2613 423 UNUS.
2710 388 2715 395 ί

3417 379 3521 437 582

226 481 390 538 corde
426 496 577 552 puro,
605 488 655 534 et
683 481 1001 535 conscientia
1029 480 1187 549 bona,
1228 491 1277 535 et
1322 481 1426 551 ﬁde
1463 494 1568 562 non
1612 483 1735 551 ﬁcta
1777 481 1832 547 (I
1863 483 1909 543 Α
1939 482 1993 536 in
2022 483 2174 539 caelis
2202 482 2436 549 Patrem,
2485 486 2657 556 ipsum
2700 487 2853 543 nobis
2894 490 3128 544 humana
3157 491 3409 551 nativitas
3436 497 3519 551 tc-

234 574 370 628 Tim.
405 588 442 632 ι.
475 571 564 642 5);
593 581 646 626 et
671 573 728 625 in
755 569 961 626 Christo
1004 570 1131 625 Iesu
1160 588 1322 642 neque
1359 573 1682 627 circumcisio
1731 573 1833 627 ali-

227 664 356 737 quid
388 663 539 724 valet,
571 679 735 734 neque
762 662 1089 733 prazputium,
1122 663 1213 716 sed
1233 663 1364 732 fides
1386 679 1500 733 quae
1518 681 1611 733 per
1637 665 1832 718 carita-

227 764 334 809 tem
380 763 627 838 ορατ-θέαν
657 752 802 826 (Gal.
844 770 897 818 v,
943 753 1033 821 6);
1088 755 1201 824 ipsa
1248 738 1462 809 est-illa
1513 755 1830 825 simplicitas

229 847 413 903 cordis
441 860 564 918 qua:
590 845 890 915 signiﬁcata
911 853 997 900 est
1025 846 1079 900 in
1107 846 1359 901 columba
1384 864 1397 898 :
1424 846 1549 914 quia
1570 847 1829 901 debemus

229 939 280 995 id
337 939 486 1008 quod
532 938 698 994 corde
753 937 1023 994 credimus
1045 938 1113 992 ad
1143 937 1405 1007 justitiam
1449 953 1545 993 ore
1580 937 1826 993 conﬁteri

231 1029 556 1085 ﬁducialiter
596 1029 663 1082 ad
691 1027 939 1083 salutem.
972 1026 1235 1082 Columba
1292 1026 1474 1096 itaque
1516 1027 1829 1097 simplicita-

229 1128 342 1175 tem
371 1119 614 1176 ostendit
644 1117 766 1174 ﬁdei
795 1126 850 1173 et
871 1118 1133 1183 caritatis,
1165 1125 1226 1172 ut
1266 1126 1416 1172 recte
1452 1118 1736 1175 credamus
1771 1120 1823 1175 in

230 1211 425 1278 Deum,
457 1219 514 1265 et
542 1224 639 1279 per
667 1209 836 1264 Deum
863 1208 1150 1277 diligamus
1173 1216 1229 1263 et
1257 1209 1582 1279 proximum.
1618 1210 1823 1278 Lingua

230 1315 448 1371 quoque
475 1300 631 1370 ignea
660 1297 927 1367 signiﬁcat
943 1297 1335 1360 confessionem
1366 1313 1507 1353 verte
1535 1299 1824 1354 credulita-

230 1394 321 1459 tis,
353 1400 412 1446 et
436 1390 861 1446 admonitionem
905 1398 1108 1445 sancte
1135 1390 1393 1445 caritatis.
1438 1389 1533 1444 llla
1564 1404 1694 1460 ergo
1722 1406 1818 1445 co»-

229 1484 414 1539 lumba
464 1483 517 1538 in
559 1482 712 1552 cujus
766 1482 948 1552 specie
973 1496 1138 1551 super
1173 1479 1444 1535 Christum
1491 1481 1818 1550 baptizatum

229 1576 375 1631 venit
401 1574 636 1646 Spiritus
663 1585 900 1639 sanctus,
931 1572 1002 1627 ad
1022 1572 1221 1643 aliquid
1250 1571 1657 1641 signiﬁcandum
1678 1571 1817 1627 facta

228 1677 331 1736 est,
363 1677 423 1724 et
448 1668 711 1724 continuo
739 1666 999 1723 resoluta.
1047 1664 1208 1720 Solus
1250 1666 1392 1719 enim
1422 1663 1589 1719 Filius
1628 1664 1817 1718 buma-

228 1776 352 1817 nam
377 1774 601 1816 carnem
626 1759 967 1826 animamque
1003 1756 1257 1826 suscepit.
1304 1754 1383 1810 Ad
1420 1756 1594 1826 ipsum
1638 1755 1814 1819 solum

1934 573 2100 627 cisset
2128 583 2183 629 et
2224 573 2463 629 fratrem.

2007 661 2090 717 15.
2122 663 2327 734 Magna:
2353 665 2698 722 absurditatis
2724 674 2809 725 es‘.
2837 668 2986 725 illum
3033 684 3102 725 ex
3150 679 3395 743 tempore
3422 687 3521 742 ge-

1932 756 2101 810 nitum
2130 758 2410 826 suspicari,
2440 758 2526 813 cui
2555 758 2718 831 414
2752 775 2821 815 ex
2849 762 3153 818 mternitate
3194 780 3300 819 non
3331 775 3518 821 natum

1893 897 1898 903 .
1930 862 2067 913 esse,
2091 849 2184 903 sed
2212 850 2461 919 genuisse
2489 851 2559 904 sit
2588 854 2885 921 proprium.
2910 852 3025 908 Hoc
3054 855 3235 923 itaque
3261 859 3516 912 convenit

1929 952 2069 992 verte
2118 938 2258 1005 ﬁdei,
2288 954 2461 1009 neque
2490 938 2724 1008 Patrem,
2758 958 2932 1011 neque
2961 942 3216 1013 Spiritum
3240 985 3255 1009 ,
3286 946 3377 1001 sed
3419 947 3514 1002 Fi-

1927 1027 2076 1092 lium,
2109 1029 2244 1083 sicut
2294 1030 2468 1084 solum
2518 1040 2702 1085 natum
2731 1032 2799 1086 de
2843 1031 2953 1087 Deo
3006 1032 3181 1100 Patre,
3223 1036 3301 1091 sic
3337 1037 3510 1093 solum

1927 1127 2109 1171 natum
2139 1118 2206 1173 de
2230 1118 2396 1173 Maria
2420 1120 2640 1188 Virgine
2669 1122 2935 1177 confiteri.
2966 1122 3230 1191 Quoniam
3255 1140 3393 1194 ergo.
3414 1142 3508 1181 sos

1924 1208 2007 1264 lus
2044 1208 2209 1263 Filius
2241 1210 2381 1265 Deus
2419 1226 2637 1266 carnem
2668 1213 2935 1281 suscepit,
2970 1214 3091 1268 ideo
3118 1230 3219 1269 nos
3248 1215 3341 1270 Dei
3371 1214 3508 1272 illius

1922 1300 2068 1365 fecit,
2100 1303 2155 1357 el
2184 1302 2440 1359 liberatos
2469 1319 2498 1358 a
2540 1304 2800 1359 servitute
2830 1306 3071 1374 peccati,
3104 1321 3244 1361 verae
3273 1308 3506 1366 reddidit

1922 1391 2177 1447 libertati.
2206 1393 2273 1447 Et
2292 1395 2415 1463 quia
2444 1394 2592 1449 solus
2617 1404 2702 1449 est
2729 1395 2797 1451 de
2821 1396 3041 1464 Virgine
3065 1406 3239 1462 natus,
3274 1400 3394 1455 ideo
3414 1417 3505 1456 sn-

1921 1483 2004 1538 lus
2027 1500 2127 1554 pro
2156 1485 2312 1540 nobis
2349 1494 2432 1541 est
2480 1486 2705 1541 traditus
2736 1504 2748 1540 :
2792 1496 3026 1545 testante
3074 1490 3335 1560 Apostolo
3375 1493 3503 1564 quia

1918 1573 2059 1629 Deus
2089 1575 2228 1631 Filio
2249 1594 2341 1632 suo
2364 1578 2570 1648 proprio
2599 1596 2701 1633 non
2730 1582 2971 1649 pepercit,
2995 1582 3086 1635 sed
3102 1599 3197 1652 pro
3222 1582 3370 1638 nobis
3392 1601 3504 1639 om-

1917 1665 2066 1721 nibus
2096 1668 2315 1721 tradidit
2350 1669 2497 1722 illum
2529 1668 2716 1738 (Rom.
2749 1686 2869 1733 vm,
2904 1670 3022 1739 52).
3052 1672 3184 1727 Nam
3214 1682 3270 1729 et
3296 1674 3364 1729 de
3384 1676 3504 1745 ipso

1918 1753 2053 1811 Filio
2075 1756 2203 1819 dicit
2237 1776 2249 1810 :
2304 1759 2453 1823 Quod
2501 1768 2673 1813 autem
2720 1777 2855 1815 nunc
2900 1763 3008 1815 vivo
3036 1764 3089 1816 in
3119 1779 3296 1828 carne,
3320 1767 3375 1819 in
3395 1766 3503 1835 ﬁde

221 1852 370 1908 enim
397 1850 719 1907 naturaliter
741 1849 919 1903 divina
948 1848 1203 1902 nativitas
1228 1847 1554 1917 pertinebat.
1592 1845 1661 1901 Et
1686 1847 1814 1916 quin
1848 1856 1890 1915 Β
1917 1848 2026 1902 uiro
2067 1847 2199 1904 Filii
2227 1849 2345 1915 Dei,
2390 1851 2476 1922 qui
2504 1852 2686 1906 dil’exit
2714 1870 2820 1918 me,
2851 1861 2901 1907 et
2928 1854 3145 1909 tradidit
3173 1858 3503 1927 semetipsum

227 1946 320 2013 (at.
345 1942 464 2013 qui)
494 1941 642 1997 solus
666 1948 826 1995 natus
843 1946 931 1993 est
955 1938 1024 1993 de
1049 1937 1231 2004 Patre,
1267 1938 1419 1992 solus
1462 1938 1611 1993 nasci
1636 1936 1813 2006 potuit

220 2042 284 2090 et
309 2033 381 2088 de
410 2032 648 2100 Virgine.
680 2028 782 2095 Qui
811 2028 913 2083 nisi
956 2028 1120 2084 homo
1152 2043 1222 2083 ex
1266 2028 1487 2083 homine
1515 2028 1687 2092 ﬁeret,
1719 2042 1819 2081 na-

225 2133 363 2179 tura:
390 2130 588 2178 nostra:
615 2120 891 2191 particeps
916 2134 1024 2174 non
1055 2118 1258 2174 fuisset.
1298 2118 1427 2174 [deo
1454 2132 1584 2186 ergo
1615 2117 1814 2173 factum

220 2225 311 2271 est
339 2224 403 2270 ut
432 2228 613 2269 veram
641 2227 861 2268 carnem
890 2212 1162 2281 acciperet
1182 2211 1251 2267 de
1279 2226 1445 2266 carne
1478 2210 1727 2279 Virginis,
1758 2218 1818 2264 ut

168 2298 353 2361 "cum
396 2304 490 2359 illo
534 2302 691 2357 nobis
725 2316 853 2356 vera
888 2308 1134 2357 maneret
1180 2301 1488 2356 communio
1535 2299 1812 2355 naturalis.

226 2392 514 2463 Quomodo
549 2393 693 2447 enim
728 2391 812 2446 vel
852 2391 1102 2459 antiquos
1138 2390 1345 2455 Patres,
1373 2391 1458 2445 vel
1499 2391 1814 2460 cujusquam

223 2485 486 2555 temporis
526 2483 794 2545 homines,
851 2482 906 2535 in
975 2481 1308 2536 consortium
1358 2496 1467 2536 suae
1520 2480 1816 2536 divinitatis

218 2577 532 2637 ascisceret,
561 2574 606 2629 si
629 2588 753 2628 cum
782 2573 862 2627 eis
890 2572 1136 2628 naturale
1154 2572 1332 2627 carnis
1351 2573 1682 2628 consortium
1704 2587 1813 2628 non

222 2668 485 2723 haberet?

290 2760 382 2814 11..
421 2758 588 2814 Filius
611 2774 744 2828 ergo
770 2758 865 2812 Dei
888 2773 994 2812 non
1018 2757 1191 2812 solum
1216 2756 1400 2823 homo,
1433 2757 1530 2812 sed
1554 2757 1717 2812 etiam
1740 2771 1811 2812 ex

216 2851 532 2908 hominibus
553 2850 803 2918 dignatus
830 2854 916 2903 est
944 2846 1079 2904 ﬁeri.
1109 2845 1238 2902 lude
1262 2855 1347 2904 est
1390 2848 1533 2916 quod
1563 2849 1638 2902 ait
1666 2846 1810 2917 Apo-

213 2945 392 3000 stolus
415 2944 644 3012 loquens
670 2942 739 2997 de
765 2940 987 3007 Christo
1013 2958 1027 2993 :
1056 2938 1183 2995 Non
1211 2943 1348 2995 enim
1376 2942 1594 3011 angelos
1617 2958 1807 3013 appre-

218 3035 419 3097 hendit,
451 3033 544 3087 sed
572 3049 744 3086 semen
780 3030 1003 3085 Abrahae
1043 3032 1404 3102 apprehendit.
1438 3030 1590 3086 Unde
1635 3031 1808 3087 debuit

214 3140 309 3194 per
336 3123 516 3179 omnia
543 3122 791 3193 fratribus
838 3122 1089 3185 similari,
1123 3133 1178 3175 ut
1225 3123 1520 3178 misericors
1564 3124 1711 3193 fieret
1757 3133 1809 3179 et

1917 1953 2117 2017 pro.me
2146 1938 2286 2010 (Gal.
2320 1955 2375 2001 ιι.
2406 1939 2519 2012 20).
2567 1942 2686 1998 Alio
2734 1958 2951 2014 quoque
2996 1944 3115 1999 loco
3162 1946 3238 2000 ait
3270 1965 3282 1999 :
3318 1946 3504 2001 Gratia

1914 2027 2054 2082 vobis
2075 2039 2125 2081 et
2145 2046 2251 2099 pax
2289 2048 2320 2082 a
2352 2029 2458 2085 Deo
2486 2030 2650 2086 Patre
2676 2043 2854 2087 nostro
2874 2044 2924 2087 et
2953 2033 3174 2089 Domino
3194 2034 3319 2089 Jesu
3347 2035 3503 2092 Chri-

1915 2127 2014 2175 sto,
2038 2118 2124 2187 qui
2145 2118 2285 2171 dedit
2313 2121 2643 2187 semetipsum
2668 2139 2762 2191 pro
2806 2125 3029 2191 peccatis
3060 2126 3250 2179 nostris
3267 2166 3281 2189 ,
3310 2135 3367 2179 ut
3393 2128 3501 2180 eri-

1915 2216 2055 2278 peret
2100 2225 2193 2262 nos
2221 2209 2286 2261 de
2313 2211 2554 2279 prwsenti
2583 2212 2772 2266 swculo
2800 2229 3045 2284 nequam,
3091 2216 3371 2269 secundum
3413 2233 3505 2270 uo-

1915 2298 2164 2352 luntatem
2216 2298 2313 2353 Dei
2362 2299 2539 2355 Patris
2583 2303 2768 2366 nostri,
2799 2305 2882 2356 cui
2920 2313 2997 2357 est
3034 2304 3204 2375 gloria
3228 2307 3281 2358 in
3310 2307 3503 2361 secula

1914 2387 2221 2441 steculorum
2252 2387 2394 2455 (Gal.
2426 2405 2465 2456 ι,
2511 2389 2602 2459 5).
2636 2390 2786 2446 Sicut
2813 2406 2943 2460 ergo
2975 2393 3191 2448 tradidit
3227 2394 3387 2450 Pater
3412 2396 3501 2451 Fi-

1914 2476 2063 2541 lium,
2087 2479 2159 2531 ita
2181 2479 2525 2549 semetipsum
2556 2482 2773 2536 tradidit
2797 2482 2962 2538 Filius
2988 2502 2999 2537 :
3024 2492 3080 2538 et
3106 2486 3243 2540 sicut
3263 2488 3501 2556 seipsum

1913 2567 2079 2623 Filius
2106 2568 2274 2637 dedit,
2300 2572 2380 2625 si‘c
2422 2588 2543 2626 eum
2574 2574 2737 2627 etiam
2768 2572 2930 2629 Pater
2956 2575 3120 2642 dedit,
3169 2578 3383 2634 dicente
3410 2579 3500 2635 Fi-

1912 2659 1985 2714 lio
2021 2677 2035 2714 :
2070 2661 2161 2715 Sic
2186 2663 2324 2715 enim
2368 2664 2547 2717 dilexit
2576 2663 2715 2718 Deus
2743 2666 3012 2734 mundum,
3035 2677 3091 2721 ut
3114 2667 3313 2723 Filium
3348 2649 3495 2727 suum

1912 2750 2230 2822 unigenitum
2259 2753 2425 2818 daret,
2456 2763 2513 2807 ut
2533 2758 2699 2809 omnis
2723 2757 2811 2827 qui
2837 2758 3001 2811 credit
3026 2759 3078 2812 in
3102 2776 3215 2813 eum
3244 2777 3350 2816 non
3375 2780 3500 2833 per-

1911 2850 2015 2906 eat,
2039 2843 2132 2896 sed
2149 2842 2338 2897 habeat
2364 2846 2516 2899 vitam
2538 2857 2787 2901 aeternam
2820 2848 3001 2920 (Joan.
3030 2867 3106 2915 m,
3141 2850 3262 2923 16).

1902 2937 1907 2942 ’
1982 2931 2070 2985 16.
2104 2931 2196 2986 His
2225 2934 2406 3003 itaque
2434 2935 2683 2991 omnibus
2711 2938 2962 3005 cognitis,
2996 2941 3190 3008 quibus
3218 2941 3501 3002 evidenter

1886 3023 2213 3079 .ostenditur
2237 3025 2411 3081 solum
2460 3026 2654 3081 Filium
2685 3043 2787 3098 pro
2828 3037 3012 3083 nostra
3060 3032 3233 3087 salute
3280 3050 3497 3093 carnem

1911 3116 2229 3185 suscepisse,
2255 3115 2537 3186 solumque
2581 3135 2679 3189 pro
2709 3120 2946 3189 peccatis
2990 3123 3191 3178 nostris
3216 3125 3495 3197 traditum,

208 3214 394 3285 ﬁdelis
425 3216 659 3286 pontifex
685 3215 756 3268 ad
779 3212 975 3281 Deum,
1003 3223 1061 3267 ut
1105 3216 1466 3285 repropitiaret
1502 3216 1690 3270 delicta
1714 3232 1809 3285 po—

1911 3214 1967 3261 et
1992 3208 2258 3277 passionis
2287 3223 2350 3264 ac
2370 3210 2562 3264 mortis
2586 3211 2871 3280 pertulisse
2900 3213 3250 3283 supplicium,
3279 3215 3420 3274 absit
3440 3228 3500 3276 ut

208 3308 348 3377 puli.
385 3303 530 3359 Ineo
553 3307 689 3359 enim
710 3304 847 3373 quod
877 3304 971 3375 (al.
1008 3305 1130 3373 quo)
1152 3322 1336 3375 passus
1364 3314 1440 3359 est
1461 3307 1592 3376 ipse,
1622 3317 1671 3361 et
1691 3316 1807 3361 ten-

212 3407 378 3466 tatus,
409 3407 587 3468 potens
604 3407 681 3451 est
701 3399 775 3451 eis
803 3398 890 3468 qui
919 3405 1179 3450 tentantur
1197 3398 1465 3452 auxiliari.
1495 3397 1665 3465 Unde,
1697 3400 1808 3470 fra-

210 3499 316 3542 tres
343 3489 537 3553 sancti,
560 3489 845 3543 uocationis
892 3470 1109 3541 caelestis
1137 3488 1446 3559 participes,
1478 3490 1808 3544 considerate

210 3581 520 3649 Apostolum
564 3591 613 3634 et
642 3578 948 3649 Ponti/irem
978 3580 1319 3650 confessionis
1365 3589 1560 3635 nostrae
1603 3580 1804 3648 Iesum,

207 3674 300 3745 qui
325 3673 501 3743 ﬁdelis
538 3679 614 3725 est
642 3671 693 3724 ei
729 3672 816 3741 qui
854 3672 978 3741 fecit
1009 3671 1158 3725 illum
1184 3671 1373 3742 (Hebr.
1401 3688 1460 3736 ll,
1486 3672 1582 3737 16;
1606 3688 1681 3735 ut,
1711 3672 1736 3725 1
1762 3672 1804 3740 ).

214 3763 350 3820 Hinc
370 3771 456 3819 est
474 3762 620 3832 quod
640 3763 746 3817 alio
765 3763 885 3818 loco
900 3777 1086 3818 rursus
1105 3763 1347 3831 ejusdem
1365 3763 1619 3833 Epistolte
1642 3763 1800 3820 dicit:

208 3854 401 3911 Omnis
428 3857 566 3911 enim
597 3855 833 3925 pontifex
849 3871 914 3907 ex
943 3853 1234 3910 hominibus
1272 3865 1567 3926 assumptus
1586 3873 1681 3926 pro
1710 3856 1805 3911 Ito-

207 3948 435 4003 minibus
464 3947 792 4001 constituitur
816 3948 872 4000 in
900 3946 964 3999 iis
986 3962 1101 4017 quae
1126 3956 1245 4001 sunt
1282 3947 1353 4000 ad
1368 3946 1561 4007 Deum.
1595 3955 1652 4000 ut
1676 3946 1807 4016 offe-

208 4049 295 4092 rat
323 4040 468 4094 dona
487 4048 539 4091 et
563 4037 828 4106 sacriﬁcia
852 4053 946 4106 pro
976 4038 1201 4107 peccatis
1234 4036 1423 4106 (Hebr.
1456 4053 1510 4103 v,
1541 4036 1623 4108 1).
1659 4036 1804 4092 Talis

208 4138 394 4183 autem
424 4136 543 4182 erat
571 4127 673 4181 iste
700 4125 971 4203 pontifex,
997 4137 1056 4181 ut
1081 4127 1150 4182 ad
1173 4127 1669 4182 reconciliationem
1701 4129 1804 4183 huc

208 4219 354 4282 mani
378 4216 593 4286 generis
631 4215 979 4285 semetipsum
1008 4230 1107 4285 pro
1135 4217 1292 4271 nobis
1319 4215 1540 4271 offerret
1569 4217 1804 4271 oblatio-

209 4326 331 4366 nem
360 4318 423 4364 et
448 4308 682 4364 hostiam
727 4306 841 4362 Deo
870 4308 923 4361 in
954 4307 1177 4363 odorem
1213 4310 1513 4363 suavitatis.
1545 4309 1675 4364 Inde
1715 4318 1801 4365 est

208 4400 355 4470 quod
385 4415 503 4452 cum
521 4398 718 4452 inimici
746 4414 999 4463 essemus,
1030 4400 1351 4453 reconciliati
1371 4417 1544 4454 sumus
1574 4400 1683 4455 Deo
1711 4419 1802 4472 per

207 4500 428 4546 mortem
456 4487 581 4544 Filii
597 4488 899 4561 ejus(Rom.
932 4505 984 4550 v,
1018 4489 1143 4558 10).
1166 4489 1236 4545 Ut
1262 4499 1439 4546 autem
1467 4492 1657 4549 beatus
1675 4509 1803 4563 apo-

1908 3298 2192 3368 quisquam
2223 3298 2457 3355 ﬁdelium
2486 3299 2634 3356 dicat
2662 3302 2830 3358 Deum
2863 3303 3074 3360 Patrem
3095 3345 3110 3369 ,
3155 3316 3247 3362 aut
3273 3309 3342 3364 de
3370 3311 3494 3367 Vir-

1906 3389 2032 3457 gine
2059 3398 2264 3454 natum,
2295 3401 2387 3445 aut
2407 3406 2509 3461 pro
2536 3393 2693 3448 nobis
2722 3394 2997 3449 traditum.
3029 3396 3132 3450 Ista
3160 3399 3302 3453 enim
3327 3400 3495 3459 solius

1906 3489 2033 3535 sunt
2068 3481 2209 3547 Filii,
2243 3482 2335 3551 qui
2364 3483 2503 3537 sicut
2522 3498 2620 3553 pro
2649 3483 2806 3539 nobis
2844 3487 3214 3556 temporaliter
3241 3489 3493 3556 dignatus

1907 3583 1988 3628 est
2010 3574 2177 3639 nasci,
2206 3575 2279 3628 ita
2300 3575 2670 3645 temporaliter
2697 3575 2854 3630 mori.
2902 3575 2959 3631 Si
3004 3578 3125 3646 quis
3149 3588 3330 3634 autem
3376 3580 3489 3637 Deo

1908 3663 2055 3719 Patri
2082 3666 2480 3735 susceptionem
2534 3665 2712 3721 carnis
2740 3668 2997 3735 assignat,
3042 3668 3171 3723 illud
3222 3672 3493 3742 praecipue

1907 3754 2150 3809 attendat
2180 3756 2233 3809 in
2262 3753 2571 3825 Evangelio,
2595 3756 2720 3825 quia
2749 3755 2892 3811 Deus
2920 3758 3013 3826 qui
3037 3773 3255 3813 carnem
3296 3761 3487 3828 induit,

1904 3844 2337 3915 frequentissime
2384 3861 2443 3901 se
2473 3846 2644 3916 ipsum
2677 3862 2785 3901 non
2815 3848 2988 3902 solum
3022 3846 3186 3903 ﬁlium
3235 3849 3489 3917 hominis,

1906 3934 2001 3990 sed
2030 3937 2192 3991 etiam
2220 3936 2315 3990 Dei
2345 3935 2536 3990 Filium
2588 3937 2905 3991 nominavit.
2945 3936 3064 4007 Ipse
3099 3940 3299 4010 quippe
3345 3956 3491 3997 casco

1905 4036 2033 4083 nato
2064 4043 2223 4096 quem
2256 4028 2653 4083 illuminaverat
2681 4029 2815 4083 dixit
2847 4047 2859 4082 :
2898 4028 2971 4083 Tu
3010 4032 3176 4085 credis
3207 4033 3260 4084 in
3294 4031 3491 4087 Filium

1905 4120 2040 4174 Dei?
2070 4119 2355 4190 Respondit
2400 4121 2506 4184 ille,
2534 4129 2583 4174 et
2641 4120 2816 4175 dixit:
2858 4118 2984 4184 Quis
3020 4132 3096 4175 est
3145 4121 3385 4186 Domine,
3435 4133 3492 4176 ut

1905 4211 2111 4265 credam
2138 4213 2192 4264 in
2215 4210 2367 4264 eum?
2397 4210 2466 4263 Et
2486 4210 2619 4263 dixit
2647 4193 2705 4264 ei
2730 4208 2883 4264 Iesus
2914 4228 2931 4265 :
2963 4210 3028 4263 Et
3058 4211 3229 4265 vidisti
3272 4229 3404 4276 eunt,
3437 4224 3489 4266 et

1903 4305 1988 4375 qui
2009 4302 2233 4373 loquitur
2263 4312 2424 4355 tecum
2448 4302 2558 4371 ipse
2578 4309 2672 4355 est.
2700 4304 2766 4354 At
2789 4302 2879 4355 ille
2902 4303 2973 4354 ait
2997 4320 3012 4355 :
3036 4300 3223 4369 Credo,
3251 4302 3488 4357 Domine.

1904 4393 1974 4447 Et
1994 4394 2267 4464 procidens
2296 4393 2530 4446 adoravit
2559 4407 2675 4445 eum
2714 4391 2894 4463 (Joan.
2928 4409 3000 4453 Ix,
3031 4390 3103 4445 55
3130 4403 3180 4445 et
3208 4394 3363 4463 seq.).
3396 4392 3490 4447 Ju-

1904 4483 2033 4538 dmis
2071 4498 2285 4553 quoque
2309 4483 2387 4537 sic
2416 4483 2493 4537 ait
2521 4498 2533 4535 :
2578 4481 2771 4536 Nonne
2814 4484 3059 4552 scriptum
3088 4494 3163 4536 est
3188 4484 3241 4535 in
3271 4484 3379 4553 lege
3405 4500 3491 4537 re-

205 4578 381 4638 stolus
406 4579 1002 4637 ostenderetChristum
1027 4580 1119 4635 Dei
1137 4580 1327 4636 Filium
1347 4597 1415 4636 ex
1446 4582 1539 4637 illo
1577 4598 1685 4638 uno
1707 4584 1801 4638 ho-

1908 4585 2032 4635 stra,
2061 4574 2181 4645 quia
2222 4591 2313 4644 ego
2359 4574 2470 4627 dixi
2502 4590 2519 4627 :
2561 4572 2650 4626 Dii
2679 4573 2844 4626 estis?
2872 4572 2935 4627 Si
2964 4573 3081 4627 illos
3110 4572 3242 4625 dixit
3271 4574 3394 4626 deos
3417 4572 3489 4626 ad

207 4674 356 4728 mine
384 4672 614 4726 traxisse
630 4672 892 4740 originem
917 4672 1112 4733 carnis,
1133 4686 1199 4726 ex
1224 4688 1332 4743 quo
1347 4687 1537 4728 omnes
1555 4674 1798 4729 homines

204 4762 530 4835 propagavit
549 4763 726 4816 unitas
746 4761 1023 4827 naturalis,
1048 4770 1335 4832 propterea
1356 4764 1485 4819 dicit
1512 4764 1619 4819 alio
1643 4765 1792 4820 loco:

203 4852 305 4919 Qui
326 4855 466 4907 enim
488 4852 806 4922 sanctificat,
820 4863 869 4906 et
883 4852 972 4921 qui
987 4855 1384 4924 sanctiﬁcantur
1395 4872 1459 4908 ex
1480 4872 1582 4909 uno
1596 4872 1794 4911 omnes.

200 4943 600 5012 PrOpterquam
611 4958 816 4996 causam
831 4958 934 4997 non
948 4945 1285 5014 confunditur
1304 4947 1495 5016 fratres
1509 4963 1598 5001 eos
1618 4964 1799 5003 vocare

200 5035 407 5096 dicens,
424 5032 692 5087 Nuntiabo
717 5051 905 5088 nomen
930 5043 1069 5088 tuum
1088 5037 1337 5106 fratribus
1366 5039 1492 5092 meis
1516 5039 1702 5112 (Hebr.
1734 5056 1817 5105 tt,

207 5125 629 5192 ﬂ).llleautem
652 5127 757 5180 hoc
786 5126 853 5181 de
883 5126 1038 5181 nobis
1067 5127 1215 5191 dicit,
1248 5130 1340 5197 qui
1369 5132 1660 5186 secundum
1683 5148 1798 5187 car-

198 5233 331 5274 nem
346 5231 449 5287 pro
461 5216 616 5272 nobis
626 5226 709 5271 est
721 5224 776 5271 et
791 5224 949 5275 natus
961 5227 1018 5273 et
1044 5234 1232 5288 passus
1255 5238 1268 5273 :
1289 5219 1397 5275 imo
1420 5223 1510 5289 qui
1532 5223 1610 5277 sic
1638 5232 1795 5277 natu-

194 5324 276 5364 ra:
298 5316 499 5363 nostra:
527 5306 702 5363 tactus
722 5314 805 5362 est
824 5308 1114 5378 particeps,
1142 5319 1202 5365 ut
1221 5325 1288 5365 ex
1306 5311 1397 5365 illo
1420 5327 1526 5366 uno
1554 5311 1704 5367 ﬁeret
1727 5329 1795 5368 ex

195 5414 315 5469 quo
336 5411 530 5453 omnes
557 5396 685 5452 lacti
708 5413 924 5463 sumus;
959 5414 1025 5453 ex
1057 5399 1147 5455 illo
1177 5416 1285 5455 uno
1324 5402 1501 5456 carnis
1530 5403 1791 5469 originem

192 5490 448 5556 duceret,
479 5502 548 5544 ex
594 5503 703 5558 quo
737 5488 919 5544 cuncti
960 5489 1220 5558 originem
1258 5490 1519 5546 ducimus.
1566 5490 1717 5558 Quod
1747 5492 1794 5546 si

194 5578 446 5636 Trinitas
471 5593 572 5649 pro
609 5577 766 5633 nobis
803 5577 1100 5648 susciperet
1133 5594 1385 5645 carnem,
1439 5580 1691 5649 quoniam
1718 5579 1796 5634 illi

191 5673 295 5743 qui
349 5672 663 5727 incarnatus
720 5676 825 5738 est,
871 5684 969 5739 per
989 5671 1321 5743 consortium
1352 5671 1549 5737 carnis,
1601 5669 1796 5728 fratres

194 5736 330 5820 facti
355 5776 575 5829 sumus;
597 5761 708 5836 iam
730 5736 838 5817 non
858 5736 1031 5817 solum
1054 5761 1145 5817 ﬁlii
1176 5762 1268 5818 Dei
1294 5762 1486 5825 Patris,
1521 5764 1613 5819 sed
1632 5766 1793 5819 etiam

196 5854 406 5913 fratres
432 5854 599 5912 totius
626 5852 904 5909 Trinitatis
942 5869 1211 5922 essemus;
1245 5863 1298 5910 et
1346 5870 1506 5923 quem
1536 5855 1795 5910 habemus

1899 4683 2026 4735 quos
2043 4682 2211 4719 sermo
2236 4665 2334 4719 Dei
2355 4667 2525 4735 factus
2538 4672 2635 4729 est,
2658 4672 2707 4717 et
2727 4680 2831 4718 non
2856 4673 3020 4733 potest
3040 4664 3166 4717 solvi
3189 4661 3486 4732 Scriptura,

1900 4772 2049 4828 quem
2074 4755 2236 4809 Pater
2273 4755 2617 4811 sancti/icavit
2644 4763 2693 4808 et
2721 4756 2862 4807 misit
2905 4756 2959 4807 in
2990 4753 3254 4817 mundum,
3288 4754 3486 4818 dicitis,

1901 4847 2261 4919 Blaspltemas,
2282 4847 2401 4917 quia
2436 4846 2568 4910 dixi,
2595 4844 2765 4898 Filius
2796 4843 2890 4899 Dei
2913 4861 3025 4899 sum
3058 4842 3236 4915 (Joan.
3279 4860 3335 4911 ι,
3365 4843 3482 4897 54⁸.

1900 4941 2021 4995 Alio
2048 4953 2263 5009 quoque
2295 4938 2417 4992 loco
2443 4936 2602 4990 simul
2629 4951 2689 4990 se
2718 4944 2771 4991 et
2794 4935 2987 4990 Filium
3018 4936 3273 5003 hominis,
3305 4945 3360 4991 et
3390 4935 3487 4992 Dei

1898 5029 2090 5086 Filium
2126 5027 2456 5097 nuncupavit
2508 5027 2739 5082 dicens:
2788 5025 2934 5081 Sicut
2985 5024 3190 5097 Moyses
3238 5027 3487 5081 exaltarit

1895 5132 2179 5193 serpentem
2219 5123 2271 5175 in
2303 5122 2524 5188 deserto,
2554 5121 2628 5174 ita
2675 5128 2874 5191 oportet
2894 5121 3119 5174 exaltari
3154 5118 3198 5172 [ν’
3202 5121 3346 5175 ilium
3386 5125 3482 5175 Ito--

1900 5216 2072 5278 minis,
2094 5222 2152 5266 ut
2172 5213 2338 5267 omnis
2364 5213 2448 5282 qui
2478 5211 2641 5264 credit
2662 5212 2715 5263 in
2745 5212 2856 5281 ipso
2888 5227 2992 5264 non
3026 5221 3222 5279 pereat,
3250 5213 3342 5265 sed
3384 5213 3482 5265 lm-

1900 5303 2014 5357 beat
2043 5304 2199 5356 uitam
2232 5310 2481 5356 mternam
2512 5298 2701 5370 (Joan.
2738 5316 2814 5363 ιιι,
2850 5299 2968 5372 id).
3004 5300 3101 5356 Ubi
3132 5304 3391 5357 continuo
3420 5303 3485 5357 il-

1898 5396 1988 5451 lud
2013 5395 2154 5465 quod
2197 5394 2250 5448 in
2280 5395 2383 5449 hoc
2412 5408 2577 5463 opere
2606 5409 2637 5447 a
2666 5393 2825 5449 nobis
2854 5394 2926 5449 ita
2954 5395 3189 5464 positum
3233 5403 3335 5457 est,
3369 5397 3485 5467 ipse

1895 5489 1964 5544 de
1983 5504 2042 5543 se
2070 5487 2316 5542 Salvator
2342 5485 2607 5554 adjunxit,
2638 5486 2690 5541 in
2720 5502 2829 5557 quo
2858 5502 2917 5541 se
2955 5487 3048 5542 Dei
3078 5486 3272 5542 Filium
3302 5489 3482 5544 nomi-

1899 5579 2046 5634 navit
2071 5578 2254 5633 dicens
2285 5595 2298 5630 :
2332 5578 2424 5632 Sic
2451 5578 2587 5630 enim
2616 5578 2801 5632 dilexit
2837 5577 2976 5633 Deus
3009 5580 3273 5645 mundum,
3305 5587 3363 5633 ut
3388 5579 3483 5637 Fi-

1897 5676 2020 5728 lium
2042 5687 2189 5726 suum
2209 5670 2529 5743 unigenitum
2550 5671 2716 5737 daret,
2740 5681 2795 5725 ut
2809 5673 2975 5726 omnis
2996 5674 3081 5745 qui
3097 5673 3257 5728 credit
3283 5676 3337 5728 in
3363 5691 3480 5729 eum

1896 5779 1999 5817 non
2013 5769 2208 5832 pereat,
2239 5760 2330 5816 sed
2358 5760 2545 5815 habeat
2566 5762 2722 5815 vitam
2746 5770 3010 5816 «sternam.
3037 5759 3159 5817 Non
3182 5765 3317 5817 enim
3344 5765 3484 5818 misit

1900 5852 2037 5909 Deus
2069 5849 2261 5908 Filium
2291 5861 2345 5906 ut
2368 5853 2562 5925 judicet
2593 5852 2858 5921 mundum,
2893 5853 2983 5909 sed
3004 5863 3056 5907 ut
3077 5854 3300 5910 salvetur
3328 5873 3481 5910 mun-
