4048 6342
522 369 626 424 585

1445 403 1448 407 .
1535 356 1590 409 S.
1632 353 1992 408 FULGENTII
2031 349 2326 407 EPlSCOPl
2364 349 2732 406 RUSPENSIS

3692 343 3806 399 586

525 483 619 534 dus
647 495 740 550 per
759 480 944 550 ipsum.
979 475 1079 541 Qui
1110 474 1268 527 credit
1292 474 1346 524 in
1375 485 1486 523 eum
1518 485 1618 520 non
1635 466 1983 537 judicabitur;
2015 466 2102 535 qui
2133 473 2176 524 Α
2212 463 2420 532 (Matth.
2459 479 2586 524 xvu,
2629 449 2761 531 2|);
2788 459 2912 514 Ideo
2940 470 3068 526 ergo
3106 463 3329 511 venerat
3357 464 3415 510 ut
3455 456 3806 511 occideretur

523 582 692 625 autem
718 589 821 626 non
842 570 1020 630 credit,
1047 567 1157 636 jam
1181 564 1444 635 judicatus
1469 568 1565 624 est,
1589 560 1707 628 quia
1740 575 1842 610 non
1860 558 2019 610 credit
2048 557 2101 608 in

525 679 734 714 nomine
759 657 1152 730 unigenitiFilii
1171 654 1265 706 Dei
1293 651 1480 722 (Joan..
1508 665 1611 714 I||.,
1650 650 1710 703 l7
1731 658 1780 701 et
1801 650 1955 718 seq.)
1973 648 2104 700 Nam

523 761 580 804 et
608 766 638 804 c
663 767 728 802 .m
759 751 932 816 seipse
960 746 1153 799 Filium
1176 743 1408 796 hominis
1438 742 1758 798 nominaret,
1797 737 1985 792 dicens
2023 735 2106 788 di-

525 840 743 910 scipulis
763 839 874 891 suis
905 834 1102 898 :Quem
1133 835 1307 886 dicunt
1331 833 1559 885 homines
1582 845 1694 883 esse
1723 827 1919 881 Filium
1941 827 2108 878 Itami-

526 933 605 982 nis
636 928 847 997 (Matth.
886 940 990 987 χνι,
1045 924 1172 993 l5)?
1221 931 1274 976 et
1318 923 1496 975 audita
1528 920 1803 974 hominum
1855 916 2107 998 opinione

525 1017 860 1077 multimoda,
897 1017 1106 1070 illorum
1137 1015 1342 1068 scilicet
1372 1013 1461 1082 qui
1501 1011 1603 1065 sibi
1632 1010 1698 1063 de
1727 1010 1839 1076 ipsa
1865 1007 2107 1060 Veritate

525 1108 859 1164 mortiferum
885 1105 1045 1177 £15
1071 1105 1341 1172 fingebant
1389 1120 1484 1172 pro
1528 1119 1624 1155 sua
1649 1101 1924 1154 voluntate
1953 1111 2107 1149 men-

526 1201 756 1263 dacium,
804 1198 1024 1252 dixisset
1057 1215 1069 1249 :
1123 1196 1222 1249 Vos
1265 1204 1432 1247 autem
1461 1209 1608 1264 quem
1637 1207 1716 1244 me
1757 1205 1866 1242 esse
1904 1186 2110 1240 dicitis?

527 1291 650 1359 quia
680 1290 1007 1359 respondens
1034 1287 1222 1340 Petrus
1243 1287 1336 1350 ait,
1372 1283 1446 1337 Tu
1467 1301 1521 1336 es
1551 1283 1784 1336 Christus
1818 1278 1982 1331 Filius
2011 1275 2110 1328 Dei

527 1384 623 1436 vivi
651 1381 836 1450 (Ibid.,
866 1379 950 1441 lt"),
987 1380 1105 1448 16);
1140 1387 1426 1447 propterea
1473 1376 1664 1429 beatus
1697 1372 1894 1424 meruit
1922 1369 2110 1438 appel-

529 1473 647 1531 lari,
680 1471 756 1524 sic
785 1471 898 1539 ipso
929 1469 1155 1522 Domino
1181 1466 1536 1536 reSpondente
1570 1482 1583 1516 :
1618 1464 1806 1517 Beatus
1823 1478 1894 1525 es,
1927 1461 2110 1514 Simon

532 1565 787 1634 Barjona,
813 1563 930 1633 quia
959 1578 1080 1614 caro
1110 1570 1158 1612 et
1206 1559 1417 1629 sanguis
1446 1573 1566 1628 non
1585 1554 1823 1608 reuelauit
1862 1550 1972 1616 tibi,
2023 1549 2114 1603 sed

535 1656 694 1708 Pater
714 1635 855 1706 meus
883 1653 1062 1724 quiest
1097 1653 1150 1704 in
1173 1650 1312 1703 cmlis
1337 1647 1522 1718 (Ibid.,
1554 1646 1664 1713 17).

605 1748 691 1800 17.
724 1746 848 1800 Inde
877 1753 959 1799 est
997 1743 1328 1812 quodetiam
1376 1748 1498 1810 post
1544 1737 1990 1792 resurrectionem
2041 1731 2108 1786 ad

2205 570 2304 624 pro
2334 554 2510 608 nobis.
2541 550 2823 618 Quomodo
2849 557 3027 603 autem
3057 547 3419 611 ocCideretur,
3467 547 3513 601 si
3539 562 3649 601 non
3683 555 3802 599 tra-

2204 645 2458 698 deretur?
2487 644 2590 696 Aut
2619 640 2892 712 quomodo
2918 639 3243 702 traderetur,
3261 639 3306 692 si
3337 654 3443 692 non
3475 639 3803 692 teneretur?

2205 732 2485 798 Quomolo
2508 747 2636 786 vero
2667 739 2960 796 teneretur,
2990 729 3033 782 si
3062 744 3183 784 cum
3212 729 3523 822 hominibus
3539 744 3649 782 non
3671 745 3806 783 con-

2207 832 2528 888 versaretur,
2560 824 2644 876 vel
2665 823 2938 890 quomodo
2966 837 3087 874 cum
3115 821 3424 888 hominibus
3451 821 3807 875 cantrersareb

2208 927 2312 981 tur,
2336 915 2380 969 si
2409 916 2460 968 in
2491 916 2648 969 terris
2669 930 2776 967 non
2798 912 3105 966 videretur?
3125 911 3407 978 Quomodo
3436 921 3618 966 autem
3649 912 3806 965 vide-

2207 1017 2376 1072 retur,
2415 1008 2459 1061 si
2501 1023 2608 1061 non
2638 1005 2984 1060 nasceretur?
3012 1003 3292 1070 Quomodo
3333 1012 3514 1058 autem
3545 1017 3805 1059 nascere-

2210 1105 2316 1160 tur,
2366 1097 2412 1154 si
2459 1112 2564 1150 non
2611 1111 2740 1150 caro
2767 1094 2834 1148 de
2863 1110 3026 1148 carne
3068 1095 3476 1164 conciperetur?
3517 1093 3575 1148 Si
3615 1103 3803 1149 autem

2209 1191 2389 1244 omnia
2420 1191 2533 1244 lucc
2562 1205 2669 1243 non
2697 1189 2909 1252 tierent,
2937 1187 3222 1241 consilium
3253 1185 3484 1250 Domini,
3510 1187 3660 1256 quod
3695 1202 3807 1240 mae

2211 1287 2303 1333 net
2333 1279 2384 1332 in
2413 1286 2695 1341 alternum,
2747 1276 3051 1330 nullatenus
3094 1275 3426 1344 impleretur.
3473 1275 3573 1342 lllp
3615 1283 3804 1330 autem

2212 1379 2436 1425 vacante
2483 1370 2729 1434 consilio,
2779 1368 2930 1422 nulla
2978 1368 3137 1422 nobis
3188 1367 3564 1437 peccatoribus
3609 1368 3806 1422 salutis

2213 1463 2384 1532 gratia
2413 1463 2767 1518 conferretur.
2812 1460 2879 1513 Et
2907 1460 3179 1528 quomodo
3208 1469 3352 1515 esset
3396 1461 3449 1514 in
3496 1475 3565 1515 eo
3612 1477 3807 1515 verum

2215 1570 2433 1619 nomen,
2455 1570 2562 1623 quo
2589 1553 2764 1608 dictus
2792 1560 2878 1607 est
2904 1551 3094 1607 Jesus?
3124 1551 3224 1606 llic
3243 1553 3384 1606 enim
3413 1553 3811 1623 interpretatur

2215 1643 2484 1698 Salvator.
2541 1643 2771 1713 Propter
2815 1641 2961 1712 quod
3009 1643 3230 1710 angelus
3276 1643 3462 1698 dicens
3489 1643 3555 1696 ad
3597 1642 3808 1713 Josepb

2217 1735 2360 1802 quod
2387 1733 2549 1805 416
2577 1734 2815 1804 paritura
2860 1739 3002 1787 esset
3047 1731 3214 1786 Maria
3251 1732 3442 1787 Filium
3473 1734 3587 1798 Dei,
3638 1734 3809 1788 etiam

536 1840 746 1894 Patrem
777 1852 928 1891 suum
958 1850 1015 1889 se
1047 1847 1390 1887 ascensurum
1420 1830 1525 1884 hoc
1563 1841 1812 1883 sermone
1843 1832 2070 1878 testatur
2097 1840 2110 1874 :
2147 1823 2194 1880 B
2221 1824 2326 1878 hoc
2343 1823 2587 1892 adjunxit
2613 1841 2624 1874 :
2652 1821 2719 1876 Et
2740 1821 2942 1876 vocabis
2963 1839 3150 1876 nomen
3175 1823 3284 1892 ejus
3296 1821 3491 1878 Iesum.
3520 1822 3646 1894 Ipse
3670 1827 3812 1878 enim

535 1930 766 1984 Ascendo
797 1929 866 1980 ad
902 1926 1108 1978 Patrem
1139 1941 1325 1983 meum,
1360 1932 1408 1974 et
1439 1920 1652 1973 Patrem
1680 1926 1920 1980 vestrum,
1949 1913 2115 1966 Deum

535 2038 723 2084 meum,
754 2030 802 2072 et
833 2018 992 2070 Deum
1022 2026 1242 2068 vestrum
1270 2013 1450 2084 (Joan.
1485 2028 1575 2074 xx,
1602 2010 1711 2079 17).
1740 2009 1796 2062 Si
1825 2021 1953 2076 ergo
1976 1995 2118 2058 Deus

537 2110 628 2178 qui
675 2121 892 2162 carnem
933 2106 1102 2158 induit
1154 2105 1264 2172 ipse
1310 2117 1429 2156 esse
1465 2101 1602 2153 Deus
1633 2098 1793 2152 Pater
1837 2095 2114 2158 asseritur,

541 2214 759 2255 necesse
787 2206 869 2251 est
897 2205 955 2250 ut
993 2204 1047 2250 et
1077 2195 1242 2264 ipsius
1272 2192 1445 2246 Patris
1476 2190 1636 2244 Pater
1663 2204 1781 2244 esse
1809 2189 1945 2241 alius
1972 2201 2119 2241 asse.

545 2299 694 2346 ratur
714 2304 809 2353 ;ac
849 2303 944 2356 per
971 2287 1074 2340 hoc
1104 2294 1156 2338 et
1188 2285 1326 2337 Deus
1356 2282 1516 2335 Pater
1545 2281 1732 2334 habuit
1761 2277 1993 2342 Patrem,
2031 2276 2118 2330 cui

540 2379 746 2436 dicere:
773 2377 873 2445 (al.
903 2375 1138 2443 dicitur),
1177 2373 1354 2434 Pater,
1388 2373 1621 2439 clariﬁca
1651 2369 1848 2423 Filium
1879 2379 2038 2430 tuum,
2065 2376 2122 2419 ut

545 2467 714 2521 Filius
761 2479 876 2521 tuus
920 2467 1170 2534 clariﬁcet
1218 2473 1265 2516 te
1309 2462 1487 2532 (Joan.
1525 2477 1652 2524 xvu,
1687 2459 1758 2528 1).
1813 2457 1876 2511 Ει
1922 2473 1986 2512 ex
2018 2458 2123 2512 hoc

543 2547 702 2614 sensu
747 2556 1008 2622 sacrilego
1037 2563 1092 2608 et
1117 2552 1466 2622 blasphemiis
1495 2549 1671 2618 pleno.
1706 2548 1866 2601 etiam
1911 2547 1962 2598 in
1994 2545 2122 2598 illud

545 2648 820 2710 reciditur,
864 2654 921 2699 ut
969 2645 1074 2712 iant
1129 2659 1236 2696 non
1285 2658 1423 2694 unus
1453 2639 1610 2691 Pater
1643 2638 1938 2690 :estimelur
1983 2651 2123 2698 esse,

544 2736 640 2791 sed
669 2735 804 2799 duo;
857 2733 912 2787 id
949 2741 1032 2786 est
1059 2731 1155 2803 (al.
1186 2730 1369 2794 idem),
1418 2744 1555 2781 unus
1587 2725 1744 2778 Pater
1778 2724 1915 2788 Filii,
1965 2739 2126 2792 quem

544 2826 743 2880 veritas
772 2824 937 2884 novit,
987 2831 1044 2876 et
1091 2821 1228 2874 alter
1268 2819 1427 2872 Pater
1467 2817 1659 2876 Patris,
1710 2830 1870 2883 quem
1921 2814 2128 2866 vanitas

549 2916 716 2984 ﬁngit.
741 2913 808 2967 Et
829 2913 916 2967 ubi
945 2920 1027 2966 est
1052 2909 1197 2979 quod
1224 2925 1388 2962 unum
1420 2907 1585 2960 Deum
1611 2904 1824 2958 Patrem
1850 2902 2130 2972 proﬁtetur

549 3005 837 3076 Apostolus
863 3005 1046 3072 dicens
1079 3020 1091 3053 ε
1126 2999 1290 3053 Nobis
1329 3008 1498 3051 autent
1521 3015 1653 3050 unus
1682 2997 1820 3080 Deus
1855 2995 2030 3059 Pater,
2062 3011 2125 3048 ea:

549 3113 647 3168 quo
677 3094 867 3157 omnia,
895 3100 943 3146 et
973 3109 1066 3145 nos
1088 3093 1141 3143 in
1165 3093 1274 3159 ipso
1303 3088 1354 3159 (I
1380 3089 1499 3141 Cor.
1525 3103 1636 3148 vut,
1666 3087 1740 3154 6).
1768 3085 1831 3138 Et
1852 3086 1957 3139 alio
1987 3085 2126 3150 loco,

2217 1915 2414 1968 salvum
2445 1917 2599 1984 faciet
2626 1915 2868 1984 populum
2894 1930 3041 1968 suum
3071 1931 3103 1967 a
3131 1917 3351 1984 peccatis
3378 1933 3552 1969 eorum
3586 1916 3810 1986 (Matth.

2220 2021 2256 2069 ι,
2288 2004 2400 2075 21).
2431 2006 2512 2059 Ad
2539 2007 2708 2074 ipsam
2730 2021 2860 2060 vero
2891 2005 3112 2058 Mariam
3146 2007 3224 2061 sic
3265 2007 3476 2061 locutus
3515 2016 3603 2063 est
3643 2025 3815 2077 ange-

2219 2094 2303 2149 lus
2335 2113 2347 2148 :
2379 2095 2515 2149 Ecce
2543 2098 2796 2164 concipies
2843 2098 2898 2150 in
2925 2107 3092 2164 utero,
3131 2107 3180 2151 et
3205 2101 3374 2168 paries
3398 2099 3616 2167 Filium,
3645 2112 3701 2155 et
3724 2120 3813 2157 ro-

2219 2188 2361 2241 cabis
2391 2204 2574 2241 nomen
2602 2189 2711 2258 ejus
2751 2187 2950 2242 Iesum.
2983 2187 3087 2241 Hic
3129 2190 3228 2242 erit
3270 2207 3509 2260 magnus,
3553 2201 3605 2245 et
3637 2191 3817 2246 Filius

2220 2278 2471 2332 Altissimi
2519 2279 2779 2332 vocabitur
2833 2278 2980 2348 (Luc.
3029 2296 3080 2343 ι,
3139 2281 3246 2342 51,
3297 2280 3410 2350 52).
3478 2282 3596 2336 Νοη
3649 2285 3818 2352 igitur

2223 2370 2366 2424 Deus
2410 2369 2570 2424 Pater
2597 2378 2679 2423 est
2707 2369 2774 2423 de
2807 2369 3017 2436 Virgine
3047 2378 3227 2437 natus,
3255 2371 3696 2441 quandoquidem
3727 2375 3820 2428 ille

2222 2476 2382 2529 quem
2414 2461 2576 2529 Virgo
2605 2461 2829 2530 peperit,
2854 2460 3018 2515 Filius
3043 2471 3124 2516 est
3154 2462 3411 2516 Altissimi
3441 2474 3815 2533 nuncupatus.

2224 2554 2363 2621 Ergo
2388 2554 2641 2623 quoniam
2673 2568 2808 2606 unus
2848 2561 2930 2606 est
2957 2551 3138 2617 Pater,
3169 2560 3224 2605 et
3258 2568 3394 2607 unus
3421 2561 3503 2606 est
3533 2553 3729 2618 Filius,
3763 2565 3823 2610 et

2225 2660 2363 2697 unus
2386 2653 2468 2696 est
2493 2642 2720 2712 Spiritus
2750 2650 2994 2706 sanctus;
3028 2652 3311 2711 propterea
3345 2644 3433 2698 ille
3461 2645 3550 2714 qui
3584 2656 3820 2700 natura-

2227 2733 2350 2787 liter
2375 2741 2456 2786 est
2485 2731 2739 2785 Altissimi
2764 2731 2946 2794 Filius,
2979 2731 3046 2785 de
3076 2730 3251 2786 Patris
3271 2741 3471 2788 aeterna
3503 2734 3822 2804 divinitate,

2229 2823 2370 2878 idem
2393 2822 2558 2876 Filius
2570 2823 2849 2890 Altissimi,
2873 2822 3164 2877 secundum
3186 2838 3368 2877 veram
3393 2824 3563 2893 ﬁdem,
3578 2836 3824 2882 vocatur

2227 2929 2294 2967 ex
2324 2914 2561 2980 Virgine.

2301 3001 2385 3055 19.
2420 3001 2530 3056 Nec
2580 3009 2634 3057 te
2679 3011 2894 3057 moveat
2940 3003 3085 3071 quod
3126 3004 3193 3058 de
3237 3005 3356 3058 solo
3402 3005 3537 3060 Filio
3586 3005 3826 3074 loquens

2231 3095 2494 3164 propheta
2522 3095 2690 3148 dixit:
2724 3093 2827 3150 Hic
2857 3093 2996 3148 Deus
3030 3105 3222 3157 noster,
3256 3105 3303 3148 et
3336 3112 3438 3149 non
3477 3097 3826 3152 cestimabitur

555 3186 700 3241 Unus
729 3185 868 3238 Deus
909 3194 958 3237 et
985 3182 1146 3235 Pater
1174 3181 1403 3234 omnium
1433 3181 1518 3250 qui
1562 3197 1712 3246 super
1739 3195 1932 3240 omnes,
1961 3187 2011 3230 et
2039 3194 2130 3245 per
2156 3174 2201 3236 C
2234 3186 2366 3238 alius
2397 3185 2465 3238 ad
2495 3201 2607 3238 eum
2637 3185 2862 3255 (Baruclt
2901 3200 2977 3248 tu,
3021 3185 3135 3253 56).
3159 3183 3268 3239 Nec
3297 3200 3364 3239 ex
3390 3187 3490 3240 hoc
3516 3186 3664 3254 quod
3687 3188 3826 3242 dixit

552 3279 747 3339 omnia,
776 3288 824 3329 et
860 3276 913 3329 in
944 3274 1178 3328 omnibus
1210 3273 1356 3326 nobis
1385 3271 1603 3341 (Ephes.
1647 3287 1721 3337 tv,
1752 3269 1831 3340 6).
1863 3270 1996 3324 Cum
2023 3285 2132 3337 quo

552 3370 681 3425 licet
699 3368 863 3422 Filius
903 3367 1217 3422 naturaliter
1243 3381 1380 3419 unus
1421 3365 1490 3418 sit
1521 3364 1658 3418 Deus
1682 3405 1696 3429 ,
1733 3372 1910 3417 tamen
1939 3379 2132 3417 secun-

553 3461 680 3516 dum
708 3474 986 3530 personas,
1018 3457 1155 3512 alter
1190 3466 1269 3510 est
1297 3455 1474 3519 Pater,
1508 3455 1644 3508 alter
1668 3461 1750 3508 est
1779 3453 1968 3520 Filius,
1999 3453 2134 3507 alter

553 3559 637 3606 est
658 3549 886 3618 Spiritus
907 3559 1142 3603 sanctus.
1166 3545 1309 3612 Quas
1329 3560 1587 3614 personas
1607 3543 1840 3598 ostendit
1859 3543 2136 3597 evidenter

555 3641 745 3694 beatus
766 3637 1001 3693 Joannes
1031 3637 1214 3691 dicens
1248 3653 1260 3688 :
1297 3636 1394 3698 Qui
1425 3635 1596 3703 diligit
1622 3635 1922 3705 genitorem,
1966 3633 2135 3702 diligit

555 3744 668 3782 eum
696 3728 782 3799 qui
802 3737 953 3780 natus
981 3734 1055 3780 est
1083 3742 1147 3780 ea:
1171 3742 1230 3779 eo
1262 3724 1316 3795 (I
1341 3725 1498 3778 Joan.
1525 3741 1577 3786 ν,
1607 3724 1680 3793 1).
1709 3723 1840 3777 Item
1870 3722 2001 3776 dicit
2029 3741 2041 3775 :
2069 3723 2136 3776 In

555 3819 808 3886 principio
836 3826 947 3870 erat
989 3814 1225 3880 Verbum,
1252 3824 1298 3868 et
1333 3815 1552 3869 Verbum
1575 3826 1686 3869 erat
1716 3817 1852 3886 apud
1882 3815 2064 3880 Deum,
2088 3825 2139 3869 et

557 3907 698 3962 Deus
729 3918 838 3961 erat
881 3907 1118 3974 Verbum,
1168 3908 1262 3961 Itoc
1291 3916 1401 3960 erat
1438 3909 1493 3961 in
1523 3909 1778 3977 principio
1813 3909 1950 3977 apud
1970 3907 2137 3962 Deum

559 3997 741 4070 (Joan.
773 4015 810 4062 ι,
843 3997 927 4068 1);
961 4006 1014 4052 et
1043 3999 1202 4067 paulo
1232 4007 1372 4066 post,
1419 4007 1475 4051 ut
1503 4013 1532 4051 a
1562 3999 1680 4052 solo
1715 3997 1888 4051 Verbo
1919 4014 2137 4052 carnem

558 4099 831 4158 acceptam
861 4103 979 4143 esse
1025 4097 1350 4142 monstraret
1388 4089 1462 4141 ait
1491 4107 1501 4140 :
1537 4088 1604 4140 Et
1639 4087 1856 4141 Verbum
1899 4105 2021 4142 caro
2052 4091 2139 4159 fa-

559 4191 694 4234 ctum
719 4190 814 4246 est,
843 4192 891 4234 et
913 4180 1158 4234 habitavit
1186 4183 1241 4234 in
1270 4180 1414 4233 nobis
1447 4179 1634 4248 (Ibid.,
1661 4179 1772 4245 14).

632 4272 719 4325 18.
750 4271 891 4325 Deus
917 4284 1044 4338 ergo
1087 4270 1318 4325 Verbum
1347 4270 1543 4325 factum
1573 4283 1656 4325 est
1688 4286 1836 4331 caro,
1865 4287 1971 4324 non
2001 4271 2141 4326 Deus

561 4363 699 4432 apud
730 4377 890 4432 quem
935 4370 1051 4415 erat
1079 4361 1313 4416 Verbum
1346 4379 1358 4413 :
1387 4363 1514 4430 quia
1549 4361 1881 4430 Unigenitns,
1917 4364 2010 4431 qui
2059 4370 2142 4417 est

562 4453 614 4508 in
652 4454 772 4510 sinu
805 4452 998 4519 Patris,
1030 4453 1322 4507 secundum
1352 4452 1493 4520 quod
1532 4467 1658 4507 caro
1687 4460 1788 4517 est,
1836 4453 2028 4522 plenus
2057 4461 2141 4508 est

2235 3277 2397 3330 alium
2428 3292 2535 3330 non
2564 3276 2818 3330 testimari
2845 3276 2912 3330 ad
2948 3291 3090 3340 eum,
3123 3276 3405 3348 quisquam
3449 3278 3732 3332 existimet
3773 3280 3827 3332 in

2236 3381 2464 3436 persona
2495 3365 2740 3420 eumdem
2772 3364 2984 3419 Patrem
3013 3380 3132 3419 esse
3175 3381 3335 3434 quem
3363 3364 3576 3420 Filium.
3623 3367 3829 3422 Beatus

2238 3457 2534 3512 Hieremias
2579 3467 2764 3512 sancto
2803 3456 3002 3526 Spiritu
3049 3454 3258 3526 plenus,
3305 3457 3408 3512 llic
3436 3457 3580 3512 Deus
3627 3470 3826 3523 noster,

2238 3552 2332 3616 ait,
2358 3560 2406 3604 et
2428 3568 2530 3604 non
2561 3550 2898 3604 azstimabitur
2927 3548 3062 3601 alius
3091 3549 3162 3600 ad
3198 3565 3334 3611 eum,
3380 3557 3437 3601 ut
3480 3551 3533 3603 iu
3580 3566 3654 3604 eo
3683 3551 3832 3620 quod

2240 3641 2387 3709 prius
2414 3641 2568 3706 dixit,
2619 3639 2722 3692 Hic
2763 3640 2926 3707 Deus,
2970 3641 3021 3694 in
3075 3642 3176 3695 hoc
3219 3655 3670 3708 cognosceremus
3721 3659 3830 3697 non

2239 3731 2492 3786 aestimari
2521 3732 2682 3785 alium
2710 3732 2775 3786 ad
2804 3747 2947 3796 eum,
2979 3733 3101 3800 quia
3131 3745 3238 3786 non
3269 3745 3350 3788 est
3379 3733 3517 3787 Deus
3540 3735 3684 3788 alius
3714 3737 3834 3789 abs-

2239 3840 2344 3894 que
2371 3825 2480 3878 illo.
2515 3823 2840 3878 Naturaliter
2867 3825 3008 3878 enim
3038 3825 3114 3879 sic
3142 3840 3249 3878 non
3272 3833 3355 3879 est
3376 3825 3511 3879 alius
3538 3825 3689 3882 Deus
3715 3829 3836 3882 abs-

2240 3933 2342 3986 que
2372 3917 2572 3986 Spiritu
2602 3925 2809 3993 sancto,
2839 3918 2963 3985 quia
2991 3933 3097 3970 non
3127 3926 3211 3972 est
3233 3901 3368 3972 alius
3395 3918 3532 3972 Deus
3561 3918 3754 3985 Pater,
3779 3930 3836 3976 et

2242 4008 2378 4062 alius
2401 4007 2541 4062 Deus
2569 4007 2752 4070 Filius,
2788 4017 2841 4060 et
2868 4007 3003 4062 alius
3023 4007 3166 4062 Deus
3197 4007 3426 4076 Spiritus
3453 4020 3708 4075 sanctus;
3738 4012 3836 4066 sed

2242 4113 2380 4152 unus
2407 4096 2548 4152 Deus
2577 4112 2660 4149 ess
2688 4095 2866 4159 Pater,
2892 4105 2946 4149 et
2972 4095 3153 4160 Filius,
3179 4105 3233 4150 et
3253 4097 3482 4164 Spiritus
3510 4107 3761 4162 sanctus,
3784 4110 3840 4154 et

2245 4190 2446 4256 absque
2476 4189 2578 4242 hoc
2610 4188 2719 4242 Deo
2750 4196 2935 4241 nostro
2968 4204 3073 4241 non
3105 4199 3188 4243 est
3216 4189 3351 4241 alius
3383 4188 3541 4242 Deus.
3589 4189 3856 4262 Proinde.

2245 4278 2316 4332 ita
2347 4279 2487 4332 Deus
2510 4287 2692 4332 noster
2722 4286 2802 4333 est
2827 4276 3003 4341 Pater,
3037 4287 3096 4331 ut
3142 4295 3247 4332 non
3276 4279 3573 4332 aestimetur
3603 4279 3750 4335 alius
3771 4281 3841 4336 ad

2245 4382 2367 4421 eum
2396 4385 2407 4418 :
2442 4367 2513 4420 ita
2543 4366 2683 4420 Deus
2722 4375 2904 4420 noster
2929 4375 3014 4420 est
3047 4366 3210 4420 etiam
3237 4367 3420 4432 Filius,
3449 4377 3507 4422 ut
3547 4385 3661 4422 non
3690 4371 3842 4424 :esti-

2246 4466 2422 4512 metnr
2450 4458 2584 4510 alius
2614 4457 2680 4510 ad
2705 4471 2857 4519 eum;
2889 4456 3232 4512 nihilominus
3261 4458 3334 4510 ita
3363 4457 3500 4511 Deus
3531 4468 3727 4513 noster
3755 4470 3844 4516 est

561 4549 761 4615 gratiae,
807 4555 862 4602 et
885 4547 1175 4602 secundum
1217 4545 1361 4614 quod
1402 4545 1634 4599 Verbum
1665 4553 1766 4610 est,
1813 4546 2027 4614 plenum
2059 4554 2139 4600 est
2166 4545 2404 4605 Deliam
2431 4549 2660 4618 Spiritus
2705 4556 2945 4614 sanctus,
2990 4557 3048 4602 ut
3087 4564 3195 4602 non
3241 4551 3536 4604 :estimrtur
3577 4551 3729 4608 alius
3775 4553 3847 4607 ad

560 4640 802 4694 veritatis
829 4657 840 4690 :
876 4639 988 4708 ipse
1015 4655 1150 4692 unus
1173 4638 1404 4692 Verbum
1435 4653 1561 4692 caro
1587 4637 1784 4692 factum
1815 4638 1958 4707 quod
1989 4638 2134 4692 habi-

562 4732 696 4784 tavit
743 4732 796 4784 in
838 4730 1010 4783 nobis.
1043 4728 1119 4782 De
1167 4729 1281 4797 ipso
1328 4729 1488 4781 etiam
1519 4729 1647 4782 dicit
1696 4730 1998 4800 propheta:
2035 4727 2139 4782 Ilio

564 4823 703 4876 Deus
726 4831 918 4885 noster,
942 4830 991 4874 et
1019 4838 1123 4874 non
1156 4819 1494 4874 cestimabitur
1520 4822 1654 4873 alius
1685 4821 1752 4872 ad
1771 4838 1905 4887 eum,
1936 4823 2021 4892 qui
2047 4821 2142 4873 ad-

563 4913 755 4967 invenit
783 4929 987 4966 omnem
1031 4913 1165 4965 viam
1205 4912 1523 4981 disciplinw,
1564 4920 1612 4964 et
1643 4912 1780 4964 dedit
1826 4929 1939 4966 eam
1979 4911 2142 4966 Iacob

561 5019 721 5071 puero
756 5018 868 5062 suo,
910 5010 962 5055 et
991 5000 1160 5054 Israel
1190 5001 1372 5053 dilecto
1419 5017 1532 5054 suo.
1582 5000 1708 5054 Post
1737 5001 1844 5055 Ita’c
1890 5004 1944 5055 in
1992 5004 2142 5056 terris

563 5096 699 5148 visus
722 5103 814 5157 est,
838 5102 886 5147 et
912 5111 1025 5147 cum
1048 5095 1332 5148 hominibus
1353 5105 1678 5146 conversatus
1701 5103 1777 5146 est
1811 5093 2035 5164 (Baruclt
2066 5109 2143 5158 ut,

567 5185 678 5256 '56).
712 5184 825 5240 Hoc
854 5185 1214 5240 testimonium
1240 5184 1308 5238 de
1337 5184 1454 5238 solo
1475 5183 1610 5237 Filio
1640 5183 1838 5237 dictum
1862 5199 1988 5236 vera
2013 5182 2144 5236 ﬁdes

569 5275 795 5344 accepit.
827 5274 945 5343 Ipse
973 5283 1057 5329 est
1094 5276 1235 5329 enim
1279 5273 1574 5328 secundum
1619 5288 1834 5326 carnem
1886 5273 1938 5326 in
1988 5273 2144 5326 terris

571 5368 737 5432 visus,
763 5373 817 5421 et
844 5382 963 5422 cum
1009 5365 1313 5420 hominibus
1343 5373 1706 5419 conversatus.
1753 5361 1902 5417 Unde
1929 5372 2145 5420 sanctus

569 5459 896 5527 evangelista
921 5457 1200 5510 Matthatus
1246 5455 1557 5525 pr0phelico
1589 5455 1806 5508 omnino
1845 5470 2148 5524 congruens

571 5553 828 5612 sermoni,
878 5549 1060 5604 Iesum
1111 5549 1238 5603 dicit
1267 5564 1386 5602 cum
1431 5547 1707 5615 discipulis
1749 5555 2145 5601 conversatum.

574 5641 664 5694 Sic
705 5641 844 5692 enim
889 5641 962 5693 ait
996 5659 1006 5691 :
1045 5639 1470 5694 Cont'ersautibus
1512 5647 1680 5690 autem
1709 5639 1782 5691 eis
1812 5639 1865 5690 in
1905 5635 2144 5701 Galilaza,

576 5730 708 5780 dixit
736 5730 836 5782 illis
859 5729 1008 5784 Jesus
1042 5748 1058 5783 :
1091 5729 1261 5783 Filius
1289 5729 1508 5785 hominis
1537 5727 1821 5781 tradendus
1844 5735 1919 5780 est
1948 5729 2002 5782 in
2039 5745 2150 5781 ma-

579 5834 675 5870 nus
703 5819 982 5886 hominum,
1018 5832 1066 5874 et
1093 5822 1322 5876 occident
1362 5837 1494 5887 eum,
1525 5829 1572 5873 et
1605 5818 1755 5872 tertia
1798 5817 1882 5872 die
1923 5828 2151 5890 resurget

2244 4656 2366 4694 eum
2401 4658 2413 4690 :
2445 4639 2568 4708 quia
2595 4640 2796 4706 absque
2836 4639 2942 4692 hoc
2971 4653 3080 4691 uno
3111 4638 3222 4692 Deo
3252 4655 3360 4693 non
3391 4649 3474 4693 est
3499 4642 3639 4694 alius
3670 4641 3846 4706 Deus,

2242 4733 2308 4786 de
2334 4746 2441 4800 quo
2473 4731 2603 4785 dicit
2632 4729 2820 4796 David,
2853 4727 2980 4792 Quis
3011 4728 3151 4786 Deus
3178 4739 3370 4798 praeter
3401 4729 3709 4799 Dominum,
3752 4743 3849 4786 aut

2243 4825 2353 4892 quis
2382 4822 2516 4876 Deus
2546 4832 2733 4893 prwter
2761 4819 2924 4874 Deum
2954 4831 3185 4874 nostrum
3231 4820 3403 4882 (Psat.
3450 4839 3577 4884 xm,
3611 4822 3710 4894 52)
3733 4826 3758 4878 ἲ
3781 4824 3853 4879 Et

2245 4914 2360 4984 ipse
2409 4913 2549 4968 Deus
2591 4914 2766 4967 dicit:
2822 4913 3022 4974 Videte,
3073 4913 3237 4966 videte
3283 4915 3527 4984 quoniam
3572 4932 3674 4985 ego
3726 4934 3853 4970 sunt

2251 5005 2409 5068 Deus,
2455 5013 2504 5057 et
2533 5021 2634 5058 non
2675 5011 2752 5056 est
2798 5004 2933 5056 alius
2961 5012 3152 5069 printer
3176 5019 3256 5056 me
3283 5001 3460 5072 (Deut.
3504 5019 3675 5069 xxx",
3723 5003 3853 5066 59L

2251 5096 2327 5149 De
2356 5097 2459 5149 hoc
2493 5103 2547 5148 et
2575 5093 2764 5148 beatus
2786 5091 3017 5146 Iacobus
3058 5091 3133 5144 ait
3166 5109 3178 5144 :
3224 5091 3298 5144 Tu
3328 5091 3494 5144 credis
3538 5093 3660 5161 quia
3707 5110 3856 5147 unus

2248 5195 2323 5240 est
2355 5185 2514 5248 Deus,
2543 5185 2668 5238 bene
2697 5185 2857 5254 facis;
2885 5193 2934 5236 et
2972 5182 3230 5239 dcemones
3269 5181 3503 5244 credunt,
3552 5191 3601 5236 et
3632 5193 3857 5238 contre-

2249 5280 2476 5342 miscunt,
2497 5277 2636 5349 (Jac.
2671 5293 2726 5340 tt,
2753 5275 2864 5342 19).

2320 5369 2409 5423 20.
2442 5368 2766 5422 Naturaliter
2806 5380 2934 5433 ergo
2963 5365 3097 5418 alius
3130 5364 3267 5419 Deus
3297 5380 3402 5418 non
3430 5364 3740 5418 aestimatur
3783 5365 3857 5420 ad

2250 5461 2600 5529 Filium,quia
2621 5460 2758 5514 alius
2779 5457 2918 5512 Deus
2943 5473 3046 5510 non
3069 5458 3367 5510 :estimatur
3393 5457 3458 5510 ad
3483 5456 3725 5521 Patrem,
3752 5475 3866 5515 nec

2251 5551 2387 5604 alius
2416 5549 2558 5604 Deus
2581 5548 2878 5604 :estimatur
2915 5545 2984 5597 ad
3012 5543 3267 5614 Spiritum
3299 5555 3564 5599 sanctum.
3615 5544 3670 5598 ln
3716 5562 3862 5615 per-

2251 5640 2399 5694 sonis
2427 5654 2552 5693 vero
2580 5638 2716 5692 alius
2745 5644 2828 5690 est
2857 5633 3035 5697 Pater,
3069 5635 3202 5689 alius
3234 5635 3416 5700 Filius,
3445 5635 3584 5690 alius
3610 5637 3869 5705 Spiritus

2253 5737 2498 5806 sanctus;
2531 5742 2628 5780 nec
2659 5726 2772 5794 ipse
2792 5723 2956 5777 Pater
2981 5719 3071 5792 (1ιῆ
3098 5723 3283 5784 Filius,
3339 5740 3437 5778 nec
3468 5725 3581 5795 ipse
3609 5726 3868 5795 Spiritus

2255 5827 2470 5874 sanctus
2497 5818 2588 5887 qui
2615 5814 2774 5870 Pater
2823 5823 2911 5868 aut
2941 5812 3135 5881 Filius;
3183 5814 3275 5870 sed
3327 5815 3465 5871 idem
3497 5817 3636 5873 Deus
3674 5833 3866 5886 uitus,
