4048 6342
245 359 342 422 δξξδ

1159 363 1244 416 DE
1280 353 1777 416 INCABNATIONE
1817 362 1966 416 FlLll
2007 361 2108 416 DEI
2151 362 2347 416 LIBER
2390 359 2586 417 UNUS.

3375 315 3476 414 .536

244 471 402 534 Pater
448 483 504 534 et
534 479 693 533 Filius
722 482 776 532 et
803 479 1028 547 Spiritus
1057 484 1288 531 sanctus.
1337 471 1582 529 Ostendit
1628 483 1806 528 autem
1836 483 1881 538 Α
1915 483 2177 528 noratum.
2233 475 2307 529 Ac
2336 490 2431 544 per
2456 476 2557 529 hoc
2583 474 2648 528 de
2672 473 2897 527 Domino
2922 472 3180 527 Dominus
3219 471 3270 524 in
3311 471 3479 524 forma

241 571 354 637 ipse
383 567 550 622 Filius
570 575 624 620 et
654 566 862 620 Patrem
891 568 1049 620 alium
1096 567 1146 618 in
1179 580 1428 634 persona,
1477 571 1530 617 et
1558 561 1811 630 Spiritum

241 665 507 723 sanctum,
536 656 754 710 dicens:
791 657 934 709 Alius
963 666 1036 710 est
1066 656 1149 724 qui
1195 655 1542 708 testimonium
1586 655 1815 722 perhibet

239 751 302 803 de
331 766 435 816 me,
465 759 532 802 -et
559 751 664 802 scio
687 751 806 817 quia
849 761 1016 801 verum
1044 758 1118 800 est
1154 748 1496 799 testimonium
1534 745 1644 813 ejus
1683 744 1816 812 quod

243 849 462 894 testatur
489 840 552 891 de
599 855 678 890 me
709 838 884 906 (Joan.
917 854 968 903 v,
1000 837 1113 903 δὲ).
1164 835 1231 888 Ει
1270 851 1333 888 ne
1379 836 1444 888 de
1485 834 1690 888 Joanne
1717 834 1818 886 hoc

240 930 447 984 dictum
475 929 754 996 quisquam
784 937 1015 997 putaret,
1046 927 1203 996 paulo
1232 937 1349 995 post
1377 929 1451 979 ait
1478 945 1488 977 :
1517 925 1558 977 Ε
1565 943 1626 994 go
1649 937 1818 979 autem

246 1018 410 1072 habeo
441 1019 782 1070 testimonium
827 1019 998 1087 majus
1043 1017 1264 1070 Joanne.
1324 1013 1494 1084 Opera
1541 1017 1674 1067 enim
1707 1029 1820 1082 qua:

245 1106 389 1158 dedit
417 1106 545 1158 mihi
579 1105 734 1158 Pater
757 1115 813 1157 ut
834 1106 1097 1175 perﬁciam
1126 1121 1206 1167 ea,
1237 1106 1349 1174 ipsa
1378 1119 1535 1173 opera
1575 1117 1688 1172 quae
1726 1117 1818 1171 ego

246 1198 389 1266 {acia
411 1197 754 1251 testimonium
785 1196 1050 1266 perhibent
1077 1195 1140 1248 de
1165 1212 1267 1261 me,
1289 1196 1408 1264 quia
1438 1193 1597 1246 Pater
1617 1209 1697 1244 me
1723 1193 1820 1244 mi-

245 1291 329 1342 rit.
377 1288 448 1341 Et
478 1290 562 1359 qui
591 1305 672 1341 me
697 1289 834 1340 misit
868 1286 1026 1340 Pater
1064 1288 1174 1356 ipse
1214 1287 1556 1340 testimonium
1594 1281 1821 1352 perhibet

243 1379 305 1430 de
348 1394 434 1430 me
473 1376 662 1446 (Ibid.,
699 1375 809 1447 56).
842 1375 1098 1445 Spiritum
1143 1390 1357 1444 quoque
1409 1382 1651 1428 sanctum
1698 1387 1827 1440 per-.

243 1469 514 1524 sonaliter
535 1469 694 1521 alium
720 1467 954 1521 ostendit
981 1467 1164 1521 dicens
1188 1485 1201 1518 :
1233 1465 1292 1520 Si
1314 1465 1526 1534 diligitis
1549 1479 1647 1523 me,
1673 1478 1820 1515 man-

243 1561 374 1611 data
403 1575 519 1611 mea
542 1568 756 1624 servate,
780 1569 828 1612 et
855 1576 946 1630 ego
976 1556 1165 1629 rogabo
1191 1556 1420 1618 Patrem,
1454 1565 1503 1609 et
1523 1556 1682 1608 alium
1712 1553 1819 1606 Pa-

246 1649 498 1700 racletum
527 1648 668 1700 dabit
697 1648 853 1713 vobis,
876 1657 931 1700 ut
951 1656 1158 1701 maneat
1185 1645 1441 1698 vobiscum
1469 1646 1521 1696 in
1551 1652 1818 1708 a’ternum,

245 1737 508 1805 Spiritum
536 1737 761 1790 veritatis
786 1737 962 1803 (Joan.
995 1753 1102 1800 xrv,
1137 1734 1223 1805 15)
1257 1753 1268 1787 :
1297 1736 1364 1788 de
1393 1750 1498 1804 quo
1529 1735 1687 1787 etiam
1714 1733 1820 1786 alio

1920 566 2011 618 Dei
2041 565 2296 620 Dominus
2323 566 2541 632 mansit,
2575 573 2629 618 et
2653 572 2708 616 ut
2738 563 2802 616 ad
2832 578 3015 617 servos
3035 562 3256 624 veniret,
3288 559 3355 614 de
3384 575 3483 612 an-

1920 654 2038 706 cilla
2061 654 2340 707 veritatem
2369 648 2780 706 formzeservilis
2809 652 3028 720 accepit.

1989 743 2077 796 2‘2.
2111 743 2214 796 Sed
2243 742 2397 809 hujus
2427 740 2608 795 formae
2637 741 2845 795 servilis
2889 748 3124 808 accepta:
3171 739 3484 809 mysterium

1920 832 2131 900 quidam
2161 831 2337 884 minus
2386 831 2774 898 intelligentes,
2824 844 2943 884 cum
2992 843 3020 880 a
3071 828 3222 881 nobis
3267 828 3488 880 audiunt

1921 936 2078 974 unam
2115 920 2391 989 praedicari
2417 929 2612 974 sancta:
2641 918 2914 974 Trinitatis
2939 919 3244 979 essentiam,
3277 918 3363 971 vel
3393 932 3487 971 ne-

1920 1017 2064 1076 gant,
2098 1009 2183 1063 vel
2208 1008 2452 1062 dubitant
2479 1009 2714 1078 potuisse
2741 1007 2853 1062 ﬁeri
2885 1018 2941 1061 nt
2969 1007 3149 1074 Filius,
3186 1008 3274 1075 qui
3298 1022 3485 1061 secun-

1922 1099 2044 1152 dum
2095 1097 2432 1152 divinitatem
2455 1114 2482 1150 a
2511 1100 2665 1152 Patre
2691 1113 2746 1153 et
2772 1097 2972 1167 Spiritu
3001 1107 3187 1151 sancto
3217 1098 3488 1165 insepara-

1921 1186 2042 1240 bilis
2081 1187 2398 1256 prredicatur
2426 1204 2457 1242 a
2501 1189 2674 1251 nobis,
2707 1196 2761 1242 et
2803 1189 2950 1242 solus
2979 1203 3076 1256 pro
3115 1187 3267 1240 nobis
3292 1188 3488 1240 verita-

1919 1283 2030 1329 tem
2071 1275 2253 1330 formte
2280 1277 2490 1331 servilis
2537 1279 2847 1346 acciperet,
2898 1285 2955 1331 et
2993 1276 3340 1330 nihilominus
3368 1290 3488 1329 cum

1924 1363 2082 1419 Patre
2101 1375 2157 1419 et
2183 1364 2385 1434 Spiritu
2411 1374 2594 1420 sancto
2618 1365 2986 1434 inseparabilis
3006 1371 3363 1434 permaneret.
3385 1362 3490 1418 Sed

1920 1451 2025 1506 illis
2057 1454 2156 1508 hoc
2183 1453 2454 1508 videretur
2483 1455 2600 1508 sine
2637 1453 2798 1508 dubio
2828 1453 3184 1522 impossibile,
3225 1452 3312 1521 qui
3358 1451 3489 1504 invi-

1922 1543 2094 1597 sibilia
2125 1543 2220 1598 Dei
2265 1559 2362 1612 per
2390 1559 2452 1598 ea
2482 1559 2601 1612 qum
2647 1545 2782 1599 facta
2816 1554 2958 1610 sunt,
2993 1546 3115 1613 quia
3149 1560 3256 1598 non
3295 1543 3459 1597 intelli

1922 1641 2073 1700 gunt,
2120 1649 2226 1688 non
2265 1635 2616 1703 conspiciunt.
2669 1634 2770 1700 Qui
2812 1636 2857 1689 si
2900 1650 3241 1690 communem
3290 1641 3490 1687 naturae

1923 1724 2168 1776 humanm
2199 1740 2352 1778 usum
2381 1725 2737 1790 attenderem,
2767 1727 2930 1780 etiam
2956 1727 3011 1780 in
3041 1727 3132 1780 illo
3162 1741 3355 1795 magno
3381 1726 3491 1795 pie~

247 1827 372 1880 loco
413 1826 544 1879 dicit
573 1844 584 1878 ε
618 1825 744 1879 Cum
769 1829 958 1880 υεηενίι
993 1826 1295 1879 Pana-tem;
1335 1839 1478 1894 quem
1503 1839 1595 1892 ego
1622 1823 1821 1874 minam
1852 1841 1898 1898 Β
1926 1815 2050 1868 tatis
2096 1825 2430 1870 sacramento
2475 1825 2649 1872 rectas
2677 1818 3041 1885 intelligentiae
3087 1818 3255 1872 lineas
3284 1818 3490 1872 inveni-

244 1916 392 1971 vobis
420 1933 452 1968 α
483 1916 664 1981 Patre,
692 1915 945 1986 Spiritum
968 1917 1196 1970 veritatis
1223 1916 1307 1984 qui
1335 1931 1368 1965 a
1395 1913 1554 1966 Patre
1575 1913 1818 1982 procedit,

246 2004 703 2072 illetestimonium
730 2002 1010 2074 perhibebit
1036 2003 1098 2056 de
1118 2019 1197 2056 me
1220 2002 1396 2071 (Joan.
1417 2017 1506 2066 xv,
1527 1999 1636 2069 16).
1661 2000 1824 2068 Maje-

246 2102 360 2145 stas
414 2099 594 2145 autem
642 2091 814 2146 Patris
851 2101 906 2147 et
930 2092 1045 2146 Filii
1094 2107 1201 2146 una
1248 2099 1348 2154 est,
1397 2091 1554 2162 417
1607 2106 1725 2158 qua:
1755 2090 1824 2144 de

247 2181 392 2235 caelo
413 2196 522 2234 non
544 2181 819 2236 descendit
845 2183 908 2236 ad
931 2182 1126 2237 locum.
1151 2181 1367 2236 Summa
1389 2182 1598 2250 quippe
1615 2196 1677 2235 ac
1699 2194 1824 2234 vera

247 2270 505 2322 divinitas
526 2270 593 2323 de
619 2271 740 2324 loco
768 2271 835 2325 ad
861 2271 1036 2326 locum
1068 2272 1294 2325 transire
1335 2286 1441 2324 non
1479 2277 1675 2340 potest,
1699 2270 1823 2338 quia

247 2375 468 2430 semper
497 2361 692 2430 ubique
712 2371 824 2416 tota
861 2372 962 2418 est.
991 2363 1190 2418 Eadem
1221 2365 1418 2432 quippe
1447 2363 1721 2416 Trinitatis
1742 2371 1825 2416 est

248 2465 356 2503 una
383 2448 660 2516 maiestas,
690 2466 808 2520 quae
836 2453 1151 2505 naturaliter
1174 2467 1278 2505 una
1301 2460 1385 2506 est
1414 2453 1671 2505 immensa
1697 2451 1826 2505 divi-

243 2538 412 2593 nitas.
441 2536 569 2602 Sed,
597 2547 655 2592 ut
678 2539 923 2608 superius
945 2540 1072 2604 dixi,
1097 2541 1174 2595 sic
1203 2549 1286 2595 est
1299 2539 1576 2596 Trinitatis
1606 2555 1708 2593 una
1738 2555 1825 2592 na-

241 2639 396 2694 tura,
428 2639 488 2684 ut
507 2646 614 2685 non
635 2632 704 2685 sit
732 2647 836 2685 una
857 2647 1103 2700 persona.
1130 2630 1550 2696 ProindeFilius,
1577 2639 1825 2683 manente

246 2721 618 2774 immensitate
645 2721 938 2789 majestatis
965 2737 1095 2789 suae,
1136 2736 1295 2790 quam
1325 2723 1486 2776 habet
1527 2737 1644 2776 cum
1667 2720 1827 2776 Patre

155 2871 158 2875 ἴ
183 2865 193 2872 _
242 2817 304 2861 et
330 2807 540 2878 Spiritu
567 2817 753 2864 sancto
777 2824 1135 2877 communem,
1178 2810 1324 2864 solus
1352 2810 1636 2864 humanam
1666 2817 1823 2863 natu-

251 2915 365 2956 ram
396 2901 454 2954 in
482 2901 689 2955 unitate
732 2917 974 2970 personae
1000 2918 1109 2956 suae
1147 2901 1370 2970 accepit.
1403 2901 1500 2956 Cui
1540 2909 1825 2970 propterea

250 3005 361 3044 non
391 2997 479 3043 est
505 3005 628 3043 cum
657 2988 813 3044 Patre
855 3000 910 3046 et
931 2989 1129 3060 Spiritu
1151 2999 1337 3045 sancto
1365 2992 1673 3046 communio
1700 3007 1823 3045 sus-

250 3089 427 3150 cepta:
475 3079 672 3144 carnis,
716 3078 1022 3149 quia'Patri
1049 3088 1105 3134 et
1131 3079 1265 3134 Filio
1291 3079 1592 3149 et'Spiritui
1637 3089 1824 3143 sancto

251 3183 361 3223 non
393 3175 484 3222 est
509 3182 740 3236 persona
767 3168 1082 3223 communis.

325 3260 416 3314 2L
450 3260 602 3326 Illam
632 3260 810 3328 itaque
837 3260 975 3314 servi
1020 3259 1247 3314 formam
1277 3268 1389 3314 tota
1418 3259 1650 3314 Trinitas
1679 3260 1822 3324 fecit,

253 3368 419 3422 quam
451 3360 635 3406 tamen
662 3352 714 3405 in
744 3367 1026 3421 personam
1054 3367 1204 3406 suam
1235 3351 1398 3406 Filius
1423 3351 1568 3406 solus
1601 3352 1825 3420 accepit.

257 3443 376 3513 Ipse
401 3444 549 3498 enim
576 3443 722 3497 solus
749 3451 831 3497 est
855 3443 1108 3506 Verbum,
1139 3451 1192 3497 et
1214 3442 1550 3509 Evangelista
1569 3442 1830 3497 veraciter

254 3541 408 3602 dicit,
440 3537 663 3592 Verbum
688 3555 810 3592 caro
826 3540 1020 3609 factum
1046 3551 1121 3592 est
1151 3537 1328 3608 (Joan.
1353 3537 1520 3605 1,14),
1549 3539 1633 3592 cui
1651 3545 1826 3594 tamen

257 3638 318 3682 ut
343 3643 478 3684 caro
500 3627 655 3682 ﬁeret
672 3643 779 3682 non
809 3628 988 3696 aliquo
1004 3629 1110 3683 alio
1138 3628 1317 3683 Verbo
1336 3628 1607 3681 mandavit
1628 3626 1788 3680 Pater
1814 3644 1826 3678 :

255 3732 425 3773 unum
455 3718 601 3773 enim
613 3716 845 3772 Verbum
862 3718 1026 3772 habet
1040 3718 1214 3784 Pater,
1231 3734 1329 3788 per
1347 3719 1490 3786 quod
1503 3718 1682 3773 omnia
1705 3717 1832 3771 fecit

256 3816 315 3861 et
334 3807 485 3869 facit,
519 3821 619 3875 per
645 3807 788 3876 quod
808 3807 986 3861 omnia
1011 3807 1144 3861 dixit
1164 3817 1218 3861 et
1237 3808 1382 3862 dicit.
1406 3805 1520 3861 Hoc
1547 3806 1776 3861 Verbum
1799 3821 1830 3859 a

255 3899 425 3953 Patre
453 3897 677 3952 missum
695 3907 796 3963 est,
826 3897 1038 3966 quando
1067 3897 1299 3953 Verbum
1324 3912 1450 3952 caro
1478 3897 1674 3951 factum
1705 3905 1788 3950 est
1813 3915 1826 3948 :

253 3987 359 4043 sed
372 3997 432 4042 ut
443 3989 748 4042 mitteretur
768 4003 873 4042 non
895 3989 942 4042 ei
959 3988 1220 4056 aliquibus
1239 3989 1632 4042 transeuntibus
1654 3987 1831 4041 verbis

253 4079 476 4134 locutus
498 4086 582 4132 est
602 4077 779 4132 Pater.
804 4077 1084 4132 IEternum
1112 4079 1308 4148 quippe
1328 4079 1559 4133 Verbum
1581 4079 1646 4133 de
1674 4077 1835 4133 Patre

253 4176 470 4234 natum,
485 4169 588 4222 hoc
598 4175 679 4223 est
689 4177 943 4222 azternum
958 4185 986 4223 a
1000 4168 1156 4222 Patre
1167 4169 1832 4237 mandatum,quia:cterna

252 4257 385 4312 Filii
411 4259 695 4326 generatio
718 4297 734 4322 ,
781 4258 890 4326 ipsa
917 4265 1000 4312 est
1036 4257 1206 4311 Patris
1232 4266 1426 4311 interna
1459 4257 1675 4312 locutio.
1722 4257 1836 4312 Hoc

259 4346 504 4403 Verbum
540 4355 670 4401 tunc
693 4347 759 4402 ab
787 4363 1109 4416 unoquoque
1138 4347 1367 4412 auditur,
1401 4349 1614 4415 quando
1641 4349 1836 4402 veritas

251 4436 562 4491 divinitatis
584 4444 745 4505 atque
771 4437 1156 4491 incarnationis
1178 4439 1501 4505 agnoscitur.
1534 4437 1665 4492 Nam
1699 4439 1837 4493 sicut

1923 1913 2063 1958 rent.
2093 1903 2356 1970 Quoniam
2399 1907 2561 1973 igitur
2590 1922 2694 1960 una
2721 1915 2802 1961 est
2845 1922 2970 1960 vera
2999 1907 3248 1971 divinitas
3280 1921 3397 1974 quae
3438 1907 3491 1959 in

1922 1997 2097 2066 seipsa
2149 2006 2258 2052 tres
2306 1997 2466 2052 habet
2515 1999 2896 2067 inseparabiles
2950 1999 3169 2054 omnino
3215 2011 3492 2066 personas,

1923 2096 2144 2155 propter
2169 2087 2314 2155 quod
2338 2088 2452 2156 ipsa
2479 2087 2712 2143 Trinitas
2733 2104 2870 2143 unus
2895 2097 2978 2142 est
3006 2088 3164 2153 Deus,
3190 2097 3244 2142 et
3269 2088 3320 2140 in
3343 2102 3494 2142 crea-

1925 2178 2059 2232 turis
2088 2177 2232 2231 nulla
2258 2186 2451 2231 natura
2483 2179 2534 2230 in
2569 2178 2734 2233 tribus
2755 2179 2998 2247 personis
3020 2178 3387 2247 inseparabilis
3414 2177 3494 2230 in-
3569 2223 3571 2225 .

1924 2270 2166 2334 venitur,
2198 2270 2536 2324 attendamus
2577 2269 2704 2338 quid
2733 2277 2922 2338 agatur
2952 2270 3003 2322 in
3043 2284 3368 2338 unoquoque
3399 2269 3492 2322 ho-

1924 2361 2087 2422 mine,
2114 2359 2166 2412 in
2187 2375 2294 2428 quo
2325 2376 2429 2413 non
2453 2367 2562 2414 tres
2590 2375 2847 2429 personas
2873 2361 2926 2413 in
2957 2375 3060 2413 una
3091 2368 3301 2424 natura,
3331 2359 3494 2428 418

1925 2449 2016 2503 sed
2055 2449 2186 2502 duas
2221 2457 2438 2504 naturas
2481 2450 2779 2504 invenimus
2807 2450 2862 2503 in
2910 2463 3016 2501 una
3055 2463 3308 2517 persona.
3353 2446 3493 2502 Deus

1923 2541 2120 2608 quippe
2152 2540 2381 2593 mirabili
2410 2540 2622 2593 virtutis
2665 2555 2830 2609 Opere
2851 2579 2866 2604 ,
2907 2554 2975 2593 ex
3002 2539 3208 2593 duabus
3248 2538 3452 2592 naturis
3476 2577 3492 2604 ,

1925 2629 2027 2682 hoc
2055 2637 2137 2683 est
2164 2628 2341 2682 anima
2368 2629 2616 2682 rationali
2640 2637 2695 2682 et
2723 2644 2899 2694 carne,
2933 2644 3090 2682 unam
3126 2635 3372 2682 naturam
3396 2629 3493 2682 ho-

1924 2720 2083 2774 minis
2111 2720 2432 2788 composuit,
2463 2727 2518 2773 et
2540 2719 2594 2772 in
2619 2719 2794 2772 anima
2837 2727 2892 2772 et
2929 2734 3092 2773 carne
3121 2733 3280 2772 unam
3308 2733 3492 2787 perso-

1925 2825 2048 2864 nam
2077 2810 2309 2864 hominis
2330 2824 2550 2863 manere
2578 2809 2849 2878 prtecepit.
2879 2807 3018 2863 Ecce
3039 2808 3091 2862 in
3123 2807 3340 2863 homine
3369 2816 3494 2862 sunt

1925 2899 2041 2954 duae
2070 2909 2274 2954 naturae
2305 2901 2359 2952 in
2389 2914 2493 2953 una
2519 2913 2744 2968 persona
2779 2916 2791 2950 :
2822 2899 2898 2954 sic
2925 2897 3242 2952 Trinitatem
3272 2899 3493 2953 dicimus

1924 2999 2034 3045 tres
2061 3005 2321 3061 personas
2351 2991 2402 3043 in
2434 3006 2536 3043 una
2567 2999 2776 3043 natura.

1997 3079 2084 3132 25.
2117 3079 2469 3134 Attendamus
2501 3094 2630 3148 ergo
2658 3079 2744 3134 hic
2773 3094 2803 3132 a
2831 3079 3034 3134 duabus
3069 3080 3184 3134 istis
3212 3080 3495 3136 naturis'in

1852 3202 1897 3264 Ο
1926 3188 2030 3226 una
2061 3186 2288 3242 persona
2316 3172 2652 3226 manentibus
2692 3172 2932 3241 quardam
2959 3174 3315 3227 communiter
3354 3172 3490 3239 ﬁeri,

1929 3277 2028 3317 nec
2067 3261 2421 3317 communiter
2448 3261 2532 3316 vel
2561 3262 2769 3330 accipi,
2819 3263 2904 3317 vel
2943 3263 3148 3317 haberi.
3193 3261 3396 3332 Nempe
3438 3267 3494 3316 in

1931 3353 2083 3408 nobis
2113 3353 2240 3422 ipsis
2283 3353 2482 3421 aliquid
2511 3369 2617 3407 uno
2650 3353 2763 3407 tieri
2791 3356 2969 3409 carnis
3010 3363 3065 3408 et
3092 3354 3281 3409 animae
3319 3354 3496 3408 o‘l‘ficio

1930 3445 2248 3509 invenimus,
2288 3443 2431 3514 quod
2462 3452 2636 3498 tamen
2669 3452 2760 3497 aut
2788 3445 2934 3498 carni
2966 3453 3170 3499 tantum
3194 3486 3208 3510 ,
3251 3454 3342 3498 aut
3378 3446 3495 3499 ani-

1928 3550 2030 3589 ma:
2059 3535 2396 3604 deputamus.
2429 3534 2736 3589 Certissime
2766 3551 2996 3605 namque
3043 3537 3181 3591 sicut
3218 3551 3344 3592 caro
3382 3538 3496 3592 sola

1928 3627 2060 3682 cibis
2089 3626 2457 3694 corporalibus
2484 3626 2737 3695 pascitur,
2769 3628 2845 3682 sic
2873 3627 3046 3681 anima
3080 3628 3246 3682 verbo
3277 3629 3367 3683 Dei
3395 3631 3497 3699 spi-

1928 3719 2156 3773 ritaliter
2191 3719 2471 3772 enutritur.
2515 3718 2582 3773 Et
2621 3727 2797 3774 tamen
2849 3727 2907 3774 ut
2935 3735 3060 3774 caro
3089 3734 3206 3788 qua:
3253 3722 3318 3774 de
3353 3729 3496 3775 terra

1930 3809 2068 3863 facta
2123 3817 2206 3863 est
2243 3810 2466 3863 terrenis
2493 3817 2744 3878 pascatur
2782 3811 2932 3874 cibis,
2967 3820 3291 3879 cooperante
3319 3812 3496 3866 anima

1930 3899 2183 3962 comedit,
2214 3898 2644 3967 quandoquidem
2672 3914 2740 3953 ex
2770 3901 2944 3952 anima
2990 3900 3137 3966 vivit,
3167 3909 3223 3955 et
3253 3901 3369 3956 ideo
3401 3917 3498 3956 co-

1931 3988 2096 4042 medit
2123 3979 2247 4058 quia
2273 3988 2424 4054 vivit,
2456 3989 2659 4043 utiliter
2686 3989 2888 4043 habens
2916 3990 2970 4043 in
3005 3989 3238 4058 seipsum
3269 4003 3500 4060 operan-

1933 4077 2002 4131 tis
2052 4079 2276 4133 alterum
2305 4093 2487 4134 secum
2528 4079 2726 4136 animae
2747 4081 3086 4149 cooperantis
3125 4080 3377 4143 ollicium,
3416 4081 3502 4136 cui

1932 4167 2090 4222 simul
2120 4168 2259 4222 inest
2288 4177 2343 4222 et
2367 4183 2434 4222 ex
2461 4169 2569 4221 vita
2599 4177 2658 4221 ut
2701 4169 2968 4232 comedat,
3001 4177 3055 4222 et
3077 4183 3141 4222 ex
3167 4170 3299 4224 cibis
3327 4180 3384 4223 ut
3422 4171 3498 4224 vi-

1932 4267 2044 4313 vat.
2085 4258 2215 4314 Cum
2245 4274 2373 4328 ergo
2401 4260 2550 4314 cibus
2580 4260 2825 4325 sumitur,
2866 4261 3163 4314 communis
3193 4269 3274 4315 est
3313 4276 3504 4330 opera-

1935 4349 2012 4403 tio
2038 4349 2215 4402 carnis
2245 4358 2300 4402 et
2329 4349 2518 4401 anima:
2569 4366 2580 4400 :
2610 4349 2702 4417 qui
2731 4359 2910 4401 tamen
2940 4349 3090 4402 cibus
3118 4349 3184 4403 ad
3224 4349 3391 4404 solam
3422 4351 3504 4402 in-

1935 4439 2149 4491 venitur
2191 4452 2406 4492 caruem
2453 4437 2668 4506 proprie
2715 4438 3004 4505 pertinere.
3055 4437 3109 4490 In
3158 4438 3505 4506 percipiendo

252 4527 634 4596 unusquisque
661 4527 823 4581 homo
846 4527 1066 4581 verbum
1103 4527 1262 4582 habet
1288 4529 1341 4582 in
1369 4529 1553 4591 corde,
1584 4527 1710 4581 dum
1738 4543 1833 4581 co-
1859 4549 1913 4610 ι)
1938 4540 2151 4594 quoque
2172 4527 2335 4580 verbo
2365 4525 2478 4589 Dei,
2507 4540 2614 4592 quo
2634 4525 2860 4592 spiritali
2888 4527 3009 4580 cibo
3032 4527 3206 4578 anima
3237 4526 3349 4580 sola
3378 4541 3505 4596 pas-

248 4617 416 4685 gitat,
474 4616 618 4686 quod
662 4617 883 4671 verbum
930 4617 1073 4672 foras
1128 4634 1234 4672 non
1274 4617 1516 4672 educitur
1556 4618 1656 4671 nisi
1705 4632 1836 4671 voce

246 4721 526 4776 corporea
556 4707 834 4770 vestiatur,
865 4709 992 4775 quia
1020 4722 1117 4776 per
1145 4723 1330 4762 vocem
1358 4715 1630 4776 acceptam
1659 4715 1838 4776 potest

247 4797 313 4851 in
346 4797 582 4852 aliorum
620 4797 805 4850 venire
832 4797 1105 4861 notitiam;
1154 4813 1274 4850 cum
1303 4812 1431 4850 vero
1460 4797 1588 4850 illud
1619 4797 1838 4850 verbum

245 4901 398 4943 voce
441 4887 713 4956 loquentis
741 4873 1060 4951 'ostenditur,
1112 4886 1414 4940 nullatenus
1453 4886 1520 4940 de
1548 4886 1725 4940 cordis
1753 4887 1835 4940 in-

245 4971 400 5031 tim'o
427 4983 730 5047 separatur,
781 4975 877 5030 sed
907 4976 1011 5030 hoc
1055 4975 1373 5029 mirabiliter
1409 4973 1466 5027 tit
1494 4983 1552 5028 ut
1579 4983 1632 5029 et
1663 4982 1834 5029 totum

241 5067 324 5120 ad
357 5067 496 5121 alios
522 5080 786 5135 corporea
814 5065 1083 5120 locutione
1104 5065 1400 5134 perveniat,
1434 5072 1489 5120 et
1527 5072 1699 5118 totum
1728 5065 1837 5134 spi-

244 5155 494 5210 ritaliter
536 5155 590 5208 in
628 5155 793 5209 corde
839 5155 1108 5222 loquentis
1154 5163 1502 5224 permaneat;
1559 5156 1637 5209 sic
1676 5156 1836 5208 etiam

244 5246 504 5300 Verbum
547 5245 645 5300 Dei
693 5243 870 5298 Patris
913 5253 1094 5298 natum
1137 5245 1205 5299 de
1244 5243 1403 5299 Patre
1449 5244 1742 5314 permansit
1785 5245 1840 5298 in

243 5336 433 5403 Patre,
475 5336 664 5407 :quod
707 5353 738 5390 a
767 5337 922 5390 nobis
960 5336 1264 5390 nullatenus
1291 5341 1693 5401 agnosceretur,
1739 5333 1841 5387 nisi

240 5427 446 5480 carnis
493 5427 791 5482 substantia
816 5467 831 5491 ,
873 5433 1127 5493 tanquam
1156 5439 1290 5479 voce
1317 5437 1577 5492 corporea
1610 5423 1834 5477 vestire-

241 5525 378 5569 tur.
412 5512 489 5569 Ita
512 5523 684 5570 totum
706 5515 772 5568 ad
798 5530 899 5568 nos
926 5514 1179 5578 Verbum,
1207 5513 1420 5583 quando
1449 5513 1682 5568 Verbum
1711 5529 1836 5568 caro

237 5611 468 5663 tactum
498 5616 600 5672 est,
632 5608 793 5671 venit,
832 5615 1000 5661 totum
1029 5606 1171 5674 apud
1207 5605 1425 5660 Patrem
1455 5605 1693 5674 spiritale
1723 5620 1838 5674 per-

239 5698 469 5755 mansit
491 5716 504 5751 :
528 5698 736 5767 atquale
763 5694 907 5750 Patri
946 5697 1014 5750 de
1039 5711 1146 5766 quo
1197 5711 1410 5765 semper
1437 5704 1520 5756 est
1547 5704 1751 5761 natum,
1785 5704 1840 5749 et

245 5796 318 5842 ut
374 5801 411 5841 a
437 5789 590 5843 nobis
616 5788 817 5859 percipi
847 5797 1048 5851 posset,
1079 5787 1254 5841 carnis
1283 5795 1516 5856 acceptae
1543 5787 1710 5854 gratia
1742 5788 1839 5841 mi-

582 5880 842 5942 ΡΑτιιοι..
893 5879 998 5935 LX
1013 5879 1072 5936 Υ.
1228 5878 1231 5882 ’

1938 4617 2094 4681 citur,
2129 4623 2187 4670 ut
2211 4616 2276 4670 ad
2303 4615 2548 4670 eumdem
2587 4616 2866 4684 perveniat
2906 4617 3100 4682 cibum,
3134 4617 3300 4670 utitur
3327 4615 3504 4672 oﬂicio

1939 4714 2028 4759 aut
2057 4705 2331 4760 oculorum
2351 4712 2443 4759 aut
2471 4706 2697 4759 aurium.
2724 4705 2799 4760 Ac
2821 4721 2916 4774 per
2935 4706 3037 4760 hoc
3059 4714 3116 4760 ut
3145 4707 3369 4761 interius
3387 4708 3501 4776 ipsa

1939 4805 2209 4868 pascatur,
2243 4813 2348 4851 non
2376 4797 2492 4850 sine
2516 4798 2691 4851 carnis
2719 4798 3031 4866 operatione
3070 4798 3362 4867 perﬁcitur.
3393 4798 3509 4853 Sic~

1944 4896 2001 4942 ut
2046 4902 2175 4956 ergo
2221 4888 2310 4942 hic
2353 4888 2631 4956 utriusque
2674 4895 2877 4942 naturze
2921 4888 3190 4942 invenitur
3226 4889 3509 4958 operatio,

1943 4994 2066 5033 cum
2091 4979 2161 5033 sit
2197 4979 2352 5032 unius
2380 4979 2640 5048 acceptio,
2674 4979 2746 5032 ita
2777 4979 3056 5034 credamus
3091 4979 3376 5032 humanam
3419 4994 3510 5033 na~

1945 5077 2119 5122 turam
2164 5066 2428 5136 Unigeniti
2467 5067 2562 5121 Dei
2590 5067 2747 5122 simul
2775 5081 2804 5120 a
2834 5066 3011 5130 Patre,
3043 5075 3099 5121 et
3122 5066 3277 5132 Filio,
3307 5075 3362 5122 et
3387 5066 3512 5136 Spi-

1945 5157 2051 5212 ritu
2077 5166 2264 5212 sancto
2293 5158 2505 5222 t'actam,
2538 5157 2632 5210 sed
2660 5171 2690 5209 a
2718 5155 2835 5210 solo
2861 5154 2996 5210 Filio
3021 5171 3118 5226 pro
3148 5165 3329 5210 nostra
3352 5157 3512 5210 mise-

1947 5249 2228 5304 ricorditer
2255 5249 2426 5304 salute
2452 5256 2775 5317 susceptam.

2017 5339 2104 5392 24.
2152 5339 2314 5393 Addis
2343 5340 2545 5392 interea
2572 5339 2856 5407 quemdam
2888 5355 2954 5394 ex
2978 5342 3130 5396 vobis
3159 5342 3210 5396 in
3241 5342 3331 5396 illo
3359 5350 3514 5412 post-

1941 5431 2158 5485 modum
2183 5429 2379 5483 dixisse
2411 5430 2677 5495 convivio,
2708 5432 2844 5501 quod
2876 5449 3098 5498 muscas,
3130 5433 3344 5502 pulices,
3371 5449 3514 5488 scor-

1944 5523 2123 5588 piones
2154 5529 2202 5572 et
2233 5519 2436 5572 cimices
2471 5519 2607 5572 Deus
2628 5536 2729 5573 non
2753 5522 2892 5591 fecit,
2919 5521 3010 5573 sed
3033 5521 3513 5591 postdejectionem

1945 5611 2114 5680 angeli
2152 5611 2291 5662 illius
2333 5610 2532 5678 indigni
2559 5609 2773 5678 diaboli,
2813 5612 2919 5665 lucc
2960 5613 3131 5664 omnia
3159 5610 3222 5663 ab
3262 5613 3372 5681 ipso
3400 5612 3516 5665 dia-

1946 5700 2062 5752 bolo
2091 5702 2229 5769 facta
2255 5701 2376 5751 sint.
2410 5698 2478 5751 Et
2509 5700 2627 5752 dum
2655 5701 2889 5754 diceretis
2925 5702 3046 5772 quia
3076 5703 3248 5756 omnia
3270 5701 3410 5756 Deus
3441 5705 3515 5774 fe-

1945 5791 2034 5853 cit,
2066 5800 2113 5842 et
2134 5790 2239 5842 lucc
2269 5789 2399 5842 bona
2426 5790 2590 5858 valde,
2623 5791 2752 5842 dixit
2773 5792 2907 5859 quod
2933 5807 3010 5844 me
3038 5793 3101 5844 de
3132 5793 3222 5845 hoc
3246 5795 3515 5846 consulere

3054 5889 3123 5946 19
