4066 6346
539 339 657 397 387

1569 327 1628 381 S.
1665 323 2025 379 FULGENTII
2065 322 2366 381 EPISCOPI
2404 323 2770 383 BUSPENSIS

555 404 822 513 deberetis,
852 453 907 500 ut
935 446 995 498 de
1026 444 1119 498 hoc
1145 444 1219 496 eis
1245 438 1591 509 satisfaciam,
1620 438 1664 489 si
1693 443 1813 488 ante
1843 444 2131 505 transgres-
2156 438 2205 502 Α
2230 434 2572 490 discumbens
2594 474 2610 499 ,
2663 449 2850 513 veram
2904 436 3185 491 scientiam
3249 437 3810 510 incomprehensibilis

540 541 770 605 sionem,
792 535 997 608 quando
1026 531 1164 585 Deus
1193 529 1366 583 omnia
1393 527 1533 597 fecit,
1559 534 1677 577 tunc
1703 524 1804 578 ista
1826 525 1964 595 facta
1984 525 2120 587 sint;

555 647 625 684 an
648 640 759 697 post
788 624 1247 696 transgressionem
1270 618 1414 672 Adw.
1454 616 1580 671 llaec
1603 622 1727 669 sunt
1750 614 1909 669 verba
1933 613 2126 682 quibus

555 729 646 775 tua
676 718 989 773 terminatur
1006 704 1257 781 epistola.
1290 708 1457 777 Hujus
1486 716 1664 780 autem
1695 704 2128 772 interrogationis

555 811 672 865 dua:
698 816 821 864 sunt
849 813 1047 876 partes.
1094 801 1225 856 Nam
1268 809 1323 855 et
1350 809 1526 855 utrum
1568 799 1706 854 Deus
1734 799 1821 852 illa
1851 798 2029 853 omnia
2058 796 2129 851 fe-

559 901 709 961 ceril,
742 906 797 951 et
824 895 1039 964 quando
1069 892 1276 955 fecerit,
1310 889 1623 960 inquisistis.
1685 912 1688 916 λ

623 987 710 1042 25.
750 985 903 1039 Prius
926 986 1125 1052 itaque,
1155 993 1333 1037 utrum
1365 997 1427 1036 ea
1456 980 1597 1035 Deus
1622 978 1810 1035 fecerit
1839 979 1993 1034 video
2015 978 2125 1034 dis—

554 1077 857 1146 serendum.
892 1074 990 1129 Ubi
1013 1075 1166 1129 nobis
1192 1074 1379 1127 beatus
1406 1070 1639 1125 Joannes
1657 1070 1979 1138 evangelista
2001 1068 2130 1138 quid

555 1168 761 1224 sentire
791 1164 1085 1220 debeamus
1109 1162 1346 1218 ostendit
1370 1161 1551 1215 dicens
1579 1176 1593 1215 :
1638 1159 1698 1214 In
1727 1160 1980 1231 principio
2019 1167 2129 1212 erat

567 1256 802 1321 Verbum,
849 1263 897 1308 et
948 1252 1169 1307 Verbum
1212 1260 1323 1305 erat
1364 1251 1503 1320 apud
1543 1249 1728 1314 Deum,
1759 1257 1808 1301 et
1848 1247 1986 1301 Deus
2021 1255 2131 1300 erat

563 1347 807 1402 Verbum.
844 1344 958 1399 [loc
999 1354 1110 1397 erat
1149 1346 1202 1396 in
1245 1342 1500 1411 principio
1528 1341 1664 1411 apud
1705 1339 1887 1392 Deum.
1942 1336 2134 1391 Omnia

556 1456 649 1512 per
690 1440 859 1508 ipsum
907 1439 1045 1507 facta
1089 1444 1243 1499 sunt,
1287 1442 1336 1488 et
1375 1435 1487 1487 sine
1515 1434 1626 1500 ipso
1667 1436 1861 1502 factum
1900 1440 1978 1485 est
2006 1429 2136 1484 nihil

562 1531 739 1598 (Joan.
781 1544 816 1591 ι,
852 1526 902 1590 l,
939 1527 991 1589 “.2,
1022 1526 1097 1594 5).
1130 1524 1262 1578 Vide
1308 1530 1549 1577 sanctum
1579 1524 1964 1590 evangelistam
2008 1520 2134 1591 Spio

560 1620 667 1679 ritu
700 1619 789 1672 Dei
829 1617 1091 1686 repletum
1123 1615 1306 1685 paucis
1342 1614 1522 1669 verbis
1564 1629 1670 1667 non
1700 1614 1874 1667 solum
1913 1612 2136 1667 Creato—

560 1723 699 1772 rem,
730 1707 821 1761 sed
844 1706 1004 1760 etiam
1031 1712 1330 1759 creaturam
1359 1703 1512 1757 nobis
1532 1701 1815 1759 salubriter
1839 1700 2133 1754 intimasse.

2226 523 2520 594 Majestatis
2560 512 2799 594 accepit;
2841 524 2955 594 qui,
3004 526 3142 580 sicut
3186 536 3411 581 noverat
3437 544 3598 582 unum
3638 528 3809 585 Deum

2228 633 2350 674 esse
2376 616 2589 671 Patrem
2614 625 2670 672 et
2697 616 2920 683 Filium,
2949 617 3029 671 sic
3056 618 3219 672 etiam
3259 619 3439 672 omnia
3467 618 3610 674 facta
3639 635 3809 675 nove-

2227 715 2313 761 rat
2341 721 2370 759 a
2395 705 2554 760 Patre
2582 721 2680 776 per
2702 704 2915 760 Filium.
2951 703 3104 761 Unde
3130 708 3220 761 illa
3242 708 3421 761 omnia
3450 722 3570 777 qua:
3596 724 3696 780 per
3715 710 3808 764 Fi-

2228 797 2356 851 lium
2383 796 2526 851 facta
2546 807 2670 852 sunt
2690 798 2761 851 ita
2783 804 3000 852 sanctus
3020 796 3253 853 Joannes
3270 800 3644 856 universaliter
3668 817 3812 858 com-

2229 887 2531 957 prehendit,
2560 895 2619 941 ut
2644 887 2847 942 diceret
2872 905 2884 942 :
2920 886 3110 941 Omnia
3138 906 3227 956 per
3252 890 3419 960 ipsum
3440 893 3583 961 facta
3601 901 3812 957 sunt,“

2230 980 2341 1032 sine
2361 978 2471 1048 ipso
2498 980 2694 1048 factum
2721 988 2798 1032 est
2826 979 2977 1033 nihil.
3009 978 3260 1048 Quisquis
3286 995 3416 1049 ergo
3442 997 3688 1045 muscas,
3712 998 3813 1052 pu-

2231 1065 2384 1136 lices,
2426 1068 2758 1137 scorpiones,
2814 1068 3058 1136 cimices,
3109 1070 3193 1123 vel
3222 1070 3268 1124 si
3316 1085 3437 1139 qua:
3464 1072 3568 1126 alia
3613 1074 3812 1141 quibus

2234 1158 2475 1212 mortalis
2501 1174 2690 1213 sensus
2719 1158 3007 1214 ollenditur
3028 1175 3057 1213 a
3080 1159 3192 1215 Deo
3218 1158 3352 1216 facta
3373 1176 3570 1230 negare
3590 1173 3812 1219 conten-

2233 1247 2329 1311 dit,
2353 1256 2447 1302 aut
2473 1248 2618 1303 dicat
2637 1264 2701 1303 ea
2726 1249 2943 1303 omnino
2966 1265 3071 1303 non
3099 1250 3257 1311 facta,
3290 1258 3382 1303 aut
3408 1252 3452 1304 si
3481 1252 3622 1307 facta
3642 1253 3811 1318 dicat,

2211 1352 2343 1419 .non
2368 1346 2544 1391 tamen
2573 1353 2602 1390 a
2647 1336 2807 1392 Patre
2836 1354 2932 1408 per
2960 1337 3172 1400 Filium,
3201 1340 3327 1407 quid
3354 1341 3494 1395 aliud
3518 1350 3686 1398 restat
3711 1344 3815 1399 nisi
3876 1350 3885 1361 '

2235 1437 2292 1483 et
2311 1429 2691 1497 evangelistam
2736 1428 2998 1484 Joannem
3027 1431 3173 1484 dicat
3205 1432 3257 1484 in
3296 1447 3394 1487 sua
3433 1434 3814 1501 praedicatione

2235 1517 2552 1574 mentitum?
2584 1516 2776 1573 Omnia
2803 1521 2970 1583 enim,
2997 1521 3188 1589 inquit,
3207 1537 3297 1590 per
3311 1523 3475 1590 ipsum
3504 1525 3646 1591 facta
3668 1534 3811 1584 sunt.

2234 1622 2286 1666 et
2310 1612 2423 1667 sine
2449 1614 2564 1682 ipso
2594 1614 2790 1683 factum
2810 1622 2887 1666 est
2920 1612 3069 1666 nihil.

2307 1703 2397 1758 27.
2424 1704 2539 1758 Non
2563 1713 2793 1774 estergo
2821 1704 3020 1772 aliquid
3047 1702 3190 1773 quod
3222 1703 3379 1758 Patrr
3406 1694 3511 1758 non
3537 1702 3697 1768 fecit,
3722 1704 3812 1775 qui

556 1800 694 1856 Nam
723 1799 868 1868 quod
897 1798 1007 1861 ait,
1062 1795 1127 1849 In
1157 1796 1409 1865 principio
1456 1802 1568 1845 erat
1624 1789 1884 1854 Verbum,
1929 1789 2137 1844 duobus
2167 1805 2211 1866 υ
2240 1795 2420 1849 omnia
2447 1793 2575 1850 fecit
2606 1812 2618 1848 :
2652 1810 2752 1849 nec
2777 1803 2859 1850 est
2888 1795 3086 1864 aliquid
3114 1795 3257 1864 quod
3291 1793 3446 1850 Pater
3467 1811 3573 1849 non
3605 1811 3704 1865 per
3728 1795 3814 1850 Fi-

556 1876 738 1946 mbdis
766 1897 912 1942 recta
945 1887 1073 1940 lides
1103 1884 1386 1954 intelligit:
1419 1883 1469 1936 iJ
1500 1890 1602 1946 est,
1646 1880 1729 1935 vel
1766 1879 1913 1952 quod
1943 1880 1995 1933 in
2034 1878 2135 1932 Pa-

566 1990 647 2036 trc
674 1988 792 2035 erat
831 1978 997 2031 Filius
1021 2018 1037 2043 ,
1083 1977 1205 2045 quia
1254 1975 1573 2051 naturaliter
1612 1987 1775 2026 unum
1816 1971 2137 2042 principium

565 2080 667 2137 est,
698 2070 855 2125 Pater
883 2079 938 2123 et
965 2068 1164 2130 Filius;
1192 2066 1278 2120 vel
1307 2065 1450 2135 quod
1475 2067 1590 2119 sine
1617 2063 1770 2119 initio
1798 2071 1881 2118 cst
1915 2078 2021 2118 non
2050 2077 2140 2117 so-

567 2165 677 2218 lum
702 2159 904 2226 Pater,
946 2159 1039 2215 sed
1083 2158 1246 2213 etiam
1276 2156 1463 2211 Filius.
1513 2155 1627 2211 lloc
1656 2154 1798 2209 enim
1841 2152 2141 2208 certissime

567 2267 751 2309 verum
774 2250 1089 2321 principium
1113 2247 1325 2310 dicitur,
1357 2244 1503 2315 quod
1534 2245 1680 2299 nullo
1712 2244 1974 2299 existendi
1993 2244 2143 2313 prin-

566 2344 710 2415 cipio
739 2343 1062 2414 praevenitur
1088 2357 1100 2392 :
1134 2338 1390 2410 quidquid
1431 2348 1609 2392 autem
1647 2337 1701 2391 in
1731 2337 1995 2407 principio
2018 2350 2140 2391 esse

567 2434 749 2504 erupit,
775 2432 977 2487 factum
1010 2439 1093 2485 est
1122 2445 1287 2499 opere
1321 2429 1416 2483 Dei
1445 2428 1697 2491 creantis,
1723 2442 1822 2504 nec
1850 2441 2007 2480 unam
2044 2441 2146 2496 po-

544 2502 673 2593 ,tes—t
699 2526 899 2581 habere
934 2525 1095 2595 419
1123 2537 1244 2593 cum
1283 2519 1542 2576 Creatore
1584 2502 1830 2574 naturain
1863 2536 1876 2572 :
1926 2519 2029 2573 hoc
2060 2524 2144 2572 est

568 2619 709 2679 enim
750 2616 1021 2672 subditum
1058 2614 1230 2675 initio,
1274 2612 1419 2681 quod
1449 2612 1592 2667 Dens
1618 2612 1823 2667 creavit
1848 2609 2140 2681 cit-nihilo.

569 2707 801 2765 Proinde
841 2704 972 2760 illud
1002 2712 1147 2764 recte
1172 2703 1369 2757 dicitur
1394 2703 1446 2756 in
1478 2702 1741 2772 principio
1766 2715 1906 2763 esse,
1936 2701 2021 2755 cui
2050 2714 2144 2753 na-
2178 2728 2179 2731 η

568 2796 743 2852 turale
784 2803 868 2850 est
895 2793 1097 2861 absque
1122 2790 1388 2846 existendi
1415 2790 1569 2845 initio
1598 2804 1809 2860 semper
1834 2804 1953 2844 esse
1981 2805 1994 2841 :
2026 2786 2145 2858 quae

566 2889 683 2944 sine
712 2886 865 2941 initio
904 2882 1213 2948 aeternitas,
1268 2882 1380 2951 ipsa
1411 2890 1496 2937 est
1535 2897 1661 2938 vera
1711 2882 1987 2936 Divinitas.
2019 2881 2145 2937 "th

568 2986 744 3031 autem
769 2977 819 3028 in
851 2989 956 3027 uno
984 2972 1139 3035 Filio,
1169 2972 1259 3040 qui
1284 2972 1349 3027 de
1370 2971 1531 3026 Patre
1558 2980 1716 3026 natus
1743 2979 1844 3037 est,
1873 2980 1930 3026 et
1955 2972 2007 3025 in
2037 2986 2144 3029 uno

569 3067 772 3140 Spiritu
799 3073 1008 3131 sancto,
1030 3079 1123 3134 qui
1151 3063 1217 3118 de
1247 3061 1405 3118 Patre
1431 3061 1673 3133 Filioque
1701 3062 1966 3133 procedit,
1989 3070 2147 3114 natu-

2235 1885 2366 1940 lium
2394 1885 2601 1951 fecerit,
2624 1886 2741 1940 sine
2760 1901 2866 1955 quo
2895 1885 3094 1941 factum
3123 1894 3205 1941 est
3232 1886 3384 1957 nihil.
3412 1885 3646 1942 Proinde
3664 1887 3815 1957 quid—

2232 1975 2365 2046 quid
2394 1984 2477 2032 est
2498 1976 2815 2032 naturaliter
2843 1977 3064 2045 aliquid,
3094 1991 3313 2031 necesse
3340 1985 3420 2031 est
3448 1985 3509 2030 ut
3536 1977 3680 2031 inter
3697 1978 3815 2047 ejus

2237 2081 2405 2137 opera
2434 2066 2723 2137 deputetur
2770 2081 2867 2136 per
2891 2081 3053 2135 quem
3068 2065 3215 2121 facta
3243 2074 3369 2120 sunt
3388 2067 3589 2133 omnia,
3619 2076 3676 2121 et
3698 2067 3815 2122 sine

2237 2172 2346 2226 quo
2396 2156 2595 2215 factum
2625 2165 2709 2212 est
2762 2156 2912 2211 nihil.
2946 2154 3141 2210 Plenus
3189 2156 3433 2211 veritatis
3477 2156 3815 2227 evangelista

2240 2256 2465 2303 testatur
2491 2247 2637 2318 quod
2663 2247 2717 2302 in
2738 2246 2981 2301 doctrina
3009 2246 3181 2301 sancti
3209 2246 3441 2315 Spiritus
3468 2246 3815 2301 nihilominus

2239 2338 2403 2393 etiam
2435 2335 2630 2391 Paulus
2651 2352 2747 2390 vas
2779 2336 3059 2391 electionis
3086 2344 3141 2391 et
3162 2335 3352 2390 doctor
3371 2336 3608 2403 gentium
3636 2336 3692 2390 in
3713 2336 3816 2392 liJe

2240 2437 2297 2484 et
2320 2429 2544 2491 veritate
2573 2427 2726 2481 nobis
2752 2442 2861 2480 non
2907 2426 3114 2481 destitit
3143 2425 3411 2490 intimare,
3436 2425 3623 2480 dicens
3660 2426 3811 2495 quod

2238 2521 2489 2590 superius
2511 2518 2623 2588 jam
2651 2519 2932 2590 posuimus
2963 2538 2975 2571 :
3004 2516 3170 2573 Nobis
3192 2529 3361 2572 autem
3387 2534 3521 2571 unus
3544 2516 3685 2572 Deus
3704 2517 3815 2572 Pe-

2241 2620 2337 2674 ter,
2367 2627 2433 2665 ex
2457 2628 2556 2681 quo
2583 2612 2779 2675 omnia,
2810 2621 2860 2665 et
2886 2610 3048 2681 420
3069 2626 3167 2664 nos
3194 2610 3249 2663 in
3281 2610 3428 2679 ipso;
3452 2620 3504 2668 et
3538 2624 3672 2663 unus
3700 2607 3815 2665 Da-

2243 2703 2413 2757 minus
2440 2702 2590 2756 Jesus
2611 2701 2866 2765 Christus,
2891 2718 2981 2770 per
3007 2718 3154 2771 quem
3179 2688 3376 2765 omnia,
3406 2709 3454 2753 et
3485 2716 3577 2753 nos
3615 2716 3712 2768 per
3728 2700 3818 2769 ip-

2241 2808 2357 2845 sum
2386 2790 2435 2861 (ι
2468 2789 2588 2845 Cor.
2619 2806 2732 2854 vtu,
2764 2789 2841 2861 ὓ).
2869 2789 3068 2845 Eadem
3091 2789 3184 2859 (al.
3216 2788 3284 2843 Et
3306 2788 3496 2859 adhuc)
3516 2788 3696 2842 omnia
3716 2803 3819 2843 cu-
3866 2838 3877 2845 .

2245 2882 2386 2936 ravit
2427 2882 2535 2936 alio
2563 2882 2685 2937 loco
2713 2882 3050 2938 manilestius
3093 2882 3393 2951 explicare,
3424 2881 3645 2935 dicens:
3677 2877 3819 2944 Quia

2244 2974 2299 3027 in
2322 2974 2433 3042 ipso
2459 2973 2667 3027 condita
2692 2982 2814 3026 sunt
2833 2975 3007 3027 omnia
3032 2974 3089 3026 in
3112 2972 3238 3026 caelo
3264 2981 3313 3026 et
3337 2973 3393 3025 in
3422 2971 3820 3040 terra,visibilia

2244 3071 2296 3117 et
2340 3063 2650 3129 invisibilia,
2692 3065 2796 3117 sive
2845 3061 3069 3127 Throni,
3115 3063 3220 3117 sive
3264 3062 3676 3128 Dominationes,
3715 3064 3820 3119 sire

571 3154 754 3208 raliter
792 3155 1076 3209 invenitur.
1106 3152 1236 3207 Tale
1259 3160 1344 3206 est
1371 3164 1501 3220 ergo
1529 3152 1672 3220 quod
1699 3150 2027 3221 evangelista
2056 3148 2141 3203 di-
2172 3162 2217 3225 ε
2247 3153 2599 3223 Principatus,
2632 3155 2737 3208 sive
2787 3153 3094 3220 Potestates,
3126 3155 3301 3209 omnia
3338 3170 3428 3224 per
3472 3154 3642 3222 ipsum
3688 3163 3741 3207 et
3766 3156 3823 3208 in

570 3250 664 3316 cit,
696 3247 763 3302 In
791 3247 1043 3318 principio
1068 3256 1180 3301 erat
1216 3244 1454 3311 Verbum,
1487 3244 1641 3314 quasi
1669 3243 1890 3308 diceret,
1920 3241 2147 3311 Semper

571 3347 688 3393 erat
709 3336 940 3392 Verbum
967 3354 981 3388 :
1009 3335 1366 3405 quodcunque
1387 3334 1530 3388 enim
1560 3332 1790 3388 voluerit
1816 3332 1978 3386 homo
2006 3331 2148 3400 prin-

571 3425 767 3496 cipium
797 3425 1063 3492 cogitare,
1095 3439 1201 3478 non
1235 3423 1503 3478 invenitur
1527 3420 1813 3490 aliquando
1852 3420 1982 3473 illud
2010 3419 2145 3473 Ver-

572 3518 697 3572 bum
735 3516 978 3585 cmpisse,
1021 3514 1113 3568 sed
1159 3529 1372 3584 semper
1403 3513 1456 3567 in
1486 3513 1750 3583 principio
1779 3525 1916 3565 esse.
1947 3510 2148 3565 Deinde

572 3607 771 3670 dicens,
803 3614 914 3660 erat
954 3604 1173 3658 Verbum
1202 3603 1341 3674 apud
1383 3601 1545 3655 Deum
1572 3641 1588 3667 ,
1637 3601 1873 3656 ostendit
1901 3607 2147 3654 naturam

572 3697 762 3765 Verbi,
813 3712 914 3751 nec
957 3695 1312 3765 temporalem
1341 3709 1460 3749 esse
1492 3694 1673 3762 utique
1697 3731 1712 3756 ,
1754 3707 1856 3745 nec
1896 3690 2144 3745 localem.

573 3787 713 3843 Nihil
754 3788 898 3842 enin.
930 3786 1090 3839 habet
1118 3786 1184 3839 de
1225 3784 1378 3838 initio
1408 3773 1675 3852 temporis“
1709 3781 1971 3846 Verbum,
2003 3780 2149 3850 quod

576 3878 628 3933 in
657 3876 922 3948 principio
951 3885 1065 3930 erat
1097 3892 1109 3927 :
1143 3874 1275 3928 nihil
1319 3874 1480 3928 habet
1518 3873 1584 3927 de
1614 3872 1788 3942 spatio
1818 3871 1920 3926 loci
1943 3912 1958 3937 ,
2007 3869 2150 3942 quod

577 3954 703 4023 ante
735 3979 948 4019 omnem
963 3975 1264 4019 creaturam
1287 3963 1620 4033 temporibus
1638 3962 1834 4017 locisve
1853 3961 2151 4028 subjectam

577 4054 719 4126 apud
746 4055 916 4109 Deum
946 4063 1081 4109 erat.
1113 4053 1307 4108 Diccns
1349 4052 1561 4115 deinde,
1593 4050 1734 4105 Deus
1763 4060 1871 4103 erat
1908 4050 2148 4117 Verbum,

578 4149 810 4205 ostendit
833 4163 991 4203 unam
1020 4147 1194 4203 Patris
1217 4147 1445 4217 Fdiique
1472 4154 1739 4207 naturam,
1768 4144 1893 4199 dum
1915 4144 2150 4199 Verbum

580 4240 724 4310 quod
754 4248 871 4294 erat
917 4239 1060 4309 apud
1104 4239 1272 4293 Deum
1320 4254 1426 4293 non
1477 4237 1620 4291 aliud
1671 4235 1987 4291 naturaliter
2019 4236 2155 4289 dixit

578 4348 699 4388 esse
721 4348 880 4401 quam
925 4333 1114 4387 Deum.
1150 4330 1488 4399 Evangelista
1520 4331 1720 4400 quippe
1752 4329 1981 4385 Verbum
2006 4332 2153 4399 prius

579 4422 781 4491 dicens,
825 4423 1145 4479 vocabulum
1176 4435 1421 4490 personae
1448 4423 1714 4476 veraciter
1751 4421 2032 4477 esistentis
2065 4437 2154 4477 ex-

2247 3243 2358 3313 ipso
2385 3252 2562 3296 creata
2586 3251 2726 3310 sunt,
2756 3252 2806 3296 et
2842 3245 2954 3313 ipse
2999 3253 3077 3297 est
3123 3254 3243 3296 ante
3271 3258 3464 3307 omnes,
3491 3250 3541 3295 et
3559 3244 3739 3296 omnia
3765 3245 3820 3296 in

2244 3335 2359 3403 ipso
2379 3342 2620 3389 constant
2651 3332 2870 3405 (Coloss.
2903 3350 2943 3399 ι,
2972 3334 3059 3401 16,
3092 3334 3206 3403 17).
3234 3333 3309 3388 Ne
3335 3335 3459 3402 quis
3503 3343 3687 3389 autem
3726 3348 3824 3389 au-

2244 3424 2418 3486 diens,
2448 3427 2500 3479 in
2530 3425 2666 3481 cmlo
2709 3435 2766 3480 et
2792 3426 2847 3479 in
2878 3434 3018 3480 terra
3043 3425 3222 3481 omnia
3250 3441 3347 3495 per
3372 3424 3651 3481 Christum
3683 3436 3742 3482 et
3768 3428 3824 3482 in

2246 3513 2462 3571 Christo
2488 3527 2695 3583 creata,
2723 3518 2850 3586 quia
2880 3518 2968 3574 hic
3000 3533 3152 3573 mare
3178 3534 3286 3573 non
3315 3520 3646 3586 nominatur,
3674 3528 3735 3574 et
3759 3533 3826 3575 ea

2246 3621 2369 3675 qua:
2397 3607 2450 3660 in
2481 3609 2634 3676 aquis
2661 3617 2787 3664 sunt
2831 3609 2899 3664 ab
2946 3624 3112 3679 opere
3138 3610 3329 3664 divina:
3365 3610 3652 3664 creationis
3677 3611 3826 3666 msti-

2248 3707 2362 3755 met
2387 3700 2561 3754 aliena
2576 3739 2591 3763 ,
2616 3702 2867 3770 primitus
2892 3702 3060 3772 ipsius
3077 3701 3303 3760 Genesis
3321 3703 3560 3757 attendat
3588 3702 3828 3773 initium,

2249 3791 2340 3847 ubi
2370 3792 2719 3861 prmeipiente
2747 3791 2974 3848 Domino
3002 3793 3372 3863 produxerunt
3398 3808 3550 3863 aqum
3603 3797 3825 3864 reptitia

2249 3889 2569 3951 animarum,
2602 3896 2658 3942 et
2684 3903 2811 3943 aves
2838 3903 2956 3958 qua:
2982 3889 3170 3942 volant
3196 3904 3358 3959 super
3384 3895 3580 3942 terram
3612 3885 3833 3961 (Cenes.

2249 3994 2289 4045 ι,
2315 3977 2430 4049 20),
2461 3987 2517 4033 et
2545 3986 2801 4048 agnoscat
2845 3979 3018 4048 ipsum
3070 3994 3190 4034 esse
3238 3980 3291 4033 in
3336 3980 3486 4048 aquis
3522 3988 3835 4033 creatorem

2250 4070 2479 4140 piscium
2509 4077 2565 4124 et
2592 4070 2793 4135 avium,
2822 4070 2913 4138 qui
2943 4076 3157 4124 creator
3182 4077 3265 4123 cst
3292 4070 3343 4122 in
3374 4076 3515 4122 terra
3557 4068 3836 4136 lignorum

2250 4171 2309 4216 et
2328 4149 2639 4228 herbarum,
2671 4162 2919 4218 similiter
2944 4162 2999 4215 in
3026 4161 3168 4216 cmlo
3198 4159 3535 4215 luminarium
3559 4166 3619 4213 et
3643 4158 3838 4213 stella-

2251 4267 2401 4317 rum;
2433 4257 2489 4306 et
2517 4254 2654 4307 sicut
2681 4254 2959 4321 cognoscit
3019 4252 3186 4306 Deum
3237 4252 3387 4321 prius
3415 4249 3606 4305 fecisse
3633 4252 3839 4306 omium

2254 4344 2309 4398 in
2334 4358 2445 4413 quo
2465 4345 2746 4399 luminaria
2777 4353 2832 4398 et
2859 4345 3046 4399 stellas
3071 4344 3291 4411 faceret,
3320 4346 3470 4413 prius
3499 4342 3696 4399 fecisse
3726 4351 3843 4399 ter-

2256 4449 2370 4488 ram
2415 4449 2535 4505 qua:
2560 4436 2678 4504 ipso
2701 4434 2924 4503 jubente
2968 4434 3163 4489 herbas
3189 4434 3440 4503 lignaque
3468 4432 3843 4503 produceret;

578 4513 792 4584 pressit,
824 4512 969 4582 quod
995 4512 1179 4581 utique
1220 4525 1327 4565 non
1356 4518 1441 4565 est
1467 4510 1609 4564 Patri
1636 4510 1879 4580 Filioque
1902 4498 2145 4567 commu<

2257 4525 2330 4579 ita
2359 4498 2552 4580 fec-isse
2578 4498 2762 4594 aquas,
2784 4518 2864 4579 de
2911 4525 3105 4593 quibus
3153 4498 3272 4594 ipso
3296 4498 3511 4577 dicente
3536 4520 3762 4589 reptilia
3789 4527 3848 4575 et

578 4618 665 4659 ne.
692 4602 848 4676 Solus
870 4604 1012 4658 enim
1032 4601 1197 4657 Filius
1220 4601 1415 4657 dicitur
1434 4601 1685 4657 Verbum.
1806 4658 1811 4663 ,

648 4692 737 4748 26.
769 4692 1030 4763 Erigebat
1071 4698 1250 4747 autem
1296 4691 1557 4746 naturalis
1583 4688 1902 4761 signiﬁcatio
1930 4698 1990 4743 ut
2015 4688 2154 4743 sicut

579 4797 852 4854 personce,
884 4784 963 4837 sic
991 4781 1152 4837 etiam
1201 4790 1405 4837 natura:
1457 4797 1653 4838 nomen
1703 4781 2078 4837 ostenderetur
2100 4781 2153 4835 in

579 4869 775 4926 Verbo.
792 4869 919 4925 ldeo
936 4869 1123 4924 beatus
1138 4871 1461 4939 evangelista
1476 4871 1862 4941 subsequenter
1878 4869 2147 4939 adjunxit:

584 4964 650 5039 Et
675 4964 809 5018 Deus
833 4972 945 5017 erat
985 4962 1218 5030 Verbum,
1248 4974 1409 5035 atque
1431 4967 1502 5021 ita
1529 4983 1636 5020 non
1665 4966 1838 5020 solum
1859 4967 2149 5036 personati,

578 5054 678 5112 sed
706 5062 762 5110 et
787 5055 1022 5109 naturali
1064 5055 1423 5130 insinuatione
1450 5056 1705 5124 unigeniti
1731 5054 1848 5108 Filii
1905 5055 1997 5109 Dei
2036 5053 2152 5109 olli-

581 5146 729 5215 cium
762 5152 960 5201 sancta:
988 5145 1383 5217 prtedieationis
1429 5145 1689 5214 explevit;
1720 5153 1780 5199 ut
1823 5154 1879 5200 et
1919 5145 2153 5201 Verbum

585 5249 898 5305 nuncnpans
924 5226 1193 5307 personali
1223 5234 1457 5299 nomine,
1481 5232 1673 5289 Filium
1705 5233 1880 5290 Patris
1906 5235 2155 5291 ostende-

583 5335 707 5390 ret;
732 5335 787 5383 et
825 5327 992 5385 Deum
1019 5328 1302 5383 nominans
1348 5327 1620 5383 communi
1649 5328 1931 5392 vocabulo,
1956 5336 2158 5385 natura:

585 5406 742 5475 mnus
770 5435 886 5476 esse
912 5433 1036 5475 cum
1064 5416 1222 5473 Patre
1263 5427 1602 5474 monstraret.
1636 5418 1837 5474 Deinde
1864 5426 1922 5473 ut
1949 5433 2014 5474 ex
2036 5419 2159 5474 uni-

586 5518 698 5566 tate
749 5509 927 5580 operis
953 5506 1122 5575 magis
1163 5508 1627 5564 commendaretur
1653 5508 1830 5563 unitas
1884 5507 2160 5574 naturalis,

588 5599 919 5668 evangelista
966 5595 1156 5650 beatus
1178 5596 1373 5664 adjecit
1407 5613 1419 5650 :
1454 5597 1645 5651 Omnia
1684 5613 1776 5666 per
1807 5598 1977 5660 ipsum
2021 5599 2161 5667 [uitta

588 5700 729 5754 sunt,
760 5696 809 5741 st
847 5686 957 5739 sine
999 5685 1112 5741 ἕπεο
1158 5688 1351 5759 factum
1392 5696 1467 5741 est
1515 5687 1663 5741 nihil.
1696 5686 1824 5752 Quis
1851 5686 1955 5740 hoc
1979 5685 2161 5742 dixit?

590 5785 794 5855 Nempe
821 5782 908 5837 ille
930 5798 1039 5851 qui,
1065 5799 1228 5856 super
1266 5792 1454 5854 pectus
1481 5784 1768 5853 Sapientia:
1798 5776 2159 5856 Veritatisque

2256 4614 2495 4669 volatilia
2524 4616 2729 4684 pariter
2753 4614 3105 4670 exstitissent.
3137 4613 3247 4669 Nec
3274 4614 3415 4668 enim
3440 4611 3507 4685 de
3548 4611 3711 4681 aquis
3741 4612 3850 4667 ali-

2256 4704 2385 4774 quid
2413 4703 2593 4760 Verbo
2646 4712 2902 4768 creasset,
2934 4704 2987 4759 si
3009 4703 3225 4759 easdem
3252 4716 3420 4771 aquas
3453 4700 3643 4756 Verbo
3671 4713 3852 4757 antea

2259 4812 2368 4852 non
2407 4795 2644 4852 focisset.
2672 4794 2801 4849 lnde
2824 4802 2908 4850 est
2934 4793 3082 4863 quod
3109 4793 3298 4848 beatus
3322 4790 3492 4887 David
3520 4790 3857 4846 universali-

2259 4895 2344 4941 ter
2364 4886 2583 4953 coelum,
2614 4893 2834 4949 terram,
2861 4897 3032 4947 mare,
3061 4896 3182 4938 cum
3211 4879 3462 4937 omnibus
3501 4894 3623 4948 quae
3665 4879 3746 4959 in.
3773 4879 3861 4934 eis

2258 4983 2384 5032 sunt
2403 4989 2433 5029 a
2463 4975 2577 5029 Deo
2604 4974 2743 5029 facta
2789 4987 2909 5028 esse
2935 4986 3044 5027 non
3083 4971 3253 5028 tacuit
3278 4970 3464 5025 dicens
3489 4985 3504 5022 :
3538 4967 3745 5023 Beatus
3774 4971 3861 5023 vir

2260 5065 2405 5134 cujus
2447 5063 2589 5117 Deus
2615 5061 2778 5117 Iacob
2823 5062 3032 5133 adjutor
3056 5063 3193 5134 ejus,
3217 5076 3333 5130 spes
3359 5059 3472 5130 ejus
3518 5059 3573 5113 in
3602 5056 3858 5113 Domino

2260 5153 2373 5208 Deo
2399 5153 2561 5223 ipsius
2589 5154 2673 5224 qui
2703 5153 2823 5223 fecit
2852 5150 3033 5204 emtum
3074 5159 3124 5204 et
3159 5159 3365 5210 terram,
3395 5163 3558 5211 mare,
3585 5155 3636 5200 et
3662 5149 3866 5202 omnia

2262 5261 2377 5316 qua:
2402 5246 2456 5300 in
2503 5246 2577 5298 eis
2622 5252 2743 5298 sunt
2773 5241 2946 5313 (Psal.
2972 5258 3129 5307 δην,
3177 5242 3232 5309 Α,
3263 5238 3339 5309 5).
3369 5237 3652 5306 Quomodo
3686 5240 3870 5310 (forte

2263 5333 2422 5404 Cum)
2452 5346 2584 5401 ergo
2612 5332 2926 5403 prophetica
2958 5338 3186 5387 testetur
3220 5330 3513 5385 auctoritas
3542 5326 3757 5382 uelum
3810 5339 3873 5383 ct

2264 5434 2486 5489 terram,
2516 5438 2686 5492 mare,
2716 5432 2772 5479 et
2793 5425 2971 5478 omnia
3000 5436 3119 5492 qua:
3147 5422 3199 5476 in
3225 5422 3304 5476 eis
3326 5428 3472 5487 sunt,
3501 5434 3532 5473 a
3560 5419 3677 5473 Deo
3713 5418 3877 5475 facta

2266 5531 2417 5584 esse,
2449 5514 2648 5573 Paulus
2696 5529 2913 5584 quoque
2960 5512 3237 5583 apostolus
3285 5518 3490 5566 asserat
3519 5510 3572 5563 in
3626 5506 3881 5565 Christo

2263 5615 2448 5662 creata
2471 5621 2590 5661 esse
2618 5606 2797 5659 omnia
2823 5604 2874 5656 in
2905 5603 3043 5658 coelo
3071 5610 3126 5655 et
3146 5601 3199 5654 in
3227 5608 3390 5661 terra,
3421 5599 3650 5654 visibilia
3673 5608 3746 5654 et
3782 5602 3881 5655 in-

2264 5696 2515 5761 visibilia,
2541 5696 2656 5751 sive
2684 5694 2950 5760 Thronos,
2977 5692 3089 5747 sive
3118 5691 3539 5757 Dominationes,
3556 5691 3673 5745 sise
3700 5691 3855 5747 Prin
3882 5733 3888 5741 .

2264 5786 2493 5855 cipatus,
2516 5784 2632 5843 sive
2688 5784 3024 5849 Potestates;
3049 5794 3153 5852 qua
3180 5783 3391 5837 ratione
3419 5790 3512 5837 aut
3562 5794 3671 5855 qua
3706 5785 3885 5839 veri-
