4048 6342
238 378 337 435 883

1148 374 1235 431 DE
1260 373 1766 433 INCARNATIONE
1806 372 1958 463 Flldl
1999 371 2107 426 DEI
2163 368 2361 424 LIBER
2402 364 2606 421 UNUS.

3387 354 3493 411 590

238 500 348 546 tate
375 505 408 544 α
448 490 561 545 Deo
589 488 781 557 aliquis
807 503 917 543 non
946 485 1060 541 vult
1087 484 1308 541 credere
1353 495 1562 541 creatas
1587 485 1640 538 in
1671 492 1813 539 terra
1841 491 1889 547 Λ
1917 482 2215 544 nutissima,
2247 495 2364 550 quae
2387 479 2637 559 facillime
2663 489 2886 549 possunt
2911 479 3120 536 duobus
3158 487 3366 539 tantum
3409 487 3494 543 di-

238 595 456 637 muscas
493 586 655 647 atque
683 577 1016 648 scorpiones,
1042 576 1245 646 pulices
1271 584 1325 630 et
1370 574 1615 635 dimices,
1648 588 1678 626 a
1707 587 1816 641 quo

250 682 453 735 negare
484 684 590 722 non
618 677 798 738 potest
838 675 1051 722 creatos
1082 681 1203 721 esse
1230 666 1286 720 in
1314 664 1620 720 cccleslibus
1649 662 1821 717 Thro-

240 776 363 826 nos,
403 760 832 820 Dominationes,
880 756 1219 825 Principatus
1262 763 1319 811 et
1347 753 1687 810 Potestates?
1718 751 1820 805 Er-

239 866 385 920 gone
431 851 572 905 Deus
601 850 690 903 ille
717 849 808 919 qui
832 862 992 917 super
1014 847 1208 901 cmlum
1230 861 1420 902 crcans
1439 844 1716 900 constituit
1736 858 1826 897 an-

242 940 447 1007 gelicas
476 938 742 1005 legiones,
776 932 1053 1003 negandus
1081 942 1164 989 est
1212 934 1265 987 in
1296 942 1441 988 terra
1472 932 1648 987 facere
1675 945 1825 985 scor-

243 1029 460 1098 pioncs,
503 1027 680 1094 inqua
711 1024 837 1079 fecit
858 1024 1119 1088 homines,
1152 1022 1277 1078 fecit
1305 1021 1505 1077 bestias
1525 1028 1579 1074 et
1607 1032 1821 1089 pecora,

245 1098 377 1173 fecit
402 1131 528 1171 aves
550 1124 605 1169 et
631 1114 840 1184 pisces?

316 1206 410 1260 28.
443 1206 600 1273 Quid,
642 1219 844 1274 qumso,
872 1202 924 1257 in
957 1204 1022 1257 iis
1048 1201 1423 1273 scorpionibus
1468 1201 1736 1271 displicet,
1768 1193 1827 1254 ut

246 1311 347 1360 eos
376 1295 655 1366 quisquam
683 1294 955 1348 existimet
997 1309 1028 1348 a
1059 1294 1170 1347 Deo
1201 1309 1305 1347 non
1345 1291 1550 1348 factos?
1578 1292 1714 1345 Nihil
1743 1298 1828 1345 est

247 1386 395 1439 enim
437 1385 490 1438 in
520 1398 747 1452 corpore
792 1384 1097 1452 scorpionis
1124 1382 1266 1452 quod
1298 1398 1403 1435 non
1435 1382 1642 1435 laudem
1692 1380 1824 1435 insi-

249 1485 383 1532 nuet
408 1475 705 1530 Creatoris.
736 1473 990 1529 Primitus
1027 1476 1140 1543 ipsa
1184 1487 1469 1544 compages
1495 1471 1728 1526 adunata
1772 1479 1829 1526 et

248 1564 556 1625 modificata
578 1566 959 1629 membrorum,
986 1566 1333 1632 congruentia
1354 1572 1407 1619 et
1432 1563 1671 1633 parilitas
1698 1577 1824 1633 par-

249 1660 288 1713 ti
330 1675 408 1723 m,
430 1657 627 1712 deinde
648 1657 825 1710 anima
856 1656 1149 1721 vivificaris,
1182 1664 1237 1711 et
1256 1656 1565 1710 sensilicans
1593 1669 1823 1723 corpus;

248 1764 373 1819 qua:
401 1748 582 1803 omnia
633 1748 773 1802 bona
800 1762 921 1802 esse
966 1748 1086 1817 quis
1134 1744 1540 1815 ambigat?Sed
1584 1744 1826 1815 profecto

1919 574 2042 642 gitis
2071 586 2374 643 compressa
2397 571 2650 637 interimi,
2676 569 2982 627 nullatenus
3000 584 3226 643 possunt
3245 576 3315 633 ad
3338 594 3495 635 man-

1919 661 2253 717 suetudinem
2283 661 2582 730 pervenire,
2634 659 2685 714 id
2714 669 2797 715 est
2842 664 3103 718 revocari.
3158 665 3271 722 Hoc
3314 674 3495 726 autem

1919 760 2204 823 propterea
2226 751 2405 806 divino
2451 749 2647 805 factum
2674 759 2883 805 constat
2910 746 3029 808 esse
3069 754 3293 825 judicio,
3322 768 3384 813 ut
3426 775 3495 817 ex

1920 842 1985 896 iis
2013 841 2204 911 quibus
2228 841 2533 894 dominatur
2559 841 2738 905 homo,
2772 853 3121 909 cognosceret
3142 856 3394 914 quantam
3420 851 3493 905 di~

1921 933 2176 1001 gnitatem
2223 939 2348 986 ante
2381 932 2853 998 transgressionem
2901 933 3118 1000 habuit;
3150 946 3206 991 et
3252 954 3319 993 ex
3374 940 3494 996 iisa

1922 1021 2115 1089 quibus
2144 1021 2387 1074 turbatur
2415 1029 2470 1074 et
2517 1021 2742 1084 laeditur,
2785 1034 3101 1089 agnosceret
3142 1026 3209 1079 ad
3238 1038 3493 1096 quantam

1922 1110 2274 1179 dejectionem
2294 1110 2710 1179 trausgressibne
2738 1115 3008 1181 pervenit;
3038 1114 3090 1168 iu
3114 1116 3263 1183 cujus
3308 1127 3493 1188 potes-

1924 1209 2035 1254 tate
2064 1200 2203 1254 Deus
2231 1200 2434 1267 majora
2464 1200 2693 1268 dimisit,
2742 1203 2948 1256 minora
3002 1207 3269 1262 subtraxit
3297 1226 3310 1260 :
3335 1210 3493 1265 simul

1925 1280 2214 1345 ostendens
2235 1289 2362 1358 quid
2383 1291 2606 1344 contulit
2630 1291 2901 1346 Creatoris
2927 1286 3140 1350 bonitas
3187 1298 3409 1364 homini,
3438 1309 3495 1355 et

1925 1379 2049 1447 quid
2080 1379 2256 1433 intulit
2304 1379 2556 1447 iniquitas
2584 1381 2798 1450 propria
2829 1386 3118 1452 peccatoii.
3170 1387 3274 1442 Per
3316 1398 3493 1445 trans-

1926 1470 2253 1537 gressionem
2279 1470 2461 1540 itaque
2505 1473 2799 1540 primorum
2848 1475 3155 1547 hominum,
3185 1494 3252 1535 ex
3298 1467 3492 1537 merito

1928 1561 2059 1614 tanti
2090 1562 2326 1617 criminis
2353 1563 2543 1617 accidit
2590 1556 2824 1619 humano
2851 1567 3032 1635 generi
3060 1569 3352 1626 vehemens
3408 1574 3492 1628 in-

1928 1651 2149 1709 firmitas
2169 1654 2459 1719 naturalis;
2498 1662 2555 1709 ut
2583 1670 2688 1709 non
2719 1655 3034 1725 quibusdam
3088 1662 3293 1716 naturis
3340 1665 3494 1720 malis

1926 1746 2091 1803 homo
2111 1747 2360 1813 cederet,
2383 1747 2477 1802 sed
2499 1764 2565 1802 ex
2588 1748 2847 1803 bonarum
2870 1751 3304 1810 inconvenientia
3339 1767 3502 1811 natus

248 1840 331 1894 vis
363 1839 454 1892 illa
486 1838 679 1892 veneni
708 1852 827 1906 qua:
849 1837 1116 1893 invenitur
1139 1836 1445 1892 hominibus
1496 1834 1826 1907 perniciosa,
1856 1838 1905 1898 B
1930 1853 2109 1893 rarum
2150 1838 2405 1908 supplicia
2434 1847 2489 1894 et
2512 1839 2744 1908 pericula
2775 1838 3056 1899 infirmitas
3099 1844 3328 1905 luunana
3375 1843 3493 1903 seti-

248 1938 308 1983 ut
337 1936 564 1999 putatur
599 1928 653 1982 in
691 1942 919 1997 corpore
959 1928 1258 1997 scorpionis
1286 1925 1573 1995 horrenda,
1601 1926 1692 1981 ubi
1721 1926 1827 1980 uti-

247 2033 381 2073 nam
410 2018 680 2072 discerent
722 2017 969 2072 homines
1011 2032 1224 2087 pccnam
1253 2031 1361 2072 sua:
1390 2016 1829 2085 transgressionis

248 2107 558 2170 attendere,
575 2116 627 2161 et
653 2107 958 2162 desinerent
978 2108 1118 2162 bona
1140 2106 1235 2162 Dei
1259 2122 1422 2178 opera
1444 2106 1658 2163 diabolo
1681 2122 1830 2161 men-

249 2196 467 2251 daciter
494 2195 802 2264 assignare!
854 2196 1023 2250 Minus
1069 2198 1209 2252 enim
1252 2198 1533 2251 attendunt
1574 2203 1831 2265 quantum

250 2285 401 2339 inter
430 2300 597 2356 opera
636 2286 729 2341 Dei
777 2286 952 2340 valeat
980 2289 1328 2354 congruentia
1358 2288 1636 2353 naturalis,
1659 2302 1831 2357 quan-

251 2385 483 2444 tumque
510 2375 685 2445 prosit
731 2376 895 2430 rebus
947 2376 1173 2444 singulis
1224 2377 1434 2440 modus,
1462 2376 1545 2431 vel
1575 2385 1835 2445 quantum

254 2474 456 2519 noceat
482 2465 939 2519 immoderationis
966 2480 1253 2520 excessus:
1286 2468 1476 2536 (textus
1504 2466 1833 2537 deprauatus)

253 2568 381 2622 qua:
405 2569 530 2607 cum
567 2554 791 2607 multum
822 2568 929 2607 non
974 2553 1099 2607 sivit
1149 2568 1267 2608 esse
1295 2554 1635 2624 omnipotens
1663 2553 1829 2619 Deus,

257 2644 353 2713 qui
384 2658 496 2697 non
525 2643 685 2697 etiam
714 2643 767 2696 in
798 2643 927 2713 ipsis
954 2643 1167 2698 famulis
1200 2642 1355 2715 (forte
1382 2641 1624 2716 ﬂagellis)
1656 2643 1838 2697 laudet

260 2748 432 2804 opera
477 2732 591 2797 Dei,
623 2732 841 2803 quando
866 2732 1013 2788 videt
1037 2742 1378 2803 peccatorem
1408 2732 1587 2788 divino
1615 2733 1839 2789 verbere

260 2825 555 2895 castigari?
581 2823 731 2879 Fecit
750 2825 893 2879 enim
914 2823 1075 2890 Deus,
1098 2824 1235 2879 sicut
1254 2825 1514 2895 scriptum
1533 2832 1613 2881 est
1641 2823 1835 2895 (Eccle.

264 2934 359 2986 vn,
392 2918 522 2989 50),
552 2918 823 2973 hominem
871 2927 1118 2984 rectum,
1167 2933 1327 2988 quem
1375 2934 1556 2975 rerum
1601 2921 1840 2975 omnium

264 3024 405 3078 quas
425 3009 480 3062 in
511 3015 653 3062 terra
681 3016 736 3063 et
762 3008 895 3062 mari
924 3017 1202 3063 creaverat
1232 3008 1307 3063 ita
1336 3009 1611 3064 dominum
1637 3009 1841 3065 consti-

263 3099 393 3164 tuit,
417 3097 578 3169 421
604 3105 662 3151 ιιι
680 3112 790 3151 sum
806 3105 1012 3151 tantum
1035 3095 1499 3167 faceretpotestati
1515 3097 1840 3167 subjectum;

1930 1929 2076 1984 tiret.
2106 1927 2258 1995 Quod
2285 1944 2414 1999 ergo
2441 1931 2601 1999 pulex
2623 1931 2889 1987 hominem
2911 1935 3131 1999 cruciat,
3158 1944 3214 1990 et
3258 1941 3494 2009 scorpius

1930 2027 2105 2084 necat,
2136 2034 2241 2073 non
2271 2020 2473 2074 creatio
2501 2020 2761 2074 malorum
2783 2030 2883 2084 est,
2911 2022 3008 2077 sed
3029 2022 3288 2096 bonarum
3312 2028 3493 2099 incon-

1928 2108 2198 2164 venientia
2228 2100 2557 2173 naturarum,
2584 2125 2701 2178 quae
2728 2110 3011 2166 subsecuta
3051 2121 3220 2169 estex
3248 2117 3500 2186 mquitats

1928 2199 2143 2269 judicis,
2174 2199 2388 2269 quando
2402 2201 2671 2268 praecessit
2696 2201 2944 2270 iniquitas
2966 2203 3197 2260 hominis
3225 2215 3497 2262 contumav

1932 2292 2031 2347 cis.
2064 2291 2203 2346 Deus
2232 2291 2393 2357 enim,
2419 2291 2570 2360 cujus
2605 2308 2731 2347 vera
2763 2309 2944 2364 Opera,
2964 2303 3020 2349 et
3040 2305 3200 2351 recta:
3233 2299 3331 2353 via:
3357 2311 3500 2355 sunt.

1932 2372 2148 2437 sanctus
2158 2379 2444 2434 Zacharias
2461 2380 2512 2433 in
2526 2395 2621 2434 sua
2635 2382 2878 2436 oratione
2889 2384 3182 2438 rectissime
3202 2386 3502 2444 confitetur.

1932 2472 2057 2541 quia
2076 2472 2166 2540 qui
2187 2486 2391 2526 summe
2412 2472 2584 2527 bonus
2604 2483 2704 2533 est.
2730 2474 2908 2533 omnia
2947 2489 3277 2546 quaecunque
3297 2477 3425 2534 facit
3455 2491 3497 2536 η.

2006 2561 2247 2617 50.1nde
2274 2570 2356 2617 est
2383 2563 2524 2632 quod
2552 2564 2779 2618 mirabili
2809 2580 2973 2633 opere
3001 2567 3160 2620 etiam
3185 2568 3296 2633 ipsa
3320 2569 3498 2625 incon-

1935 2644 2204 2698 venientia
2226 2652 2557 2710 naturarum,
2584 2660 2686 2713 qua
2708 2645 3002 2713 puniuntur
3019 2647 3246 2701 humana
3264 2659 3505 2719 peccata,

1937 2733 2318 2787 convenienter
2343 2732 2509 2787 utitur
2528 2774 2542 2798 ,
2571 2732 2695 2787 dum
2724 2734 2827 2789 hoc
2846 2733 2953 2802 agit
2974 2735 3180 2803 jastitia
3208 2738 3502 2794 incommu-

1940 2822 2275 2893 tabilis,qu:n
2300 2837 2395 2876 sua
2446 2822 2638 2891 cuique
2688 2823 2887 2889 tribuit,
2919 2833 2978 2879 ut
3026 2827 3502 2885 inconvenienttan'

1940 2913 2156 2967 alterius
2180 2912 2245 2967 ad
2274 2913 2500 2966 alterum
2529 2913 2787 2982 cujusque
2815 2922 3019 2970 natura:
3059 2904 3175 2973 suis
3202 2918 3363 2974 faciat
3389 2926 3503 2975 unia-

1941 3002 2227 3058 versaliter
2248 3003 2499 3073 operibus
2525 3006 2838 3060 convenire.
2865 3004 3063 3062 Natura
3086 3024 3214 3065 vero
3242 3012 3511 3080 quaelibet,

1943 3092 2070 3148 dum
2097 3101 2301 3147 natum
2323 3092 2477 3163 alteri
2506 3094 2683 3149 minus
2708 3098 2961 3151 convenit
2983 3098 3047 3152 ad
3075 3098 3235 3172 [5.22
3266 3103 3508 3157 salutem.

264 3190 334 3246 ιι)
378 3191 500 3259 ipso
529 3189 747 3257 exigens
790 3188 1105 3255 obsequium
1149 3186 1386 3241 debitum
1439 3187 1732 3255 servitutis,
1759 3187 1843 3241 cui
1871 3193 1918 3258 α
1945 3197 2055 3236 non
2082 3196 2149 3236 ex
2172 3180 2263 3235 illo
2289 3180 2427 3234 mala
2451 3182 2689 3251 putanda
2713 3191 2797 3237 est
2816 3185 2940 3253 quia
2970 3197 3127 3241 nocet
3151 3190 3347 3258 (omnis
3373 3192 3511 3248 enim

265 3276 504 3334 liberum
530 3279 748 3333 donavit
772 3277 1049 3331 arbitrium
1077 3277 1386 3332 voluntatis.
1419 3276 1520 3345 Qui
1545 3278 1717 3333 donec
1743 3292 1841 3332 suo

262 3370 506 3425 Domino
526 3384 760 3439 congrua
785 3369 1071 3423 devotione
1097 3369 1335 3431 servivit,
1358 3369 1520 3424 etiam
1547 3368 1602 3423 in
1622 3369 1704 3423 his
1724 3368 1843 3438 qui-

266 3460 372 3514 bus
402 3458 506 3513 fuit
533 3459 647 3529 ipse
690 3457 934 3528 superior
958 3465 1275 3527 potestatem
1319 3459 1646 3513 inconcussa
1670 3456 1843 3512 domi-

264 3549 514 3605 nationis
536 3549 797 3614 obtinuit;
830 3564 931 3603 nec
977 3548 1175 3617 aliquid
1223 3549 1456 3618 perdidit
1510 3564 1695 3605 eorum
1723 3563 1844 3618 qua:

265 3648 583 3711 acceperat,
614 3639 785 3695 donec
836 3639 949 3709 ipse
974 3638 1132 3708 plene
1157 3637 1390 3693 reddidit
1424 3637 1568 3708 quod
1594 3636 1842 3694 debebat.

264 3729 565 3787 Offendens
610 3738 788 3789 autem
812 3726 1093 3783 Dominum
1139 3727 1560 3797 transgressione
1585 3728 1845 3796 mandati,

266 3820 662 3878 contumeliam
705 3834 865 3888 quam
896 3818 1007 3873 Deo
1053 3818 1331 3885 exhibuit,
1361 3818 1413 3872 in
1469 3833 1569 3872 suo
1620 3832 1847 3887 corpore

268 3911 461 3969 ttatim
487 3918 825 3978 contemptor
861 3908 1063 3964 invenit
1091 3926 1105 3961 :
1137 3917 1195 3963 ut
1213 3907 1444 3963 disceret
1463 3922 1624 3981 quam
1650 3908 1847 3962 malum

271 4006 424 4055 esset
451 3997 579 4051 boni
622 3996 893 4052 Creatoris
920 4004 1184 4066 pratcepta
1223 4005 1603 4063 contemnere,
1635 3995 1848 4066 quando

270 4092 419 4164 ipse,
436 4097 722 4161 postquam
735 4089 906 4144 malus
926 4104 1045 4145 esse
1064 4088 1335 4159 cmpisset,
1356 4097 1679 4160 potestatem
1699 4105 1849 4145 suam

269 4187 330 4241 in
373 4183 639 4240 membris
681 4183 1001 4251 genitalibus
1028 4183 1364 4253 perdidisset.
1396 4181 1677 4249 Quomodo
1722 4197 1852 4251 ergo

273 4275 498 4332 illorum
542 4275 780 4329 omnium
829 4286 947 4341 qua:
976 4289 1008 4326 a
1048 4272 1159 4335 Deo
1205 4281 1491 4343 acceperat
1538 4286 1855 4343 permanere

271 4365 538 4420 dominus
563 4371 769 4432 posset,
799 4364 890 4431 qui
920 4361 1199 4416 Dominum
1234 4369 1582 4418 contemnens
1607 4362 1854 4417 domina-

275 4455 450 4510 tionis
471 4452 593 4522 jura
623 4453 675 4507 in
718 4468 817 4506 suo
863 4452 1035 4522 primo
1063 4467 1289 4522 corpore
1331 4451 1696 4523 perdidisset?
1723 4451 1858 4505 llinc

1946 3279 2137 3325 natura
2166 3269 2458 3326 secundum
2489 3271 2632 3340 quod
2655 3280 2843 3326 natura
2867 3282 2950 3328 est
2966 3274 3107 3329 bona
3138 3281 3261 3349 est),
3286 3280 3377 3334 sed
3399 3281 3513 3350 ple«

1940 3375 2166 3429 rumque
2195 3360 2315 3414 ideo
2336 3376 2407 3416 ex
2435 3368 2622 3414 natura
2653 3363 2891 3430 qualibet
2920 3364 3076 3418 alteri
3119 3377 3319 3422 natura:
3350 3369 3511 3425 infer-

1942 3457 2028 3504 tur
2050 3448 2368 3514 adversitas,
2398 3451 2522 3519 quia
2550 3451 2968 3519 incongruentia:
2994 3455 3135 3508 cedit
3173 3464 3228 3509 et
3265 3473 3511 3512 succum-

1941 3540 2021 3596 bit
2042 3540 2338 3595 inlirmitas.
2364 3540 2496 3595 Nam
2518 3541 2833 3610 plerumque
2861 3544 3022 3598 etiam
3048 3557 3134 3600 res
3161 3545 3306 3615 ipsae,
3331 3544 3387 3601 id
3436 3531 3511 3603 est

1943 3635 2073 3703 ipsa:
2099 3641 2303 3686 naturtc
2327 3633 2379 3685 in
2407 3633 2601 3701 quibus
2621 3634 2748 3688 solis
2770 3635 3062 3690 indubitata
3088 3638 3226 3693 solet
3252 3640 3513 3709 pernicies
3590 3680 3597 3685 .

1944 3723 2190 3790 inveniri,
2222 3725 2268 3779 si
2296 3723 2670 3780 moderatione
2707 3740 2941 3795 congrua
2990 3744 3059 3783 ex
3089 3728 3207 3784 aliis
3252 3740 3515 3801 tempere-

1947 3825 2052 3884 tur,
2083 3834 2150 3873 ex
2179 3818 2419 3887 periculo
2468 3818 2656 3873 mortis
2680 3819 2732 3873 in
2785 3820 2973 3874 salutis
3022 3824 3258 3878 remedia
3293 3839 3514 3880 convero

1947 3914 2133 3961 tuntur
2158 3923 2171 3959 :
2204 3904 2347 3977 quod
2376 3907 2428 3961 in
2457 3908 2585 3979 ipsis
2608 3909 2856 3978 primitus
2885 3913 3173 3967 venenosis
3202 3915 3518 3972 animalibut

1949 3990 2270 4054 invenimus.
2329 3998 2523 4054 Dicunt
2570 4000 2713 4053 enim
2764 4000 2979 4068 quidam
3023 4003 3168 4072 quod
3216 4005 3353 4072 ignis
3403 4023 3520 4062 acet

1949 4089 2200 4158 quotiens
2221 4089 2272 4142 in
2301 4080 2531 4161 corpore
2557 4091 2811 4157 nascitur,
2843 4093 3218 4161 scorpionibus
3266 4098 3438 4152 tunsis
3476 4112 3523 4152 et

1953 4177 2211 4247 appositis
2239 4179 2489 4232 celeriter
2515 4179 2906 4247 exstinguatur.
2938 4179 3043 4236 Sed
3081 4184 3184 4240 etsi
3230 4184 3336 4242 hoc
3371 4187 3523 4242 forsi-

1953 4278 2047 4325 tan
2075 4271 2143 4325 ab
2171 4270 2439 4341 aliquibus
2484 4281 2576 4324 aut
2604 4272 2907 4339 ambiguum
2935 4282 3167 4345 putetur,
3202 4285 3293 4331 aut
3319 4278 3525 4346 falsum,

1954 4359 2084 4415 illud
2112 4368 2258 4415 certe
2286 4375 2445 4415 nemo
2465 4374 2661 4428 negare
2691 4363 3033 4433 per’mittitur,
3059 4363 3199 4436 quod
3220 4368 3526 4426 admirabile

1957 4450 2011 4504 in
2033 4450 2370 4521 serpentibus
2397 4450 2687 4505 invenitur.
2718 4452 2943 4521 Viperas
2971 4455 3168 4525 quippe
3214 4461 3525 4517 naturaliter

273 4546 392 4615 jam
423 4545 602 4614 ipsum
627 4556 842 4611 quoque
891 4557 1088 4611 corpus
1114 4540 1315 4597 habere
1340 4543 1504 4612 cmpit
1531 4541 1855 4596 infirmitati-
1881 4547 1934 4606 ι)
1961 4553 2256 4594 venenosas
2284 4553 2405 4593 esse
2435 4539 2611 4595 nullus
2630 4540 2872 4609 ignorat,
2902 4559 3060 4614 quam
3108 4542 3381 4604 venenoso
3409 4568 3529 4607 acu-

276 4634 388 4689 bus
442 4632 714 4701 mortique
756 4629 1093 4698 subjectum:
1128 4630 1268 4685 unde
1314 4629 1457 4699 justa
1498 4640 1861 4698 consequente

279 4722 529 4779 vindicta
577 4720 776 4776 factum
805 4727 889 4775 est
914 4729 973 4775 ut
999 4721 1092 4790 qui
1123 4716 1348 4775 mortem
1397 4720 1591 4775 animae
1635 4735 1741 4773 non
1792 4719 1861 4772 ti-

278 4812 430 4868 muit
459 4812 515 4865 in
557 4818 801 4880 peccato,
829 4818 1058 4864 mortem
1082 4810 1325 4881 corporis
1370 4817 1635 4865 metueret
1661 4810 1713 4863 in
1739 4825 1865 4878 sup-

275 4901 491 4973 plicio;
515 4907 571 4953 et
596 4900 790 4954 amissa
817 4898 1001 4970 requie
1025 4914 1130 4968 qua
1152 4899 1344 4953 beatus
1366 4899 1691 4970 potiebatur,
1717 4914 1745 4953 a
1776 4900 1871 4954 mi-

281 4988 598 5045 nutissimis
616 4987 936 5042 animalibus
961 4988 1295 5043 miserrimus
1323 4990 1646 5044 turbaretur.

354 5074 457 5133 29.
482 5075 618 5131 Hinc
643 5084 731 5132 est
755 5076 897 5147 quod
927 5086 1048 5147 post
1091 5085 1369 5148 peccatum
1415 5079 1574 5150 primi
1614 5080 1869 5148 hominis,

281 5181 403 5236 quo
435 5174 520 5221 est
549 5166 776 5221 humana
805 5174 994 5221 natura
1024 5167 1399 5224 universaliter
1448 5183 1617 5238 regno
1660 5170 1871 5241 peccati

282 5255 599 5325 mortisque
617 5254 879 5324 subjecta,
909 5257 1148 5321 camelis,
1179 5258 1354 5327 equis,
1379 5258 1584 5325 bobus,
1611 5260 1869 5331 elephan-

280 5348 384 5417 tis,
411 5349 727 5414 ceterisque
778 5346 1066 5415 grandibus
1105 5348 1536 5420 quadrupedibus
1581 5350 1744 5405 homo
1772 5350 1872 5405 do-

281 5441 557 5497 minatur,
611 5446 667 5491 et
718 5452 897 5493 morsu
944 5440 1146 5495 cimicis
1191 5442 1485 5511 pulicisque
1536 5424 1868 5507 concutitur;

281 5542 533 5596 cumque
560 5528 737 5581 omnia
767 5530 854 5582 illa
881 5542 1001 5596 qua:
1047 5539 1171 5583 sunt
1220 5533 1502 5599 grandiora
1550 5547 1776 5602 corpore
1818 5540 1874 5587 et

284 5618 526 5674 fortiora
549 5618 745 5672 virtute
766 5619 1041 5675 mansueta
1071 5622 1305 5675 serviant
1334 5622 1555 5689 homini,
1602 5623 1717 5678 lucc
1770 5626 1871 5680 mi-

369 5807 395 5836 ι
420 5795 787 5867 Supplendum
811 5798 898 5855 bic
918 5797 1053 5853 bona
1074 5799 1223 5868 facit,
1246 5807 1338 5868 aut
1358 5800 1556 5867 aliquid
1590 5798 1865 5865 ejusmodi.

1962 4626 2051 4683 leo
2096 4627 2406 4698 scorpiones
2451 4629 2699 4684 occidant
2723 4632 2881 4701 (forte
2909 4648 3123 4689 cum....
3153 4637 3455 4707 occidant);
3481 4652 3531 4697 et

1964 4720 2142 4769 tamen
2169 4722 2231 4769 ut
2257 4715 2569 4771 ostendatur
2593 4716 2738 4786 quod
2801 4735 2907 4774 non
2951 4731 3261 4779 naturarum
3309 4728 3532 4798 malitia,

1966 4805 2061 4860 sed
2082 4805 2488 4874 incongruentia
2510 4814 2723 4870 noceat,
2748 4809 2991 4863 novimus
3014 4811 3322 4881 viperarum
3363 4819 3532 4871 carni-

1968 4894 2089 4960 bus,
2121 4895 2347 4950 aliarnm
2375 4910 2557 4951 rerum
2605 4900 2949 4967 congruentia
2977 4904 3289 4972 temperatis
3307 4946 3325 4973 ,
3352 4917 3537 4975 contra

1968 4984 2272 5055 viperarum
2302 5000 2513 5042 morsus
2544 4986 2894 5043 medicamina
2940 4990 3161 5059 confici;
3210 5010 3311 5051 nec
3366 4997 3540 5052 solum

1969 5073 2054 5129 bis
2101 5075 2194 5144 qui
2233 5090 2264 5129 a
2292 5077 2661 5145 scorpionibus
2708 5080 3114 5147 percutiuntur,
3145 5099 3329 5141 verum
3380 5088 3540 5142 etiam

1968 5165 2075 5220 illis
2126 5165 2218 5236 qui
2272 5167 2584 5222 mordentur
2628 5182 2659 5222 a
2706 5169 2904 5238 viperis
2948 5171 3233 5229 salubriter
3277 5176 3541 5232 adhiberi.

1972 5254 2103 5324 Quis
2151 5257 2239 5312 hic
2283 5257 2377 5311 Dei
2416 5259 2732 5328 sapientiam
2787 5276 2898 5317 non
2943 5262 3204 5319 miretur?
3250 5264 3379 5334 Quis
3434 5284 3544 5325 non

1974 5352 2093 5420 ejus
2167 5353 2462 5427 bOpitatem
2547 5353 2872 5425 ntagnilicet,
2923 5358 3366 5431 prudentiamque
3431 5363 3545 5420 cold

1974 5442 2193 5497 laudet?
2219 5444 2310 5512 qui
2339 5458 2444 5498 non
2476 5445 2758 5500 continens
2789 5447 2840 5499 in
2872 5446 2946 5500 ira
2976 5448 3366 5508 misericordias
3396 5468 3539 5519 suas,

1974 5536 2115 5590 unde
2159 5536 2392 5605 pericula
2434 5535 2560 5591 fecit
2589 5539 2960 5607 peccatoribus
2991 5541 3155 5606 nasci,
3189 5542 3309 5597 inde
3355 5542 3541 5601 statuit

1978 5626 2171 5681 auxilia
2193 5627 2616 5698 periclitantibus
2641 5629 2914 5696 subrogari
2950 5647 2961 5681 :
2996 5638 3053 5683 ut
3082 5634 3172 5700 qui
3204 5633 3541 5692 incommoda
3576 5626 3581 5630 ’
