4048 6342
566 336 665 391 591

1582 333 1636 385 S.
1680 330 2037 385 FULGEXTII
2075 328 2376 385 EPISCOPI
2417 329 2787 387 RUSPENSIS

3720 331 3820 384 593

563 469 661 524 pro
687 461 866 507 nostta
896 451 1173 520 iniquitate
1197 455 1474 513 sentnnus,
1497 462 1561 500 ex
1584 446 1697 514 ejus
1722 447 1960 500 bonitate
1981 462 2127 500 com-
2159 449 2208 507 Λ
2232 461 2339 515 quo
2370 446 2623 511 tenebrat,
2652 460 2787 515 quas
2817 446 2920 500 luci
2954 445 3269 501 naturaliter
3293 445 3479 501 dicunt
3527 461 3648 502 esse
3688 464 3820 500 enn-

561 544 716 601 moda
746 544 1082 600 sentiremus.
1124 538 1252 605 Quis
1280 539 1491 592 Iaudem
1521 536 1794 593 Creatoris
1816 536 2129 592 sufﬁcienti-

556 637 658 719 bus
687 610 922 704 explicet
944 630 1136 694 verbis,
1161 627 1375 697 quando
1406 643 1563 681 unam
1587 626 1938 695 eamdemque
1978 626 2128 696 vipe—

557 717 672 777 ram
700 723 779 779 sic
802 720 1021 784 creavit,
1047 727 1104 771 ut
1129 718 1285 772 simul
1316 719 1367 772 in
1411 733 1468 771 se
1510 726 1565 770 et
1593 717 1815 771 exitium
1855 724 1911 772 et
1948 731 2125 771 reme-

557 811 701 865 dium
730 817 910 876 gerat;
941 815 996 860 et
1022 820 1141 875 qua:
1168 806 1352 861 vivens
1393 805 1585 874 ingerit
1633 814 1880 869 mortem,
1914 815 2126 861 mortua

558 907 768 970 reparet
795 898 1113 961 sanitatem;
1143 896 1545 966 perniciemque
1573 897 1696 950 vita:
1740 905 1796 951 et
1840 896 2035 952 inferat
2071 906 2127 952 et

556 989 807 1059 repellat;
826 995 880 1042 et
899 1001 1163 1041 venenum
1179 985 1321 1055 quod
1342 986 1501 1040 dente
1522 986 1788 1055 serpentis
1810 985 2122 1052 infunditur,

553 1078 790 1146 ejusdem
818 1076 1082 1146 serpentis
1109 1075 1359 1129 carnibus
1394 1075 1806 1144 exstingualur?
1834 1090 1943 1143 quo
1980 1073 2037 1129 fit
2068 1083 2126 1129 ut

550 1169 732 1237 vipera
760 1180 879 1234 quas
921 1161 1429 1220 vivensin‘firmitati
1474 1163 1716 1216 humana:
1768 1163 2013 1216 militavit
2062 1179 2124 1219 ac

552 1263 730 1323 morti,
774 1267 984 1314 mortua
1030 1258 1153 1313 vita:
1199 1256 1391 1310 militet
1421 1263 1474 1331 et
1511 1255 1687 1331 saluti.
1721 1244 1870 1321 Quis,
1918 1270 2119 1323 quaeso,

551 1356 650 1406 ista
681 1350 825 1413 facit,
864 1350 966 1404 nisi
995 1349 1080 1404 cui
1111 1346 1531 1402 misericordiam
1561 1354 1614 1399 et
1641 1344 1903 1413 judicium
1947 1344 2118 1415 (Paul.

550 1460 599 1505 ιι,
635 1441 657 1494 1
677 1441 694 1509 )
721 1447 903 1496 cantat
929 1437 1206 1493 Ecclesia?
1872 1427 1878 1434 ’

619 1531 708 1584 51.
750 1528 969 1600 Species
1011 1543 1128 1596 quae
1156 1526 1351 1581 dicitur
1377 1525 1730 1587 scammonia,
1760 1524 1880 1608 quis
1910 1523 2127 1602 ignorat

548 1628 806 1689 quantum
847 1610 987 1675 obsit
1031 1619 1193 1683 sanis,
1238 1618 1283 1673 si
1329 1617 1442 1671 sola
1481 1624 1749 1679 sumatur;
1781 1624 1837 1669 et
1862 1622 2120 1683 quantum

548 1713 719 1783 prosit
741 1712 962 1766 infirmis
985 1710 1030 1764 si
1071 1708 1352 1780 speciebus
1380 1707 1497 1760 aliis
1518 1719 1759 1773 congrue
1796 1706 2121 1760 misceatur?

2233 538 2444 605 trarias,
2475 537 2674 591 nullam
2704 538 3046 592 inveniuntur
3073 538 3273 592 habere
3302 539 3590 592 naturam?
3630 537 3819 605 Neque

2229 614 2371 680 enim
2400 626 2517 680 duae
2545 634 2749 680 natura:
2776 633 2923 680 sunt'
2954 626 3044 680 lux
3089 633 3145 680 et
3172 625 3440 690 tenebrat:
3472 625 3567 680 sed
3600 625 3693 680 ubi
3726 625 3815 679 lux

2229 731 2335 770 non
2362 724 2463 780 est,
2498 715 2568 771 ibi
2599 716 2712 786 ipsa
2762 716 2897 771 lucis
2942 715 3186 770 absentia
3216 716 3558 770 tenebrarum
3591 714 3815 769 nomine

2228 815 2608 876 nuncupatur;
2646 806 2785 861 sicut
2820 806 2970 861 vocis
3010 805 3251 859 absentia
3287 791 3559 859 silentium
3589 804 3817 866 dicitur,

2226 894 2363 952 sicut
2375 894 2679 950 vestimenti
2692 894 2933 949 absentia
2948 893 3815 964 nuditasappellatur,sicutinane

2226 1001 2320 1040 vas
2346 986 2540 1040 dicitur
2583 987 2665 1040 cui
2697 986 2839 1039 nulla
2870 985 3166 1040 substantia
3187 985 3300 1039 sive
3321 984 3541 1052 liquoris
3586 984 3705 1038 sive
3736 984 3812 1038 rei

2226 1075 2450 1145 alicujus
2470 1077 2794 1131 infunditur:
2820 1077 2897 1132 sic
2918 1077 2969 1130 in
2991 1076 3284 1146 nobisipsis
3305 1072 3471 1129 fames
3481 1074 3810 1145 appellatur,

2226 1169 2314 1223 ubi
2337 1168 2488 1223 cibus
2515 1184 2621 1224 non
2644 1176 2757 1234 est;
2788 1168 2905 1235 sitis
2948 1168 3163 1233 dicitur,
3194 1167 3282 1222 ubi
3305 1175 3463 1236 potus
3492 1167 3676 1221 nullus
3706 1176 3808 1222 est.

2292 1258 2382 1311 55.
2413 1257 2536 1312 Haec
2584 1258 2765 1327 itaque
2793 1258 2969 1313 omnia
3000 1272 3121 1326 qua:
3167 1256 3605 1319 commemoravi,
3637 1264 3700 1310 et
3730 1256 3811 1310 bis

2224 1347 2415 1401 similia
2443 1362 2563 1415 quae
2590 1363 2689 1416 pro
2743 1346 3094 1401 custodienda
3136 1345 3509 1415 disputationis
3528 1345 3811 1400 'modera-

2225 1438 2370 1493 tione
2400 1454 2540 1493 nunc
2562 1439 2723 1503 tacui,
2763 1447 2888 1495 sunt
2915 1438 3133 1507 quidem
3163 1440 3280 1492 sine
3309 1435 3646 1491 dubitatione
3670 1438 3813 1492 con?

2224 1528 2409 1594 traria,
2433 1543 2541 1582 non
2582 1537 2759 1584 tamen
2798 1520 2896 1598 per
2922 1529 3168 1598 proprias
3197 1536 3432 1593 naturas,
3465 1528 3558 1581 sed
3584 1543 3690 1596 per
3715 1528 3809 1581 ba—

2223 1619 2391 1674 bitum
2415 1627 2471 1674 et
2496 1620 2874 1689 privationem,
2899 1620 2952 1674 id
2977 1626 3059 1675 est
3082 1634 3178 1688 per
3205 1634 3325 1673 eam
3362 1619 3806 1675 contrarietatem

2223 1725 2330 1779 qua
2362 1710 2446 1766 vel
2492 1710 2723 1765 habetur
2767 1709 2985 1779 aliquid,
3016 1710 3101 1763 vel
3141 1708 3338 1777 aliquid
3387 1724 3494 1762 non
3546 1707 3803 1763 habetur.

549 1802 615 1855 Et
644 1810 701 1856 ut
728 1801 796 1855 de
823 1801 905 1855 bis
934 1800 1124 1870 loquar
1152 1811 1269 1867 quae
1314 1811 1528 1865 semper
1554 1795 1621 1849 ab
1662 1792 1911 1847 omnibus
1953 1808 2119 1863 appe-
2152 1800 2199 1859 B
2225 1799 2456 1855 Proinde
2502 1801 2628 1856 licet
2672 1800 2780 1855 sint
2801 1800 3093 1867 contraria,
3118 1815 3223 1855 non
3250 1807 3423 1853 tamen
3451 1815 3643 1854 eorum
3674 1815 3810 1854 con-

548 1890 751 1961 tuntur,
775 1899 829 1946 et
851 1905 1076 1961 quorum
1100 1887 1410 1956 quotidiano
1440 1902 1535 1939 usu
1568 1900 1672 1939 non
1694 1884 1867 1938 solum
1896 1883 2118 1938 infirmi-

548 1995 650 2048 tas,
681 1982 774 2037 sed
821 1981 982 2036 etiam
1014 1980 1125 2049 ipsa
1155 1977 1422 2031 invenitur
1468 1976 1589 2029 vita:
1631 1975 1874 2027 humana:
1919 1974 2120 2053 sanitas

549 2074 808 2141 indigere,
833 2084 1024 2140 panem
1049 2067 1384 2122 attendamus
1411 2074 1466 2119 et
1490 2054 1695 2136 vinum,
1725 2080 1954 2133 quorum
1989 2080 2118 2119 neu-

548 2177 690 2216 trum
735 2160 985 2216 convenit
1030 2156 1372 2212 febricitanti.
1404 2154 1535 2217 Nam
1558 2153 1798 2208 videmus
1826 2168 1856 2207 a
1896 2153 2127 2214 medicis

549 2252 690 2321 quod
709 2265 921 2320 semper
940 2248 1155 2317 quidem
1187 2254 1362 2316 potus,
1395 2259 1775 2313 nonnunquam
1800 2259 1927 2298 vero
1956 2243 2117 2298 etiam

548 2347 701 2416 panis
728 2342 879 2419 cibus
898 2340 1251 2397 interdicatur
1284 2338 1519 2405 azgrotis.
1546 2336 1672 2391 Ideo
1700 2346 1879 2391 autem
1909 2339 2012 2391 hoc
2035 2334 2112 2401 fit,

547 2451 654 2489 non
677 2434 800 2503 quia
826 2431 977 2502 panis
998 2429 1289 2485 aut’vinum
1318 2427 1456 2480 mala
1483 2428 1612 2489 sint,
1637 2426 1731 2480 sed
1755 2427 1880 2495 quia
1908 2424 2117 2479 infirmo

548 2540 653 2577 non
698 2528 1016 2592 congruunt.
1066 2520 1199 2574 Nam
1229 2525 1639 2588 consequenter
1666 2531 1787 2570 cum
1823 2529 2117 2585 congruere

546 2613 824 2683 rmpcrint,
858 2620 914 2665 et
962 2610 1203 2664 nutriunt
1256 2605 1657 2672 fortitudinem,
1707 2614 1761 2659 et
1811 2603 2119 2659 custodiunt

545 2705 873 2757 sanitatem:
927 2715 1155 2770 quorum
1208 2707 1386 2753 tamen
1433 2695 1789 2751 immoderata
1842 2694 2117 2764 perceptio

545 2798 770 2850 fortibus
796 2782 1043 2847 virtutem
1074 2792 1288 2855 adimit,
1321 2789 1444 2843 dum
1487 2802 1649 2857 sanos
1687 2786 1941 2840 infirmari
1970 2800 2119 2839 com-

454 2904 461 2915 ’
546 2888 710 2956 pellit.
745 2884 884 2940 Ecce
912 2891 1170 2955 quantum
1200 2882 1342 2935 valet
1364 2881 1415 2934 in
1440 2879 1531 2934 Dei
1561 2879 1822 2934 creaturis
1847 2877 2035 2932 modus
2063 2886 2117 2931 et

544 2976 892 3044 congruentia
916 2990 1117 3041 rerum,
1139 2973 1330 3043 quibus
1351 2971 1732 3026 immoderatio
1757 2979 1917 3038 atque
1940 2971 2119 3024 incon-

545 3068 785 3137 gruentia
826 3067 1168 3120 inveniuntur
1220 3079 1339 3119 esse
1393 3061 1658 3117 contraria
1703 3063 1941 3130 :quibus
1986 3060 2115 3114 dum

2224 1890 2374 1944 trarii
2422 1906 2636 1960 semper
2690 1890 3036 1945 inveniuntur
3084 1888 3346 1945 effectus:
3388 1904 3509 1943 nam
3556 1890 3650 1943 lux
3706 1891 3808 1945 ista

2219 1982 2483 2051 corporis,
2499 1996 2660 2050 quam
2675 1979 2953 2035 Manichazi
2971 1980 3267 2050 principale
3288 1979 3487 2034 bonum
3507 1980 3804 2045 aestimant,

2219 2086 2340 2126 cum
2369 2073 2510 2128 bona
2543 2072 2614 2128 sit
2632 2072 2867 2141 quidem,
2895 2072 3146 2140 quoniam
3168 2086 3197 2125 a
3219 2087 3428 2126 summo
3456 2072 3602 2126 bono
3615 2081 3805 2127 creata

2218 2168 2319 2225 est,
2353 2160 2404 2214 in
2436 2167 2643 2213 tantum
2673 2168 2849 2214 tamen
2881 2160 2938 2211 fit
2965 2160 3124 2225 bona,
3157 2168 3217 2213 ut
3244 2159 3293 2213 ei
3331 2159 3649 2213 naturaliter
3680 2160 3805 2213 vitae

2218 2250 2288 2304 sit
2318 2248 2653 2319 prmferenda
2684 2250 3015 2314 substantia;
3045 2249 3169 2304 licet
3197 2261 3326 2318 ergo
3368 2250 3438 2304 sit
3465 2250 3629 2310 bona,
3666 2266 3804 2328 non-

2219 2352 2489 2407 nunquam
2531 2345 2709 2391 tamen
2741 2337 2845 2392 illis
2873 2337 2963 2405 qui
2991 2351 3055 2391 ea
3086 2336 3378 2405 incongrue
3418 2346 3646 2391 utuntur
3695 2353 3804 2391 non

2216 2427 2444 2482 salubris
2471 2426 2714 2492 eflicitur,
2745 2425 2840 2481 sed
2869 2426 3133 2496 pmnalis:
3162 2441 3325 2481 sanos
3361 2427 3561 2497 quippe
3610 2427 3802 2481 oculos

2215 2528 2448 2589 vegetat,
2479 2520 2719 2575 infirmos
2761 2521 3063 2583 excruciat;
3122 2520 3417 2575 incolumes
3456 2520 3660 2583 reficit,
3704 2515 3801 2575 clo-

2218 2613 2388 2669 lentes
2433 2613 2699 2669 obtundit.
2728 2611 3048 2668 Econtrario
3099 2619 3278 2666 autem
3314 2611 3457 2667 oculi
3502 2612 3555 2666 in
3602 2612 3800 2666 dolore

2218 2705 2377 2773 positi
2407 2719 2475 2760 ex
2505 2703 2742 2759 tenebris
2771 2703 3002 2773 aliquam
3024 2711 3429 2772 consequuntur
3456 2704 3719 2772 requiem,
3746 2712 3801 2759 et

2217 2795 2411 2850 clausis
2434 2794 2614 2862 januis
2639 2809 2703 2849 ac
2728 2791 2979 2849 fenestris
3016 2794 3258 2848 sentiunt
3286 2793 3495 2862 aliquod
3540 2793 3798 2850 levamen

2220 2887 2361 2941 illius
2388 2886 2589 2941 doloris
2616 2902 2776 2955 quem
2798 2901 2863 2941 ex
2888 2886 3089 2940 lumine
3114 2886 3411 2956 patiuntur,
3439 2895 3493 2941 et
3516 2886 3581 2939 ad
3608 2886 3799 2941 viden-

2217 2968 2341 3031 dam‘
2370 2978 2542 3033 lucem
2565 2978 2796 3048 quadam
2819 2974 3157 3033 tenebrarum
3177 2977 3522 3045 congruentia
3543 2978 3800 3033 nutriun-

2222 3075 2324 3119 tur.
2359 3065 2497 3121 Ecce
2524 3067 2615 3121 lux
2642 3074 2846 3136 quanto
2882 3068 3057 3122 minus
3103 3068 3375 3135 congruit,
3426 3075 3577 3122 tanto
3627 3069 3800 3139 magis

545 3159 788 3215 naturale
830 3158 1042 3222 dicitur,
1073 3172 1179 3211 non
1212 3155 1468 3210 naturalis
1491 3155 1712 3218 malitia,
1743 3154 1839 3208 sed
1867 3153 2116 3208 accidens
2142 3153 2187 3215 C
2220 3164 2390 3231 1mm;
2421 3173 2476 3219 ει
2513 3164 2749 3239 ιεηθιηοω
2794 3160 2994 3235 quanto
3039 3166 3210 3235 magis
3257 3174 3593 3234 congruum,
3645 3176 3802 3222 ωηιο

545 3250 824 3304 infirmitas
845 3248 1134 3312 invenitur,
1157 3246 1299 3316 quod
1324 3248 1375 3300 in
1406 3246 1654 3301 omnibus
1675 3245 1936 3301 creaturis
1963 3245 2119 3300 facile

544 3341 755 3411 reponit
780 3338 1020 3409 quisquis
1048 3354 1077 3392 a
1101 3352 1310 3393 summo
1336 3338 1479 3392 bono
1509 3345 1689 3392 creata
1714 3335 1855 3391 bona
1884 3337 1961 3391 sic
1988 3352 2117 3391 con-

542 3434 762 3501 siderat,
793 3440 851 3485 ut
876 3431 929 3484 in
956 3430 1035 3485 eis
1063 3428 1491 3498 inexplicabilem
1518 3436 1680 3495 atque
1706 3425 2116 3480 inenarrabilem

542 3522 752 3578 laudem
780 3521 1051 3577 Creatoris
1079 3526 1366 3587 agnoscat;
1396 3517 1554 3588 423
1582 3531 1645 3570 ac
1673 3530 1769 3587 per
1796 3516 1899 3570 hoc
1918 3516 2117 3585 sitipse

540 3630 650 3685 prae
678 3613 926 3689 omnibus
953 3608 1389 3680 diligendn:,'qui
1429 3609 1592 3662 etiam
1630 3607 1685 3661 in
1735 3607 1819 3662 bis
1843 3623 1962 3677 qua:
2000 3623 2117 3677 poe-

540 3707 682 3761 nalia
711 3720 809 3777 pro
855 3712 1036 3759 nostra
1069 3703 1348 3771 iniquitate
1394 3701 1654 3756 sentimus
1708 3708 1764 3754 et
1811 3700 2117 3758 misericors

540 3797 809 3853 invenitur
833 3801 888 3850 et
902 3795 1101 3863 justus,
1130 3792 1256 3846 dum
1280 3791 1403 3845 inde
1431 3791 1678 3845 sublevat
1705 3788 1937 3859 fragiles,
1971 3790 2115 3846 unde

540 3884 848 3955 comprimit
871 3891 1242 3947 contumaces;
1273 3889 1328 3934 et
1354 3881 1478 3949 quia
1508 3879 1842 3950 pnecedcnte
1861 3881 2112 3950 superbia

540 3976 795 4030 continuo
815 3982 897 4030 est
916 3975 969 4027 in
997 3973 1214 4026 homine
1232 3980 1524 4027 consecuta
1552 3970 1788 4034 miseria,
1809 3971 2113 4026 misericors

539 4067 798 4121 Dominus
822 4074 878 4120 et
898 4065 1096 4135 justus,
1124 4064 1265 4118 unde
1291 4063 1558 4132 superbia:
1607 4063 1817 4131 pondus
1861 4064 2108 4133 imponit,

540 4157 664 4210 inde
692 4155 1069 4211 misericordiae
1099 4156 1339 4210 levamen
1361 4154 1603 4223 apponit.

610 4250 696 4304 5%.
726 4250 1104 4305 Verumtamen
1133 4248 1373 4317 quisquis
1409 4256 1491 4303 est
1534 4246 1783 4302 Ecclesiae
1830 4246 1967 4302 filius
1995 4248 2106 4316 qui,

539 4351 597 4397 ttt
623 4342 772 4407 dicis,
805 4340 893 4395 illa
922 4340 1219 4411 proposuit,
1250 4354 1495 4394 asserens
1523 4354 1752 4402 muscas,
1775 4334 2107 4413 scorpiones,

535 4432 739 4502 pulices
766 4439 822 4486 et
848 4431 1096 4497 cimices,
1142 4446 1248 4484 non
1279 4445 1307 4483 a
1339 4429 1474 4493 Deo,
1524 4429 1618 4483 sed
1642 4445 1673 4482 a
1701 4428 1915 4484 diabolo
1945 4429 2103 4493 facta,

2216 3254 2386 3334 magis
2414 3264 2666 3324 prosunt;
2698 3262 2753 3310 et
2794 3256 2937 3317 sicut
2973 3254 3160 3310 oculos
3205 3271 3368 3312 sanos
3404 3257 3538 3312 lucis
3577 3257 3801 3325 adjuvat

2216 3342 2452 3408 claritas,
2481 3341 2556 3396 ita
2588 3342 2831 3397 dolentes
2858 3342 3111 3412 adjuvare
3139 3344 3483 3401 tenebrarum
3512 3349 3803 3401 consuevit

2215 3432 2548 3498 obscuritas;
2569 3447 2632 3487 ac
2661 3447 2756 3503 per
2778 3433 2882 3487 hoc
2918 3433 3047 3488 dum
3073 3446 3309 3501 congrue
3336 3442 3625 3504 utrumque
3650 3437 3800 3491 acci-

2215 3523 2383 3591 pitur,
2413 3523 2546 3578 lucis
2574 3537 2637 3577 ac
2665 3522 3002 3578 tenebrarum
3025 3522 3245 3579 effectus
3268 3524 3323 3578 in
3346 3523 3600 3593 juvandis
3622 3526 3802 3581 oculis

2216 3613 2502 3668 invenitur.
2529 3611 2688 3669 Sicut
2710 3613 2853 3667 enim
2885 3612 3086 3667 lumine
3104 3611 3518 3684 hzajuvantur
3550 3617 3692 3679 sani,
3722 3614 3802 3670 sic

2214 3705 2452 3760 tenebris
2488 3704 2799 3759 reficiuntur
2845 3704 3061 3781 infirmi.
3120 3703 3252 3758 Nam
3308 3715 3363 3758 et
3409 3708 3529 3759 cum
3587 3707 3802 3776 fatigati

2213 3792 2535 3851 elauduntur
2563 3795 2617 3849 in
2638 3809 2905 3861 somnum,
2937 3794 3332 3864 quodammodo
3368 3796 3605 3850 tenebris
3633 3798 3795 3866 adju-

2211 3895 2407 3942 vantur
2433 3894 2493 3941 ut
2519 3885 2759 3941 videndze
2806 3885 2913 3941 luci
2938 3885 3117 3940 denuo
3166 3886 3330 3939 validi
3358 3885 3635 3956 fortesque
3667 3891 3800 3944 red-

2211 3976 2425 4032 dantur.
2457 3975 2587 4032 Tale
2627 3985 2710 4032 est
2744 3984 2927 4031 autem
2958 3977 3127 4032 oculis
3157 3975 3380 4032 infirmis
3407 3991 3471 4031 ac
3496 3977 3744 4054 fatigatis
3769 3995 3800 4033 a

2210 4067 2356 4123 bono
2406 4067 2610 4121 lumine
2634 4082 2733 4137 pro
2762 4068 3058 4136 reparanda
3085 4066 3255 4122 salute
3275 4083 3338 4123 ac
3364 4066 3680 4134 fortitudine
3708 4086 3800 4124 τε·-

2211 4152 2436 4226 moveri,
2458 4159 2619 4229 quale
2647 4168 2731 4215 est
2749 4166 2865 4214 toto
2890 4158 3127 4229 corpori,
3151 4159 3196 4213 si
3225 4158 3437 4229 quando
3462 4159 3801 4228 inﬁrmatur,

2210 4264 2240 4301 a
2266 4255 2526 4302 consueta
2547 4247 2790 4302 ciborum
2838 4246 3187 4316 perceptione
3225 4246 3480 4316 suspendi
3509 4265 3522 4300 :
3556 4248 3652 4319 qui
3682 4264 3799 4302 non

2209 4346 2494 4408 propterea
2516 4338 2772 4393 contrarii
2795 4346 2922 4392 sunt
2968 4336 3192 4393 infirmis
3220 4345 3274 4392 et
3304 4337 3447 4392 noxii
3476 4338 3601 4407 quia
3632 4349 3803 4394 natu-

2209 4430 2393 4485 raliter
2414 4429 2539 4484 mali
2567 4438 2711 4497 sunt,
2729 4427 2823 4484 sed
2843 4429 2968 4497 quia
2996 4443 3184 4483 eorum
3209 4425 3505 4481 infirmitati
3533 4443 3644 4483 non
3666 4445 3802 4484 con-

535 4521 799 4578 cautelam
846 4528 998 4589 gerat
1025 4534 1093 4574 ne
1122 4518 1535 4573 Manichzeornm
1577 4517 1852 4573 mortifera
1891 4518 2108 4574 fallatur
2137 4507 2184 4566 ί)
2208 4530 2405 4592 gruunt
2433 4540 2444 4575 :
2472 4537 2577 4578 non
2607 4522 2752 4577 enim
2781 4521 2961 4574 omnia
2983 4534 3101 4589 quae
3128 4519 3271 4590 capit
3289 4519 3491 4575 sanitas
3517 4529 3803 4575 sustentat

533 4629 596 4667 ac
623 4611 923 4682 decipiatur
950 4610 1166 4675 astutia,
1194 4608 1286 4679 qui
1313 4610 1470 4664 deum
1495 4609 1649 4671 lucis,
1673 4617 1729 4663 et
1759 4608 1918 4663 deum
1950 4616 2103 4665 tene-

531 4704 769 4767 brarum,
799 4702 898 4772 ipsi
936 4702 990 4756 in
1012 4700 1246 4756 tenebris
1264 4700 1539 4765 constituti
1570 4700 1810 4755 nituntur
1831 4700 2100 4767 inducere,

531 4803 585 4847 ct
605 4793 712 4847 duo
742 4792 1056 4847 naturaliter
1076 4792 1177 4847 sibi
1209 4791 1475 4846 contraria
1503 4791 1762 4862 principia
1791 4793 2101 4863 prmdicare.

535 4886 683 4943 Unde
711 4886 836 4957 quia
871 4894 1118 4941 naturam
1166 4885 1299 4939 lucis
1344 4884 1529 4939 dicunt
1572 4885 1801 4951 bonam,
1854 4892 2101 4940 naturam

529 4994 658 5033 vero
682 4978 1022 5032 tenebrarum
1051 4976 1266 5041 malam,
1310 4976 1434 5030 illuc
1460 4976 1679 5045 proprio
1722 4977 1991 5031 ducuntur
2016 4992 2103 5032 er-

529 5082 672 5129 rore,
704 5074 764 5120 ut
785 5066 838 5119 in
866 5065 1115 5123 omnibus
1136 5066 1297 5121 rebus
1313 5080 1432 5135 qua:
1457 5065 1509 5118 in
1537 5066 1735 5120 mundo
1763 5074 1904 5131 sunt,
1936 5081 2101 5136 quas-

527 5158 654 5211 dam
676 5156 866 5222 bonas,
891 5156 1151 5226 quasdam
1162 5172 1293 5212 vero
1314 5156 1481 5211 malas
1493 5165 1710 5212 naturas
1729 5172 1836 5212 non
1848 5167 2104 5215 cuncten-

529 5257 616 5303 tur
643 5263 885 5305 asserere
917 5265 930 5300 :
973 5248 1094 5303 illas
1116 5249 1356 5305 dicentes
1378 5248 1547 5303 malas
1573 5249 1769 5317 quibus
1792 5263 1980 5305 sensus
2008 5266 2102 5306 eo-

527 5353 645 5393 rum
665 5338 1036 5404 offenduntur,
1061 5338 1178 5394 illas
1204 5339 1373 5394 bonas
1396 5354 1624 5409 quarum
1652 5339 1938 5395 dilectione
1960 5340 2099 5396 mul-

528 5436 719 5483 centur
749 5447 762 5481 :
799 5446 901 5484 non
926 5427 1289 5499 intelligenles,
1320 5428 1457 5483 sicut
1492 5412 1783 5499 Apostolus
1812 5430 1910 5496 “ait,
1941 5446 2101 5501 neque

527 5535 643 5588 qua?
660 5521 952 5589 loquuntur,
978 5536 1138 5592 neque
1158 5518 1222 5573 de
1247 5519 1426 5590 quibus
1446 5521 1706 5588 afﬁrmant
1734 5518 1784 5590 (ι
1806 5518 1936 5574 Tim.
1959 5535 1995 5585 ι,
2021 5520 2097 5589 7).

528 5607 601 5662 Ut
624 5610 765 5664 enim
814 5610 881 5665 de
909 5611 1028 5665 luce
1072 5626 1137 5666 ac
1176 5610 1433 5676 tenebris,
1480 5624 1707 5679 quarum
1735 5610 2102 5680 principaliter

529 5707 746 5754 naturas
773 5709 961 5770 putant
977 5716 1096 5757 esse
1123 5702 1439 5766 contrarias,
1457 5700 1658 5769 aliquid
1685 5700 1889 5766 dicam,
1918 5716 2098 5756 nonne

452 5816 457 5821 π
525 5788 755 5861 primum
786 5790 838 5843 in
860 5804 926 5845 eo
954 5789 1181 5846 mendax
1204 5791 1415 5846 illorum
1446 5790 1712 5846 invenitur
1740 5789 1971 5846 assertio
1995 5829 2012 5860 ,
2043 5790 2099 5847 in

2212 4611 2516 4669 infirmitas.
2541 4609 2693 4666 Unde
2712 4625 3093 4680 nonnunquam
3116 4611 3170 4664 in
3199 4609 3387 4664 iisdem
3406 4609 3567 4664 rebus
3591 4612 3803 4680 quibus

2211 4719 2398 4760 sanum
2428 4718 2625 4774 corpus
2669 4702 2925 4769 reficitur,
2957 4700 3238 4756 infirmitas
3267 4703 3508 4772 corporis
3552 4698 3805 4772 praegra-

2207 4802 2366 4869 vatur
2392 4812 2404 4846 :
2430 4794 2502 4849 ita
2528 4801 2587 4847 ut
2611 4792 2899 4861 aliquando
2920 4792 3090 4862 ipsum
3118 4806 3332 4861 quoque
3355 4807 3542 4848 sanum
3588 4808 3805 4863 corpus

2210 4898 2388 4938 rerum
2416 4898 2639 4952 quarum
2668 4882 2885 4951 juvatur
2907 4898 3005 4936 usu
3035 4881 3259 4950 laedatur
3282 4896 3537 4949 excessu,
3570 4891 3629 4937 et
3656 4884 3804 4937 dum

2208 4973 2408 5043 aliquid
2438 4974 2728 5041 incongrue
2773 4972 3051 5041 accipitur,
3082 4971 3173 5027 ubi
3200 4971 3555 5027 custodienda
3584 4976 3803 5041 quatri-

2200 5072 2289 5117 tur
2324 5062 2543 5129 sanitas,
2576 5060 2857 5116 infirmitas
2904 5060 3196 5115 invenitnr.
3222 5059 3342 5130 ipse
3366 5072 3585 5129 quoque
3615 5063 3805 5116 vesti-

2203 5162 2508 5210 mentorum
2552 5168 2681 5208 usus
2724 5152 2768 5207 si
2821 5150 2981 5205 fuerit
3006 5152 3350 5219 incongruus,
3394 5166 3503 5205 non
3546 5151 3804 5207 salubris

2204 5245 2474 5299 invenitur
2512 5258 2650 5307 esse,
2675 5242 2771 5299 sed
2798 5244 3012 5298 noxius.
3034 5231 3187 5308 ’Quis
3209 5242 3374 5307 enim,
3403 5244 3520 5298 sive
3542 5244 3808 5311 qualibet

2203 5334 2402 5405 inopia,
2426 5336 2538 5390 sive
2569 5333 2878 5388 infirmitate
2904 5333 3168 5402 corporis,
3208 5348 3317 5388 non
3367 5333 3669 5403 perniciose
3698 5336 3804 5391 vel

2205 5440 2327 5489 cum
2367 5431 2559 5481 aestuat
2601 5423 2921 5477 hiemalibus
2968 5422 3315 5487 indumentis,
3347 5422 3433 5478 vel
3461 5439 3587 5479 cum
3635 5425 3808 5495 alget

2205 5526 2384 5572 utatur
2401 5517 2634 5572 aestivis?

2273 5608 2360 5662 54.
2403 5608 2642 5677 Longum
2670 5619 2753 5664 est
2779 5618 2957 5664 autem
2979 5611 3342 5677 congruentia;
3363 5609 3617 5687 judicium
3639 5612 3808 5666 mul-

2202 5700 2272 5755 tis
2300 5696 2560 5772 cxemplis
2588 5700 2894 5767 ostendere,
2919 5717 3038 5756 cum
3081 5701 3410 5757 intuentibus
3438 5701 3625 5756 deesse
3669 5716 3806 5757 non

2200 5791 2421 5860 possint.
2458 5789 2686 5850 Proinde
2736 5805 2923 5849 omnes
2952 5797 3157 5847 natura:
3205 5805 3325 5860 qua:
3351 5799 3496 5860 sunt,
3527 5804 3640 5860 qua:
3696 5794 3804 5847 vi-
