4066 6346
238 437 341 497 593

1139 433 1223 487 DE
1262 399 1759 489 ιΝεΑιιΝᾸτιυΝιῖ
1797 432 1946 489 FlLll
1988 432 2095 487 om
2135 432 2333 488 LIBER
2374 433 2568 490 unus.

3375 438 3483 497 53$

240 565 391 624 mut,
418 568 537 622 qua:
564 551 820 615 sentiunt,
845 563 962 619 qua:
982 548 1301 618 intelligunt,
1335 549 1589 618 quoniam
1618 564 1648 604 a
1674 548 1809 614 Deo,
1840 552 1885 610 Α
1912 551 1966 604 in
1997 550 2215 604 tenebris
2254 558 2328 605 est
2353 568 2508 621 usque
2536 551 2722 604 adhuc.
2752 549 2891 605 Nam
2921 554 3004 629 qui
3050 553 3216 623 diligit
3266 555 3481 624 fratrem

238 647 290 703 id
312 654 395 702 est
427 659 459 699 a
482 658 692 701 summo
719 643 863 696 bono
884 640 1038 695 facta:
1063 647 1215 703 sunt,
1232 641 1386 696 bona:
1411 649 1540 696 sunt
1570 658 1583 694 :
1623 655 1741 710 quae
1764 640 1809 696 si
1910 655 2074 701 suum,
2106 640 2160 691 in
2187 639 2380 695 lumine
2402 649 2684 709 permanet,
2707 648 2754 695 et
2774 642 3076 696 scandalum
3101 644 3230 698 ineo
3254 660 3357 698 non
3382 654 3478 697 est.

238 754 267 791 a
304 749 517 791 summo
558 734 701 808 bono
730 746 838 787 non
864 729 1088 796 tierent,
1116 731 1271 785 home
1294 744 1404 785 non
1428 737 1637 795 essent;
1667 736 1724 785 et
1762 728 1809 784 si

236 828 394 883 bona:
441 841 549 880 non
595 830 794 888 essent,
814 822 872 879 in
897 821 1088 892 seipsis
1114 820 1243 876 boni
1271 819 1469 890 aliquid
1496 835 1603 875 non
1646 820 1809 875 babe-

1913 724 2013 790 Qui
2036 737 2206 781 autem
2228 719 2337 781 odit
2366 730 2580 798 fratrem
2599 745 2765 792 suum.
2797 731 2855 783 in
2879 730 3098 784 tenebris
3125 728 3219 796 est,
3245 743 3294 786 et
3326 734 3380 786 in
3410 742 3484 786 te—

1912 814 2080 869 nebris
2101 815 2350 883 ambulat,
2372 824 2421 871 et
2441 819 2600 872 nescit
2619 816 2706 871 ubi
2728 818 2976 884 ambulat,
2998 822 3240 889 quoniam
3261 822 3485 875 tenebrat

237 922 378 972 rent.
403 913 484 969 Ac
526 911 933 983 primum,cquia
963 912 1071 964 vita
1099 910 1363 965 bonorum
1389 909 1588 980 aliquid
1632 917 1733 975 est,
1758 916 1815 964 et
1913 906 2291 962 obcazcaverunt
2320 908 2491 963 oculos
2517 910 2628 979 ejus
2659 908 2715 979 (Ι
2732 908 2893 964 Joan.
2932 902 2986 975 n,
3028 910 3081 978 9,
3115 910 3213 978 10,
3232 911 3340 980 tl).

238 1006 349 1061 tale
378 1007 581 1060 bonum
610 1001 753 1072 quod
779 1001 847 1055 ab
876 1000 1182 1057 hominibus
1201 998 1507 1053 viventibus
1552 997 1809 1066 diligitur,

237 1095 282 1163 si
303 1094 484 1164 aliqua
511 1099 703 1157 natura
732 1098 876 1146 esset
903 1104 1021 1158 qua:
1048 1104 1079 1142 a
1100 1102 1308 1143 summo
1332 1087 1607 1142 bononou
1639 1084 1812 1152 ﬁeret,

238 1182 546 1240 nullatenus
566 1180 803 1234 viveret-
820 1176 936 1231 Hoc
956 1183 1134 1231 autem
1163 1174 1230 1230 de
1248 1173 1567 1229 animalibus
1584 1171 1726 1238 dico,
1758 1171 1813 1226 id

238 1280 323 1327 est
335 1271 408 1327 de
419 1270 718 1326 substantia
731 1283 851 1337 quae
866 1267 1002 1323 vivit
1022 1274 1078 1321 et
1097 1254 1286 1330 sentit;
1313 1266 1406 1321 sed
1424 1273 1481 1320 et
1491 1264 1593 1317 illa:
1607 1271 1812 1317 naturae

238 1374 360 1429 quae
381 1373 485 1414 nec
502 1358 687 1413 vivunt
712 1372 812 1412 nec
832 1356 1088 1424 sentiunt,
1110 1355 1216 1411 hoc
1234 1355 1404 1424 ipsum
1431 1352 1577 1423 quod
1605 1362 1731 1407 sunt
1748 1367 1816 1407 ex

239 1447 383 1503 illius
402 1446 681 1502 creatione
727 1445 926 1500 habent
953 1445 1045 1514 qui
1074 1458 1279 1499 summe
1302 1450 1415 1499 est:
1439 1440 1564 1510 quia
1593 1455 1699 1495 non
1722 1456 1813 1495 so-

240 1537 351 1603 lum
377 1537 581 1601 vivere,
613 1535 705 1590 sed
735 1535 899 1590 etiam
927 1548 1047 1588 esse
1073 1535 1271 1588 bonum
1301 1538 1483 1599 est,.et
1502 1529 1644 1599 quod
1671 1545 1819 1584 sum-

240 1642 328 1681 me
348 1635 453 1703 est,
480 1641 746 1681 summum
775 1625 972 1681 bonum
996 1631 1100 1678 est.

244 1778 252 1786 ο
310 1714 402 1769 35.
445 1715 600 1770 Nulla
625 1725 707 1770 est
746 1715 926 1782 itaque
956 1721 1144 1768 natura
1174 1712 1312 1767 mala
1340 1710 1450 1766 sive
1473 1710 1675 1776 vivens,
1707 1710 1821 1765 sive

240 1818 350 1857 non
384 1802 604 1867 vivens;
635 1817 699 1857 ac
726 1817 823 1872 per
853 1801 957 1856 hoc
983 1816 1172 1856 omnes
1223 1807 1429 1854 natura:
1448 1798 1509 1853 in
1563 1815 1630 1855 eo
1675 1798 1819 1867 quod

243 1897 453 1943 natum
474 1896 599 1943 sunt
626 1889 780 1942 bonae
802 1896 943 1941 sunt.
973 1886 1078 1941 Sed
1099 1885 1341 1956 quasdam
1361 1900 1546 1940 earum
1574 1900 1695 1940 cum
1721 1883 1756 1939 b

242 1991 326 2031 me
352 1976 466 2031 sint
486 1992 554 2032 ex
582 1975 854 2031 creatione
880 1973 993 2040 Dei,
1017 1975 1256 2045 poenales
1279 1974 1432 2028 facta:
1450 1983 1574 2028 sunt
1595 1974 1820 2039 homini,

242 2082 308 2121 ex
340 2066 620 2137 punitione
650 2067 886 2136 peccati;
939 2080 1047 2119 non
1091 2073 1311 2134 propter
1355 2079 1505 2119 suam
1553 2072 1820 2128 naturam,

243 2153 338 2209 sed
363 2161 591 2223 propter
623 2151 855 2207 hominis
894 2153 1125 2221 culpam.
1179 2144 1276 2206 Ubi
1303 2162 1575 2206 ostensum
1611 2160 1695 2207 est
1721 2152 1820 2206 ho-

241 2240 374 2294 mini
401 2239 545 2295 facto
574 2240 641 2294 ad
690 2241 972 2310 imaginem
1012 2240 1103 2293 Dei
1143 2247 1407 2309 quantum
1436 2239 1536 2294 sibi
1577 2240 1823 2294 intulerit

245 2328 469 2393 malum,
500 2326 593 2396 qui
623 2327 689 2381 ad
738 2327 839 2382 hoc
867 2328 1154 2397 perductus
1176 2336 1276 2392 est,
1309 2336 1368 2383 ut
1414 2328 1463 2383 ei
1510 2344 1540 2381 a
1570 2329 1823 2384 brevibus

241 2418 494 2474 bestiolis
548 2417 807 2474 inferatur
850 2419 1039 2473 mortis
1092 2419 1336 2473 exitium.
1381 2418 1721 2488 Quapropter
1766 2420 1821 2472 in

243 2506 498 2560 omnibus
541 2505 878 2573 animalibus,
928 2506 979 2560 in
1010 2506 1258 2562 omnibus
1302 2507 1499 2571 herbis,
1533 2515 1589 2561 et
1614 2508 1823 2562 cunctis

244 2596 627 2650 universaliter
667 2596 955 2659 creaturis,
999 2595 1265 2664 quidquid
1302 2595 1403 2651 sibi
1444 2594 1606 2650 homo
1654 2595 1827 2649 cernit

243 2696 367 2737 esse
396 2681 760 2746 mortiferum,
786 2696 892 2736 non
916 2681 1023 2736 illis
1043 2681 1237 2736 malam
1265 2689 1511 2736 naturam
1543 2681 1717 2736 inesse
1745 2681 1826 2735 di-

244 2779 349 2836 cat,
405 2768 503 2825 sed
547 2770 805 2825 ultionem
851 2770 903 2823 in
942 2769 1021 2823 eis
1070 2784 1178 2823 sua:
1224 2768 1516 2838 iniquitatis
1550 2775 1824 2837 agnoscat.

241 2855 399 2912 Facti
450 2855 598 2910 enim
648 2854 832 2910 sumus
872 2855 1133 2924 pulicibus
1184 2862 1237 2909 et
1283 2855 1560 2911 cimicibus
1600 2855 1821 2920 similes,
1911 2900 1916 2905 ,

244 2951 536 3013 postquam
562 2942 678 2996 Deo
708 2942 1007 2996 exstitimus
1028 2949 1402 3007 contumaces;
1435 2949 1489 2996 et
1525 2942 1825 3011 scorpionis

248 3031 471 3086 aculeus
495 3029 739 3084 mortalis
766 3028 935 3085 factus
961 3036 1043 3084 est
1077 3028 1298 3093 homini,
1323 3036 1604 3099 postquam
1635 3036 1828 3097 sponte

247 3116 443 3171 maluit
465 3116 658 3170 mortis
688 3115 875 3170 aculeo
899 3116 1190 3170 vulnerari.
1223 3115 1444 3169 Acaleas
1476 3115 1825 3169 enim‘mortis

245 3213 519 3273 peccatum
544 3209 619 3256 ωε
648 3200 705 3271 (Ι
726 3201 846 3255 Cor.
880 3218 969 3268 xv,
995 3200 1117 3272 56):
1150 3217 1258 3270 quo
1284 3202 1470 3257 aculeo
1499 3202 1578 3257 sic
1599 3216 1659 3257 se
1680 3202 1827 3271 prius

245 3293 419 3348 homo
439 3291 700 3362 percussit
728 3291 795 3344 ad
821 3297 1069 3359 mortem,
1095 3298 1158 3345 ut
1182 3305 1306 3345 eum
1333 3289 1533 3345 faceret
1552 3304 1649 3360 per
1674 3304 1827 3345 suam

244 3393 472 3449 quoque
498 3377 823 3448 pertransire
877 3378 1219 3447 progeniem:
1252 3377 1326 3431 ita
1364 3385 1424 3432 ut
1460 3377 1621 3432 etiam
1648 3377 1751 3431 illis
1776 3378 1829 3431 in

245 3468 450 3538 quibus
472 3466 644 3535 gratia
673 3465 768 3521 Dei
813 3464 943 3520 facit
977 3480 1086 3521 non
1140 3479 1369 3536 regnare
1390 3475 1690 3536 peccatum,
1723 3480 1829 3520 non

249 3555 392 3609 desit
418 3553 672 3621 frequens
693 3561 749 3606 et
775 3552 1054 3622 multiplex
1081 3566 1149 3607 ex
1190 3568 1369 3622 paena.
1388 3554 1596 3622 peccati
1622 3553 1831 3622 pericu»

248 3642 383 3696 lum.
407 3639 537 3694 Indo
557 3646 641 3694 est
662 3639 805 3694 enim
824 3638 972 3709 quod
992 3638 1155 3693 etiam
1178 3637 1309 3707 justi
1329 3638 1594 3705 homines,
1625 3647 1833 3694 sancte-

249 3744 356 3797 que
374 3728 643 3792 viventes,
666 3727 721 3781 in
749 3726 852 3782 hac
864 3728 991 3781 vita
1008 3727 1221 3782 mortali
1239 3726 1306 3781 ab
1332 3726 1701 3796 hujuscemodi
1722 3744 1830 3782 non

249 3824 376 3871 sunt
389 3815 664 3878 molestiis
684 3830 754 3895 ac
782 3815 1031 3885 periculis
1058 3815 1218 3870 alieni
1247 3834 1259 3868 :
1291 3816 1413 3884 quia
1433 3817 1666 3886 quandiu
1694 3834 1834 3873 mor-

250 3907 436 3960 taliter
453 3906 673 3971 vivunt,
718 3905 836 3960 sine
882 3906 1107 3975 peccato
1154 3920 1260 3962 non
1307 3905 1467 3976 425
1503 3914 1645 3961 sunt.
1682 3907 1833 3962 Unde

250 3996 380 4050 dicit
407 3995 602 4050 beatus
643 3993 920 4050 Joannes:
956 3995 1034 4050 Si.
1064 3996 1348 4050 dixerimus
1399 3997 1518 4066 quia
1570 4007 1835 4066 peccatum

252 4085 639 4152 nonltabemus,
660 4087 761 4155 ipsi
776 4101 870 4140 nos
881 4086 1192 4152 seducimus,
1213 4096 1263 4139 et
1286 4087 1386 4140 veri
1391 4095 1472 4138 tas
1498 4087 1553 4139 in
1576 4085 1719 4140 nobis
1731 4104 1833 4142 non

252 4187 327 4231 est
356 4176 415 4248 (1
427 4176 591 4230 Joan.
622 4192 658 4237 ι.
675 4176 777 4247 ⁸8).
809 4176 1036 4231 Sanctus
1056 4182 1272 4245 quoilue
1302 4176 1579 4246 apeswlus
1604 4176 1837 4233 Iacobus

253 4275 488 4323 testatur
514 4267 642 4335 quia
669 4268 735 4319 in-
754 4266 931 4320 multis
957 4266 1267 4335 oﬂ‘endimus
1287 4282 1462 4321 omnes
1492 4265 1630 4337 (Jac.
1651 4283 1730 4332 ιιι,
1746 4266 1835 4337 2).

322 4354 415 4408 36.
457 4353 567 4409 Sed
593 4355 859 4421 nonqtalia
886 4364 1013 4409 sunt
1047 4362 1269 4424 peccata
1304 4363 1611 4410 sanctorum
1658 4356 1836 4425 qualia

253 4453 382 4498 sunt
409 4444 738 4513 iniquorum.
774 4444 998 4499 Peccata
1024 4446 1168 4499 enim
1190 4451 1499 4499 sanctorum
1536 4445 1692 4508 levia,
1717 4459 1839 4514 pec-

1984 1017 2072 1070 57.
2098 1015 2324 1086 Peccata
2352 1031 2480 1086 ergo
2521 1020 2851 1087 iniquorum,
2882 1019 3054 1074 tribus
3079 1019 3174 1091 (al.
3212 1022 3483 1089 omnibus)

1917 1106 2088 1163 modis
2108 1107 2258 1161 ﬁunt.
2292 1108 2398 1161 Aut
2441 1108 2941 1178 enimﬂsacrilegiis,
2985 1118 3078 1164 aut
3122 1108 3351 1179 ﬂagitiis,
3393 1122 3487 1165 aut

1917 1198 2241 1254 facinoribus
2261 1199 2618 1269 implicantur.
2645 1199 2930 1269 Sacrilegia
2961 1201 3241 1256 admittunt
3272 1204 3486 1271 quando

1916 1286 1982 1341 de
2005 1287 2116 1342 Deo
2136 1304 2243 1342 non
2273 1295 2419 1343 recte
2447 1288 2705 1355 sentiunt,
2736 1296 2792 1344 et
2819 1304 2849 1342 a
2878 1304 3002 1343 vera
3026 1288 3132 1344 ﬁde
3158 1290 3271 1344 sive
3293 1290 3487 1345 timore

1918 1375 2294 1444 temporalium
2322 1375 2731 1431 commodorum
2764 1386 2809 1440 ⁸,
2842 1378 2955 1431 sive
2983 1378 3098 1433 sola
3127 1378 3306 1435 cordis
3338 1381 3487 1434 caeci-

1920 1478 2029 1535 tate
2055 1486 2119 1526 ac
2142 1472 2492 1539 perversitate
2516 1470 2814 1526 discedunt.
2845 1470 2902 1524 in
2943 1468 3156 1539 ﬂagitiis
3193 1486 3321 1527 vero
3358 1487 3485 1541 pec-

1918 1569 2045 1623 cant
2077 1560 2290 1628 quando
2338 1560 2391 1614 in
2438 1560 2627 1629 seipsis
2677 1560 3013 1639 immoderati
3061 1569 3222 1632 atque
3269 1563 3486 1617 obsceni

1922 1650 2150 1720 turpiter
2196 1650 2398 1703 vivunt.
2452 1649 2507 1703 ln
2555 1650 2877 1705 facinoribus
2920 1666 3048 1706 vero
3087 1659 3215 1706 tunc
3266 1661 3489 1721 peccant

1920 1740 2134 1807 quando
2159 1740 2292 1804 alios
2317 1748 2410 1793 aut
2436 1739 2665 1809 damnis,
2694 1748 2787 1795 aut
2819 1740 3143 1809 quibuslibet
3180 1741 3487 1811 oppressio-

1923 1828 2078 1882 nibus
2123 1829 2412 1884 crudeliter
2457 1828 2672 1884 lzedunt.
2733 1828 3001 1901 Utrosque
3038 1840 3238 1899 autem,
3282 1833 3396 1887 sive
3435 1834 3489 1885 in

1759 1900 1819 1985 (ξ’
1852 1909 1895 1967 Β
1924 1919 2048 1986 lide,
2075 1921 2188 1974 sive
2208 1921 2261 1974 in
2292 1921 2544 1990 operibus
2566 1922 2869 1991 capitaliter
2887 1900 3192 1991 peccantes,
3230 1926 3491 1991 reprobos

1923 2010 2157 2079 appellat
2184 2010 2377 2065 beatus
2420 2011 2726 2080 Apostolus,
2771 2011 2955 2067 dicens
3004 2012 3074 2065 de
3106 2012 3208 2066 illis
3236 2012 3327 2081 qui
3350 2026 3492 2065 veru:

1924 2099 2046 2154 lidei
2088 2098 2495 2155 contradicunt:
2530 2101 2676 2157 Sicut
2703 2112 2872 2156 autem
2898 2102 3109 2156 Jamnes
3148 2111 3196 2154 et
3234 2100 3499 2155 Mambres

1923 2190 2215 2243 restiterunt
2232 2187 2436 2258 Μαρσὶ,
2465 2191 2540 2244 ita
2560 2199 2611 2244 et
2635 2190 2690 2244 hi
2716 2191 2803 2262 qui
2824 2192 3065 2245 resistunt
3084 2192 3300 2252 veritati,
3333 2190 3497 2244 homi-

1924 2296 2013 2334 nes
2040 2281 2266 2348 corrupti
2291 2290 2476 2347 mente,
2526 2282 2728 2351 reprobi
2771 2283 2910 2336 circa
2938 2282 3093 2351 ﬁdem
3121 2280 3208 2352 (11
3240 2279 3372 2334 Tim.
3415 2295 3493 2343 ut,

1924 2372 2000 2443 8).
2059 2371 2182 2426 Illos
2210 2379 2391 2425 autem
2432 2372 2524 2441 qui
2564 2372 2662 2437 sub
2705 2372 3040 2441 professione
3087 2385 3224 2425 verm
3270 2370 3395 2424 tidei
3440 2370 3494 2425 in

1924 2460 2079 2515 malis
2106 2460 2357 2528 operibus
2387 2468 2442 2514 et
2489 2459 2801 2514 criminibus
2830 2460 3012 2513 vivunt
3040 2459 3284 2512 similiter
3308 2457 3494 2527 objur-

1922 2564 2072 2620 gans,
2104 2552 2212 2604 ait:
2241 2549 2429 2604 Omnia
2450 2550 2643 2603 munda
2670 2549 2874 2603 mundis
2908 2565 2923 2601 :
2962 2549 3300 2616 coinquinatis
3325 2556 3495 2599 autem

1925 2650 1971 2695 et
1998 2639 2292 2710 inﬁdelibus
2330 2639 2459 2693 nihil
2498 2648 2575 2699 est
2617 2639 2894 2701 mundum;
2924 2639 3014 2692 sed
3039 2638 3236 2707 polluta
3264 2647 3382 2691 sunt
3408 2655 3496 2691 eo-

1925 2747 2039 2785 rum
2056 2739 2104 2784 et
2128 2746 2270 2784 mens
2297 2737 2346 2783 et
2372 2729 2703 2783 conscientia.
2728 2728 3045 2798 Conﬁtentur
3063 2744 3116 2781 se
3131 2743 3281 2781 nosse
3313 2726 3496 2791 Deum,

1927 2823 2080 2893 [actis
2119 2829 2289 2874 autem
2329 2829 2535 2890 negant,
2566 2835 2679 2872 cum
2706 2820 2810 2872 sint
2852 2808 3151 2883 abominati,
3183 2827 3231 2871 et
3270 2818 3497 2870 incredi-

1927 2911 2070 2975 biles,
2102 2918 2155 2963 et
2178 2909 2249 2962 ad
2276 2925 2426 2963 omne
2451 2925 2578 2980 opus
2607 2909 2794 2962 bonum
2818 2906 3017 2977 reprobi
3043 2907 3168 2983 (Tit.
3203 2924 3238 2971 ι,
3272 2907 3359 2973 l5,
3385 2905 3503 2976 l6).

1928 2998 2062 3052 Dum
2090 3006 2268 3053 autem
2296 3007 2522 3067 peccant
2555 2998 2746 3060 sancti,
2782 2998 2859 3051 sic
2894 2997 2947 3051 in
2989 2996 3231 3065 quolibet
3277 3007 3507 3067 peccato

1928 3090 2161 3145 humana
2188 3088 2496 3149 inﬁrmitate
2523 3096 2615 3155 aut
2641 3088 2873 3143 humana
2907 3088 3264 3143 delectatione
3294 3090 3390 3157 (al.
3419 3090 3501 3142 di-

1930 3181 2183 3251 lectione)
2213 3180 2587 3247 succumbunt,
2618 3189 2675 3233 ut
2695 3195 2793 3235 nec
2814 3195 2954 3235 verse
2995 3179 3114 3235 ﬁdei
3156 3181 3503 3250 pertinaciter

1851 3258 1899 3322 C
1930 3270 2319 3338 contradicunt,
2350 3288 2452 3328 nec
2479 3273 2684 3342 seipsos
2713 3271 2923 3341 ﬂagitiis
2951 3273 3213 3341 polluant,
3252 3288 3351 3328 nec
3376 3289 3503 3342 pro-

1933 3364 2106 3417 ximos
2129 3362 2453 3417 facinoribus
2483 3361 2706 3437 lardant':
2725 3361 2868 3430 quod
2889 3361 3125 3416 ostendit
3151 3362 3340 3415 beatus
3359 3360 3503 3431 Apo-

1931 3453 2099 3508 stolus
2141 3453 2362 3507 dicens:
2391 3453 2642 3521 Apparuit
2689 3452 2826 3503 enim
2859 3452 3028 3520 gratia
3066 3450 3164 3504 Dei
3212 3451 3502 3504 Saluatoris

1932 3543 2166 3597 omnibus
2188 3540 2493 3607 hominibus,
2525 3540 2762 3595 erudiens
2785 3557 2897 3603 nos,
2920 3550 2976 3593 ut
2994 3540 3304 3610 abnegantes
3330 3542 3503 3609 impie-

1934 3641 2107 3695 tatem,
2136 3640 2185 3685 el
2208 3632 2480 3686 saecularia
2523 3630 2800 3696 desideria,
2850 3629 3039 3696 sobrie,
3078 3639 3127 3684 et
3147 3631 3305 3700 juste,
3332 3639 3379 3684 et
3418 3633 3501 3700 pie

1932 3724 2160 3776 vivamus
2189 3723 2242 3774 in
2269 3721 2362 3775 hoc
2382 3721 2569 3775 swculo
2601 3719 2728 3790 (Tit.
2760 3736 2819 3788 ιι,
2848 3720 2933 3786 ll,
2967 3720 3075 3791 12).
3108 3720 3378 3776 Admonet
3404 3737 3502 3779 nos

1933 3812 2148 3879 quidem
2202 3812 2309 3866 alio
2364 3813 2486 3867 loco
2523 3811 2664 3867 idem
2709 3811 2900 3867 beatus
2942 3811 3238 3881 apostolus,
3280 3811 3501 3865 dicens:

1934 3898 2060 3954 Non
2080 3901 2199 3971 plus
2226 3918 2405 3970 sapere
2430 3918 2585 3971 quam
2623 3910 2823 3970 oportet
2844 3918 3043 3972 sapere,
3090 3904 3182 3956 sed
3217 3919 3396 3974 sapere
3435 3903 3506 3957 ad

1935 3990 2260 4046 sobrietatem
2291 3991 2466 4063 (Rom.
2497 4009 2590 4058 xu,
2620 3993 2696 4063 ὅ).
2721 3992 3104 4075 verumtamen
3121 3994 3174 4047 in
3196 3994 3297 4049 hac
3320 3994 3507 4063 tripar-

1936 4083 2032 4137 tita
2062 4083 2325 4138 divisione
2353 4085 2405 4138 in
2428 4100 2533 4153 qua
2562 4084 2691 4139 dicit
2718 4092 2779 4138 ut
2806 4085 3005 4151 sobrie,
3047 4094 3103 4140 et
3144 4085 3306 4155 juste,
3337 4094 3392 4140 et
3418 4087 3507 4155 pie

1936 4173 2178 4227 vivamus
2201 4172 2253 4226 in
2280 4173 2387 4229 hoc
2412 4173 2629 4241 steculo,
2662 4173 2872 4228 videtur
2898 4175 3030 4228 mihi
3056 4175 3182 4243 quia
3208 4175 3297 4230 ille
3324 4175 3508 4233 sobrie

1937 4264 2067 4318 vivit
2087 4264 2179 4332 qui
2211 4280 2317 4319 non
2343 4263 2506 4335 426
2524 4264 2766 4334 sequitur
2808 4264 3200 4320 delettamenta
3241 4265 3463 4319 luxuria:
3488 4282 3507 4328 ;

1932 4353 2078 4422 iuste
2105 4354 2234 4409 vivit
2260 4355 2351 4424 qui
2380 4355 2682 4424 proximum
2713 4354 3015 4410 nullatenus
3042 4355 3203 4416 lmdit,
3243 4363 3300 4408 et
3332 4356 3382 4409 ei
3413 4355 3509 4411 be~

1938 4443 2128 4499 neﬂcia
2167 4445 2229 4499 in
2263 4453 2519 4515 quantum
2546 4446 2690 4501 valet
2716 4446 3005 4514 impendit;
3028 4445 3117 4516 pie
3161 4445 3313 4507 vivit,
3354 4447 3445 4515 qui
3476 4461 3508 4501 a

198 4523 213 4531 ’
250 4533 718 4601 catainiquorum
745 4534 927 4602 gravia
956 4542 1100 4589 sunt.
1140 4533 1196 4589 In
1227 4534 1461 4604 peccatis
1508 4535 1845 4604 iniquorum,
1937 4538 2197 4593 societate
2222 4538 2598 4593 ecclesiastica
2626 4537 2847 4592 unitatis
2868 4536 3013 4591 nulla
3034 4536 3244 4589 ratione
3264 4535 3509 4596 discedit,

250 4628 350 4675 aut
375 4620 449 4675 de
479 4620 592 4675 Deo
617 4620 758 4676 male
777 4611 1201 4678 sentit’bumana
1229 4623 1587 4692 perversitas,
1608 4632 1702 4678 aut
1739 4624 1837 4679 ho-
1866 4615 1916 4674 Ι)
1939 4635 1997 4683 et
2017 4629 2155 4682 intra
2184 4627 2480 4683 Ecclesiam
2510 4625 2732 4698 positus,
2764 4642 2827 4682 ea
2861 4642 2981 4695 qua:
3016 4626 3314 4681 certissime
3364 4625 3512 4679 novit

248 4712 459 4766 minem
512 4710 581 4765 ad
610 4711 706 4781 (al.
737 4710 855 4782 per)
897 4711 1161 4767 desideria
1200 4713 1377 4768 carnis
1423 4712 1569 4768 ducit
1606 4714 1837 4767 humana

246 4800 545 4870 cupiditas,
585 4810 680 4855 aut
715 4801 1018 4870 proximum
1060 4802 1207 4857 ltedit
1246 4803 1481 4857 humana
1525 4802 1837 4857 crudelitas.

245 4889 330 4943 De
370 4889 469 4944 his
485 4891 629 4944 enim
658 4890 752 4959 qui
788 4890 843 4944 in
875 4890 1042 4944 Deum
1083 4899 1309 4959 peccant
1347 4890 1619 4960 Sapientia
1668 4890 1833 4945 dicit:

246 4980 357 5043 Qui
396 4990 571 5033 autem
613 4982 668 5033 in
721 4997 803 5035 me
839 4990 1070 5051 peccant,
1102 4982 1256 5050 impie
1301 4982 1498 5052 faciunt
1540 4982 1595 5035 in
1633 4983 1837 5036 animas

238 5086 412 5135 suas;
441 5080 493 5123 et
514 5071 601 5141 qui
619 5087 702 5123 me
731 5069 949 5124 oderunt
987 5071 1208 5141 diligunt
1236 5082 1451 5125 mortem
1499 5072 1679 5142 (Prov.
1720 5088 1834 5135 vm,

238 5160 367 5229 56).
394 5160 476 5214 De
497 5160 583 5215 his
609 5168 789 5216 autem
815 5160 907 5230 qui
928 5160 1201 5219 luxuriose
1229 5161 1414 5215 vivunt
1451 5161 1582 5216 dicit
1614 5161 1842 5232 Aposto.

236 5254 335 5305 lus
363 5269 376 5303 :
402 5250 468 5305 Si
487 5252 603 5322 quis
629 5262 802 5305 autem
841 5252 1090 5320 templum
1118 5250 1220 5305 Dei
1250 5251 1535 5317 violaverit,
1580 5251 1841 5322 disperdet

229 5345 401 5398 illam
456 5341 620 5398 Deus.
672 5342 938 5415 Templum
985 5346 1123 5399 enim
1168 5344 1265 5399 Dei
1300 5354 1536 5400 sanctum
1580 5355 1680 5411 est,
1706 5346 1840 5416 quod

226 5441 377 5493 estis
416 5456 527 5494 vos.
567 5437 737 5499 Nemo
785 5455 873 5493 vos
912 5440 1125 5494 seducat
1160 5439 1213 5509 (Ι
1243 5439 1362 5495 Cor.
1385 5456 1459 5509 Ill,
1492 5439 1578 5505 i7,
1622 5440 1734 5509 i8).
1763 5440 1840 5496 De

225 5528 381 5583 odio
409 5543 631 5598 quoque
658 5529 839 5584 fratris
866 5530 1057 5585 beatus
1081 5530 1317 5585 Joannes
1343 5531 1570 5600 loquens
1598 5531 1704 5585 ait:
1732 5530 1835 5594 Qui

226 5622 379 5675 dicit
405 5636 463 5675 se
490 5621 546 5675 in
570 5621 764 5676 lumine
785 5621 879 5695 (al.
909 5622 1040 5688 lucc)
1071 5639 1202 5691 esse,
1225 5632 1274 5677 et
1295 5625 1508 5694 fratrem
1536 5639 1682 5678 suum
1703 5625 1830 5688 odit,

1939 4719 2008 4773 ad
2048 4719 2327 4774 scientiam
2367 4734 2507 4773 vera:
2546 4718 2668 4772 lidei
2712 4718 2985 4788 pertinere
3038 4717 3401 4772 indubitanter
3431 4724 3511 4769 te-

1940 4818 2065 4875 net;
2091 4824 2155 4864 ea
2182 4824 2310 4864 vero
2331 4824 2451 4877 qua:
2475 4809 2687 4878 ignorat
2715 4817 2809 4863 aut
2836 4808 2905 4863 de
2925 4808 3119 4877 quibus
3151 4806 3379 4872 dubitat,
3412 4808 3511 4860 hu-

1940 4898 2139 4956 militer
2163 4915 2226 4955 ac
2257 4900 2526 4970 patienter
2569 4900 2839 4969 explorat,
2867 4899 3062 4962 donec,
3088 4898 3132 4953 si
3180 4897 3308 4968 quid
3356 4898 3513 4954 aliter

1936 4991 2111 5060 sapit,.
2128 4989 2239 5046 Deo
2266 4991 2366 5046 sibi
2387 4991 2660 5047 revelante
2687 4998 2994 5060 cognoscat.

2010 5082 2099 5137 58.
2130 5081 2256 5139 Hasc
2284 5090 2464 5138 autem
2492 5083 3019 5151 sobrietas,.justitia,
3049 5091 3107 5138 et
3131 5084 3304 5154 pietas
3333 5082 3426 5154 (al.
3461 5091 3516 5138 et

1941 5174 2090 5244 pax),
2120 5188 2237 5243 quae
2270 5173 2477 5229 cunctis
2518 5173 2717 5228 debent
2761 5174 2937 5229 inesse
2988 5170 3252 5239 ﬁdelibus,
3298 5173 3368 5226 ita
3415 5171 3514 5226 sibi

1943 5280 2201 5319 connexa:
2220 5272 2363 5330 sunt,
2397 5272 2457 5317 ut
2495 5263 2539 5319 si
2591 5279 2694 5318 una
2728 5278 2925 5325 earum
2962 5260 3208 5327 defuerit,
3252 5263 3355 5316 alia
3398 5277 3515 5331 qua:

1944 5354 2154 5409 videtur
2181 5350 2373 5416 inessé,
2407 5353 2710 5408 nullatenus
2738 5351 3134 5422 prosit..Neque
3163 5353 3304 5407 enim
3346 5352 3515 5407 salvat
3594 5420 3597 5424 ι

1945 5442 2039 5513 (al.
2082 5441 2228 5497 salva
2254 5443 2363 5512 est)
2396 5442 2670 5498 sobrietas
2705 5458 2809 5511 qua
2853 5443 3081 5510 quisque
3126 5460 3155 5495 a
3203 5441 3418 5511 ﬂagitiis
3461 5443 3514 5495 in
3593 5433 3601 5444 ’

1944 5535 2124 5603 seipso
2151 5532 2405 5607 abstinet,
2431 5532 2535 5588 nisi
2564 5533 2649 5603 pia
2681 5542 2737 5587 et
2756 5533 2899 5602 justa
2927 5532 3105 5597 fuerit,
3133 5532 3183 5586 id
3223 5538 3323 5595 est,
3357 5538 3417 5586 ut
3461 5541 3513 5587 et

1939 5626 1993 5681 in
2016 5626 2182 5680 Deum
2212 5632 2358 5681 recte
2383 5624 2599 5694 credat,
2614 5631 2668 5680 et
2689 5624 2833 5695 quod
2858 5627 3052 5679 caritas
3073 5625 3243 5694 poscit
3271 5626 3513 5695 proximo

319 5772 481 5851 "Hic
518 5774 668 5851 deest
714 5773 931 5851 aliquid,
983 5783 1037 5828 et
1065 5774 1345 5843 legendum
1390 5773 1628 5847 videtur,
1659 5777 1767 5829 “sive
1800 5777 1980 5834 timore
2008 5778 2359 5848 temporalium
2398 5797 2679 5851 plenarum,
2729 5783 2831 5835 sive
2876 5798 2962 5849 spe
2994 5779 3344 5851 temporalium
3373 5796 3510 5831 (0m-

223 5843 547 5907 mod‘orum,
577 5847 678 5898 sive
699 5845 828 5910 sola,
861 5850 962 5898 et't'.
