4048 6342
561 415 664 473 8⁵5

600 456 621 473 ιδ

600 456 621 474 ιδ

1591 403 1647 457 S.
1690 397 2047 457 FULGENTII
2086 390 2381 449 EPlSCOPl
2420 386 2785 444 RUSPENSIS

3700 369 3809 432 595

558 533 794 588 libenter
834 529 1143 600 impendat:
1178 542 1278 579 nec
1332 522 1603 578 fructuosa
1627 517 1834 588 justitia
1888 522 1992 578 est,
2028 523 2131 580 qua
2165 510 2202 565 Α
2236 501 2469 557 Ecclesia
2497 495 2839 555 commendat
2862 492 3146 564 Apostolus
3169 488 3382 563 (Ephes.
3407 483 3707 555 v,32).Sic
3724 494 3810 540 est

563 624 925 696 unusquisque
953 622 1056 676 hoc
1084 615 1338 687 impendit
1360 612 1605 683 proximo
1626 607 1768 680 quod
1781 605 1879 662 sibi
1897 603 2134 659 delecta-

563 727 654 771 tur
681 711 933 784 impendi,
962 711 1005 765 si
1034 708 1210 763 sobria
1233 706 1427 776 piaque
1454 717 1559 757 non
1578 700 1738 756 fuerit
1764 717 1775 751 :
1799 697 1972 767 pietas
1994 708 2133 763 quo-

2232 605 2359 659 ergo
2380 589 2626 660 quaalibet
2655 586 2830 640 anima
2852 583 3078 665 fideliter
3098 580 3375 635 cohaerens
3400 576 3640 641 Christo,
3669 573 3812 629 sicut

2234 697 2370 737 uxor
2396 682 2584 736 vivens
2610 674 2839 730 fideliter
2867 687 2989 728 cum
3029 670 3223 726 marito
3257 687 3269 721 :
3298 682 3417 738 qua:
3444 666 3498 720 in
3529 665 3643 733 ipsa
3674 678 3811 718 con-

566 755 644 771 ....
681 755 933 784 ....,.-.....,
963 755 1005 765 ν.
1034 755 1210 763 ,ηπ
1236 755 1318 776 rm
1340 755 1422 772 ,η
1500 755 1513 757 -
1552 755 1555 756 ν
1610 755 1615 756 ,
1801 755 1816 767 ,
2012 755 2028 763 _

562 821 669 876 que
694 806 905 859 mertua
932 808 1033 865 est,
1065 811 1167 867 qua
1191 797 1242 850 iu
1284 794 1451 849 Deum
1499 800 1647 847 recte
1685 788 1942 848 creditur,
1975 784 2020 838 si
2050 782 2134 836 vel
2228 772 2360 843 jugii
2405 771 2653 826 castitate
2694 766 2928 819 animum
2973 761 3188 834 quidem
3226 759 3329 814 viri
3366 757 3448 813 sui
3493 755 3812 826 plerumque

2343 872 2354 876 -
2392 862 2404 875 ο
2441 869 2511 876 ,7-
2598 856 2686 876 --Δ
2717 855 2819 876 .-.Α
2851 852 3005 876 ﬁl...“
3055 865 3186 876 ...ι-ιι
3229 847 3474 876 Ληριῖοηιη
3502 846 3787 876 pennata-run.

561 911 771 953 morum
798 893 1085 958 sobrietas,
1128 888 1215 942 vel
1245 886 1473 957 proximi
1517 884 1716 939 caritas
1755 895 1862 934 non
1902 884 2132 931 tenetur.

562 989 712 1043 Tunc
733 985 893 1053 igitur
920 983 1111 1035 anima:
1138 992 1263 1032 vera
1303 976 1446 1031 salus
1491 972 1784 1041 acquiritur
1809 969 1854 1023 si
1883 974 1937 1021 et
1964 967 2137 1036 pietas

560 1084 616 1137 in
645 1078 769 1143 ﬁde,
821 1085 878 1130 et
900 1074 1105 1144 iustitia
1141 1073 1193 1125 in
1234 1070 1477 1130 caritate,
1509 1074 1564 1121 et
1591 1064 1859 1119 sobrietas
1897 1061 1951 1115 in
1980 1056 2139 1114 casti-

561 1179 676 1225 tate
706 1183 769 1223 ae
789 1163 1124 1236 parcimonia
1153 1166 1421 1215 teneatur.

560 1314 569 1319 -
636 1258 725 1312 59.
756 1257 924 1310 Aliter
954 1267 1089 1307 vero
1114 1258 1351 1312 sanctos,
1384 1254 1439 1301 et
1463 1245 1620 1299 aliter
1657 1253 1889 1312 peccare
1928 1238 2142 1304 iniquos

565 1350 763 1406 divinis
783 1346 1042 1401 docemur
1061 1340 1308 1412 eloquiis.
1334 1337 1464 1392 Nam
1494 1344 1548 1388 et
1578 1334 1718 1402 Agar
1747 1329 1938 1385 ancilla
1972 1327 2139 1390 Same,

566 1439 668 1498 nisi
690 1436 993 1506 superbiret
1032 1448 1137 1487 non
1167 1429 1527 1498 expelleretur
1555 1422 1761 1493 (Cenes.
1808 1436 1913 1483 χχι,
1942 1415 2059 1485 ll);
2088 1422 2144 1469 et

564 1532 684 1600 ipsa
713 1527 845 1581 Sara
872 1523 973 1579 nisi
1001 1522 1200 1577 rideret
1246 1533 1354 1574 non
1403 1517 1710 1585 culparetur
1754 1509 1963 1581 (Cenes.
1994 1521 2139 1569 xvm,

565 1596 681 1695 1⁷1).
714 1621 808 1675 Illa
846 1618 988 1672 enim
1027 1612 1256 1683 superba
1305 1610 1443 1663 facta
1474 1614 1575 1667 est,
1610 1603 1922 1670 concepisse
1958 1613 2017 1653 se
2064 1596 2143 1650 vi-

566 1712 735 1776 dens;
766 1709 855 1763 illa
879 1706 1015 1770 risit,
1043 1708 1427 1770 concepturam
1455 1712 1514 1752 se
1539 1695 1833 1760 ambigens.
1872 1689 2149 1744 Invenitur

570 1811 799 1870 utraque
827 1808 1099 1868 peccasse,
1132 1791 1226 1846 sed
1258 1805 1364 1844 non
1394 1786 1600 1857 aequale
1643 1783 1911 1837 invenitur
1950 1782 2148 1835 utrius-

570 1907 677 1962 que
698 1896 981 1961 peccatum
1011 1903 1024 1938 :
1056 1898 1180 1937 nam
1214 1883 1267 1935 in
1297 1894 1401 1934 una
1423 1891 1605 1932 earum
1634 1875 1864 1929 humana
1886 1871 2148 1926 dubitavit

571 1981 889 2043 infirmitas;
942 1978 994 2031 in
1036 1974 1203 2028 altera
1246 1985 1376 2024 vero
1414 1965 1805 2023 contumaciter
1847 1978 1906 2017 se
1958 1961 2151 2016 extulit

572 2076 804 2130 humana
848 2067 1139 2123 temeritas.
1177 2062 1301 2116 ideo
1348 2059 1489 2127 Agar
1532 2062 1800 2126 prtecepto
1837 2052 2031 2106 meruit
2070 2050 2151 2104 di-

576 2166 713 2219 vina:
740 2157 1041 2215 severitatis
1065 2152 1290 2223 expelli,
1319 2149 1450 2204 Sara
1477 2162 1608 2202 vero
1650 2145 1843 2199 divina:
1862 2142 2011 2197 vocis
2037 2156 2151 2194 me-

575 2258 685 2313 ruit
704 2251 911 2326 placida
939 2248 1160 2303 leuitate
1187 2242 1413 2312 culpari.
1445 2237 1510 2293 Et
1530 2240 1653 2307 quia
1683 2237 1803 2290 leve
1833 2235 1932 2289 fuit
1968 2235 2019 2288 iu
2062 2232 2151 2286 illa

577 2345 911 2404 dubitatione
931 2345 1230 2410 peccatum,
1263 2333 1457 2387 divinae
1488 2325 1856 2401 promissionis
1903 2336 2153 2378 sermone

578 2440 789 2493 ﬁrmata
816 2431 1009 2502 abiecit
1034 2425 1446 2486 dubitationem,
1489 2419 1694 2488 recepit
1723 2414 2077 2473 certissimam
2101 2411 2157 2464 ll-

578 2532 722 2593 dem,
752 2542 850 2599 per
878 2538 1039 2596 quam
1069 2518 1299 2589 sumpsit
1324 2516 1484 2570 etiam
1513 2507 1849 2581 concipiendi
1872 2505 2151 2561 virtutem:

580 2621 721 2694 quod
744 2594 1041 2690 apostolica
1068 2617 1299 2666 testatur
1327 2605 1641 2669 auctoritas,
1681 2602 1864 2656 dicens
1888 2616 1901 2651 :
1946 2594 2081 2650 Fide
2107 2600 2157 2649 et

581 2717 695 2785 ipsa
726 2710 865 2766 Sara
895 2706 1083 2762 sterilis
1111 2705 1351 2759 virtutem
1380 2703 1432 2754 in
1465 2695 1795 2764 conceptione
1821 2691 2033 2747 seminis
2067 2702 2155 2741 ac-

585 2778 749 2872 cepit,
793 2801 950 2853 etiam
996 2804 1184 2864 pra’ter
1236 2803 1430 2862 tetnpus
1466 2788 1652 2849 (etatis,
1679 2782 1921 2855 quoniam
1954 2778 2159 2850 ﬁdelem

583 2891 804 2945 credidit
828 2904 938 2943 esse
966 2888 1049 2957 qui
1078 2884 1386 2954 promiserat
1415 2878 1601 2949 (Hebr.
1629 2892 1700 2938 xt,
1735 2872 1842 2940 ll).

659 2982 742 3035 ιο.
772 2977 1076 3034 Invenimus
1113 2975 1220 3028 alio
1251 2973 1373 3027 loco
1418 2977 1727 3024 sanctorum
1763 2971 1817 3018 et
1856 2962 2159 3028 iniquorum

587 3094 695 3136 non
734 3073 960 3142 :equalia
1003 3083 1121 3124 esse
1166 3072 1387 3135 peccata
1404 3080 1425 3131 ;_
1463 3060 1556 3116 sed
1609 3058 1823 3113 illorum
1859 3053 2019 3113 levia,
2044 3064 2162 3120 qua:

588 3164 873 3238 temporali
904 3166 1099 3230 egeant
1127 3155 1471 3224 correptione
1505 3148 1750 3220 purgari;
1792 3146 2003 3200 illorum
2031 3155 2098 3195 vc
2129 3155 2163 3194 ο

590 3260 794 3333 gravia,
821 3269 940 3325 qum
969 3256 1278 3307 mereantur
1324 3244 1460 3313 ignis
1485 3239 1669 3296 aeterni
1708 3243 1966 3307 perpetua
2013 3246 2165 3286 com-

590 3322 1054 3414 bustionepuniri.
1079 3338 1155 3393 Ad
1179 3350 1371 3407 aquam
1394 3333 1534 3387 enim
1558 3325 1996 3385 contradictionis
2017 3322 2172 3401 aliter

593 3398 1259 3504 peccaverunt
1294 3421 1479 3493 (Nam.
1532 3435 1622 3480 xx,
1658 3417 1771 3485 15),
1820 3412 2048 3470 rebelles
2070 3398 2175 3464 ad-

593 3545 779 3588 versus
817 3527 985 3581 Deum
1024 3514 1347 3576 omnimodis
1385 3512 1706 3573 existentes;
1751 3506 1907 3564 aliter
1938 3501 2172 3574 Moyses,

594 3626 686 3697 qui
729 3620 835 3678 non
874 3632 971 3688 per
1015 3610 1374 3667 temeritatem
1405 3594 1517 3657 Deo
1544 3596 1889 3657 contradixit,
1937 3591 2031 3648 sed
2076 3606 2175 3660 per

594 3680 958 3773 inﬁrmitatem
989 3703 1163 3758 minus
1206 3698 1273 3753 de
1310 3694 1403 3750 Dei
1446 3689 1760 3762 operatione
1795 3680 2172 3756 prmsumpsit;

594 3772 786 3863 similis
822 3799 992 3852 factus
1037 3793 1200 3847 beato
1241 3785 1422 3848 Petro,
1471 3781 1562 3851 qui
1598 3777 1800 3833 audivit
1845 3790 1875 3828 a
1925 3772 2173 3831 Domino,

597 3862 824 3954 Modica:
851 3888 994 3961 ﬁdei,
1019 3898 1179 3956 quare
1208 3875 1456 3933 dubitasti
1482 3871 1697 3941 (Matth.
1722 3883 1828 3932 xtv,
1855 3866 1986 3935 51)?
2027 3862 2178 3918 Unde

600 3956 958 4042 Israelitarum
1011 3970 1347 4029 contumacia
1394 3964 1590 4021 meruit
1632 3969 1831 4015 mterna
1905 3956 2179 4027 punitione

600 4071 873 4136 damnari;
906 4071 959 4124 in
984 4065 1169 4136 Moyse
1197 4075 1328 4114 vero
1341 4070 1525 4126 .usque
1555 4053 1621 4107 ad
1646 4054 1747 4106 hoc
1774 4049 1871 4103 fuit
1892 4049 2034 4103 illius
2054 4061 2179 4115 pec-

603 4165 709 4223 cati
735 4162 888 4224 ultio,
913 4166 972 4212 ut
998 4155 1049 4210 ei
1076 4153 1190 4208 sola
1220 4160 1377 4203 terra:
1420 4139 1847 4224 repromissionis
1896 4144 2181 4205 negaretur

605 4250 884 4322 ingressio.
917 4246 1050 4301 Nam
1072 4251 1126 4297 et
1153 4242 1266 4328 ipse
1293 4236 1503 4307 Moyses
1518 4216 1625 4286 non
1647 4236 1865 4300 propter
1880 4240 2030 4281 suum
2053 4237 2181 4293 pec-

606 4313 811 4408 catum,
840 4337 932 4393 sed
957 4313 1187 4407 propter
1205 4329 1325 4383 illos
1354 4325 1454 4380 sibi
1490 4324 1682 4377 iratum
1703 4318 1989 4372 Dominum
2020 4313 2185 4368 fuisse

607 4403 836 4489 testatus
860 4403 976 4490 est;
995 4403 1179 4478 dicens
1203 4419 1253 4471 in
1285 4410 1699 4470 Deuteronomio
1726 4426 1738 4460 :
1784 4404 1896 4460 Nec
1926 4406 2055 4459 mira
2097 4403 2183 4455 in-

608 4520 843 4595 dignatio
865 4517 920 4571 in
942 4511 1204 4586 populum,
1237 4521 1351 4560 cum
1371 4503 1496 4557 mihi
1522 4514 1714 4572 quoque
1741 4499 1906 4550 iratus
1937 4493 2182 4547 Dominus

609 4578 820 4681 prbpter
852 4578 1186 4659 vos-dixerit:
1214 4593 1325 4649 Nec
1356 4601 1407 4645 tu
1437 4588 1739 4670 ingredieris
1781 4585 1902 4639 illuc
1933 4582 2110 4650 (Deut.
2144 4596 2179 4644 ι,
2212 4578 2259 4638 ι)

611 4680 725 4771 37).
756 4698 887 4753 Nam
910 4701 965 4749 et
995 4698 1209 4748 sanctus
1249 4683 1411 4739 David
1438 4687 1659 4751 propter
1686 4680 1857 4748 ipsum
1904 4681 2183 4745 peccatqu

612 4764 796 4863 populi
820 4782 1052 4841 ostendit
1081 4779 1299 4848 Moysen
1330 4773 1492 4827 fuisse
1519 4777 1765 4824 vexatum
1787 4765 1945 4838 427
1965 4764 2146 4819 dicens
2169 4779 2183 4814 :

614 4880 686 4936 Et
703 4879 1035 4934 irritaverant
1058 4886 1173 4923 eum
1201 4873 1268 4920 ad
1292 4880 1451 4935 aquas
1482 4858 1926 4921 eontradictionis,
1950 4862 1998 4908 et
2033 4868 2189 4907 vexa-

618 4928 1032 5035 t-u'suestdloyses
1061 4967 1268 5031 propter
1314 4928 1401 5008 eos
1443 4950 1612 5021 (Psal.
1662 4963 1747 5021 cv,
1794 4943 1905 5013 '59).
1956 4928 2191 5010 Populus

617 5075 748 5129 ergo
768 5055 1049 5113 Dominum
1062 5028 1326 5109 irritavit,
1357 5041 1568 5110 Moyses
1587 5037 1653 5091 de
1672 5032 1885 5089 Domini
1907 5045 2072 5100 opere
2092 5028 2190 5081 dn-

617 5120 850 5214 bifavit;
881 5155 936 5201 et
962 5143 1086 5213 quia
1110 5139 1251 5194 illius
1294 5129 1605 5189 irritationis
1643 5135 1805 5196 atque
1842 5120 2191 5176 dubitationis

621 5260 734 5299 non
779 5210 879 5294 fuit
930 5210 1138 5303 aequale
1190 5231 1489 5297 peccatum,
1522 5218 1644 5273 ideo
1688 5221 1905 5270 sanctus
1957 5210 2191 5281 Moyses,

622 5331 865 5409 quamvis
892 5301 1053 5382 fuerit
1079 5335 1175 5391 pro
1205 5318 1284 5373 eis
1306 5319 1552 5376 vexatus,
1583 5323 1689 5363 non
1739 5315 1915 5394 tamen
1955 5316 2076 5356 cum
2113 5301 2193 5355 eis

622 5437 820 5483 aeterna
849 5417 1131 5491 punitione
1160 5411 1446 5464 damnatus
1471 5410 1572 5458 est.

692 5479 868 5570 Et
887 5517 948 5563 ut
964 5502 1202 5561 breviter
1213 5496 1410 5567 aliquid
1430 5493 1593 5548 etiam
1616 5492 1667 5544 in
1685 5490 1801 5559 ipso
1823 5501 1921 5540 usu
1949 5479 2196 5537 attenda—

625 5620 744 5663 mus
765 5591 1190 5658 conversationis
1209 5590 1471 5646 humanae,
1522 5581 1665 5637 unde
1693 5577 1900 5637 facilius
1922 5586 2196 5629 sumamus

627 5694 953 5765 exemplum,
992 5687 1071 5742 sic
1113 5682 1435 5751 accipiamus
1485 5673 1877 5744 baptizatorum
1920 5664 2196 5720 hominum

627 5753 865 5849 animas,
902 5780 1041 5834 sicut
1077 5772 1326 5828 mulieres
1367 5763 1617 5831 coniugio
1646 5759 1941 5830 copulatas.
1975 5753 2106 5808 Nam
2144 5760 2198 5806 et

629 5877 793 5953 ipsius
814 5869 1044 5940 coniugii
1072 5874 1323 5933 magnum
1348 5859 1738 5912 sacramentum
1760 5849 1814 5903 in
1837 5843 2052 5900 Christo
2069 5851 2123 5900 et
2143 5843 2197 5899 iu

2234 862 2547 924 contristat,
2593 856 2687 927 sed
2717 855 2821 910 tori
2851 852 3007 907 ﬁdem
3055 865 3188 919 pura
3226 847 3474 903 castitate
3502 846 3813 909 conservat,

2236 961 2291 1006 et
2314 949 2490 1004 mariti
2514 944 2868 1003 substantiam
2896 939 3193 1012 prudenter
3213 941 3578 1006 temperanter
3596 947 3685 998 :ue
3707 929 3816 986 dis.

2237 1047 2466 1112 pensat;
2506 1052 2568 1092 ac
2610 1051 2709 1106 per
2735 1035 2839 1089 hoc
2868 1042 2922 1087 et
2941 1038 3131 1102 peccat
3160 1029 3374 1092 marito,
3399 1034 3454 1081 et
3474 1024 3605 1079 vivit
3632 1031 3815 1078 tamen

2238 1138 2387 1186 caste
2414 1144 2477 1183 ac
2505 1126 2731 1180 lideliter
2751 1138 2872 1178 cum
2895 1121 3091 1176 marito
3118 1135 3133 1183 ;
3164 1126 3219 1173 et
3246 1131 3405 1187 quam
3429 1112 3557 1168 facit
3580 1114 3815 1166 humana

2240 1219 2521 1274 infirmitas
2549 1213 2834 1284 aliquando
2864 1210 3006 1281 apud
3036 1208 3282 1262 maritum
3312 1205 3643 1272 delinquere,
3688 1216 3818 1253 con-

2237 1310 2431 1380 jugalis
2473 1307 2691 1363 castitas
2738 1304 2867 1358 facit
2904 1301 3098 1356 marito
3133 1298 3359 1353 dulciter
3395 1294 3680 1349 inhzcrere.
3730 1289 3818 1342 llla

2243 1417 2371 1456 vero
2400 1399 2592 1453 mulier
2619 1410 2736 1465 qum
2755 1395 2868 1449 sive
2897 1392 2964 1447 de
2986 1390 3151 1445 domo
3173 1387 3349 1442 mariti
3376 1383 3746 1453 egressa,sive
3767 1381 3819 1434 is

2244 1490 2434 1547 eodem
2458 1486 2635 1542 mariti
2667 1483 2972 1539 babitaculo
3000 1479 3289 1535 constituta
3310 1516 3324 1539 ,
3356 1472 3621 1528 adulterio
3652 1470 3819 1523 mixta

2244 1582 2427 1647 fuerit,
2456 1577 2808 1634 substantiam
2837 1573 3013 1628 mariti
3038 1569 3381 1640 disperserit,
3410 1581 3518 1619 non
3548 1563 3709 1616 venia
3739 1561 3820 1629 ju-

2246 1675 2453 1730 dicatur
2479 1669 2668 1737 digna,
2701 1665 2795 1721 sed
2824 1662 3103 1719 mortifero
3132 1666 3285 1713 reatu
3316 1664 3531 1711 tenetur
3559 1652 3817 1707 obnoxia.

2248 1762 2337 1816 Sic
2364 1768 2449 1816 est
2475 1746 2652 1815 anima
2681 1769 2801 1824 qua:
2835 1750 3048 1807 diabolo
3078 1746 3444 1808 consentiens,
3474 1754 3567 1796 aut
3591 1738 3821 1796 infideli-

2180 1867 2224 1926 Β
2250 1859 2359 1905 tate
2387 1846 2733 1905 subvertitur,
2758 1848 2851 1895 aut
2877 1838 3191 1895 criminibus
3214 1834 3537 1904 implicatur.

2320 1938 2407 1993 42,
2449 1937 2524 1991 De
2552 1934 2745 1988 talibus
2780 1931 2910 1986 dicit
2941 1925 3261 1999 Apostolus,
3306 1922 3430 1993 quia
3459 1935 3621 1990 neque
3657 1918 3823 1989 {orni-

2251 2028 2414 2094 curii,
2454 2042 2614 2096 neque
2651 2015 2806 2077 idolis
2846 2020 3153 2081 servientes,
3184 2027 3341 2083 neque
3379 2009 3630 2071 adulteri,
3665 2021 3826 2074 neque

2252 2119 2450 2180 inolles,
2482 2130 2643 2186 neque
2681 2111 3026 2167 masculorum
3051 2105 3439 2164 concubitores,
3470 2115 3635 2170 neque
3666 2098 3824 2166 fures.

2223 2227 2413 2280 .neque
2440 2208 2607 2272 avari,
2640 2220 2801 2274 neque
2823 2201 3032 2266 ebriosi,
3062 2213 3221 2267 neque
3252 2192 3489 2247 ntaledici
3510 2232 3524 2255 ,
3555 2205 3721 2258 neque
3745 2202 3827 2237 ra-

2253 2276 2424 2374 paces,
2449 2314 2661 2370 regnum
2693 2294 2789 2348 Dei
2815 2288 3147 2363 possidebunt
3174 2284 3235 2352 (Ι
3263 2283 3383 2337 Cor.
3417 2297 3467 2334 vt
3487 2321 3501 2346 ,
3525 2278 3578 2342 9,
3604 2277 3724 2345 10).
3756 2276 3828 2329 De

2256 2365 2338 2447 his
2366 2365 2543 2445 autem
2573 2386 2663 2456 qui
2694 2386 2886 2438 leviter
2912 2386 3139 2449 peccant
3162 2374 3357 2430 dicitur
3398 2388 3411 2424 :
3456 2370 3664 2438 Septies
3693 2365 3828 2419 cadit

2246 2483 2437 2554 justas,
2469 2488 2517 2531 et
2540 2458 2762 2545 resurgit
2795 2471 2983 2542 (Prov.
3011 2483 3154 2532 xxiv,
3188 2462 3307 2532 l6).
3340 2461 3447 2514 Iste
3471 2458 3594 2511 talis
3622 2464 3681 2510 et
3706 2468 3829 2524 pec-

2254 2547 2379 2632 care
2417 2571 2637 2631 dicitur,
2686 2574 2742 2621 et
2787 2572 2964 2617 tamen
3006 2560 3179 2628 justus
3207 2552 3474 2608 veraciter
3499 2547 3821 2619 appellatur.

2260 2665 2378 2721 Non
2404 2661 2547 2718 enim
2572 2659 2649 2713 sic
2669 2656 2830 2714 cadit,
2856 2660 2915 2706 ut
2939 2651 3116 2718 justus
3137 2660 3256 2701 esse
3276 2642 3521 2702 desinat,
3547 2638 3676 2706 quia
3701 2633 3834 2688 scrin

2258 2764 2408 2828 ptum
2429 2762 2514 2807 est
2556 2768 2569 2802 :
2615 2747 2747 2801 Dum
2775 2742 3013 2798 ceciderit
3047 2738 3249 2807 justus,
3296 2749 3399 2786 non
3426 2725 3833 2791 conturbabitur,

2258 2846 2503 2918 quoniam
2532 2838 2783 2893 Dominus
2804 2832 3078 2901 conﬁrmat
3099 2839 3306 2880 manum
3326 2823 3436 2892 ejus
3452 2817 3620 2889 (Psal.
3647 2827 3835 2877 xxxv‘t,

2261 2905 2384 3006 ἐι).
2415 2932 2579 2987 Adest
2600 2943 2729 2997 ergo
2758 2924 3017 2980 Dominus
3056 2918 3216 2974 etiam
3254 2913 3467 2970 cadenti
3495 2911 3678 2979 justo,
3713 2905 3838 2974 quia

2264 2996 2371 3082 non
2401 3023 2479 3079 sic
2506 3026 2726 3092 peccat,
2765 3023 2826 3070 ut
2863 3011 3122 3068 Dominus
3152 3007 3219 3061 ah
3258 3020 3325 3059 eo
3362 3001 3620 3058 discedat.
3672 2996 3838 3051 liabet

2265 3116 2409 3171 enim
2430 3104 2920 3180 concupiscentiam
2951 3116 3021 3155 ex
3042 3096 3351 3153 infirmitate
3370 3091 3572 3156 ‘carnis,
3592 3087 3691 3166 sed
3718 3102 3838 3142 con-

2191 3218 2234 3278 c
2264 3176 2622 3274 cnpisccntim'
2652 3212 2758 3251 non
2802 3190 3104 3252 consentit,
3164 3183 3408 3239 firntatus
3435 3182 3633 3233 virtute
3664 3176 3842 3245 gratia

2272 3267 2547 3365 spiritalis.
2594 3287 2713 3358 lpsa
2741 3278 3178 3349 concupiscentia
3219 3282 3305 3329 est
3335 3273 3422 3326 lex
3448 3270 3658 3339 peccati
3687 3267 3842 3321 etiam

2272 3357 2325 3442 in
2349 3381 2604 3440 membris
2618 3357 2906 3437 constituta
2926 3379 3234 3428 sanctorum
3256 3383 3271 3430 ;
3295 3380 3326 3418 a
3347 3378 3450 3432 qua
3476 3370 3661 3414 tamen
3678 3357 3847 3425 justus

2272 3490 2400 3532 suos
2424 3473 2616 3528 liberat
2636 3466 2808 3537 gratia
2829 3464 2924 3519 Dei
2950 3476 3046 3532 per
3065 3457 3247 3515 Iesum
3274 3454 3542 3509 Christum
3562 3448 3845 3503 Dominum

2275 3576 2546 3624 nostrum:
2567 3562 2658 3631 qui
2681 3565 2967 3630 propterea
2988 3560 3196 3624 peccata
3223 3558 3403 3602 nos'ra
3430 3541 3643 3612 pertulit
3663 3541 3719 3593 in
3738 3552 3848 3595 cor-

2277 3716 2388 3803 cnm
2407 3716 2614 3817 justitia
2643 3741 2867 3795 vivamus
2890 3734 2951 3800 (1
2979 3734 3124 3786 Petr.
3154 3746 3211 3793 ll,
3234 3726 3357 3795 24).
3387 3726 3522 3777 Cum
3549 3735 3690 3788 ergo
3717 3716 3851 3774 cadit

2272 3804 2482 3912 justus,
2507 3835 2684 3890 debita
2713 3828 3020 3886 contrahit;
3061 3822 3154 3877 sed
3195 3819 3321 3873 talia
3366 3822 3491 3869 sunt
3516 3812 3707 3866 debita
3730 3804 3852 3878 insi

2276 3894 2395 3999 qua:
2423 3894 2632 3996 possint
2674 3921 2727 3974 in
2756 3915 3069 3987 quotidiana
3100 3909 3346 3965 oratione
3373 3901 3598 3963 dimitti,
3644 3894 3855 3969 quando

2277 3990 2543 4073 veraciter
2569 4011 2702 4066 dicit
2731 4027 2743 4061 :
2779 4006 2991 4059 Dimitte
3031 4000 3178 4056 nobis
3210 3996 3382 4050 debita
3409 4000 3613 4055 nostra,
3656 3990 3786 4041 sicut
3808 3990 3854 4036 et

2280 4125 2377 4165 nos
2401 4105 2702 4160 dimittimus
2729 4093 3047 4157 debitoribus
3070 4090 3261 4145 nostris
3289 4083 3503 4155 (Matth.
3529 4095 3605 4143 vt,
3639 4078 3756 4145 12).
3826 4102 3831 4111 ο

2351 4196 2439 4250 45.
2472 4193 2700 4248 Peccata
2728 4200 2858 4255 ergo
2881 4184 3148 4253 iustorum
3176 4183 3305 4232 sunt
3332 4190 3398 4228 ex
3420 4170 3758 4225 necessitate
3781 4165 3858 4219 in-

2283 4286 2578 4347 firmitatis;
2602 4286 2823 4351 peccata
2846 4276 3148 4344 iniquorum
3177 4275 3300 4324 sunt
3326 4280 3395 4319 ex
3416 4260 3723 4316 intentione
3742 4269 3857 4327 pes.

2283 4381 2432 4438 sima:
2455 4372 2771 4431 voluntatis.
2793 4368 2851 4423 ln
2878 4364 2981 4421 illis
3005 4364 3082 4417 sic
3100 4358 3307 4431 peccati
3329 4353 3597 4425 reperitur
3617 4357 3859 4406 exortus.

2282 4482 2345 4528 ut
2365 4486 2473 4526 non
2501 4467 2858 4531 subsequatur
2877 4456 3118 4511 etl'ectus.
3161 4448 3296 4515 Quia
3323 4444 3426 4499 etsi
3452 4456 3549 4512 per
3578 4436 3863 4493 inthmitzr

2288 4573 2397 4618 tem
2427 4529 2695 4617 nascitur,
2708 4565 2804 4621 per
2830 4546 2922 4601 Dei
2944 4543 3170 4613 gratiam
3195 4543 3495 4607 superatur.
3523 4529 3659 4584 Illos
3688 4534 3865 4581 autem

2284 4654 2469 4724 gratia:
2490 4650 2585 4722 (al.
2606 4617 2866 4711 congrue)
2892 4639 3131 4709 privatos
3159 4631 3357 4687 auxilio
3389 4624 3701 4697 praecipitat
3728 4617 3866 4674 mala

2285 4708 2565 4806 voluntas,
2588 4751 2697 4807 quo
2718 4708 2953 4787 vduxerit
2993 4737 3158 4796 prava
3198 4717 3486 4789 cupiditas.
3525 4712 3663 4766 Ideo
3703 4708 3871 4776 culpat

2286 4804 2593 4894 sanctorum
2608 4804 2838 4898 peccata
2869 4821 3120 4875 dicuntur
3145 4826 3292 4874 esse,
3325 4822 3432 4863 non
3460 4804 3697 4863 crimina
3729 4819 3745 4855 :
3775 4812 3870 4869 pro

2289 4926 2482 4997 quibus
2509 4923 2586 4977 sic
2612 4896 2976 4985 corripiuntur
3004 4925 3035 4963 a
3076 4914 3246 4976 patre,
3277 4909 3336 4956 ut
3364 4914 3468 4954 non
3498 4896 3873 4951 condemnem

2294 4979 2440 5074 Idea
2466 5012 2645 5084 judice
2677 5027 2691 5061 :
2719 4979 2837 5077 quae
2867 5011 3041 5056 tamen
3072 4993 3341 5064 correptio
3364 4988 3599 5060 pertinet
3628 4984 3699 5039 ad
3735 4979 3874 5050 judi-

2297 5109 2459 5170 cium,
2491 5101 2585 5158 sed
2613 5107 2892 5169 paternum
2910 5134 2925 5157 ,
2953 5104 3062 5159 quo
3086 5088 3227 5140 Deus
3256 5080 3393 5136 lilios
3419 5078 3583 5148 428
3608 5089 3751 5128 suos
3778 5068 3879 5123 mi-

2298 5159 2641 5255 sericorditer
2665 5201 2720 5244 et
2736 5186 2939 5256 iudicat
2964 5187 3021 5234 et
3056 5175 3316 5244 ﬂagellat,
3346 5182 3407 5225 ut
3425 5182 3519 5223 eos
3546 5180 3577 5218 a
3602 5159 3877 5234 supplicio

2298 5292 2637 5363 sempiterna:
2646 5275 3004 5339 damnationis
3015 5271 3229 5341 e’ripiat.
3246 5266 3359 5320 Hoc
3371 5264 3562 5317 beatus
3576 5256 3880 5313 ostendens

2303 5346 2586 5455 Apostolus
2615 5377 2691 5431 ait
2731 5392 2744 5426 :
2787 5372 2845 5426 Si
2875 5366 3211 5433 nosmetipsos
3233 5359 3603 5431 judicaremus,
3635 5367 3748 5404 non
3775 5346 3881 5400 uti-

2297 5440 2391 5551 qde
2405 5471 2792 5544 judicaremur;
2815 5461 2935 5514 dum
2953 5455 3248 5527 judicanmr
3263 5456 3453 5508 auum,
3472 5460 3506 5495 ιι
3519 5440 3756 5495 Domino
3768 5452 3885 5491 cor-

2932 5549 2941 5551 ~
3191 5543 3202 5551 -
3277 5539 3289 5551 -
3544 5548 3555 5551 -
3586 5535 3601 5551 ι
3619 5529 3639 5551 ι
3660 5529 3772 5551 ι’-..
3810 5540 3864 5551 ,,,

2297 5529 2534 5636 ripiinur,
2576 5567 2632 5612 ut
2655 5572 2757 5611 non
2785 5566 2900 5606 cum
2923 5549 3014 5603 hoc
3043 5543 3234 5599 mundo
3254 5539 3557 5592 damnentur
3582 5529 3639 5601 (I
3658 5529 3790 5585 Cor.
3810 5540 3882 5586 st,

2299 5620 2361 5712 si
2381 5698 2395 5721 ,
2418 5620 2542 5721 se);
2580 5648 2692 5703 Hoc
2725 5644 2888 5701 etiam
2913 5640 3103 5693 beatus
3128 5633 3323 5689 Petrus
3347 5626 3609 5685 animi,
3640 5620 3881 5721 dicens;

2303 5704 2561 5814 Quoniam
2586 5751 2777 5808 tempus
2808 5727 3151 5788 inchoationis
3172 5721 3357 5794 judicii
3386 5733 3451 5772 ea:
3479 5715 3629 5767 domo
3662 5709 3790 5763 Dei.
3826 5704 3884 5758 Si

2301 5856 2419 5907 ergo
2448 5834 2650 5890 initium
2677 5847 2710 5883 a
2739 5822 2902 5889 nobis,
2935 5820 3044 5893 quis
3066 5817 3186 5890 linis
3213 5828 3386 5868 eorum
3410 5807 3494 5881 qui
3524 5821 3624 5860 non
3659 5799 3888 5856 credunt
