  <div class='ocr_page' id='page_1' title='image "/cluster/home/n/w/nwhite01/storage/ocr_20150623/65/hvd.32044054128558/304.png"; bbox 0 0 4048 6342; ppageno 0'>
   <div class='ocr_carea' id='block_1_1' title="bbox 225 404 332 463">
    <p class='ocr_par' dir='ltr' id='par_1_1' title="bbox 225 404 332 463">
     <span class='ocr_line' id='line_1_1' title="bbox 225 404 332 463; baseline 0 0"><span class='ocrx_word' id='word_1_1' title='bbox 225 404 332 463; x_wconf 74' lang='grc' dir='ltr'><strong>εσι</strong></span> 
     </span>
    </p>
   </div>
   <div class='ocr_carea' id='block_1_2' title="bbox 1157 391 2597 453">
    <p class='ocr_par' dir='ltr' id='par_1_2' title="bbox 1157 391 2597 453">
     <span class='ocr_line' id='line_1_2' title="bbox 1157 391 2597 453; baseline -0.004 0"><span class='ocrx_word' id='word_1_2' title='bbox 1157 398 1243 453; x_wconf 81' lang='lat' dir='ltr'><strong>DE</strong></span> <span class='ocrx_word' id='word_1_3' title='bbox 1283 392 1788 451; x_wconf 74' lang='lat' dir='ltr'><strong>INCARNATIONE</strong></span> <span class='ocrx_word' id='word_1_4' title='bbox 1827 391 1982 448; x_wconf 85' lang='lat' dir='ltr'><strong>FlLll</strong></span> <span class='ocrx_word' id='word_1_5' title='bbox 2022 392 2129 447; x_wconf 84' lang='lat' dir='ltr'><strong>DEI</strong></span> <span class='ocrx_word' id='word_1_6' title='bbox 2162 391 2356 447; x_wconf 70' lang='grc' dir='ltr'><strong>ΗΒΕιῖ</strong></span> <span class='ocrx_word' id='word_1_7' title='bbox 2401 392 2597 449; x_wconf 72' lang='grc' dir='ltr'><strong>υΝυε.</strong></span> 
     </span>
    </p>
   </div>
   <div class='ocr_carea' id='block_1_3' title="bbox 3401 377 3520 452">
    <p class='ocr_par' dir='ltr' id='par_1_3' title="bbox 3401 377 3520 452">
     <span class='ocr_line' id='line_1_3' title="bbox 3401 377 3520 452; baseline -0.017 0"><span class='ocrx_word' id='word_1_8' title='bbox 3401 377 3520 452; x_wconf 44' lang='grc' dir='ltr'><strong>ωε.</strong></span> 
     </span>
    </p>
   </div>
   <div class='ocr_carea' id='block_1_4' title="bbox 224 507 3509 586">
    <p class='ocr_par' dir='ltr' id='par_1_4' title="bbox 224 507 3509 586">
     <span class='ocr_line' id='line_1_4' title="bbox 224 507 3509 586; baseline -0.003 -12"><span class='ocrx_word' id='word_1_9' title='bbox 224 517 332 575; x_wconf 72' lang='lat' dir='ltr'><strong>Dei</strong></span> <span class='ocrx_word' id='word_1_10' title='bbox 349 513 675 586; x_wconf 79' lang='lat' dir='ltr'><strong>Evangelia?</strong></span> <span class='ocrx_word' id='word_1_11' title='bbox 699 513 832 568; x_wconf 79' lang='lat' dir='ltr'><strong>Etsi</strong></span> <span class='ocrx_word' id='word_1_12' title='bbox 855 515 1028 584; x_wconf 83' lang='lat' dir='ltr'><strong>justus</strong></span> <span class='ocrx_word' id='word_1_13' title='bbox 1050 514 1251 584; x_wconf 79' lang='lat' dir='ltr'><strong>quidem</strong></span> <span class='ocrx_word' id='word_1_14' title='bbox 1281 513 1364 565; x_wconf 72' lang='lat' dir='ltr'><strong>vix</strong></span> <span class='ocrx_word' id='word_1_15' title='bbox 1385 509 1687 574; x_wconf 84' lang='lat' dir='ltr'><strong>salvabitur,</strong></span> <span class='ocrx_word' id='word_1_16' title='bbox 1717 514 1828 575; x_wconf 82' lang='lat' dir='ltr'><strong>pec-</strong></span> <span class='ocrx_word' id='word_1_17' title='bbox 1854 508 1904 566; x_wconf 82' lang='grc' dir='ltr'>Α</span> <span class='ocrx_word' id='word_1_18' title='bbox 1932 507 2050 561; x_wconf 90' lang='lat' dir='ltr'><strong>ideo</strong></span> <span class='ocrx_word' id='word_1_19' title='bbox 2080 508 2518 577; x_wconf 75' lang='lat' dir='ltr'><strong>prtevaricatores</strong></span> <span class='ocrx_word' id='word_1_20' title='bbox 2545 508 2755 576; x_wconf 80' lang='lat' dir='ltr'><strong>fecisse,</strong></span> <span class='ocrx_word' id='word_1_21' title='bbox 2805 512 2927 579; x_wconf 82' lang='lat' dir='ltr'><strong>quia</strong></span> <span class='ocrx_word' id='word_1_22' title='bbox 2957 509 3098 564; x_wconf 89' lang='lat' dir='ltr'><strong>Deus</strong></span> <span class='ocrx_word' id='word_1_23' title='bbox 3127 511 3365 580; x_wconf 80' lang='lat' dir='ltr'><strong>permisit</strong></span> <span class='ocrx_word' id='word_1_24' title='bbox 3389 529 3403 574; x_wconf 87' lang='lat'><strong>;</strong></span> <span class='ocrx_word' id='word_1_25' title='bbox 3432 513 3509 566; x_wconf 84' lang='lat' dir='ltr'><strong>ci-</strong></span> 
     </span>
    </p>
   </div>
   <div class='ocr_carea' id='block_1_5' title="bbox 224 597 1818 676">
    <p class='ocr_par' dir='ltr' id='par_1_5' title="bbox 224 597 1818 676">
     <span class='ocr_line' id='line_1_5' title="bbox 224 597 1818 676; baseline -0.006 -16"><span class='ocrx_word' id='word_1_26' title='bbox 224 615 388 661; x_wconf 69' lang='grc' dir='ltr'><strong>ταῖσιν</strong></span> <span class='ocrx_word' id='word_1_27' title='bbox 413 615 462 658; x_wconf 82' lang='lat' dir='ltr'><strong>et</strong></span> <span class='ocrx_word' id='word_1_28' title='bbox 492 605 679 676; x_wconf 83' lang='lat' dir='ltr'><strong>impius</strong></span> <span class='ocrx_word' id='word_1_29' title='bbox 704 604 768 658; x_wconf 83' lang='lat' dir='ltr'><strong>ub</strong></span> <span class='ocrx_word' id='word_1_30' title='bbox 809 603 1058 675; x_wconf 86' lang='lat' dir='ltr'><strong>parebunt</strong></span> <span class='ocrx_word' id='word_1_31' title='bbox 1090 602 1182 675; x_wconf 91' lang='lat' dir='ltr'><strong>(al.</strong></span> <span class='ocrx_word' id='word_1_32' title='bbox 1213 601 1434 672; x_wconf 87' lang='lat' dir='ltr'><strong>parebit)</strong></span> <span class='ocrx_word' id='word_1_33' title='bbox 1476 597 1542 670; x_wconf 91' lang='lat' dir='ltr'><strong>(I</strong></span> <span class='ocrx_word' id='word_1_34' title='bbox 1572 598 1715 652; x_wconf 87' lang='lat' dir='ltr'><strong>Petr.</strong></span> <span class='ocrx_word' id='word_1_35' title='bbox 1749 615 1818 663; x_wconf 82' lang='lat' dir='ltr'><strong>tv,</strong></span> 
     </span>
    </p>
   </div>
   <div class='ocr_carea' id='block_1_6' title="bbox 223 694 478 764">
    <p class='ocr_par' dir='ltr' id='par_1_6' title="bbox 223 694 478 764">
     <span class='ocr_line' id='line_1_6' title="bbox 223 694 478 764; baseline -0.016 -12"><span class='ocrx_word' id='word_1_36' title='bbox 223 695 323 763; x_wconf 73' lang='grc'><strong>17,</strong></span> <span class='ocrx_word' id='word_1_37' title='bbox 353 694 478 764; x_wconf 70' lang='lat'><strong>18)?</strong></span> 
     </span>
    </p>
   </div>
   <div class='ocr_carea' id='block_1_7' title="bbox 298 776 1821 851">
    <p class='ocr_par' dir='ltr' id='par_1_7' title="bbox 298 776 1821 851">
     <span class='ocr_line' id='line_1_7' title="bbox 298 776 1821 851; baseline -0.006 -12"><span class='ocrx_word' id='word_1_38' title='bbox 298 784 401 839; x_wconf 70' lang='grc' dir='ltr'><strong>μ.</strong></span> <span class='ocrx_word' id='word_1_39' title='bbox 424 781 610 838; x_wconf 77' lang='lat' dir='ltr'><strong>Nullus</strong></span> <span class='ocrx_word' id='word_1_40' title='bbox 641 797 770 851; x_wconf 80' lang='lat' dir='ltr'><strong>ergo</strong></span> <span class='ocrx_word' id='word_1_41' title='bbox 796 782 967 836; x_wconf 88' lang='lat' dir='ltr'><strong>ﬁdelis</strong></span> <span class='ocrx_word' id='word_1_42' title='bbox 997 798 1059 836; x_wconf 90' lang='lat' dir='ltr'><strong>ac</strong></span> <span class='ocrx_word' id='word_1_43' title='bbox 1082 782 1298 850; x_wconf 75' lang='lat' dir='ltr'><strong>sapiens</strong></span> <span class='ocrx_word' id='word_1_44' title='bbox 1327 789 1632 833; x_wconf 88' lang='lat' dir='ltr'><strong>sanctorum</strong></span> <span class='ocrx_word' id='word_1_45' title='bbox 1665 776 1821 831; x_wconf 91' lang='lat' dir='ltr'><strong>ﬁdem</strong></span> 
     </span>
    </p>
   </div>
   <div class='ocr_carea' id='block_1_8' title="bbox 225 868 1823 938">
    <p class='ocr_par' dir='ltr' id='par_1_8' title="bbox 225 868 1823 938">
     <span class='ocr_line' id='line_1_8' title="bbox 225 868 1823 938; baseline -0.006 -10"><span class='ocrx_word' id='word_1_46' title='bbox 225 874 386 930; x_wconf 82' lang='lat' dir='ltr'><strong>dicat</strong></span> <span class='ocrx_word' id='word_1_47' title='bbox 409 871 696 933; x_wconf 88' lang='lat' dir='ltr'><strong>inﬁrmam,</strong></span> <span class='ocrx_word' id='word_1_48' title='bbox 737 871 781 924; x_wconf 90' lang='lat' dir='ltr'><strong>si</strong></span> <span class='ocrx_word' id='word_1_49' title='bbox 813 870 1025 938; x_wconf 85' lang='lat' dir='ltr'><strong>quando</strong></span> <span class='ocrx_word' id='word_1_50' title='bbox 1065 871 1142 924; x_wconf 84' lang='lat' dir='ltr'><strong>eis</strong></span> <span class='ocrx_word' id='word_1_51' title='bbox 1172 869 1223 922; x_wconf 91' lang='lat' dir='ltr'><strong>in</strong></span> <span class='ocrx_word' id='word_1_52' title='bbox 1249 869 1404 936; x_wconf 85' lang='lat' dir='ltr'><strong>hujus</strong></span> <span class='ocrx_word' id='word_1_53' title='bbox 1435 868 1553 921; x_wconf 63' lang='lat' dir='ltr'><strong>vitae</strong></span> <span class='ocrx_word' id='word_1_54' title='bbox 1584 875 1823 934; x_wconf 89' lang='lat' dir='ltr'><strong>tempore</strong></span> 
     </span>
    </p>
   </div>
   <div class='ocr_carea' id='block_1_9' title="bbox 220 959 1816 1032">
    <p class='ocr_par' dir='ltr' id='par_1_9' title="bbox 220 959 1816 1032">
     <span class='ocr_line' id='line_1_9' title="bbox 220 959 1816 1032; baseline -0.006 -12"><span class='ocrx_word' id='word_1_55' title='bbox 220 964 532 1032; x_wconf 81' lang='lat' dir='ltr'><strong>cujuslibet</strong></span> <span class='ocrx_word' id='word_1_56' title='bbox 577 963 919 1016; x_wconf 84' lang='lat' dir='ltr'><strong>adversitatis</strong></span> <span class='ocrx_word' id='word_1_57' title='bbox 964 961 1158 1015; x_wconf 80' lang='lat' dir='ltr'><strong>viderit</strong></span> <span class='ocrx_word' id='word_1_58' title='bbox 1195 961 1451 1015; x_wconf 83' lang='lat' dir='ltr'><strong>accidisse</strong></span> <span class='ocrx_word' id='word_1_59' title='bbox 1498 959 1816 1012; x_wconf 79' lang='lat' dir='ltr'><strong>molestiam.</strong></span> 
     </span>
    </p>
   </div>
   <div class='ocr_carea' id='block_1_10' title="bbox 224 1049 1820 1112">
    <p class='ocr_par' dir='ltr' id='par_1_10' title="bbox 224 1049 1820 1112">
     <span class='ocr_line' id='line_1_10' title="bbox 224 1049 1820 1112; baseline -0.004 -2"><span class='ocrx_word' id='word_1_60' title='bbox 224 1055 620 1112; x_wconf 85' lang='lat' dir='ltr'><strong>Cummuniter</strong></span> <span class='ocrx_word' id='word_1_61' title='bbox 645 1055 786 1108; x_wconf 91' lang='lat' dir='ltr'><strong>enim</strong></span> <span class='ocrx_word' id='word_1_62' title='bbox 827 1055 1074 1110; x_wconf 86' lang='lat' dir='ltr'><strong>accidunt</strong></span> <span class='ocrx_word' id='word_1_63' title='bbox 1115 1053 1356 1106; x_wconf 83' lang='lat' dir='ltr'><strong>ﬁdelibus</strong></span> <span class='ocrx_word' id='word_1_64' title='bbox 1398 1061 1453 1106; x_wconf 89' lang='lat' dir='ltr'><strong>et</strong></span> <span class='ocrx_word' id='word_1_65' title='bbox 1500 1049 1820 1112; x_wconf 91' lang='lat' dir='ltr'><strong>inﬁdelibus,</strong></span> 
     </span>
    </p>
   </div>
   <div class='ocr_carea' id='block_1_11' title="bbox 224 1139 1822 1214">
    <p class='ocr_par' dir='ltr' id='par_1_11' title="bbox 224 1139 1822 1214">
     <span class='ocr_line' id='line_1_11' title="bbox 224 1139 1822 1214; baseline -0.005 -13"><span class='ocrx_word' id='word_1_66' title='bbox 224 1146 404 1202; x_wconf 82' lang='lat' dir='ltr'><strong>bonis</strong></span> <span class='ocrx_word' id='word_1_67' title='bbox 432 1153 490 1199; x_wconf 89' lang='lat' dir='ltr'><strong>et</strong></span> <span class='ocrx_word' id='word_1_68' title='bbox 517 1145 701 1206; x_wconf 83' lang='lat' dir='ltr'><strong>malis,</strong></span> <span class='ocrx_word' id='word_1_69' title='bbox 749 1145 1046 1214; x_wconf 79' lang='lat' dir='ltr'><strong>corporalis</strong></span> <span class='ocrx_word' id='word_1_70' title='bbox 1085 1144 1286 1198; x_wconf 88' lang='lat' dir='ltr'><strong>sanitas</strong></span> <span class='ocrx_word' id='word_1_71' title='bbox 1315 1151 1474 1209; x_wconf 89' lang='lat' dir='ltr'><strong>atque</strong></span> <span class='ocrx_word' id='word_1_72' title='bbox 1507 1139 1822 1202; x_wconf 90' lang='lat' dir='ltr'><strong>inﬁrmitas;</strong></span> 
     </span>
    </p>
   </div>
   <div class='ocr_carea' id='block_1_12' title="bbox 226 1227 1826 1300">
    <p class='ocr_par' dir='ltr' id='par_1_12' title="bbox 226 1227 1826 1300">
     <span class='ocr_line' id='line_1_12' title="bbox 226 1227 1826 1300; baseline -0.005 -10"><span class='ocrx_word' id='word_1_73' title='bbox 226 1243 286 1290; x_wconf 85' lang='lat' dir='ltr'><strong>et</strong></span> <span class='ocrx_word' id='word_1_74' title='bbox 316 1233 454 1290; x_wconf 88' lang='lat' dir='ltr'><strong>ideo</strong></span> <span class='ocrx_word' id='word_1_75' title='bbox 476 1233 832 1289; x_wconf 79' lang='lat' dir='ltr'><strong>communiter</strong></span> <span class='ocrx_word' id='word_1_76' title='bbox 861 1240 1115 1300; x_wconf 88' lang='lat' dir='ltr'><strong>utrosque</strong></span> <span class='ocrx_word' id='word_1_77' title='bbox 1156 1231 1324 1298; x_wconf 83' lang='lat' dir='ltr'><strong>tangit</strong></span> <span class='ocrx_word' id='word_1_78' title='bbox 1364 1245 1637 1299; x_wconf 83' lang='lat' dir='ltr'><strong>corporeae</strong></span> <span class='ocrx_word' id='word_1_79' title='bbox 1681 1227 1826 1282; x_wconf 81' lang='lat' dir='ltr'><strong>infir-</strong></span> 
     </span>
    </p>
   </div>
   <div class='ocr_carea' id='block_1_13' title="bbox 230 1318 1830 1389">
    <p class='ocr_par' dir='ltr' id='par_1_13' title="bbox 230 1318 1830 1389">
     <span class='ocr_line' id='line_1_13' title="bbox 230 1318 1830 1389; baseline -0.003 -13"><span class='ocrx_word' id='word_1_80' title='bbox 230 1323 448 1378; x_wconf 83' lang='lat' dir='ltr'><strong>mitatis</strong></span> <span class='ocrx_word' id='word_1_81' title='bbox 491 1321 783 1376; x_wconf 80' lang='lat' dir='ltr'><strong>adversitas</strong></span> <span class='ocrx_word' id='word_1_82' title='bbox 811 1362 827 1387; x_wconf 95' lang='lat'><strong>,</strong></span> <span class='ocrx_word' id='word_1_83' title='bbox 889 1321 1014 1389; x_wconf 89' lang='lat' dir='ltr'><strong>quia</strong></span> <span class='ocrx_word' id='word_1_84' title='bbox 1065 1334 1444 1388; x_wconf 84' lang='lat' dir='ltr'><strong>nonnunquam</strong></span> <span class='ocrx_word' id='word_1_85' title='bbox 1473 1318 1830 1372; x_wconf 87' lang='lat' dir='ltr'><strong>communiter</strong></span> 
     </span>
    </p>
   </div>
   <div class='ocr_carea' id='block_1_14' title="bbox 229 1406 1828 1482">
    <p class='ocr_par' dir='ltr' id='par_1_14' title="bbox 229 1406 1828 1482">
     <span class='ocr_line' id='line_1_14' title="bbox 229 1406 1828 1482; baseline -0.004 -15"><span class='ocrx_word' id='word_1_86' title='bbox 229 1413 494 1482; x_wconf 86' lang='lat' dir='ltr'><strong>utrisque</strong></span> <span class='ocrx_word' id='word_1_87' title='bbox 524 1410 891 1480; x_wconf 88' lang='lat' dir='ltr'><strong>temporaliter</strong></span> <span class='ocrx_word' id='word_1_88' title='bbox 911 1410 1142 1464; x_wconf 85' lang='lat' dir='ltr'><strong>donatur</strong></span> <span class='ocrx_word' id='word_1_89' title='bbox 1171 1418 1226 1462; x_wconf 89' lang='lat' dir='ltr'><strong>et</strong></span> <span class='ocrx_word' id='word_1_90' title='bbox 1265 1408 1484 1462; x_wconf 79' lang='lat' dir='ltr'><strong>sanitas.</strong></span> <span class='ocrx_word' id='word_1_91' title='bbox 1528 1406 1662 1462; x_wconf 85' lang='lat' dir='ltr'><strong>Justi</strong></span> <span class='ocrx_word' id='word_1_92' title='bbox 1686 1407 1828 1461; x_wconf 89' lang='lat' dir='ltr'><strong>enim</strong></span> 
     </span>
    </p>
   </div>
   <div class='ocr_carea' id='block_1_15' title="bbox 230 1496 1830 1568">
    <p class='ocr_par' dir='ltr' id='par_1_15' title="bbox 230 1496 1830 1568">
     <span class='ocr_line' id='line_1_15' title="bbox 230 1496 1830 1568; baseline -0.004 -13"><span class='ocrx_word' id='word_1_93' title='bbox 230 1499 304 1555; x_wconf 77' lang='lat' dir='ltr'><strong>ab</strong></span> <span class='ocrx_word' id='word_1_94' title='bbox 327 1501 539 1568; x_wconf 87' lang='lat' dir='ltr'><strong>iniquis</strong></span> <span class='ocrx_word' id='word_1_95' title='bbox 561 1515 665 1553; x_wconf 91' lang='lat' dir='ltr'><strong>non</strong></span> <span class='ocrx_word' id='word_1_96' title='bbox 695 1499 952 1568; x_wconf 82' lang='lat' dir='ltr'><strong>qualitate</strong></span> <span class='ocrx_word' id='word_1_97' title='bbox 972 1497 1362 1566; x_wconf 88' lang='lat' dir='ltr'><strong>corporea,sed</strong></span> <span class='ocrx_word' id='word_1_98' title='bbox 1389 1496 1494 1550; x_wconf 90' lang='lat' dir='ltr'><strong>ﬁde</strong></span> <span class='ocrx_word' id='word_1_99' title='bbox 1518 1497 1830 1550; x_wconf 86' lang='lat' dir='ltr'><strong>discernun-</strong></span> 
     </span>
    </p>
   </div>
   <div class='ocr_carea' id='block_1_16' title="bbox 230 1585 1835 1655">
    <p class='ocr_par' dir='ltr' id='par_1_16' title="bbox 230 1585 1835 1655">
     <span class='ocr_line' id='line_1_16' title="bbox 230 1585 1835 1655; baseline -0.002 -11"><span class='ocrx_word' id='word_1_100' title='bbox 230 1599 328 1644; x_wconf 79' lang='lat' dir='ltr'><strong>tur</strong></span> <span class='ocrx_word' id='word_1_101' title='bbox 343 1597 408 1644; x_wconf 86' lang='lat' dir='ltr'><strong>et</strong></span> <span class='ocrx_word' id='word_1_102' title='bbox 430 1589 558 1642; x_wconf 80' lang='lat' dir='ltr'><strong>vita.</strong></span> <span class='ocrx_word' id='word_1_103' title='bbox 584 1588 751 1641; x_wconf 89' lang='lat' dir='ltr'><strong>Simul</strong></span> <span class='ocrx_word' id='word_1_104' title='bbox 771 1601 899 1655; x_wconf 88' lang='lat' dir='ltr'><strong>ergo</strong></span> <span class='ocrx_word' id='word_1_105' title='bbox 921 1585 1197 1641; x_wconf 88' lang='lat' dir='ltr'><strong>molestias</strong></span> <span class='ocrx_word' id='word_1_106' title='bbox 1217 1595 1272 1640; x_wconf 91' lang='lat' dir='ltr'><strong>et</strong></span> <span class='ocrx_word' id='word_1_107' title='bbox 1302 1586 1536 1655; x_wconf 89' lang='lat' dir='ltr'><strong>pericula</strong></span> <span class='ocrx_word' id='word_1_108' title='bbox 1559 1587 1682 1640; x_wconf 77' lang='lat' dir='ltr'><strong>vitze</strong></span> <span class='ocrx_word' id='word_1_109' title='bbox 1705 1601 1835 1655; x_wconf 75' lang='lat' dir='ltr'><strong>pra:-</strong></span> 
     </span>
    </p>
   </div>
   <div class='ocr_carea' id='block_1_17' title="bbox 229 1676 1832 1744">
    <p class='ocr_par' dir='ltr' id='par_1_17' title="bbox 229 1676 1832 1744">
     <span class='ocr_line' id='line_1_17' title="bbox 229 1676 1832 1744; baseline -0.003 -12"><span class='ocrx_word' id='word_1_110' title='bbox 229 1677 416 1732; x_wconf 73' lang='lat' dir='ltr'><strong>seutis</strong></span> <span class='ocrx_word' id='word_1_111' title='bbox 437 1676 792 1744; x_wconf 86' lang='lat' dir='ltr'><strong>corporaliter</strong></span> <span class='ocrx_word' id='word_1_112' title='bbox 813 1677 1060 1739; x_wconf 87' lang='lat' dir='ltr'><strong>tolerant,</strong></span> <span class='ocrx_word' id='word_1_113' title='bbox 1087 1690 1220 1743; x_wconf 90' lang='lat' dir='ltr'><strong>quas</strong></span> <span class='ocrx_word' id='word_1_114' title='bbox 1247 1685 1421 1729; x_wconf 87' lang='lat' dir='ltr'><strong>tamen</strong></span> <span class='ocrx_word' id='word_1_115' title='bbox 1447 1676 1655 1729; x_wconf 83' lang='lat' dir='ltr'><strong>diversa</strong></span> <span class='ocrx_word' id='word_1_116' title='bbox 1678 1690 1832 1744; x_wconf 87' lang='lat' dir='ltr'><strong>pror-</strong></span> 
     </span>
    </p>
   </div>
   <div class='ocr_carea' id='block_1_18' title="bbox 231 1759 1833 1836">
    <p class='ocr_par' dir='ltr' id='par_1_18' title="bbox 231 1759 1833 1836">
     <span class='ocr_line' id='line_1_18' title="bbox 231 1759 1833 1836; baseline -0.003 -12"><span class='ocrx_word' id='word_1_117' title='bbox 231 1784 335 1824; x_wconf 74' lang='lat' dir='ltr'><strong>sus</strong></span> <span class='ocrx_word' id='word_1_118' title='bbox 362 1769 669 1823; x_wconf 87' lang='lat' dir='ltr'><strong>intentione</strong></span> <span class='ocrx_word' id='word_1_119' title='bbox 691 1776 1030 1836; x_wconf 85' lang='lat' dir='ltr'><strong>supportant.</strong></span> <span class='ocrx_word' id='word_1_120' title='bbox 1055 1766 1180 1822; x_wconf 89' lang='lat' dir='ltr'><strong>Ideo</strong></span> <span class='ocrx_word' id='word_1_121' title='bbox 1201 1779 1379 1820; x_wconf 89' lang='lat' dir='ltr'><strong>autem</strong></span> <span class='ocrx_word' id='word_1_122' title='bbox 1411 1768 1462 1821; x_wconf 92' lang='lat' dir='ltr'><strong>in</strong></span> <span class='ocrx_word' id='word_1_123' title='bbox 1493 1768 1648 1820; x_wconf 87' lang='lat' dir='ltr'><strong>malis</strong></span> <span class='ocrx_word' id='word_1_124' title='bbox 1675 1759 1833 1834; x_wconf 78' lang='lat' dir='ltr'><strong>hujus</strong></span> 
     </span>
    </p>
   </div>
   <div class='ocr_carea' id='block_1_19' title="bbox 1923 597 3511 670">
    <p class='ocr_par' dir='ltr' id='par_1_19' title="bbox 1923 597 3511 670">
     <span class='ocr_line' id='line_1_19' title="bbox 1923 597 3511 670; baseline 0.003 -20"><span class='ocrx_word' id='word_1_125' title='bbox 1923 597 2112 666; x_wconf 91' lang='lat' dir='ltr'><strong>niphes</strong></span> <span class='ocrx_word' id='word_1_126' title='bbox 2129 607 2326 664; x_wconf 89' lang='lat' dir='ltr'><strong>autem,</strong></span> <span class='ocrx_word' id='word_1_127' title='bbox 2343 597 2392 651; x_wconf 89' lang='lat' dir='ltr'><strong>id</strong></span> <span class='ocrx_word' id='word_1_128' title='bbox 2416 607 2499 652; x_wconf 87' lang='lat' dir='ltr'><strong>est</strong></span> <span class='ocrx_word' id='word_1_129' title='bbox 2523 614 2752 664; x_wconf 89' lang='lat' dir='ltr'><strong>muscas,</strong></span> <span class='ocrx_word' id='word_1_130' title='bbox 2786 600 2906 654; x_wconf 89' lang='lat' dir='ltr'><strong>ideo</strong></span> <span class='ocrx_word' id='word_1_131' title='bbox 2931 599 3104 654; x_wconf 84' lang='lat' dir='ltr'><strong>facere</strong></span> <span class='ocrx_word' id='word_1_132' title='bbox 3123 616 3227 655; x_wconf 90' lang='lat' dir='ltr'><strong>non</strong></span> <span class='ocrx_word' id='word_1_133' title='bbox 3251 600 3511 670; x_wconf 84' lang='lat' dir='ltr'><strong>potuisse,</strong></span> 
     </span>
    </p>
   </div>
   <div class='ocr_carea' id='block_1_20' title="bbox 1923 685 2669 754">
    <p class='ocr_par' dir='ltr' id='par_1_20' title="bbox 1923 685 2669 754">
     <span class='ocr_line' id='line_1_20' title="bbox 1923 685 2669 754; baseline 0.005 -17"><span class='ocrx_word' id='word_1_134' title='bbox 1923 686 2046 754; x_wconf 90' lang='lat' dir='ltr'><strong>quia</strong></span> <span class='ocrx_word' id='word_1_135' title='bbox 2080 685 2216 739; x_wconf 88' lang='lat' dir='ltr'><strong>Deus</strong></span> <span class='ocrx_word' id='word_1_136' title='bbox 2245 701 2350 739; x_wconf 90' lang='lat' dir='ltr'><strong>non</strong></span> <span class='ocrx_word' id='word_1_137' title='bbox 2383 688 2669 754; x_wconf 82' lang='lat' dir='ltr'><strong>permisit?</strong></span> 
     </span>
    </p>
   </div>
   <div class='ocr_carea' id='block_1_21' title="bbox 1995 774 3513 849">
    <p class='ocr_par' dir='ltr' id='par_1_21' title="bbox 1995 774 3513 849">
     <span class='ocr_line' id='line_1_21' title="bbox 1995 774 3513 849; baseline 0.005 -22"><span class='ocrx_word' id='word_1_138' title='bbox 1995 774 2084 828; x_wconf 73' lang='grc'><strong>46.</strong></span> <span class='ocrx_word' id='word_1_139' title='bbox 2127 776 2425 844; x_wconf 84' lang='lat' dir='ltr'><strong>Aliquando</strong></span> <span class='ocrx_word' id='word_1_140' title='bbox 2461 784 2640 832; x_wconf 91' lang='lat' dir='ltr'><strong>autem</strong></span> <span class='ocrx_word' id='word_1_141' title='bbox 2669 778 2880 833; x_wconf 85' lang='lat' dir='ltr'><strong>occulto</strong></span> <span class='ocrx_word' id='word_1_142' title='bbox 2907 787 2963 833; x_wconf 91' lang='lat' dir='ltr'><strong>et</strong></span> <span class='ocrx_word' id='word_1_143' title='bbox 2991 779 3513 849; x_wconf 84' lang='lat' dir='ltr'><strong>incomprehensibill</strong></span> 
     </span>
    </p>
   </div>
   <div class='ocr_carea' id='block_1_22' title="bbox 1926 865 3509 937">
    <p class='ocr_par' dir='ltr' id='par_1_22' title="bbox 1926 865 3509 937">
     <span class='ocr_line' id='line_1_22' title="bbox 1926 865 3509 937; baseline 0.001 -17"><span class='ocrx_word' id='word_1_144' title='bbox 1926 865 2132 934; x_wconf 88' lang='lat' dir='ltr'><strong>judicio</strong></span> <span class='ocrx_word' id='word_1_145' title='bbox 2161 865 2256 918; x_wconf 87' lang='lat' dir='ltr'><strong>Dei</strong></span> <span class='ocrx_word' id='word_1_146' title='bbox 2285 867 2667 934; x_wconf 83' lang='lat' dir='ltr'><strong>permittuntur</strong></span> <span class='ocrx_word' id='word_1_147' title='bbox 2689 869 2933 936; x_wconf 75' lang='lat' dir='ltr'><strong>quaedam</strong></span> <span class='ocrx_word' id='word_1_148' title='bbox 2958 868 3134 922; x_wconf 82' lang='lat' dir='ltr'><strong>facere</strong></span> <span class='ocrx_word' id='word_1_149' title='bbox 3163 869 3288 922; x_wconf 91' lang='lat' dir='ltr'><strong>mali</strong></span> <span class='ocrx_word' id='word_1_150' title='bbox 3314 869 3509 937; x_wconf 87' lang='lat' dir='ltr'><strong>angeli,</strong></span> 
     </span>
    </p>
   </div>
   <div class='ocr_carea' id='block_1_23' title="bbox 1926 955 3512 1024">
    <p class='ocr_par' dir='ltr' id='par_1_23' title="bbox 1926 955 3512 1024">
     <span class='ocr_line' id='line_1_23' title="bbox 1926 955 3512 1024; baseline 0.003 -16"><span class='ocrx_word' id='word_1_151' title='bbox 1926 955 1993 1008; x_wconf 90' lang='lat' dir='ltr'><strong>ad</strong></span> <span class='ocrx_word' id='word_1_152' title='bbox 2043 955 2352 1024; x_wconf 84' lang='lat' dir='ltr'><strong>probandos</strong></span> <span class='ocrx_word' id='word_1_153' title='bbox 2396 957 2566 1009; x_wconf 89' lang='lat' dir='ltr'><strong>honos</strong></span> <span class='ocrx_word' id='word_1_154' title='bbox 2594 966 2644 1010; x_wconf 92' lang='lat' dir='ltr'><strong>et</strong></span> <span class='ocrx_word' id='word_1_155' title='bbox 2675 958 2740 1010; x_wconf 79' lang='lat' dir='ltr'><strong>ad</strong></span> <span class='ocrx_word' id='word_1_156' title='bbox 2770 956 3108 1011; x_wconf 88' lang='lat' dir='ltr'><strong>sedueendos</strong></span> <span class='ocrx_word' id='word_1_157' title='bbox 3139 957 3311 1010; x_wconf 88' lang='lat' dir='ltr'><strong>malos</strong></span> <span class='ocrx_word' id='word_1_158' title='bbox 3339 975 3353 1020; x_wconf 87' lang='lat'><strong>;</strong></span> <span class='ocrx_word' id='word_1_159' title='bbox 3403 973 3512 1012; x_wconf 87' lang='lat' dir='ltr'><strong>non</strong></span> 
     </span>
    </p>
   </div>
   <div class='ocr_carea' id='block_1_24' title="bbox 1927 1045 3505 1114">
    <p class='ocr_par' dir='ltr' id='par_1_24' title="bbox 1927 1045 3505 1114">
     <span class='ocr_line' id='line_1_24' title="bbox 1927 1045 3505 1114; baseline 0.003 -17"><span class='ocrx_word' id='word_1_160' title='bbox 1927 1054 2103 1098; x_wconf 88' lang='lat' dir='ltr'><strong>tamen</strong></span> <span class='ocrx_word' id='word_1_161' title='bbox 2136 1046 2231 1114; x_wconf 79' lang='lat' dir='ltr'><strong>ipsi</strong></span> <span class='ocrx_word' id='word_1_162' title='bbox 2261 1057 2445 1099; x_wconf 90' lang='lat' dir='ltr'><strong>creant</strong></span> <span class='ocrx_word' id='word_1_163' title='bbox 2476 1062 2594 1114; x_wconf 76' lang='lat' dir='ltr'><strong>quae</strong></span> <span class='ocrx_word' id='word_1_164' title='bbox 2618 1049 2836 1109; x_wconf 83' lang='lat' dir='ltr'><strong>facium,</strong></span> <span class='ocrx_word' id='word_1_165' title='bbox 2871 1046 2963 1100; x_wconf 89' lang='lat' dir='ltr'><strong>sed</strong></span> <span class='ocrx_word' id='word_1_166' title='bbox 2992 1048 3058 1101; x_wconf 92' lang='lat' dir='ltr'><strong>de</strong></span> <span class='ocrx_word' id='word_1_167' title='bbox 3100 1048 3315 1102; x_wconf 87' lang='lat' dir='ltr'><strong>occulto</strong></span> <span class='ocrx_word' id='word_1_168' title='bbox 3337 1045 3505 1102; x_wconf 89' lang='lat' dir='ltr'><strong>Crea-</strong></span> 
     </span>
    </p>
   </div>
   <div class='ocr_carea' id='block_1_25' title="bbox 1930 1135 3503 1207">
    <p class='ocr_par' dir='ltr' id='par_1_25' title="bbox 1930 1135 3503 1207">
     <span class='ocr_line' id='line_1_25' title="bbox 1930 1135 3503 1207; baseline 0.002 -19"><span class='ocrx_word' id='word_1_169' title='bbox 1930 1135 2060 1188; x_wconf 88' lang='lat' dir='ltr'><strong>toris</strong></span> <span class='ocrx_word' id='word_1_170' title='bbox 2089 1135 2181 1188; x_wconf 88' lang='lat' dir='ltr'><strong>Dei</strong></span> <span class='ocrx_word' id='word_1_171' title='bbox 2211 1136 2348 1199; x_wconf 88' lang='lat' dir='ltr'><strong>sinu,</strong></span> <span class='ocrx_word' id='word_1_172' title='bbox 2381 1151 2538 1204; x_wconf 87' lang='lat' dir='ltr'><strong>quem</strong></span> <span class='ocrx_word' id='word_1_173' title='bbox 2575 1152 2670 1190; x_wconf 92' lang='lat' dir='ltr'><strong>nos</strong></span> <span class='ocrx_word' id='word_1_174' title='bbox 2699 1136 2880 1191; x_wconf 87' lang='lat' dir='ltr'><strong>videre</strong></span> <span class='ocrx_word' id='word_1_175' title='bbox 2907 1152 3011 1191; x_wconf 92' lang='lat' dir='ltr'><strong>non</strong></span> <span class='ocrx_word' id='word_1_176' title='bbox 3041 1153 3342 1206; x_wconf 89' lang='lat' dir='ltr'><strong>possumus,</strong></span> <span class='ocrx_word' id='word_1_177' title='bbox 3376 1153 3503 1207; x_wconf 91' lang='lat' dir='ltr'><strong>per-</strong></span> 
     </span>
    </p>
   </div>
   <div class='ocr_carea' id='block_1_26' title="bbox 1930 1211 3512 1296">
    <p class='ocr_par' dir='ltr' id='par_1_26' title="bbox 1930 1211 3512 1296">
     <span class='ocr_line' id='line_1_26' title="bbox 1930 1211 3512 1296; baseline 0.003 -18"><span class='ocrx_word' id='word_1_178' title='bbox 1930 1225 2214 1278; x_wconf 87' lang='lat' dir='ltr'><strong>mittuntur</strong></span> <span class='ocrx_word' id='word_1_179' title='bbox 2248 1225 2446 1294; x_wconf 88' lang='lat' dir='ltr'><strong>aliquid</strong></span> <span class='ocrx_word' id='word_1_180' title='bbox 2478 1211 2773 1294; x_wconf 82' lang='lat' dir='ltr'><strong>producere</strong></span> <span class='ocrx_word' id='word_1_181' title='bbox 2829 1227 2973 1296; x_wconf 91' lang='lat' dir='ltr'><strong>quod</strong></span> <span class='ocrx_word' id='word_1_182' title='bbox 3003 1227 3188 1280; x_wconf 84' lang='lat' dir='ltr'><strong>videre</strong></span> <span class='ocrx_word' id='word_1_183' title='bbox 3226 1227 3512 1296; x_wconf 74' lang='lat' dir='ltr'><strong>possimus.</strong></span> 
     </span>
    </p>
   </div>
   <div class='ocr_carea' id='block_1_27' title="bbox 1931 1313 3528 1387">
    <p class='ocr_par' dir='ltr' id='par_1_27' title="bbox 1931 1313 3528 1387">
     <span class='ocr_line' id='line_1_27' title="bbox 1931 1313 3528 1387; baseline 0.003 -17"><span class='ocrx_word' id='word_1_184' title='bbox 1931 1313 2021 1370; x_wconf 87' lang='lat' dir='ltr'><strong>Sic</strong></span> <span class='ocrx_word' id='word_1_185' title='bbox 2067 1324 2245 1369; x_wconf 87' lang='lat' dir='ltr'><strong>autem</strong></span> <span class='ocrx_word' id='word_1_186' title='bbox 2289 1325 2407 1370; x_wconf 87' lang='lat' dir='ltr'><strong>&#39;nec</strong></span> <span class='ocrx_word' id='word_1_187' title='bbox 2451 1321 2765 1387; x_wconf 57' lang='lat' dir='ltr'><strong>serpentum</strong></span> <span class='ocrx_word' id='word_1_188' title='bbox 2819 1333 2918 1372; x_wconf 89' lang='lat' dir='ltr'><strong>nec</strong></span> <span class='ocrx_word' id='word_1_189' title='bbox 2966 1335 3219 1372; x_wconf 86' lang='lat' dir='ltr'><strong>ranarum</strong></span> <span class='ocrx_word' id='word_1_190' title='bbox 3269 1319 3528 1376; x_wconf 74' lang='lat' dir='ltr'><strong>diabolus</strong></span> 
     </span>
    </p>
   </div>
   <div class='ocr_carea' id='block_1_28' title="bbox 1933 1407 3515 1479">
    <p class='ocr_par' dir='ltr' id='par_1_28' title="bbox 1933 1407 3515 1479">
     <span class='ocr_line' id='line_1_28' title="bbox 1933 1407 3515 1479; baseline 0.004 -20"><span class='ocrx_word' id='word_1_191' title='bbox 1933 1407 2108 1474; x_wconf 89' lang='lat' dir='ltr'><strong>potuit</strong></span> <span class='ocrx_word' id='word_1_192' title='bbox 2156 1421 2275 1460; x_wconf 89' lang='lat' dir='ltr'><strong>esse</strong></span> <span class='ocrx_word' id='word_1_193' title='bbox 2324 1415 2562 1473; x_wconf 87' lang='lat' dir='ltr'><strong>creator,</strong></span> <span class='ocrx_word' id='word_1_194' title='bbox 2604 1410 2848 1476; x_wconf 82' lang='lat' dir='ltr'><strong>quamvis</strong></span> <span class='ocrx_word' id='word_1_195' title='bbox 2896 1425 2958 1462; x_wconf 89' lang='lat' dir='ltr'><strong>ea</strong></span> <span class='ocrx_word' id='word_1_196' title='bbox 3007 1409 3115 1463; x_wconf 89' lang='lat' dir='ltr'><strong>Deo</strong></span> <span class='ocrx_word' id='word_1_197' title='bbox 3165 1411 3515 1479; x_wconf 84' lang='lat' dir='ltr'><strong>permittente</strong></span> 
     </span>
    </p>
   </div>
   <div class='ocr_carea' id='block_1_29' title="bbox 1935 1496 3512 1569">
    <p class='ocr_par' dir='ltr' id='par_1_29' title="bbox 1935 1496 3512 1569">
     <span class='ocr_line' id='line_1_29' title="bbox 1935 1496 3512 1569; baseline 0.004 -20"><span class='ocrx_word' id='word_1_198' title='bbox 1935 1496 2294 1565; x_wconf 77' lang='lat' dir='ltr'><strong>produxerit;</strong></span> <span class='ocrx_word' id='word_1_199' title='bbox 2349 1499 2488 1553; x_wconf 88' lang='lat' dir='ltr'><strong>sicut</strong></span> <span class='ocrx_word' id='word_1_200' title='bbox 2522 1500 2618 1568; x_wconf 90' lang='lat' dir='ltr'><strong>(al.</strong></span> <span class='ocrx_word' id='word_1_201' title='bbox 2669 1501 2770 1569; x_wconf 81' lang='lat' dir='ltr'><strong>sic)</strong></span> <span class='ocrx_word' id='word_1_202' title='bbox 2814 1517 2919 1554; x_wconf 90' lang='lat' dir='ltr'><strong>non</strong></span> <span class='ocrx_word' id='word_1_203' title='bbox 2952 1500 3048 1554; x_wconf 87' lang='lat' dir='ltr'><strong>fuit</strong></span> <span class='ocrx_word' id='word_1_204' title='bbox 3101 1511 3316 1556; x_wconf 90' lang='lat' dir='ltr'><strong>creator</strong></span> <span class='ocrx_word' id='word_1_205' title='bbox 3357 1502 3512 1568; x_wconf 73' lang='lat' dir='ltr'><strong>ignis,</strong></span> 
     </span>
    </p>
   </div>
   <div class='ocr_carea' id='block_1_30' title="bbox 1935 1586 3527 1662">
    <p class='ocr_par' dir='ltr' id='par_1_30' title="bbox 1935 1586 3527 1662">
     <span class='ocr_line' id='line_1_30' title="bbox 1935 1586 3527 1662; baseline 0.004 -23"><span class='ocrx_word' id='word_1_206' title='bbox 1935 1586 2150 1654; x_wconf 80' lang='lat' dir='ltr'><strong>quando</strong></span> <span class='ocrx_word' id='word_1_207' title='bbox 2179 1587 2245 1640; x_wconf 93' lang='lat' dir='ltr'><strong>ad</strong></span> <span class='ocrx_word' id='word_1_208' title='bbox 2274 1589 2606 1657; x_wconf 85' lang='lat' dir='ltr'><strong>probandum</strong></span> <span class='ocrx_word' id='word_1_209' title='bbox 2630 1589 2748 1654; x_wconf 87' lang='lat' dir='ltr'><strong>Job,</strong></span> <span class='ocrx_word' id='word_1_210' title='bbox 2775 1606 2904 1645; x_wconf 86' lang='lat' dir='ltr'><strong>oves</strong></span> <span class='ocrx_word' id='word_1_211' title='bbox 2929 1591 3044 1659; x_wconf 87' lang='lat' dir='ltr'><strong>ejus</strong></span> <span class='ocrx_word' id='word_1_212' title='bbox 3069 1607 3193 1662; x_wconf 64' lang='lat' dir='ltr'><strong>cun)~</strong></span> <span class='ocrx_word' id='word_1_213' title='bbox 3213 1594 3527 1660; x_wconf 75' lang='lat' dir='ltr'><strong>pastoribus</strong></span> 
     </span>
    </p>
   </div>
   <div class='ocr_carea' id='block_1_31' title="bbox 1935 1677 3518 1751">
    <p class='ocr_par' dir='ltr' id='par_1_31' title="bbox 1935 1677 3518 1751">
     <span class='ocr_line' id='line_1_31' title="bbox 1935 1677 3518 1751; baseline 0.005 -22"><span class='ocrx_word' id='word_1_214' title='bbox 1935 1677 2150 1744; x_wconf 80' lang='lat' dir='ltr'><strong>ignede</strong></span> <span class='ocrx_word' id='word_1_215' title='bbox 2179 1679 2316 1732; x_wconf 74' lang='lat' dir='ltr'><strong>cmlo</strong></span> <span class='ocrx_word' id='word_1_216' title='bbox 2345 1680 2569 1734; x_wconf 86' lang='lat' dir='ltr'><strong>cadente</strong></span> <span class='ocrx_word' id='word_1_217' title='bbox 2617 1682 2945 1750; x_wconf 85' lang='lat' dir='ltr'><strong>consumpsit</strong></span> <span class='ocrx_word' id='word_1_218' title='bbox 2977 1680 3094 1751; x_wconf 85' lang='lat' dir='ltr'><strong>(Job</strong></span> <span class='ocrx_word' id='word_1_219' title='bbox 3127 1699 3162 1746; x_wconf 85' lang='grc' dir='ltr'>ι,</span> <span class='ocrx_word' id='word_1_220' title='bbox 3198 1682 3285 1750; x_wconf 82' lang='grc'>16)</span> <span class='ocrx_word' id='word_1_221' title='bbox 3313 1701 3326 1748; x_wconf 88' lang='lat'><strong>;</strong></span> <span class='ocrx_word' id='word_1_222' title='bbox 3367 1683 3518 1737; x_wconf 72' lang='lat' dir='ltr'><strong>sicut.</strong></span> 
     </span>
    </p>
   </div>
   <div class='ocr_carea' id='block_1_32' title="bbox 1938 1767 3516 1840">
    <p class='ocr_par' dir='ltr' id='par_1_32' title="bbox 1938 1767 3516 1840">
     <span class='ocr_line' id='line_1_32' title="bbox 1938 1767 3516 1840; baseline 0.005 -21"><span class='ocrx_word' id='word_1_223' title='bbox 1938 1781 2039 1821; x_wconf 90' lang='lat' dir='ltr'><strong>nec</strong></span> <span class='ocrx_word' id='word_1_224' title='bbox 2080 1768 2228 1821; x_wconf 85' lang='lat' dir='ltr'><strong>venti</strong></span> <span class='ocrx_word' id='word_1_225' title='bbox 2283 1767 2380 1822; x_wconf 85' lang='lat' dir='ltr'><strong>luit</strong></span> <span class='ocrx_word' id='word_1_226' title='bbox 2409 1778 2641 1836; x_wconf 84' lang='lat' dir='ltr'><strong>creator,</strong></span> <span class='ocrx_word' id='word_1_227' title='bbox 2693 1770 2906 1838; x_wconf 87' lang='lat' dir='ltr'><strong>quando</strong></span> <span class='ocrx_word' id='word_1_228' title='bbox 2944 1771 3163 1840; x_wconf 79' lang='lat' dir='ltr'><strong>Spiritus</strong></span> <span class='ocrx_word' id='word_1_229' title='bbox 3193 1787 3416 1840; x_wconf 90' lang='lat' dir='ltr'><strong>magnus</strong></span> <span class='ocrx_word' id='word_1_230' title='bbox 3444 1773 3516 1827; x_wconf 89' lang='lat' dir='ltr'><strong>ir-</strong></span> 
     </span>
    </p>
   </div>
   <div class='ocr_carea' id='block_1_33' title="bbox 227 1857 3518 1932">
    <p class='ocr_par' dir='ltr' id='par_1_33' title="bbox 227 1857 3518 1932">
     <span class='ocr_line' id='line_1_33' title="bbox 227 1857 3518 1932; baseline 0.002 -18"><span class='ocrx_word' id='word_1_231' title='bbox 227 1862 367 1916; x_wconf 71' lang='lat' dir='ltr'><strong>vittn</strong></span> <span class='ocrx_word' id='word_1_232' title='bbox 412 1873 523 1912; x_wconf 91' lang='lat' dir='ltr'><strong>non</strong></span> <span class='ocrx_word' id='word_1_233' title='bbox 568 1857 848 1926; x_wconf 70' lang='lat' dir='ltr'><strong>mqualiter</strong></span> <span class='ocrx_word' id='word_1_234' title='bbox 873 1865 1112 1926; x_wconf 84' lang='lat' dir='ltr'><strong>gemunt,</strong></span> <span class='ocrx_word' id='word_1_235' title='bbox 1145 1858 1270 1927; x_wconf 90' lang='lat' dir='ltr'><strong>quia</strong></span> <span class='ocrx_word' id='word_1_236' title='bbox 1317 1857 1459 1911; x_wconf 88' lang='lat' dir='ltr'><strong>bona</strong></span> <span class='ocrx_word' id='word_1_237' title='bbox 1515 1859 1636 1910; x_wconf 68' lang='lat' dir='ltr'><strong>vita:</strong></span> <span class='ocrx_word' id='word_1_238' title='bbox 1676 1857 1834 1925; x_wconf 88' lang='lat' dir='ltr'><strong>hujus</strong></span> <span class='ocrx_word' id='word_1_239' title='bbox 1865 1872 1909 1930; x_wconf 80' lang='grc' dir='ltr'>Β</span> <span class='ocrx_word' id='word_1_240' title='bbox 1937 1874 2099 1912; x_wconf 90' lang='lat' dir='ltr'><strong>ruens</strong></span> <span class='ocrx_word' id='word_1_241' title='bbox 2128 1876 2156 1912; x_wconf 90' lang='lat' dir='ltr'><strong>a</strong></span> <span class='ocrx_word' id='word_1_242' title='bbox 2187 1859 2400 1914; x_wconf 80' lang='lat' dir='ltr'><strong>deserto</strong></span> <span class='ocrx_word' id='word_1_243' title='bbox 2453 1862 2627 1929; x_wconf 81' lang='lat' dir='ltr'><strong>tetigit</strong></span> <span class='ocrx_word' id='word_1_244' title='bbox 2655 1871 2889 1930; x_wconf 85' lang='lat' dir='ltr'><strong>quatuor</strong></span> <span class='ocrx_word' id='word_1_245' title='bbox 2933 1863 3158 1932; x_wconf 84' lang='lat' dir='ltr'><strong>angulos</strong></span> <span class='ocrx_word' id='word_1_246' title='bbox 3199 1863 3412 1927; x_wconf 88' lang='lat' dir='ltr'><strong>domus,</strong></span> <span class='ocrx_word' id='word_1_247' title='bbox 3463 1876 3518 1920; x_wconf 82' lang='lat' dir='ltr'><strong>et</strong></span> 
     </span>
    </p>
   </div>
   <div class='ocr_carea' id='block_1_34' title="bbox 231 1947 1835 2019">
    <p class='ocr_par' dir='ltr' id='par_1_34' title="bbox 231 1947 1835 2019">
     <span class='ocr_line' id='line_1_34' title="bbox 231 1947 1835 2019; baseline -0.002 -13"><span class='ocrx_word' id='word_1_248' title='bbox 231 1967 350 2007; x_wconf 87' lang='lat' dir='ltr'><strong>non</strong></span> <span class='ocrx_word' id='word_1_249' title='bbox 385 1949 671 2019; x_wconf 77' lang='lat' dir='ltr'><strong>:equaliter</strong></span> <span class='ocrx_word' id='word_1_250' title='bbox 697 1947 942 2016; x_wconf 88' lang='lat' dir='ltr'><strong>diligunt.</strong></span> <span class='ocrx_word' id='word_1_251' title='bbox 987 1947 1157 2015; x_wconf 87' lang='lat' dir='ltr'><strong>Iniqui</strong></span> <span class='ocrx_word' id='word_1_252' title='bbox 1205 1948 1346 2001; x_wconf 87' lang='lat' dir='ltr'><strong>enim</strong></span> <span class='ocrx_word' id='word_1_253' title='bbox 1389 1947 1455 2001; x_wconf 87' lang='lat' dir='ltr'><strong>ad</strong></span> <span class='ocrx_word' id='word_1_254' title='bbox 1502 1948 1835 2003; x_wconf 87' lang='lat' dir='ltr'><strong>hoc&#39;volunt</strong></span> 
     </span>
    </p>
   </div>
   <div class='ocr_carea' id='block_1_35' title="bbox 229 2037 1829 2112">
    <p class='ocr_par' dir='ltr' id='par_1_35' title="bbox 229 2037 1829 2112">
     <span class='ocr_line' id='line_1_35' title="bbox 229 2037 1829 2112; baseline -0.003 -18"><span class='ocrx_word' id='word_1_255' title='bbox 229 2040 417 2094; x_wconf 67' lang='lat' dir='ltr'><strong>vitam</strong></span> <span class='ocrx_word' id='word_1_256' title='bbox 447 2045 764 2112; x_wconf 72' lang='lat' dir='ltr'><strong>prmsentem</strong></span> <span class='ocrx_word' id='word_1_257' title='bbox 793 2037 910 2090; x_wconf 88' lang='lat' dir='ltr'><strong>sine</strong></span> <span class='ocrx_word' id='word_1_258' title='bbox 940 2037 1200 2092; x_wconf 88' lang='lat' dir='ltr'><strong>molestiis</strong></span> <span class='ocrx_word' id='word_1_259' title='bbox 1229 2037 1426 2091; x_wconf 89' lang='lat' dir='ltr'><strong>habere</strong></span> <span class='ocrx_word' id='word_1_260' title='bbox 1470 2037 1829 2106; x_wconf 87' lang='lat' dir='ltr'><strong>tranquillam,</strong></span> 
     </span>
    </p>
   </div>
   <div class='ocr_carea' id='block_1_36' title="bbox 236 2126 1833 2195">
    <p class='ocr_par' dir='ltr' id='par_1_36' title="bbox 236 2126 1833 2195">
     <span class='ocr_line' id='line_1_36' title="bbox 236 2126 1833 2195; baseline -0.002 -9"><span class='ocrx_word' id='word_1_261' title='bbox 236 2137 304 2186; x_wconf 75' lang='lat' dir='ltr'><strong>at</strong></span> <span class='ocrx_word' id='word_1_262' title='bbox 334 2129 507 2183; x_wconf 85' lang='lat' dir='ltr'><strong>bonis</strong></span> <span class='ocrx_word' id='word_1_263' title='bbox 527 2127 741 2181; x_wconf 87' lang='lat' dir='ltr'><strong>caducis</strong></span> <span class='ocrx_word' id='word_1_264' title='bbox 763 2126 1250 2195; x_wconf 87' lang='lat' dir='ltr'><strong>temporalibusque</strong></span> <span class='ocrx_word' id='word_1_265' title='bbox 1270 2143 1377 2181; x_wconf 91' lang='lat' dir='ltr'><strong>non</strong></span> <span class='ocrx_word' id='word_1_266' title='bbox 1417 2137 1635 2182; x_wconf 89' lang='lat' dir='ltr'><strong>careant</strong></span> <span class='ocrx_word' id='word_1_267' title='bbox 1666 2146 1678 2180; x_wconf 88' lang='lat'><strong>:</strong></span> <span class='ocrx_word' id='word_1_268' title='bbox 1704 2129 1833 2195; x_wconf 90' lang='lat' dir='ltr'><strong>justi</strong></span> 
     </span>
    </p>
   </div>
   <div class='ocr_carea' id='block_1_37' title="bbox 233 2215 1834 2285">
    <p class='ocr_par' dir='ltr' id='par_1_37' title="bbox 233 2215 1834 2285">
     <span class='ocr_line' id='line_1_37' title="bbox 233 2215 1834 2285; baseline 0 -13"><span class='ocrx_word' id='word_1_269' title='bbox 233 2227 434 2272; x_wconf 74' lang='lat' dir='ltr'><strong>autem</strong></span> <span class='ocrx_word' id='word_1_270' title='bbox 466 2215 590 2270; x_wconf 92' lang='lat' dir='ltr'><strong>ideo</strong></span> <span class='ocrx_word' id='word_1_271' title='bbox 622 2215 858 2285; x_wconf 90' lang='lat' dir='ltr'><strong>pericula</strong></span> <span class='ocrx_word' id='word_1_272' title='bbox 882 2225 936 2268; x_wconf 90' lang='lat' dir='ltr'><strong>et</strong></span> <span class='ocrx_word' id='word_1_273' title='bbox 957 2216 1228 2272; x_wconf 89' lang='lat' dir='ltr'><strong>molestias</strong></span> <span class='ocrx_word' id='word_1_274' title='bbox 1259 2217 1380 2270; x_wconf 72' lang='lat' dir='ltr'><strong>vitae</strong></span> <span class='ocrx_word' id='word_1_275' title='bbox 1401 2218 1677 2285; x_wconf 60' lang='lat' dir='ltr'><strong>praesentis</strong></span> <span class='ocrx_word' id='word_1_276' title='bbox 1705 2218 1834 2272; x_wconf 87' lang='lat' dir='ltr'><strong>ode-</strong></span> 
     </span>
    </p>
   </div>
   <div class='ocr_carea' id='block_1_38' title="bbox 234 2303 1835 2376">
    <p class='ocr_par' dir='ltr' id='par_1_38' title="bbox 234 2303 1835 2376">
     <span class='ocr_line' id='line_1_38' title="bbox 234 2303 1835 2376; baseline 0 -15"><span class='ocrx_word' id='word_1_277' title='bbox 234 2314 397 2369; x_wconf 81' lang='lat' dir='ltr'><strong>runt,</strong></span> <span class='ocrx_word' id='word_1_278' title='bbox 432 2313 491 2357; x_wconf 92' lang='lat' dir='ltr'><strong>ut</strong></span> <span class='ocrx_word' id='word_1_279' title='bbox 521 2303 684 2358; x_wconf 89' lang='lat' dir='ltr'><strong>Deum</strong></span> <span class='ocrx_word' id='word_1_280' title='bbox 717 2305 873 2374; x_wconf 72' lang='lat' dir='ltr'><strong>(forte</strong></span> <span class='ocrx_word' id='word_1_281' title='bbox 907 2303 1074 2373; x_wconf 88' lang='lat' dir='ltr'><strong>Deo),</strong></span> <span class='ocrx_word' id='word_1_282' title='bbox 1097 2320 1255 2373; x_wconf 89' lang='lat' dir='ltr'><strong>quem</strong></span> <span class='ocrx_word' id='word_1_283' title='bbox 1278 2305 1522 2374; x_wconf 81' lang='lat' dir='ltr'><strong>diligunt,</strong></span> <span class='ocrx_word' id='word_1_284' title='bbox 1556 2309 1835 2376; x_wconf 71' lang='lat' dir='ltr'><strong>perfruau~</strong></span> 
     </span>
    </p>
   </div>
   <div class='ocr_carea' id='block_1_39' title="bbox 234 2395 1834 2464">
    <p class='ocr_par' dir='ltr' id='par_1_39' title="bbox 234 2395 1834 2464">
     <span class='ocr_line' id='line_1_39' title="bbox 234 2395 1834 2464; baseline 0.001 -14"><span class='ocrx_word' id='word_1_285' title='bbox 234 2406 330 2450; x_wconf 88' lang='lat' dir='ltr'><strong>tur</strong></span> <span class='ocrx_word' id='word_1_286' title='bbox 365 2412 384 2448; x_wconf 91' lang='lat'><strong>:</strong></span> <span class='ocrx_word' id='word_1_287' title='bbox 421 2395 473 2449; x_wconf 92' lang='lat' dir='ltr'><strong>in</strong></span> <span class='ocrx_word' id='word_1_288' title='bbox 498 2395 614 2464; x_wconf 90' lang='lat' dir='ltr'><strong>ipso</strong></span> <span class='ocrx_word' id='word_1_289' title='bbox 639 2402 955 2463; x_wconf 87' lang='lat' dir='ltr'><strong>appetentes</strong></span> <span class='ocrx_word' id='word_1_290' title='bbox 983 2396 1221 2463; x_wconf 83' lang='lat' dir='ltr'><strong>requiem</strong></span> <span class='ocrx_word' id='word_1_291' title='bbox 1247 2411 1446 2460; x_wconf 83' lang='lat' dir='ltr'><strong>veram,</strong></span> <span class='ocrx_word' id='word_1_292' title='bbox 1471 2397 1647 2464; x_wconf 91' lang='lat' dir='ltr'><strong>inquo</strong></span> <span class='ocrx_word' id='word_1_293' title='bbox 1683 2397 1834 2451; x_wconf 89' lang='lat' dir='ltr'><strong>habi-</strong></span> 
     </span>
    </p>
   </div>
   <div class='ocr_carea' id='block_1_40' title="bbox 235 2481 1834 2552">
    <p class='ocr_par' dir='ltr' id='par_1_40' title="bbox 235 2481 1834 2552">
     <span class='ocr_line' id='line_1_40' title="bbox 235 2481 1834 2552; baseline 0.003 -14"><span class='ocrx_word' id='word_1_294' title='bbox 235 2483 354 2538; x_wconf 80' lang='lat' dir='ltr'><strong>turi</strong></span> <span class='ocrx_word' id='word_1_295' title='bbox 369 2491 501 2536; x_wconf 90' lang='lat' dir='ltr'><strong>sunt</strong></span> <span class='ocrx_word' id='word_1_296' title='bbox 515 2481 896 2537; x_wconf 86' lang='lat' dir='ltr'><strong>beatitudinem</strong></span> <span class='ocrx_word' id='word_1_297' title='bbox 913 2485 1315 2552; x_wconf 86' lang='lat' dir='ltr'><strong>sempiternam.</strong></span> <span class='ocrx_word' id='word_1_298' title='bbox 1336 2483 1562 2540; x_wconf 88' lang='lat' dir='ltr'><strong>Proinde</strong></span> <span class='ocrx_word' id='word_1_299' title='bbox 1584 2503 1683 2541; x_wconf 90' lang='lat' dir='ltr'><strong>nec</strong></span> <span class='ocrx_word' id='word_1_300' title='bbox 1695 2488 1834 2543; x_wconf 91' lang='lat' dir='ltr'><strong>bona</strong></span> 
     </span>
    </p>
   </div>
   <div class='ocr_carea' id='block_1_41' title="bbox 235 2562 1831 2649">
    <p class='ocr_par' dir='ltr' id='par_1_41' title="bbox 235 2562 1831 2649">
     <span class='ocr_line' id='line_1_41' title="bbox 235 2562 1831 2649; baseline 0.005 -22"><span class='ocrx_word' id='word_1_301' title='bbox 235 2571 574 2642; x_wconf 86' lang='lat' dir='ltr'><strong>temporalia</strong></span> <span class='ocrx_word' id='word_1_302' title='bbox 598 2562 854 2640; x_wconf 75' lang='lat' dir='ltr'><strong>diligunt,</strong></span> <span class='ocrx_word' id='word_1_303' title='bbox 884 2588 1000 2642; x_wconf 69' lang='lat' dir='ltr'><strong>qua:</strong></span> <span class='ocrx_word' id='word_1_304' title='bbox 1027 2576 1182 2631; x_wconf 89' lang='lat' dir='ltr'><strong>citius</strong></span> <span class='ocrx_word' id='word_1_305' title='bbox 1207 2577 1443 2632; x_wconf 88' lang='lat' dir='ltr'><strong>desitura</strong></span> <span class='ocrx_word' id='word_1_306' title='bbox 1469 2591 1831 2649; x_wconf 82' lang='lat' dir='ltr'><strong>cognoscunt;</strong></span> 
     </span>
    </p>
   </div>
   <div class='ocr_carea' id='block_1_42' title="bbox 236 2660 1837 2739">
    <p class='ocr_par' dir='ltr' id='par_1_42' title="bbox 236 2660 1837 2739">
     <span class='ocr_line' id='line_1_42' title="bbox 236 2660 1837 2739; baseline 0.006 -23"><span class='ocrx_word' id='word_1_307' title='bbox 236 2671 297 2716; x_wconf 83' lang='lat' dir='ltr'><strong>et</strong></span> <span class='ocrx_word' id='word_1_308' title='bbox 329 2660 411 2716; x_wconf 87' lang='lat' dir='ltr'><strong>ob</strong></span> <span class='ocrx_word' id='word_1_309' title='bbox 442 2662 545 2717; x_wconf 93' lang='lat' dir='ltr'><strong>hoc</strong></span> <span class='ocrx_word' id='word_1_310' title='bbox 567 2662 617 2715; x_wconf 90' lang='lat' dir='ltr'><strong>in</strong></span> <span class='ocrx_word' id='word_1_311' title='bbox 650 2677 748 2716; x_wconf 90' lang='lat' dir='ltr'><strong>usu</strong></span> <span class='ocrx_word' id='word_1_312' title='bbox 777 2678 961 2718; x_wconf 89' lang='lat' dir='ltr'><strong>eorum</strong></span> <span class='ocrx_word' id='word_1_313' title='bbox 990 2681 1097 2720; x_wconf 92' lang='lat' dir='ltr'><strong>non</strong></span> <span class='ocrx_word' id='word_1_314' title='bbox 1127 2674 1384 2736; x_wconf 89' lang='lat' dir='ltr'><strong>appetunt</strong></span> <span class='ocrx_word' id='word_1_315' title='bbox 1411 2667 1553 2723; x_wconf 86' lang='lat' dir='ltr'><strong>unde</strong></span> <span class='ocrx_word' id='word_1_316' title='bbox 1575 2671 1837 2739; x_wconf 88' lang='lat' dir='ltr'><strong>cupiditas</strong></span> 
     </span>
    </p>
   </div>
   <div class='ocr_carea' id='block_1_43' title="bbox 238 2754 1838 2824">
    <p class='ocr_par' dir='ltr' id='par_1_43' title="bbox 238 2754 1838 2824">
     <span class='ocr_line' id='line_1_43' title="bbox 238 2754 1838 2824; baseline 0.004 -12"><span class='ocrx_word' id='word_1_317' title='bbox 238 2754 573 2824; x_wconf 68' lang='lat' dir='ltr'><strong>expleatur,</strong></span> <span class='ocrx_word' id='word_1_318' title='bbox 604 2756 700 2810; x_wconf 90' lang='lat' dir='ltr'><strong>sed</strong></span> <span class='ocrx_word' id='word_1_319' title='bbox 725 2755 864 2811; x_wconf 90' lang='lat' dir='ltr'><strong>unde</strong></span> <span class='ocrx_word' id='word_1_320' title='bbox 893 2756 1163 2813; x_wconf 88' lang='lat' dir='ltr'><strong>reﬁciatur</strong></span> <span class='ocrx_word' id='word_1_321' title='bbox 1191 2761 1383 2814; x_wconf 90' lang='lat' dir='ltr'><strong>caritas</strong></span> <span class='ocrx_word' id='word_1_322' title='bbox 1427 2771 1482 2816; x_wconf 91' lang='lat' dir='ltr'><strong>et</strong></span> <span class='ocrx_word' id='word_1_323' title='bbox 1507 2772 1838 2818; x_wconf 89' lang='lat' dir='ltr'><strong>sustentetur</strong></span> 
     </span>
    </p>
   </div>
   <div class='ocr_carea' id='block_1_44' title="bbox 236 2844 1840 2916">
    <p class='ocr_par' dir='ltr' id='par_1_44' title="bbox 236 2844 1840 2916">
     <span class='ocr_line' id='line_1_44' title="bbox 236 2844 1840 2916; baseline 0.007 -20"><span class='ocrx_word' id='word_1_324' title='bbox 236 2856 280 2903; x_wconf 73' lang='grc' dir='ltr'>ιν</span> <span class='ocrx_word' id='word_1_325' title='bbox 303 2844 578 2908; x_wconf 87' lang='lat' dir='ltr'><strong>urmitas;</strong></span> <span class='ocrx_word' id='word_1_326' title='bbox 608 2859 708 2899; x_wconf 89' lang='lat' dir='ltr'><strong>nec</strong></span> <span class='ocrx_word' id='word_1_327' title='bbox 727 2860 791 2899; x_wconf 80' lang='lat' dir='ltr'><strong>ex</strong></span> <span class='ocrx_word' id='word_1_328' title='bbox 817 2845 894 2900; x_wconf 92' lang='lat' dir='ltr'><strong>eis</strong></span> <span class='ocrx_word' id='word_1_329' title='bbox 923 2854 1174 2916; x_wconf 89' lang='lat' dir='ltr'><strong>tanquam</strong></span> <span class='ocrx_word' id='word_1_330' title='bbox 1199 2863 1264 2902; x_wconf 84' lang='lat' dir='ltr'><strong>ex</strong></span> <span class='ocrx_word' id='word_1_331' title='bbox 1293 2849 1586 2906; x_wconf 89' lang='lat' dir='ltr'><strong>domestica</strong></span> <span class='ocrx_word' id='word_1_332' title='bbox 1609 2853 1840 2908; x_wconf 87' lang='lat' dir='ltr'><strong>delecta-</strong></span> 
     </span>
    </p>
   </div>
   <div class='ocr_carea' id='block_1_45' title="bbox 253 2934 1838 3006">
    <p class='ocr_par' dir='ltr' id='par_1_45' title="bbox 253 2934 1838 3006">
     <span class='ocr_line' id='line_1_45' title="bbox 253 2934 1838 3006; baseline 0.007 -17"><span class='ocrx_word' id='word_1_333' title='bbox 253 2949 408 2990; x_wconf 65' lang='lat' dir='ltr'><strong>cone</strong></span> <span class='ocrx_word' id='word_1_334' title='bbox 436 2934 710 3003; x_wconf 80' lang='lat' dir='ltr'><strong>gaudium,</strong></span> <span class='ocrx_word' id='word_1_335' title='bbox 739 2936 832 2991; x_wconf 90' lang='lat' dir='ltr'><strong>sed</strong></span> <span class='ocrx_word' id='word_1_336' title='bbox 858 2947 1110 3006; x_wconf 87' lang='lat' dir='ltr'><strong>tanquam</strong></span> <span class='ocrx_word' id='word_1_337' title='bbox 1135 2954 1203 2992; x_wconf 76' lang='lat' dir='ltr'><strong>ex</strong></span> <span class='ocrx_word' id='word_1_338' title='bbox 1237 2940 1426 2996; x_wconf 83' lang='lat' dir='ltr'><strong>viatica</strong></span> <span class='ocrx_word' id='word_1_339' title='bbox 1449 2944 1838 3000; x_wconf 88' lang='lat' dir='ltr'><strong>sustentatioue</strong></span> 
     </span>
    </p>
   </div>
   <div class='ocr_carea' id='block_1_46' title="bbox 234 3024 1841 3102">
    <p class='ocr_par' dir='ltr' id='par_1_46' title="bbox 234 3024 1841 3102">
     <span class='ocr_line' id='line_1_46' title="bbox 234 3024 1841 3102; baseline 0.006 -23"><span class='ocrx_word' id='word_1_340' title='bbox 234 3024 561 3079; x_wconf 79' lang='lat' dir='ltr'><strong>modestum</strong></span> <span class='ocrx_word' id='word_1_341' title='bbox 588 3035 833 3093; x_wconf 71' lang='lat' dir='ltr'><strong>quazrunt</strong></span> <span class='ocrx_word' id='word_1_342' title='bbox 860 3041 957 3096; x_wconf 90' lang='lat' dir='ltr'><strong>pro</strong></span> <span class='ocrx_word' id='word_1_343' title='bbox 987 3042 1162 3081; x_wconf 90' lang='lat' dir='ltr'><strong>rerum</strong></span> <span class='ocrx_word' id='word_1_344' title='bbox 1193 3029 1284 3098; x_wconf 90' lang='lat' dir='ltr'><strong>(al.</strong></span> <span class='ocrx_word' id='word_1_345' title='bbox 1321 3031 1556 3100; x_wconf 89' lang='lat' dir='ltr'><strong>reorum)</strong></span> <span class='ocrx_word' id='word_1_346' title='bbox 1583 3043 1841 3102; x_wconf 91' lang='lat' dir='ltr'><strong>opportu-</strong></span> 
     </span>
    </p>
   </div>
   <div class='ocr_carea' id='block_1_47' title="bbox 242 3114 743 3172">
    <p class='ocr_par' dir='ltr' id='par_1_47' title="bbox 242 3114 743 3172">
     <span class='ocr_line' id='line_1_47' title="bbox 242 3114 743 3172; baseline -0.004 0"><span class='ocrx_word' id='word_1_347' title='bbox 242 3117 436 3172; x_wconf 70' lang='lat' dir='ltr'><strong>iitate</strong></span> <span class='ocrx_word' id='word_1_348' title='bbox 463 3114 743 3170; x_wconf 77' lang='lat' dir='ltr'><strong>solatium.</strong></span> 
     </span>
    </p>
   </div>
   <div class='ocr_carea' id='block_1_48' title="bbox 1938 1950 3514 2024">
    <p class='ocr_par' dir='ltr' id='par_1_48' title="bbox 1938 1950 3514 2024">
     <span class='ocr_line' id='line_1_48' title="bbox 1938 1950 3514 2024; baseline 0.005 -20"><span class='ocrx_word' id='word_1_349' title='bbox 1938 1965 2126 2004; x_wconf 86' lang='lat' dir='ltr'><strong>omnes</strong></span> <span class='ocrx_word' id='word_1_350' title='bbox 2156 1950 2293 2004; x_wconf 91' lang='lat' dir='ltr'><strong>ﬁlios</strong></span> <span class='ocrx_word' id='word_1_351' title='bbox 2321 1953 2490 2006; x_wconf 86' lang='lat' dir='ltr'><strong>sancti</strong></span> <span class='ocrx_word' id='word_1_352' title='bbox 2519 1951 2618 2006; x_wconf 87' lang='lat' dir='ltr'><strong>Job</strong></span> <span class='ocrx_word' id='word_1_353' title='bbox 2648 1969 2750 2006; x_wconf 89' lang='lat' dir='ltr'><strong>una</strong></span> <span class='ocrx_word' id='word_1_354' title='bbox 2782 1954 2940 2008; x_wconf 91' lang='lat' dir='ltr'><strong>simul</strong></span> <span class='ocrx_word' id='word_1_355' title='bbox 2972 1955 3124 2007; x_wconf 91' lang='lat' dir='ltr'><strong>ruina</strong></span> <span class='ocrx_word' id='word_1_356' title='bbox 3171 1959 3514 2024; x_wconf 86' lang='lat' dir='ltr'><strong>compressit.</strong></span> 
     </span>
    </p>
   </div>
   <div class='ocr_carea' id='block_1_49' title="bbox 1937 2038 3518 2112">
    <p class='ocr_par' dir='ltr' id='par_1_49' title="bbox 1937 2038 3518 2112">
     <span class='ocr_line' id='line_1_49' title="bbox 1937 2038 3518 2112; baseline 0.004 -19"><span class='ocrx_word' id='word_1_357' title='bbox 1937 2038 2166 2095; x_wconf 81' lang='lat' dir='ltr'><strong>Naturas</strong></span> <span class='ocrx_word' id='word_1_358' title='bbox 2187 2055 2316 2109; x_wconf 87' lang='lat' dir='ltr'><strong>ergo</strong></span> <span class='ocrx_word' id='word_1_359' title='bbox 2339 2043 2598 2106; x_wconf 89' lang='lat' dir='ltr'><strong>diversas,</strong></span> <span class='ocrx_word' id='word_1_360' title='bbox 2624 2043 2727 2096; x_wconf 92' lang='lat' dir='ltr'><strong>hoc</strong></span> <span class='ocrx_word' id='word_1_361' title='bbox 2749 2053 2830 2097; x_wconf 90' lang='lat' dir='ltr'><strong>est</strong></span> <span class='ocrx_word' id='word_1_362' title='bbox 2855 2044 3120 2096; x_wconf 89' lang='lat' dir='ltr'><strong>elementa</strong></span> <span class='ocrx_word' id='word_1_363' title='bbox 3136 2045 3292 2112; x_wconf 90' lang='lat' dir='ltr'><strong>hujus</strong></span> <span class='ocrx_word' id='word_1_364' title='bbox 3307 2047 3518 2112; x_wconf 87' lang='lat' dir='ltr'><strong>mundi,</strong></span> 
     </span>
    </p>
   </div>
   <div class='ocr_carea' id='block_1_50' title="bbox 1933 2130 3522 2203">
    <p class='ocr_par' dir='ltr' id='par_1_50' title="bbox 1933 2130 3522 2203">
     <span class='ocr_line' id='line_1_50' title="bbox 1933 2130 3522 2203; baseline 0.006 -20"><span class='ocrx_word' id='word_1_365' title='bbox 1933 2130 2086 2184; x_wconf 87' lang='lat' dir='ltr'><strong>solus</strong></span> <span class='ocrx_word' id='word_1_366' title='bbox 2116 2131 2255 2184; x_wconf 88' lang='lat' dir='ltr'><strong>Deus</strong></span> <span class='ocrx_word' id='word_1_367' title='bbox 2285 2133 2626 2202; x_wconf 86' lang='lat' dir='ltr'><strong>omnipotens</strong></span> <span class='ocrx_word' id='word_1_368' title='bbox 2670 2135 2910 2198; x_wconf 85' lang='lat' dir='ltr'><strong>creavit;</strong></span> <span class='ocrx_word' id='word_1_369' title='bbox 2956 2135 3007 2186; x_wconf 91' lang='lat' dir='ltr'><strong>in</strong></span> <span class='ocrx_word' id='word_1_370' title='bbox 3047 2150 3276 2203; x_wconf 91' lang='lat' dir='ltr'><strong>quorum</strong></span> <span class='ocrx_word' id='word_1_371' title='bbox 3308 2148 3522 2193; x_wconf 87' lang='lat' dir='ltr'><strong>secreto</strong></span> 
     </span>
    </p>
   </div>
   <div class='ocr_carea' id='block_1_51' title="bbox 1933 2220 3519 2294">
    <p class='ocr_par' dir='ltr' id='par_1_51' title="bbox 1933 2220 3519 2294">
     <span class='ocr_line' id='line_1_51' title="bbox 1933 2220 3519 2294; baseline 0.007 -23"><span class='ocrx_word' id='word_1_372' title='bbox 1933 2228 1988 2294; x_wconf 85' lang='lat' dir='ltr'><strong>et</strong></span> <span class='ocrx_word' id='word_1_373' title='bbox 2012 2220 2192 2274; x_wconf 91' lang='lat' dir='ltr'><strong>abdito</strong></span> <span class='ocrx_word' id='word_1_374' title='bbox 2222 2221 2465 2289; x_wconf 69' lang='lat' dir='ltr'><strong>qumdam</strong></span> <span class='ocrx_word' id='word_1_375' title='bbox 2496 2238 2673 2276; x_wconf 89' lang='lat' dir='ltr'><strong>rerum</strong></span> <span class='ocrx_word' id='word_1_376' title='bbox 2703 2224 2907 2277; x_wconf 89' lang='lat' dir='ltr'><strong>semina</strong></span> <span class='ocrx_word' id='word_1_377' title='bbox 2940 2225 3094 2278; x_wconf 91' lang='lat' dir='ltr'><strong>nobis</strong></span> <span class='ocrx_word' id='word_1_378' title='bbox 3142 2227 3375 2293; x_wconf 86' lang='lat' dir='ltr'><strong>occulta,</strong></span> <span class='ocrx_word' id='word_1_379' title='bbox 3426 2229 3519 2282; x_wconf 90' lang='lat' dir='ltr'><strong>sed</strong></span> 
     </span>
    </p>
   </div>
   <div class='ocr_carea' id='block_1_52' title="bbox 1940 2309 3588 2385">
    <p class='ocr_par' dir='ltr' id='par_1_52' title="bbox 1940 2309 3588 2385">
     <span class='ocr_line' id='line_1_52' title="bbox 1940 2309 3588 2385; baseline 0.005 -23"><span class='ocrx_word' id='word_1_380' title='bbox 1940 2309 2144 2377; x_wconf 82' lang='lat' dir='ltr'><strong>angelis</strong></span> <span class='ocrx_word' id='word_1_381' title='bbox 2172 2311 2478 2378; x_wconf 89' lang='lat' dir='ltr'><strong>manifesta,</strong></span> <span class='ocrx_word' id='word_1_382' title='bbox 2526 2313 2847 2366; x_wconf 86' lang='lat' dir='ltr'><strong>constituit:</strong></span> <span class='ocrx_word' id='word_1_383' title='bbox 2898 2329 2965 2367; x_wconf 79' lang='lat' dir='ltr'><strong>ex</strong></span> <span class='ocrx_word' id='word_1_384' title='bbox 3011 2314 3206 2383; x_wconf 88' lang='lat' dir='ltr'><strong>quibus</strong></span> <span class='ocrx_word' id='word_1_385' title='bbox 3253 2317 3518 2385; x_wconf 67' lang='lat' dir='ltr'><strong>qutedam,</strong></span> <span class='ocrx_word' id='word_1_386' title='bbox 3585 2343 3588 2348; x_wconf 95' lang='lat'><strong><em>-</em></strong></span> 
     </span>
    </p>
   </div>
   <div class='ocr_carea' id='block_1_53' title="bbox 1935 2403 3521 2474">
    <p class='ocr_par' dir='ltr' id='par_1_53' title="bbox 1935 2403 3521 2474">
     <span class='ocr_line' id='line_1_53' title="bbox 1935 2403 3521 2474; baseline 0.005 -21"><span class='ocrx_word' id='word_1_387' title='bbox 1935 2403 2477 2470; x_wconf 88' lang='lat' dir='ltr'><strong>proutopportunitas</strong></span> <span class='ocrx_word' id='word_1_388' title='bbox 2495 2403 2672 2472; x_wconf 90' lang='lat' dir='ltr'><strong>operis</strong></span> <span class='ocrx_word' id='word_1_389' title='bbox 2688 2403 2929 2472; x_wconf 91' lang='lat' dir='ltr'><strong>deposcit</strong></span> <span class='ocrx_word' id='word_1_390' title='bbox 2949 2412 3003 2457; x_wconf 87' lang='lat' dir='ltr'><strong>et</strong></span> <span class='ocrx_word' id='word_1_391' title='bbox 3022 2406 3294 2474; x_wconf 89' lang='lat' dir='ltr'><strong>temporis,</strong></span> <span class='ocrx_word' id='word_1_392' title='bbox 3311 2407 3521 2462; x_wconf 90' lang='lat' dir='ltr'><strong>occulto</strong></span> 
     </span>
    </p>
   </div>
   <div class='ocr_carea' id='block_1_54' title="bbox 1934 2486 3519 2558">
    <p class='ocr_par' dir='ltr' id='par_1_54' title="bbox 1934 2486 3519 2558">
     <span class='ocr_line' id='line_1_54' title="bbox 1934 2486 3519 2558; baseline 0.004 -19"><span class='ocrx_word' id='word_1_393' title='bbox 1934 2486 2211 2554; x_wconf 75' lang='lat' dir='ltr'><strong>sapientia:</strong></span> <span class='ocrx_word' id='word_1_394' title='bbox 2234 2503 2343 2540; x_wconf 76' lang='lat' dir='ltr'><strong>suae</strong></span> <span class='ocrx_word' id='word_1_395' title='bbox 2371 2488 2618 2551; x_wconf 87' lang='lat' dir='ltr'><strong>consilio,</strong></span> <span class='ocrx_word' id='word_1_396' title='bbox 2650 2496 2742 2541; x_wconf 86' lang='lat' dir='ltr'><strong>aut</strong></span> <span class='ocrx_word' id='word_1_397' title='bbox 2783 2503 2880 2556; x_wconf 89' lang='lat' dir='ltr'><strong>per</strong></span> <span class='ocrx_word' id='word_1_398' title='bbox 2901 2488 3075 2542; x_wconf 86' lang='lat' dir='ltr'><strong>bonos</strong></span> <span class='ocrx_word' id='word_1_399' title='bbox 3105 2491 3326 2558; x_wconf 89' lang='lat' dir='ltr'><strong>angelos</strong></span> <span class='ocrx_word' id='word_1_400' title='bbox 3374 2491 3519 2546; x_wconf 90' lang='lat' dir='ltr'><strong>Deus</strong></span> 
     </span>
    </p>
   </div>
   <div class='ocr_carea' id='block_1_55' title="bbox 1937 2576 3520 2650">
    <p class='ocr_par' dir='ltr' id='par_1_55' title="bbox 1937 2576 3520 2650">
     <span class='ocr_line' id='line_1_55' title="bbox 1937 2576 3520 2650; baseline 0.003 -20"><span class='ocrx_word' id='word_1_401' title='bbox 1937 2576 2159 2646; x_wconf 90' lang='lat' dir='ltr'><strong>produci</strong></span> <span class='ocrx_word' id='word_1_402' title='bbox 2194 2577 2451 2647; x_wconf 76' lang='lat' dir='ltr'><strong>pnecipit,</strong></span> <span class='ocrx_word' id='word_1_403' title='bbox 2509 2587 2602 2632; x_wconf 89' lang='lat' dir='ltr'><strong>aut</strong></span> <span class='ocrx_word' id='word_1_404' title='bbox 2630 2594 2728 2648; x_wconf 90' lang='lat' dir='ltr'><strong>per</strong></span> <span class='ocrx_word' id='word_1_405' title='bbox 2755 2578 2926 2631; x_wconf 89' lang='lat' dir='ltr'><strong>malos</strong></span> <span class='ocrx_word' id='word_1_406' title='bbox 2969 2579 3180 2633; x_wconf 89' lang='lat' dir='ltr'><strong>ostendi</strong></span> <span class='ocrx_word' id='word_1_407' title='bbox 3229 2583 3520 2650; x_wconf 85' lang='lat' dir='ltr'><strong>permittit.</strong></span> 
     </span>
    </p>
   </div>
   <div class='ocr_carea' id='block_1_56' title="bbox 1936 2665 3523 2738">
    <p class='ocr_par' dir='ltr' id='par_1_56' title="bbox 1936 2665 3523 2738">
     <span class='ocr_line' id='line_1_56' title="bbox 1936 2665 3523 2738; baseline 0.004 -18"><span class='ocrx_word' id='word_1_408' title='bbox 1936 2665 2042 2720; x_wconf 86' lang='lat' dir='ltr'><strong>Ista</strong></span> <span class='ocrx_word' id='word_1_409' title='bbox 2083 2667 2180 2734; x_wconf 93' lang='lat' dir='ltr'><strong>(al.</strong></span> <span class='ocrx_word' id='word_1_410' title='bbox 2213 2666 2310 2738; x_wconf 91' lang='lat' dir='ltr'><strong>lta)</strong></span> <span class='ocrx_word' id='word_1_411' title='bbox 2363 2677 2542 2725; x_wconf 88' lang='lat' dir='ltr'><strong>autem</strong></span> <span class='ocrx_word' id='word_1_412' title='bbox 2589 2667 2952 2737; x_wconf 87' lang='lat' dir='ltr'><strong>permittendo</strong></span> <span class='ocrx_word' id='word_1_413' title='bbox 2995 2667 3330 2724; x_wconf 88' lang='lat' dir='ltr'><strong>demonstrat</strong></span> <span class='ocrx_word' id='word_1_414' title='bbox 3385 2672 3523 2727; x_wconf 84' lang='lat' dir='ltr'><strong>Deus</strong></span> 
     </span>
    </p>
   </div>
   <div class='ocr_carea' id='block_1_57' title="bbox 1936 2759 3520 2832">
    <p class='ocr_par' dir='ltr' id='par_1_57' title="bbox 1936 2759 3520 2832">
     <span class='ocr_line' id='line_1_57' title="bbox 1936 2759 3520 2832; baseline 0.006 -23"><span class='ocrx_word' id='word_1_415' title='bbox 1936 2766 2191 2826; x_wconf 92' lang='lat' dir='ltr'><strong>quantam</strong></span> <span class='ocrx_word' id='word_1_416' title='bbox 2247 2759 2446 2814; x_wconf 91' lang='lat' dir='ltr'><strong>sanctis</strong></span> <span class='ocrx_word' id='word_1_417' title='bbox 2498 2761 2704 2827; x_wconf 85' lang='lat' dir='ltr'><strong>angelis</strong></span> <span class='ocrx_word' id='word_1_418' title='bbox 2763 2760 2950 2815; x_wconf 88' lang='lat' dir='ltr'><strong>fecerit</strong></span> <span class='ocrx_word' id='word_1_419' title='bbox 3021 2763 3197 2818; x_wconf 89' lang='lat' dir='ltr'><strong>inesse</strong></span> <span class='ocrx_word' id='word_1_420' title='bbox 3245 2765 3520 2832; x_wconf 82' lang='lat' dir='ltr'><strong>virtutem,</strong></span> 
     </span>
    </p>
   </div>
   <div class='ocr_carea' id='block_1_58' title="bbox 1937 2845 3524 2924">
    <p class='ocr_par' dir='ltr' id='par_1_58' title="bbox 1937 2845 3524 2924">
     <span class='ocr_line' id='line_1_58' title="bbox 1937 2845 3524 2924; baseline 0.006 -26"><span class='ocrx_word' id='word_1_421' title='bbox 1937 2845 2154 2916; x_wconf 90' lang='lat' dir='ltr'><strong>quando</strong></span> <span class='ocrx_word' id='word_1_422' title='bbox 2185 2846 2345 2900; x_wconf 90' lang='lat' dir='ltr'><strong>etiam</strong></span> <span class='ocrx_word' id='word_1_423' title='bbox 2377 2849 2530 2902; x_wconf 89' lang='lat' dir='ltr'><strong>malis</strong></span> <span class='ocrx_word' id='word_1_424' title='bbox 2559 2864 2625 2903; x_wconf 82' lang='lat' dir='ltr'><strong>ex</strong></span> <span class='ocrx_word' id='word_1_425' title='bbox 2652 2851 2764 2918; x_wconf 89' lang='lat' dir='ltr'><strong>ipsa</strong></span> <span class='ocrx_word' id='word_1_426' title='bbox 2796 2860 3044 2906; x_wconf 89' lang='lat' dir='ltr'><strong>creatura</strong></span> <span class='ocrx_word' id='word_1_427' title='bbox 3075 2852 3344 2922; x_wconf 83' lang='lat' dir='ltr'><strong>corporali</strong></span> <span class='ocrx_word' id='word_1_428' title='bbox 3379 2870 3524 2924; x_wconf 76' lang='lat' dir='ltr'><strong>qua:-</strong></span> 
     </span>
    </p>
   </div>
   <div class='ocr_carea' id='block_1_59' title="bbox 1938 2936 3526 3015">
    <p class='ocr_par' dir='ltr' id='par_1_59' title="bbox 1938 2936 3526 3015">
     <span class='ocr_line' id='line_1_59' title="bbox 1938 2936 3526 3015; baseline 0.008 -25"><span class='ocrx_word' id='word_1_429' title='bbox 1938 2936 2061 2991; x_wconf 90' lang='lat' dir='ltr'><strong>dam</strong></span> <span class='ocrx_word' id='word_1_430' title='bbox 2088 2937 2224 2990; x_wconf 89' lang='lat' dir='ltr'><strong>mira</strong></span> <span class='ocrx_word' id='word_1_431' title='bbox 2255 2938 2482 2992; x_wconf 84' lang='lat' dir='ltr'><strong>faciendi</strong></span> <span class='ocrx_word' id='word_1_432' title='bbox 2516 2941 2699 2994; x_wconf 91' lang='lat' dir='ltr'><strong>tribuit</strong></span> <span class='ocrx_word' id='word_1_433' title='bbox 2729 2939 3060 2997; x_wconf 79' lang='lat' dir='ltr'><strong>facultatem.</strong></span> <span class='ocrx_word' id='word_1_434' title='bbox 3103 2942 3232 2998; x_wconf 86' lang='lat' dir='ltr'><strong>lude</strong></span> <span class='ocrx_word' id='word_1_435' title='bbox 3273 2953 3355 2999; x_wconf 92' lang='lat' dir='ltr'><strong>est</strong></span> <span class='ocrx_word' id='word_1_436' title='bbox 3383 2946 3526 3015; x_wconf 90' lang='lat' dir='ltr'><strong>quod</strong></span> 
     </span>
    </p>
   </div>
   <div class='ocr_carea' id='block_1_60' title="bbox 1938 3027 3528 3101">
    <p class='ocr_par' dir='ltr' id='par_1_60' title="bbox 1938 3027 3528 3101">
     <span class='ocr_line' id='line_1_60' title="bbox 1938 3027 3528 3101; baseline 0.006 -21"><span class='ocrx_word' id='word_1_437' title='bbox 1938 3027 2099 3080; x_wconf 89' lang='lat' dir='ltr'><strong>etiam</strong></span> <span class='ocrx_word' id='word_1_438' title='bbox 2147 3027 2396 3101; x_wconf 74' lang='lat' dir='ltr'><strong>Salvator</strong></span> <span class='ocrx_word' id='word_1_439' title='bbox 2444 3037 2628 3082; x_wconf 88' lang='lat' dir='ltr'><strong>noster</strong></span> <span class='ocrx_word' id='word_1_440' title='bbox 2685 3043 2812 3083; x_wconf 89' lang='lat' dir='ltr'><strong>suos</strong></span> <span class='ocrx_word' id='word_1_441' title='bbox 2845 3028 3027 3085; x_wconf 88' lang='lat' dir='ltr'><strong>ﬁdeles</strong></span> <span class='ocrx_word' id='word_1_442' title='bbox 3057 3048 3392 3100; x_wconf 72' lang='lat' dir='ltr'><strong>przetnonere</strong></span> <span class='ocrx_word' id='word_1_443' title='bbox 3421 3049 3528 3091; x_wconf 88' lang='lat' dir='ltr'><strong>non</strong></span> 
     </span>
    </p>
   </div>
   <div class='ocr_carea' id='block_1_61' title="bbox 1941 3114 3530 3194">
    <p class='ocr_par' dir='ltr' id='par_1_61' title="bbox 1941 3114 3530 3194">
     <span class='ocr_line' id='line_1_61' title="bbox 1941 3114 3530 3194; baseline 0.006 -26"><span class='ocrx_word' id='word_1_444' title='bbox 1941 3114 2171 3181; x_wconf 89' lang='lat' dir='ltr'><strong>desistit,</strong></span> <span class='ocrx_word' id='word_1_445' title='bbox 2197 3115 2381 3170; x_wconf 89' lang='lat' dir='ltr'><strong>dicens</strong></span> <span class='ocrx_word' id='word_1_446' title='bbox 2407 3135 2418 3168; x_wconf 91' lang='lat'><strong>:</strong></span> <span class='ocrx_word' id='word_1_447' title='bbox 2455 3115 2680 3188; x_wconf 86' lang='lat' dir='ltr'><strong>Surgent</strong></span> <span class='ocrx_word' id='word_1_448' title='bbox 2722 3119 2857 3171; x_wconf 89' lang='lat' dir='ltr'><strong>enim</strong></span> <span class='ocrx_word' id='word_1_449' title='bbox 2911 3120 3285 3190; x_wconf 81' lang='lat' dir='ltr'><strong>psendoc/tristi</strong></span> <span class='ocrx_word' id='word_1_450' title='bbox 3310 3133 3358 3175; x_wconf 88' lang='lat' dir='ltr'><strong>et</strong></span> <span class='ocrx_word' id='word_1_451' title='bbox 3377 3139 3530 3194; x_wconf 76' lang='lat' dir='ltr'><strong>pseu~</strong></span> 
     </span>
    </p>
   </div>
   <div class='ocr_carea' id='block_1_62' title="bbox 317 3204 3532 3283">
    <p class='ocr_par' dir='ltr' id='par_1_62' title="bbox 317 3204 3532 3283">
     <span class='ocr_line' id='line_1_62' title="bbox 317 3204 3532 3283; baseline 0.004 -29"><span class='ocrx_word' id='word_1_452' title='bbox 317 3205 421 3260; x_wconf 77' lang='grc'><strong>45.</strong></span> <span class='ocrx_word' id='word_1_453' title='bbox 469 3205 538 3260; x_wconf 74' lang='lat' dir='ltr'><strong>Et</strong></span> <span class='ocrx_word' id='word_1_454' title='bbox 578 3208 700 3275; x_wconf 84' lang='lat' dir='ltr'><strong>quia</strong></span> <span class='ocrx_word' id='word_1_455' title='bbox 739 3208 807 3262; x_wconf 85' lang='lat' dir='ltr'><strong>dc</strong></span> <span class='ocrx_word' id='word_1_456' title='bbox 853 3209 992 3264; x_wconf 79' lang='lat' dir='ltr'><strong>illius</strong></span> <span class='ocrx_word' id='word_1_457' title='bbox 1024 3226 1164 3265; x_wconf 80' lang='lat' dir='ltr'><strong>nunc</strong></span> <span class='ocrx_word' id='word_1_458' title='bbox 1201 3213 1464 3266; x_wconf 65' lang='lat' dir='ltr'><strong>sententia</strong></span> <span class='ocrx_word' id='word_1_459' title='bbox 1507 3213 1840 3282; x_wconf 73' lang='lat' dir='ltr'><strong>dispmamus</strong></span> <span class='ocrx_word' id='word_1_460' title='bbox 1873 3225 1914 3283; x_wconf 68' lang='grc' dir='ltr'><strong>ρ</strong></span> <span class='ocrx_word' id='word_1_461' title='bbox 1948 3204 2301 3275; x_wconf 69' lang='grc' dir='ltr'><strong>άορνοριιειω,</strong></span> <span class='ocrx_word' id='word_1_462' title='bbox 2331 3216 2379 3259; x_wconf 89' lang='lat' dir='ltr'><strong>et</strong></span> <span class='ocrx_word' id='word_1_463' title='bbox 2410 3205 2603 3259; x_wconf 87' lang='lat' dir='ltr'><strong>dabunt</strong></span> <span class='ocrx_word' id='word_1_464' title='bbox 2625 3209 2774 3278; x_wconf 85' lang='lat' dir='ltr'><strong>signa</strong></span> <span class='ocrx_word' id='word_1_465' title='bbox 2801 3226 2992 3280; x_wconf 83' lang='lat' dir='ltr'><strong>magna</strong></span> <span class='ocrx_word' id='word_1_466' title='bbox 3021 3221 3070 3263; x_wconf 91' lang='lat' dir='ltr'><strong>et</strong></span> <span class='ocrx_word' id='word_1_467' title='bbox 3095 3213 3354 3282; x_wconf 82' lang='lat' dir='ltr'><strong>prodigia,</strong></span> <span class='ocrx_word' id='word_1_468' title='bbox 3384 3215 3532 3267; x_wconf 81' lang='lat' dir='ltr'><strong>itaut</strong></span> 
     </span>
    </p>
   </div>
   <div class='ocr_carea' id='block_1_63' title="bbox 239 3299 1838 3372">
    <p class='ocr_par' dir='ltr' id='par_1_63' title="bbox 239 3299 1838 3372">
     <span class='ocr_line' id='line_1_63' title="bbox 239 3299 1838 3372; baseline 0.005 -20"><span class='ocrx_word' id='word_1_469' title='bbox 239 3299 344 3368; x_wconf 86' lang='lat' dir='ltr'><strong>qui</strong></span> <span class='ocrx_word' id='word_1_470' title='bbox 377 3313 599 3353; x_wconf 82' lang='lat' dir='ltr'><strong>muscas</strong></span> <span class='ocrx_word' id='word_1_471' title='bbox 630 3308 684 3353; x_wconf 91' lang='lat' dir='ltr'><strong>et</strong></span> <span class='ocrx_word' id='word_1_472' title='bbox 719 3300 1055 3370; x_wconf 89' lang='lat' dir='ltr'><strong>scorpiones,</strong></span> <span class='ocrx_word' id='word_1_473' title='bbox 1087 3302 1289 3371; x_wconf 83' lang='lat' dir='ltr'><strong>pulices</strong></span> <span class='ocrx_word' id='word_1_474' title='bbox 1323 3313 1376 3357; x_wconf 90' lang='lat' dir='ltr'><strong>et</strong></span> <span class='ocrx_word' id='word_1_475' title='bbox 1403 3305 1641 3372; x_wconf 89' lang='lat' dir='ltr'><strong>cimices,</strong></span> <span class='ocrx_word' id='word_1_476' title='bbox 1673 3320 1702 3358; x_wconf 91' lang='lat' dir='ltr'><strong>a</strong></span> <span class='ocrx_word' id='word_1_477' title='bbox 1728 3305 1838 3360; x_wconf 90' lang='lat' dir='ltr'><strong>Deo</strong></span> 
     </span>
    </p>
   </div>
   <div class='ocr_carea' id='block_1_64' title="bbox 243 3389 1845 3463">
    <p class='ocr_par' dir='ltr' id='par_1_64' title="bbox 243 3389 1845 3463">
     <span class='ocr_line' id='line_1_64' title="bbox 243 3389 1845 3463; baseline 0.006 -22"><span class='ocrx_word' id='word_1_478' title='bbox 243 3389 507 3458; x_wconf 84' lang='lat' dir='ltr'><strong>potuisse</strong></span> <span class='ocrx_word' id='word_1_479' title='bbox 538 3389 650 3443; x_wconf 89' lang='lat' dir='ltr'><strong>ﬁeri</strong></span> <span class='ocrx_word' id='word_1_480' title='bbox 679 3405 786 3443; x_wconf 91' lang='lat' dir='ltr'><strong>non</strong></span> <span class='ocrx_word' id='word_1_481' title='bbox 815 3390 1016 3456; x_wconf 91' lang='lat' dir='ltr'><strong>credit,</strong></span> <span class='ocrx_word' id='word_1_482' title='bbox 1062 3392 1165 3447; x_wconf 85' lang='lat' dir='ltr'><strong>hoc</strong></span> <span class='ocrx_word' id='word_1_483' title='bbox 1195 3409 1409 3463; x_wconf 89' lang='lat' dir='ltr'><strong>quoque</strong></span> <span class='ocrx_word' id='word_1_484' title='bbox 1441 3395 1845 3463; x_wconf 68' lang='lat' dir='ltr'><strong>prtecavendum</strong></span> 
     </span>
    </p>
   </div>
   <div class='ocr_carea' id='block_1_65' title="bbox 245 3478 1847 3542">
    <p class='ocr_par' dir='ltr' id='par_1_65' title="bbox 245 3478 1847 3542">
     <span class='ocr_line' id='line_1_65' title="bbox 245 3478 1847 3542; baseline 0.005 -10"><span class='ocrx_word' id='word_1_485' title='bbox 245 3487 362 3542; x_wconf 85' lang='lat' dir='ltr'><strong>est,</strong></span> <span class='ocrx_word' id='word_1_486' title='bbox 415 3493 486 3532; x_wconf 89' lang='lat' dir='ltr'><strong>ne</strong></span> <span class='ocrx_word' id='word_1_487' title='bbox 519 3478 660 3534; x_wconf 91' lang='lat' dir='ltr'><strong>hunc</strong></span> <span class='ocrx_word' id='word_1_488' title='bbox 700 3495 915 3535; x_wconf 88' lang='lat' dir='ltr'><strong>sensum</strong></span> <span class='ocrx_word' id='word_1_489' title='bbox 947 3482 1206 3538; x_wconf 76' lang='lat' dir='ltr'><strong>catholica</strong></span> <span class='ocrx_word' id='word_1_490' title='bbox 1238 3481 1338 3538; x_wconf 89' lang='lat' dir='ltr'><strong>ﬁde</strong></span> <span class='ocrx_word' id='word_1_491' title='bbox 1367 3485 1686 3539; x_wconf 90' lang='lat' dir='ltr'><strong>omnimodis</strong></span> <span class='ocrx_word' id='word_1_492' title='bbox 1715 3486 1847 3540; x_wconf 86' lang='lat' dir='ltr'><strong>alie-</strong></span> 
     </span>
    </p>
   </div>
   <div class='ocr_carea' id='block_1_66' title="bbox 246 3567 1848 3635">
    <p class='ocr_par' dir='ltr' id='par_1_66' title="bbox 246 3567 1848 3635">
     <span class='ocr_line' id='line_1_66' title="bbox 246 3567 1848 3635; baseline 0.004 -13"><span class='ocrx_word' id='word_1_493' title='bbox 246 3584 418 3631; x_wconf 88' lang='lat' dir='ltr'><strong>num,</strong></span> <span class='ocrx_word' id='word_1_494' title='bbox 443 3584 551 3622; x_wconf 87' lang='lat' dir='ltr'><strong>non</strong></span> <span class='ocrx_word' id='word_1_495' title='bbox 581 3583 645 3622; x_wconf 78' lang='lat' dir='ltr'><strong>ex</strong></span> <span class='ocrx_word' id='word_1_496' title='bbox 668 3567 1082 3625; x_wconf 74' lang='lat' dir='ltr'><strong>Manichzeorum</strong></span> <span class='ocrx_word' id='word_1_497' title='bbox 1106 3587 1308 3635; x_wconf 90' lang='lat' dir='ltr'><strong>errore,</strong></span> <span class='ocrx_word' id='word_1_498' title='bbox 1337 3573 1428 3628; x_wconf 87' lang='lat' dir='ltr'><strong>sed</strong></span> <span class='ocrx_word' id='word_1_499' title='bbox 1453 3588 1520 3628; x_wconf 76' lang='lat' dir='ltr'><strong>ex</strong></span> <span class='ocrx_word' id='word_1_500' title='bbox 1551 3574 1848 3629; x_wconf 85' lang='lat' dir='ltr'><strong>divinarum</strong></span> 
     </span>
    </p>
   </div>
   <div class='ocr_carea' id='block_1_67' title="bbox 243 3657 1844 3732">
    <p class='ocr_par' dir='ltr' id='par_1_67' title="bbox 243 3657 1844 3732">
     <span class='ocr_line' id='line_1_67' title="bbox 243 3657 1844 3732; baseline 0.003 -18"><span class='ocrx_word' id='word_1_501' title='bbox 243 3657 664 3727; x_wconf 87' lang='lat' dir='ltr'><strong>Scripturarum</strong></span> <span class='ocrx_word' id='word_1_502' title='bbox 695 3660 926 3716; x_wconf 89' lang='lat' dir='ltr'><strong>lectione</strong></span> <span class='ocrx_word' id='word_1_503' title='bbox 953 3664 1284 3732; x_wconf 88' lang='lat' dir='ltr'><strong>conceperit.</strong></span> <span class='ocrx_word' id='word_1_504' title='bbox 1312 3663 1456 3717; x_wconf 67' lang='lat' dir='ltr'><strong>Bona</strong></span> <span class='ocrx_word' id='word_1_505' title='bbox 1478 3675 1552 3718; x_wconf 88' lang='lat' dir='ltr'><strong>est</strong></span> <span class='ocrx_word' id='word_1_506' title='bbox 1574 3666 1714 3718; x_wconf 90' lang='lat' dir='ltr'><strong>enim</strong></span> <span class='ocrx_word' id='word_1_507' title='bbox 1741 3665 1844 3730; x_wconf 78' lang='lat' dir='ltr'><strong>lex,</strong></span> 
     </span>
    </p>
   </div>
   <div class='ocr_carea' id='block_1_68' title="bbox 241 3750 1848 3824">
    <p class='ocr_par' dir='ltr' id='par_1_68' title="bbox 241 3750 1848 3824">
     <span class='ocr_line' id='line_1_68' title="bbox 241 3750 1848 3824; baseline 0.005 -20"><span class='ocrx_word' id='word_1_508' title='bbox 241 3751 286 3804; x_wconf 77' lang='lat' dir='ltr'><strong>si</strong></span> <span class='ocrx_word' id='word_1_509' title='bbox 317 3750 448 3822; x_wconf 77' lang='lat' dir='ltr'><strong>quis</strong></span> <span class='ocrx_word' id='word_1_510' title='bbox 467 3766 531 3803; x_wconf 84' lang='lat' dir='ltr'><strong>ea</strong></span> <span class='ocrx_word' id='word_1_511' title='bbox 552 3750 775 3821; x_wconf 87' lang='lat' dir='ltr'><strong>legitime</strong></span> <span class='ocrx_word' id='word_1_512' title='bbox 794 3762 967 3806; x_wconf 90' lang='lat' dir='ltr'><strong>utatur</strong></span> <span class='ocrx_word' id='word_1_513' title='bbox 994 3752 1046 3823; x_wconf 87' lang='lat' dir='ltr'><strong>(I</strong></span> <span class='ocrx_word' id='word_1_514' title='bbox 1073 3753 1205 3808; x_wconf 83' lang='lat' dir='ltr'><strong>Tim.</strong></span> <span class='ocrx_word' id='word_1_515' title='bbox 1231 3772 1264 3816; x_wconf 88' lang='grc' dir='ltr'>ι,</span> <span class='ocrx_word' id='word_1_516' title='bbox 1297 3755 1375 3824; x_wconf 89' lang='grc'><strong>8).</strong></span> <span class='ocrx_word' id='word_1_517' title='bbox 1409 3754 1501 3810; x_wconf 89' lang='lat' dir='ltr'><strong>llle</strong></span> <span class='ocrx_word' id='word_1_518' title='bbox 1530 3767 1708 3811; x_wconf 89' lang='lat' dir='ltr'><strong>autem</strong></span> <span class='ocrx_word' id='word_1_519' title='bbox 1733 3757 1848 3824; x_wconf 81' lang='lat' dir='ltr'><strong>lege</strong></span> 
     </span>
    </p>
   </div>
   <div class='ocr_carea' id='block_1_69' title="bbox 246 3839 1849 3914">
    <p class='ocr_par' dir='ltr' id='par_1_69' title="bbox 246 3839 1849 3914">
     <span class='ocr_line' id='line_1_69' title="bbox 246 3839 1849 3914; baseline 0.003 -20"><span class='ocrx_word' id='word_1_520' title='bbox 246 3856 359 3894; x_wconf 91' lang='lat' dir='ltr'><strong>on</strong></span> <span class='ocrx_word' id='word_1_521' title='bbox 396 3839 637 3907; x_wconf 80' lang='lat' dir='ltr'><strong>legitime</strong></span> <span class='ocrx_word' id='word_1_522' title='bbox 665 3841 830 3895; x_wconf 84' lang='lat' dir='ltr'><strong>utitur</strong></span> <span class='ocrx_word' id='word_1_523' title='bbox 857 3843 952 3912; x_wconf 91' lang='lat' dir='ltr'><strong>qui.</strong></span> <span class='ocrx_word' id='word_1_524' title='bbox 971 3843 1036 3897; x_wconf 88' lang='lat' dir='ltr'><strong>de</strong></span> <span class='ocrx_word' id='word_1_525' title='bbox 1065 3845 1241 3897; x_wconf 80' lang='lat' dir='ltr'><strong>verbis</strong></span> <span class='ocrx_word' id='word_1_526' title='bbox 1270 3844 1402 3914; x_wconf 86' lang='lat' dir='ltr'><strong>legis</strong></span> <span class='ocrx_word' id='word_1_527' title='bbox 1426 3861 1531 3899; x_wconf 92' lang='lat' dir='ltr'><strong>non</strong></span> <span class='ocrx_word' id='word_1_528' title='bbox 1559 3847 1661 3901; x_wconf 93' lang='lat' dir='ltr'><strong>hoc</strong></span> <span class='ocrx_word' id='word_1_529' title='bbox 1685 3849 1849 3900; x_wconf 89' lang='lat' dir='ltr'><strong>sentit</strong></span> 
     </span>
    </p>
   </div>
   <div class='ocr_carea' id='block_1_70' title="bbox 243 3929 1848 4006">
    <p class='ocr_par' dir='ltr' id='par_1_70' title="bbox 243 3929 1848 4006">
     <span class='ocr_line' id='line_1_70' title="bbox 243 3929 1848 4006; baseline 0.006 -23"><span class='ocrx_word' id='word_1_530' title='bbox 243 3929 401 4000; x_wconf 66' lang='lat' dir='ltr'><strong>quod</strong></span> <span class='ocrx_word' id='word_1_531' title='bbox 427 3938 647 3997; x_wconf 85' lang='lat' dir='ltr'><strong>oportet</strong></span> <span class='ocrx_word' id='word_1_532' title='bbox 677 3938 733 3984; x_wconf 91' lang='lat' dir='ltr'><strong>ut</strong></span> <span class='ocrx_word' id='word_1_533' title='bbox 762 3933 976 3986; x_wconf 85' lang='lat' dir='ltr'><strong>sentiat.</strong></span> <span class='ocrx_word' id='word_1_534' title='bbox 1012 3932 1126 3987; x_wconf 85' lang='lat' dir='ltr'><strong>lloc</strong></span> <span class='ocrx_word' id='word_1_535' title='bbox 1158 3934 1280 3988; x_wconf 88' lang='lat' dir='ltr'><strong>ideo</strong></span> <span class='ocrx_word' id='word_1_536' title='bbox 1308 3935 1437 3999; x_wconf 76' lang='lat' dir='ltr'><strong>dixi,</strong></span> <span class='ocrx_word' id='word_1_537' title='bbox 1464 3936 1588 4005; x_wconf 85' lang='lat' dir='ltr'><strong>quia</strong></span> <span class='ocrx_word' id='word_1_538' title='bbox 1620 3937 1848 4006; x_wconf 84' lang='lat' dir='ltr'><strong>legimus</strong></span> 
     </span>
    </p>
   </div>
   <div class='ocr_carea' id='block_1_71' title="bbox 237 4022 1850 4100">
    <p class='ocr_par' dir='ltr' id='par_1_71' title="bbox 237 4022 1850 4100">
     <span class='ocr_line' id='line_1_71' title="bbox 237 4022 1850 4100; baseline 0.003 -20"><span class='ocrx_word' id='word_1_539' title='bbox 237 4027 296 4082; x_wconf 70' lang='lat' dir='ltr'><strong>tn</strong></span> <span class='ocrx_word' id='word_1_540' title='bbox 325 4022 531 4077; x_wconf 76' lang='lat' dir='ltr'><strong>Exodo</strong></span> <span class='ocrx_word' id='word_1_541' title='bbox 555 4022 708 4093; x_wconf 87' lang='lat' dir='ltr'><strong>(Cap.</strong></span> <span class='ocrx_word' id='word_1_542' title='bbox 733 4040 830 4092; x_wconf 81' lang='lat' dir='ltr'><strong>vn,</strong></span> <span class='ocrx_word' id='word_1_543' title='bbox 850 4025 940 4096; x_wconf 93' lang='grc'><strong>10)</strong></span> <span class='ocrx_word' id='word_1_544' title='bbox 969 4028 1168 4094; x_wconf 87' lang='lat' dir='ltr'><strong>virgam</strong></span> <span class='ocrx_word' id='word_1_545' title='bbox 1192 4027 1388 4098; x_wconf 83' lang='lat' dir='ltr'><strong>Moysis</strong></span> <span class='ocrx_word' id='word_1_546' title='bbox 1410 4044 1567 4097; x_wconf 91' lang='lat' dir='ltr'><strong>quam</strong></span> <span class='ocrx_word' id='word_1_547' title='bbox 1599 4031 1850 4100; x_wconf 88' lang='lat' dir='ltr'><strong>portabat</strong></span> 
     </span>
    </p>
   </div>
   <div class='ocr_carea' id='block_1_72' title="bbox 240 4115 1846 4186">
    <p class='ocr_par' dir='ltr' id='par_1_72' title="bbox 240 4115 1846 4186">
     <span class='ocr_line' id='line_1_72' title="bbox 240 4115 1846 4186; baseline 0.002 -15"><span class='ocrx_word' id='word_1_548' title='bbox 240 4116 439 4171; x_wconf 81' lang='lat' dir='ltr'><strong>Aaron</strong></span> <span class='ocrx_word' id='word_1_549' title='bbox 483 4115 536 4166; x_wconf 89' lang='lat' dir='ltr'><strong>in</strong></span> <span class='ocrx_word' id='word_1_550' title='bbox 577 4123 878 4179; x_wconf 84' lang='lat' dir='ltr'><strong>serpentem</strong></span> <span class='ocrx_word' id='word_1_551' title='bbox 915 4116 1099 4171; x_wconf 85' lang='lat' dir='ltr'><strong>divina-</strong></span> <span class='ocrx_word' id='word_1_552' title='bbox 1132 4119 1446 4186; x_wconf 88' lang='lat' dir='ltr'><strong>operationc</strong></span> <span class='ocrx_word' id='word_1_553' title='bbox 1489 4136 1846 4184; x_wconf 79' lang='lat' dir='ltr'><strong>conversam;</strong></span> 
     </span>
    </p>
   </div>
   <div class='ocr_carea' id='block_1_73' title="bbox 242 4202 1849 4279">
    <p class='ocr_par' dir='ltr' id='par_1_73' title="bbox 242 4202 1849 4279">
     <span class='ocr_line' id='line_1_73' title="bbox 242 4202 1849 4279; baseline 0.003 -19"><span class='ocrx_word' id='word_1_554' title='bbox 242 4204 342 4260; x_wconf 84' lang='lat' dir='ltr'><strong>ubi</strong></span> <span class='ocrx_word' id='word_1_555' title='bbox 375 4202 584 4257; x_wconf 86' lang='lat' dir='ltr'><strong>dicitur</strong></span> <span class='ocrx_word' id='word_1_556' title='bbox 616 4203 800 4273; x_wconf 81' lang='lat' dir='ltr'><strong>(Ibid.,</strong></span> <span class='ocrx_word' id='word_1_557' title='bbox 835 4205 921 4277; x_wconf 72' lang='lat'><strong>1‘2)</strong></span> <span class='ocrx_word' id='word_1_558' title='bbox 953 4207 1112 4260; x_wconf 85' lang='lat' dir='ltr'><strong>etiam</strong></span> <span class='ocrx_word' id='word_1_559' title='bbox 1145 4223 1328 4276; x_wconf 87' lang='lat' dir='ltr'><strong>magos</strong></span> <span class='ocrx_word' id='word_1_560' title='bbox 1358 4208 1680 4273; x_wconf 85' lang='lat' dir='ltr'><strong>Pharaonis,</strong></span> <span class='ocrx_word' id='word_1_561' title='bbox 1714 4226 1849 4279; x_wconf 88' lang='lat' dir='ltr'><strong>quos</strong></span> 
     </span>
    </p>
   </div>
   <div class='ocr_carea' id='block_1_74' title="bbox 244 4295 1846 4366">
    <p class='ocr_par' dir='ltr' id='par_1_74' title="bbox 244 4295 1846 4366">
     <span class='ocr_line' id='line_1_74' title="bbox 244 4295 1846 4366; baseline 0.002 -16"><span class='ocrx_word' id='word_1_562' title='bbox 244 4295 511 4350; x_wconf 82' lang='lat' dir='ltr'><strong>Jamnem</strong></span> <span class='ocrx_word' id='word_1_563' title='bbox 542 4305 597 4348; x_wconf 70' lang='lat' dir='ltr'><strong>et</strong></span> <span class='ocrx_word' id='word_1_564' title='bbox 623 4295 911 4350; x_wconf 80' lang='lat' dir='ltr'><strong>Mambrcm</strong></span> <span class='ocrx_word' id='word_1_565' title='bbox 938 4298 1225 4366; x_wconf 80' lang='lat' dir='ltr'><strong>Apostolus</strong></span> <span class='ocrx_word' id='word_1_566' title='bbox 1260 4309 1452 4365; x_wconf 82' lang='lat' dir='ltr'><strong>vocat,</strong></span> <span class='ocrx_word' id='word_1_567' title='bbox 1483 4298 1669 4354; x_wconf 86' lang='lat' dir='ltr'><strong>fecisse</strong></span> <span class='ocrx_word' id='word_1_568' title='bbox 1696 4301 1846 4354; x_wconf 88' lang='lat' dir='ltr'><strong>simi-</strong></span> 
     </span>
    </p>
   </div>
   <div class='ocr_carea' id='block_1_75' title="bbox 245 4384 1848 4455">
    <p class='ocr_par' dir='ltr' id='par_1_75' title="bbox 245 4384 1848 4455">
     <span class='ocr_line' id='line_1_75' title="bbox 245 4384 1848 4455; baseline 0.003 -16"><span class='ocrx_word' id='word_1_569' title='bbox 245 4384 383 4439; x_wconf 80' lang='lat' dir='ltr'><strong>liter</strong></span> <span class='ocrx_word' id='word_1_570' title='bbox 405 4391 467 4436; x_wconf 91' lang='lat' dir='ltr'><strong>ut</strong></span> <span class='ocrx_word' id='word_1_571' title='bbox 490 4384 650 4450; x_wconf 72' lang='lat' dir='ltr'><strong>virga:</strong></span> <span class='ocrx_word' id='word_1_572' title='bbox 673 4399 858 4438; x_wconf 85' lang='lat' dir='ltr'><strong>eorum</strong></span> <span class='ocrx_word' id='word_1_573' title='bbox 892 4387 942 4437; x_wconf 90' lang='lat' dir='ltr'><strong>in</strong></span> <span class='ocrx_word' id='word_1_574' title='bbox 974 4397 1250 4455; x_wconf 85' lang='lat' dir='ltr'><strong>serpentes</strong></span> <span class='ocrx_word' id='word_1_575' title='bbox 1282 4389 1502 4454; x_wconf 87' lang='lat' dir='ltr'><strong>magicis</strong></span> <span class='ocrx_word' id='word_1_576' title='bbox 1525 4389 1848 4444; x_wconf 85' lang='lat' dir='ltr'><strong>incantatio-</strong></span> 
     </span>
    </p>
   </div>
   <div class='ocr_carea' id='block_1_76' title="bbox 246 4473 1848 4544">
    <p class='ocr_par' dir='ltr' id='par_1_76' title="bbox 246 4473 1848 4544">
     <span class='ocr_line' id='line_1_76' title="bbox 246 4473 1848 4544; baseline 0.003 -15"><span class='ocrx_word' id='word_1_577' title='bbox 246 4474 428 4533; x_wconf 86' lang='lat' dir='ltr'><strong>nibus</strong></span> <span class='ocrx_word' id='word_1_578' title='bbox 445 4483 784 4538; x_wconf 74' lang='lat' dir='ltr'><strong>verterentur</strong></span> <span class='ocrx_word' id='word_1_579' title='bbox 809 4473 899 4541; x_wconf 85' lang='lat' dir='ltr'><strong>(I&#39;I</strong></span> <span class='ocrx_word' id='word_1_580' title='bbox 931 4474 1062 4528; x_wconf 89' lang='lat' dir='ltr'><strong>Tim.</strong></span> <span class='ocrx_word' id='word_1_581' title='bbox 1098 4494 1171 4538; x_wconf 88' lang='grc' dir='ltr'>ιιι,</span> <span class='ocrx_word' id='word_1_582' title='bbox 1197 4477 1273 4544; x_wconf 89' lang='lat'><strong>8).</strong></span> <span class='ocrx_word' id='word_1_583' title='bbox 1303 4477 1635 4532; x_wconf 87' lang='lat' dir='ltr'><strong>Deindecum</strong></span> <span class='ocrx_word' id='word_1_584' title='bbox 1667 4481 1848 4534; x_wconf 81' lang='lat' dir='ltr'><strong>Aaron</strong></span> 
     </span>
    </p>
   </div>
   <div class='ocr_carea' id='block_1_77' title="bbox 1945 3297 3532 3370">
    <p class='ocr_par' dir='ltr' id='par_1_77' title="bbox 1945 3297 3532 3370">
     <span class='ocr_line' id='line_1_77' title="bbox 1945 3297 3532 3370; baseline 0.004 -19"><span class='ocrx_word' id='word_1_585' title='bbox 1945 3300 1998 3351; x_wconf 87' lang='lat' dir='ltr'><strong>in</strong></span> <span class='ocrx_word' id='word_1_586' title='bbox 2037 3313 2263 3350; x_wconf 89' lang='lat' dir='ltr'><strong>errorem</strong></span> <span class='ocrx_word' id='word_1_587' title='bbox 2310 3297 2623 3350; x_wconf 84' lang='lat' dir='ltr'><strong>inducantur</strong></span> <span class='ocrx_word' id='word_1_588' title='bbox 2667 3299 2732 3368; x_wconf 90' lang='lat' dir='ltr'><strong>(si</strong></span> <span class='ocrx_word' id='word_1_589' title='bbox 2780 3299 2898 3368; x_wconf 73' lang='lat' dir='ltr'><strong>fieri</strong></span> <span class='ocrx_word' id='word_1_590' title='bbox 2945 3303 3135 3370; x_wconf 80' lang='lat' dir='ltr'><strong>potest)</strong></span> <span class='ocrx_word' id='word_1_591' title='bbox 3187 3304 3343 3355; x_wconf 80' lang='lat' dir='ltr'><strong>etiam</strong></span> <span class='ocrx_word' id='word_1_592' title='bbox 3387 3306 3532 3358; x_wconf 77' lang='lat' dir='ltr'><strong>electi</strong></span> 
     </span>
    </p>
   </div>
   <div class='ocr_carea' id='block_1_78' title="bbox 1950 3389 3532 3461">
    <p class='ocr_par' dir='ltr' id='par_1_78' title="bbox 1950 3389 3532 3461">
     <span class='ocr_line' id='line_1_78' title="bbox 1950 3389 3532 3461; baseline 0.005 -20"><span class='ocrx_word' id='word_1_593' title='bbox 1950 3389 2141 3460; x_wconf 77' lang='lat' dir='ltr'><strong>(Marc.</strong></span> <span class='ocrx_word' id='word_1_594' title='bbox 2179 3407 2288 3451; x_wconf 82' lang='lat' dir='ltr'><strong>xm,</strong></span> <span class='ocrx_word' id='word_1_595' title='bbox 2320 3389 2433 3456; x_wconf 71' lang='lat'><strong>22).</strong></span> <span class='ocrx_word' id='word_1_596' title='bbox 2475 3391 2606 3443; x_wconf 83' lang='lat' dir='ltr'><strong>Nam</strong></span> <span class='ocrx_word' id='word_1_597' title='bbox 2651 3399 2703 3443; x_wconf 88' lang='lat' dir='ltr'><strong>et</strong></span> <span class='ocrx_word' id='word_1_598' title='bbox 2732 3391 2920 3444; x_wconf 89' lang='lat' dir='ltr'><strong>beatus</strong></span> <span class='ocrx_word' id='word_1_599' title='bbox 2969 3393 3264 3461; x_wconf 85' lang='lat' dir='ltr'><strong>Apostolus</strong></span> <span class='ocrx_word' id='word_1_600' title='bbox 3293 3394 3359 3448; x_wconf 92' lang='lat' dir='ltr'><strong>de</strong></span> <span class='ocrx_word' id='word_1_601' title='bbox 3389 3395 3532 3450; x_wconf 60' lang='lat' dir='ltr'><strong>Anti.</strong></span> 
     </span>
    </p>
   </div>
   <div class='ocr_carea' id='block_1_79' title="bbox 1947 3480 3533 3560">
    <p class='ocr_par' dir='ltr' id='par_1_79' title="bbox 1947 3480 3533 3560">
     <span class='ocr_line' id='line_1_79' title="bbox 1947 3480 3533 3560; baseline 0.003 -25"><span class='ocrx_word' id='word_1_602' title='bbox 1947 3482 2149 3535; x_wconf 76' lang='lat' dir='ltr'><strong>Christo</strong></span> <span class='ocrx_word' id='word_1_603' title='bbox 2196 3482 2422 3550; x_wconf 89' lang='lat' dir='ltr'><strong>loquens</strong></span> <span class='ocrx_word' id='word_1_604' title='bbox 2466 3482 2578 3534; x_wconf 92' lang='lat' dir='ltr'><strong>ait:</strong></span> <span class='ocrx_word' id='word_1_605' title='bbox 2634 3480 2959 3560; x_wconf 78' lang='lat' dir='ltr'><strong>Revelabitur</strong></span> <span class='ocrx_word' id='word_1_606' title='bbox 3000 3484 3090 3535; x_wconf 85' lang='lat' dir='ltr'><strong>ille</strong></span> <span class='ocrx_word' id='word_1_607' title='bbox 3135 3486 3340 3554; x_wconf 86' lang='lat' dir='ltr'><strong>iniquus</strong></span> <span class='ocrx_word' id='word_1_608' title='bbox 3387 3503 3533 3556; x_wconf 84' lang='lat' dir='ltr'><strong>quem</strong></span> 
     </span>
    </p>
   </div>
   <div class='ocr_carea' id='block_1_80' title="bbox 1947 3571 3532 3644">
    <p class='ocr_par' dir='ltr' id='par_1_80' title="bbox 1947 3571 3532 3644">
     <span class='ocr_line' id='line_1_80' title="bbox 1947 3571 3532 3644; baseline 0.004 -19"><span class='ocrx_word' id='word_1_609' title='bbox 1947 3572 2200 3626; x_wconf 83' lang='lat' dir='ltr'><strong>Dominus</strong></span> <span class='ocrx_word' id='word_1_610' title='bbox 2246 3583 2418 3625; x_wconf 88' lang='lat' dir='ltr'><strong>noster</strong></span> <span class='ocrx_word' id='word_1_611' title='bbox 2441 3571 2594 3624; x_wconf 85' lang='lat' dir='ltr'><strong>Jcsus</strong></span> <span class='ocrx_word' id='word_1_612' title='bbox 2627 3571 2860 3624; x_wconf 76' lang='lat' dir='ltr'><strong>Christus</strong></span> <span class='ocrx_word' id='word_1_613' title='bbox 2890 3573 3167 3642; x_wconf 75' lang='lat' dir='ltr'><strong>interﬁciet</strong></span> <span class='ocrx_word' id='word_1_614' title='bbox 3197 3576 3384 3644; x_wconf 70' lang='lat' dir='ltr'><strong>spiritu</strong></span> <span class='ocrx_word' id='word_1_615' title='bbox 3423 3579 3532 3631; x_wconf 80' lang='lat' dir='ltr'><strong>oris</strong></span> 
     </span>
    </p>
   </div>
   <div class='ocr_carea' id='block_1_81' title="bbox 1947 3663 3534 3735">
    <p class='ocr_par' dir='ltr' id='par_1_81' title="bbox 1947 3663 3534 3735">
     <span class='ocr_line' id='line_1_81' title="bbox 1947 3663 3534 3735; baseline 0.003 -19"><span class='ocrx_word' id='word_1_616' title='bbox 1947 3665 2049 3730; x_wconf 86' lang='lat' dir='ltr'><strong>sui,</strong></span> <span class='ocrx_word' id='word_1_617' title='bbox 2079 3674 2126 3715; x_wconf 89' lang='lat' dir='ltr'><strong>et</strong></span> <span class='ocrx_word' id='word_1_618' title='bbox 2169 3663 2391 3716; x_wconf 73' lang='lat' dir='ltr'><strong>destruet</strong></span> <span class='ocrx_word' id='word_1_619' title='bbox 2421 3663 2770 3714; x_wconf 89' lang='lat' dir='ltr'><strong>illustratione</strong></span> <span class='ocrx_word' id='word_1_620' title='bbox 2799 3664 3047 3716; x_wconf 76' lang='lat' dir='ltr'><strong>adventus</strong></span> <span class='ocrx_word' id='word_1_621' title='bbox 3095 3665 3218 3717; x_wconf 86' lang='lat' dir='ltr'><strong>sui:</strong></span> <span class='ocrx_word' id='word_1_622' title='bbox 3271 3667 3418 3735; x_wconf 87' lang='lat' dir='ltr'><strong>cujus</strong></span> <span class='ocrx_word' id='word_1_623' title='bbox 3459 3677 3534 3720; x_wconf 85' lang='lat' dir='ltr'><strong>est</strong></span> 
     </span>
    </p>
   </div>
   <div class='ocr_carea' id='block_1_82' title="bbox 1949 3753 3535 3822">
    <p class='ocr_par' dir='ltr' id='par_1_82' title="bbox 1949 3753 3535 3822">
     <span class='ocr_line' id='line_1_82' title="bbox 1949 3753 3535 3822; baseline 0.001 -14"><span class='ocrx_word' id='word_1_624' title='bbox 1949 3757 2198 3808; x_wconf 83' lang='lat' dir='ltr'><strong>adventus</strong></span> <span class='ocrx_word' id='word_1_625' title='bbox 2226 3753 2503 3806; x_wconf 80' lang='lat' dir='ltr'><strong>secundum</strong></span> <span class='ocrx_word' id='word_1_626' title='bbox 2528 3754 2877 3822; x_wconf 82' lang='lat' dir='ltr'><strong>operationem</strong></span> <span class='ocrx_word' id='word_1_627' title='bbox 2909 3755 3147 3817; x_wconf 76' lang='lat' dir='ltr'><strong>Satante,</strong></span> <span class='ocrx_word' id='word_1_628' title='bbox 3177 3758 3228 3809; x_wconf 91' lang='lat' dir='ltr'><strong>in</strong></span> <span class='ocrx_word' id='word_1_629' title='bbox 3262 3760 3403 3811; x_wconf 87' lang='lat' dir='ltr'><strong>omni</strong></span> <span class='ocrx_word' id='word_1_630' title='bbox 3434 3759 3535 3812; x_wconf 73' lang='lat' dir='ltr'><strong>t&#39;t&#39;r-</strong></span> 
     </span>
    </p>
   </div>
   <div class='ocr_carea' id='block_1_83' title="bbox 1950 3845 3534 3914">
    <p class='ocr_par' dir='ltr' id='par_1_83' title="bbox 1950 3845 3534 3914">
     <span class='ocr_line' id='line_1_83' title="bbox 1950 3845 3534 3914; baseline 0.003 -16"><span class='ocrx_word' id='word_1_631' title='bbox 1950 3854 2074 3910; x_wconf 77' lang='lat' dir='ltr'><strong>tute,</strong></span> <span class='ocrx_word' id='word_1_632' title='bbox 2097 3855 2145 3898; x_wconf 91' lang='lat' dir='ltr'><strong>et</strong></span> <span class='ocrx_word' id='word_1_633' title='bbox 2172 3845 2335 3914; x_wconf 82' lang='lat' dir='ltr'><strong>signis</strong></span> <span class='ocrx_word' id='word_1_634' title='bbox 2371 3853 2422 3896; x_wconf 87' lang='lat' dir='ltr'><strong>et</strong></span> <span class='ocrx_word' id='word_1_635' title='bbox 2450 3845 2704 3914; x_wconf 85' lang='lat' dir='ltr'><strong>prodigiis</strong></span> <span class='ocrx_word' id='word_1_636' title='bbox 2734 3845 3087 3912; x_wconf 79' lang='lat' dir='ltr'><strong>mendacibus,</strong></span> <span class='ocrx_word' id='word_1_637' title='bbox 3119 3854 3168 3898; x_wconf 91' lang='lat' dir='ltr'><strong>et</strong></span> <span class='ocrx_word' id='word_1_638' title='bbox 3197 3847 3249 3899; x_wconf 90' lang='lat' dir='ltr'><strong>in</strong></span> <span class='ocrx_word' id='word_1_639' title='bbox 3293 3848 3430 3900; x_wconf 90' lang='lat' dir='ltr'><strong>omni</strong></span> <span class='ocrx_word' id='word_1_640' title='bbox 3459 3865 3534 3902; x_wconf 71' lang='lat' dir='ltr'><strong>se~</strong></span> 
     </span>
    </p>
   </div>
   <div class='ocr_carea' id='block_1_84' title="bbox 1948 3933 3535 4006">
    <p class='ocr_par' dir='ltr' id='par_1_84' title="bbox 1948 3933 3535 4006">
     <span class='ocr_line' id='line_1_84' title="bbox 1948 3933 3535 4006; baseline 0.004 -20"><span class='ocrx_word' id='word_1_641' title='bbox 1948 3935 2187 3987; x_wconf 83' lang='lat' dir='ltr'><strong>ductione</strong></span> <span class='ocrx_word' id='word_1_642' title='bbox 2212 3933 2518 4002; x_wconf 82' lang='lat' dir='ltr'><strong>iniquitatis,</strong></span> <span class='ocrx_word' id='word_1_643' title='bbox 2544 3933 2622 3986; x_wconf 84' lang='lat' dir='ltr'><strong>Itis</strong></span> <span class='ocrx_word' id='word_1_644' title='bbox 2653 3935 2736 4002; x_wconf 90' lang='lat' dir='ltr'><strong>qui</strong></span> <span class='ocrx_word' id='word_1_645' title='bbox 2758 3943 2994 4004; x_wconf 84' lang='lat' dir='ltr'><strong>pereunt,</strong></span> <span class='ocrx_word' id='word_1_646' title='bbox 3028 3952 3086 3988; x_wconf 88' lang='lat' dir='ltr'><strong>eo</strong></span> <span class='ocrx_word' id='word_1_647' title='bbox 3111 3936 3245 4006; x_wconf 85' lang='lat' dir='ltr'><strong>quod</strong></span> <span class='ocrx_word' id='word_1_648' title='bbox 3267 3938 3535 3992; x_wconf 86' lang='lat' dir='ltr'><strong>caritatem</strong></span> 
     </span>
    </p>
   </div>
   <div class='ocr_carea' id='block_1_85' title="bbox 1949 4024 3540 4094">
    <p class='ocr_par' dir='ltr' id='par_1_85' title="bbox 1949 4024 3540 4094">
     <span class='ocr_line' id='line_1_85' title="bbox 1949 4024 3540 4094; baseline 0.003 -17"><span class='ocrx_word' id='word_1_649' title='bbox 1949 4025 2176 4077; x_wconf 80' lang='lat' dir='ltr'><strong>veritatis</strong></span> <span class='ocrx_word' id='word_1_650' title='bbox 2207 4041 2308 4078; x_wconf 87' lang='lat' dir='ltr'><strong>non</strong></span> <span class='ocrx_word' id='word_1_651' title='bbox 2357 4034 2652 4094; x_wconf 80' lang='lat' dir='ltr'><strong>receperunt</strong></span> <span class='ocrx_word' id='word_1_652' title='bbox 2693 4032 2747 4076; x_wconf 89' lang='lat' dir='ltr'><strong>ut</strong></span> <span class='ocrx_word' id='word_1_653' title='bbox 2792 4025 2918 4077; x_wconf 78' lang='lat' dir='ltr'><strong>salvi</strong></span> <span class='ocrx_word' id='word_1_654' title='bbox 2959 4025 3163 4094; x_wconf 82' lang='lat' dir='ltr'><strong>ﬁerent.</strong></span> <span class='ocrx_word' id='word_1_655' title='bbox 3210 4024 3338 4080; x_wconf 87' lang='lat' dir='ltr'><strong>Ideo</strong></span> <span class='ocrx_word' id='word_1_656' title='bbox 3371 4026 3540 4082; x_wconf 73' lang='lat' dir='ltr'><strong>ntirtet</strong></span> 
     </span>
    </p>
   </div>
   <div class='ocr_carea' id='block_1_86' title="bbox 1950 4111 3528 4181">
    <p class='ocr_par' dir='ltr' id='par_1_86' title="bbox 1950 4111 3528 4181">
     <span class='ocr_line' id='line_1_86' title="bbox 1950 4111 3528 4181; baseline 0.002 -15"><span class='ocrx_word' id='word_1_657' title='bbox 1950 4114 2055 4167; x_wconf 82' lang='lat' dir='ltr'><strong>illis</strong></span> <span class='ocrx_word' id='word_1_658' title='bbox 2088 4111 2231 4166; x_wconf 85' lang='lat' dir='ltr'><strong>Deus.</strong></span> <span class='ocrx_word' id='word_1_659' title='bbox 2256 4114 2604 4181; x_wconf 85' lang='lat' dir='ltr'><strong>operationem</strong></span> <span class='ocrx_word' id='word_1_660' title='bbox 2634 4115 2846 4177; x_wconf 89' lang='lat' dir='ltr'><strong>erroris,</strong></span> <span class='ocrx_word' id='word_1_661' title='bbox 2890 4123 2944 4166; x_wconf 89' lang='lat' dir='ltr'><strong>ut</strong></span> <span class='ocrx_word' id='word_1_662' title='bbox 2975 4114 3189 4167; x_wconf 80' lang='lat' dir='ltr'><strong>credant</strong></span> <span class='ocrx_word' id='word_1_663' title='bbox 3234 4115 3528 4181; x_wconf 81' lang='lat' dir='ltr'><strong>mendacio,</strong></span> 
     </span>
    </p>
   </div>
   <div class='ocr_carea' id='block_1_87' title="bbox 1949 4204 3533 4276">
    <p class='ocr_par' dir='ltr' id='par_1_87' title="bbox 1949 4204 3533 4276">
     <span class='ocr_line' id='line_1_87' title="bbox 1949 4204 3533 4276; baseline 0.001 -18"><span class='ocrx_word' id='word_1_664' title='bbox 1949 4217 1998 4258; x_wconf 86' lang='lat' dir='ltr'><strong>et</strong></span> <span class='ocrx_word' id='word_1_665' title='bbox 2017 4205 2316 4276; x_wconf 64' lang='lat' dir='ltr'><strong>judicentur</strong></span> <span class='ocrx_word' id='word_1_666' title='bbox 2337 4221 2512 4258; x_wconf 85' lang='lat' dir='ltr'><strong>omnes</strong></span> <span class='ocrx_word' id='word_1_667' title='bbox 2542 4205 2625 4275; x_wconf 84' lang='lat' dir='ltr'><strong>qui</strong></span> <span class='ocrx_word' id='word_1_668' title='bbox 2654 4221 2756 4258; x_wconf 90' lang='lat' dir='ltr'><strong>non</strong></span> <span class='ocrx_word' id='word_1_669' title='bbox 2805 4204 3136 4258; x_wconf 85' lang='lat' dir='ltr'><strong>crediderunt</strong></span> <span class='ocrx_word' id='word_1_670' title='bbox 3169 4205 3259 4274; x_wconf 90' lang='lat' dir='ltr'><strong>(al.</strong></span> <span class='ocrx_word' id='word_1_671' title='bbox 3296 4207 3533 4275; x_wconf 86' lang='lat' dir='ltr'><strong>credunt)</strong></span> 
     </span>
    </p>
   </div>
   <div class='ocr_carea' id='block_1_88' title="bbox 1950 4295 3545 4366">
    <p class='ocr_par' dir='ltr' id='par_1_88' title="bbox 1950 4295 3545 4366">
     <span class='ocr_line' id='line_1_88' title="bbox 1950 4295 3545 4366; baseline 0.002 -17"><span class='ocrx_word' id='word_1_672' title='bbox 1950 4295 2172 4358; x_wconf 74' lang='lat' dir='ltr'><strong>veritati,</strong></span> <span class='ocrx_word' id='word_1_673' title='bbox 2221 4295 2311 4348; x_wconf 88' lang='lat' dir='ltr'><strong>sed</strong></span> <span class='ocrx_word' id='word_1_674' title='bbox 2354 4307 2718 4349; x_wconf 84' lang='lat' dir='ltr'><strong>consenserunt</strong></span> <span class='ocrx_word' id='word_1_675' title='bbox 2759 4297 3020 4366; x_wconf 85' lang='lat' dir='ltr'><strong>iniquitati</strong></span> <span class='ocrx_word' id='word_1_676' title='bbox 3078 4295 3170 4365; x_wconf 89' lang='lat' dir='ltr'><strong>(II</strong></span> <span class='ocrx_word' id='word_1_677' title='bbox 3205 4295 3382 4350; x_wconf 77' lang='lat' dir='ltr'><strong>Thess.</strong></span> <span class='ocrx_word' id='word_1_678' title='bbox 3419 4313 3476 4364; x_wconf 88' lang='lat' dir='ltr'><strong>tt,</strong></span> <span class='ocrx_word' id='word_1_679' title='bbox 3509 4295 3545 4352; x_wconf 77' lang='lat'>8</span> 
     </span>
    </p>
   </div>
   <div class='ocr_carea' id='block_1_89' title="bbox 1952 4386 2186 4456">
    <p class='ocr_par' dir='ltr' id='par_1_89' title="bbox 1952 4386 2186 4456">
     <span class='ocr_line' id='line_1_89' title="bbox 1952 4386 2186 4456; baseline -0.009 -18"><span class='ocrx_word' id='word_1_680' title='bbox 1952 4395 1999 4438; x_wconf 84' lang='lat' dir='ltr'><strong>et</strong></span> <span class='ocrx_word' id='word_1_681' title='bbox 2032 4386 2186 4456; x_wconf 86' lang='lat' dir='ltr'><strong>seq.).</strong></span> 
     </span>
    </p>
   </div>
   <div class='ocr_carea' id='block_1_90' title="bbox 2021 4473 3541 4542">
    <p class='ocr_par' dir='ltr' id='par_1_90' title="bbox 2021 4473 3541 4542">
     <span class='ocr_line' id='line_1_90' title="bbox 2021 4473 3541 4542; baseline 0 -16"><span class='ocrx_word' id='word_1_682' title='bbox 2021 4475 2108 4528; x_wconf 69' lang='lat'><strong>47.</strong></span> <span class='ocrx_word' id='word_1_683' title='bbox 2153 4473 2245 4527; x_wconf 91' lang='lat' dir='ltr'><strong>llis</strong></span> <span class='ocrx_word' id='word_1_684' title='bbox 2266 4482 2426 4542; x_wconf 89' lang='lat' dir='ltr'><strong>atque</strong></span> <span class='ocrx_word' id='word_1_685' title='bbox 2457 4473 2760 4541; x_wconf 90' lang='lat' dir='ltr'><strong>hujusmodi</strong></span> <span class='ocrx_word' id='word_1_686' title='bbox 2792 4473 3120 4527; x_wconf 86' lang='lat' dir='ltr'><strong>testimoniis</strong></span> <span class='ocrx_word' id='word_1_687' title='bbox 3149 4485 3541 4540; x_wconf 88' lang='lat' dir='ltr'><strong>cognoscemus</strong></span> 
     </span>
    </p>
   </div>
   <div class='ocr_carea' id='block_1_91' title="bbox 246 4563 3540 4638">
    <p class='ocr_par' dir='ltr' id='par_1_91' title="bbox 246 4563 3540 4638">
     <span class='ocr_line' id='line_1_91' title="bbox 246 4563 3540 4638; baseline -0 -20"><span class='ocrx_word' id='word_1_688' title='bbox 246 4578 433 4632; x_wconf 78' lang='lat' dir='ltr'><strong>aquas</strong></span> <span class='ocrx_word' id='word_1_689' title='bbox 456 4563 689 4617; x_wconf 80' lang='lat' dir='ltr'><strong>fluminis</strong></span> <span class='ocrx_word' id='word_1_690' title='bbox 707 4574 1448 4632; x_wconf 85' lang='lat' dir='ltr'><strong>percnteret,etverterentur</strong></span> <span class='ocrx_word' id='word_1_691' title='bbox 1469 4569 1520 4622; x_wconf 90' lang='lat' dir='ltr'><strong>in</strong></span> <span class='ocrx_word' id='word_1_692' title='bbox 1539 4571 1846 4636; x_wconf 86' lang='lat' dir='ltr'><strong>sanguinem</strong></span> <span class='ocrx_word' id='word_1_693' title='bbox 1877 4580 1929 4638; x_wconf 74' lang='grc' dir='ltr'>ι)</span> <span class='ocrx_word' id='word_1_694' title='bbox 1952 4581 2139 4619; x_wconf 89' lang='lat' dir='ltr'><strong>omnes</strong></span> <span class='ocrx_word' id='word_1_695' title='bbox 2168 4573 2389 4618; x_wconf 90' lang='lat' dir='ltr'><strong>naturas</strong></span> <span class='ocrx_word' id='word_1_696' title='bbox 2419 4579 2582 4631; x_wconf 89' lang='lat' dir='ltr'><strong>opere</strong></span> <span class='ocrx_word' id='word_1_697' title='bbox 2610 4564 2789 4617; x_wconf 87' lang='lat' dir='ltr'><strong>divino</strong></span> <span class='ocrx_word' id='word_1_698' title='bbox 2829 4574 3064 4624; x_wconf 88' lang='lat' dir='ltr'><strong>creatas,</strong></span> <span class='ocrx_word' id='word_1_699' title='bbox 3116 4571 3169 4616; x_wconf 93' lang='lat' dir='ltr'><strong>et</strong></span> <span class='ocrx_word' id='word_1_700' title='bbox 3199 4579 3266 4617; x_wconf 77' lang='lat' dir='ltr'><strong>ex</strong></span> <span class='ocrx_word' id='word_1_701' title='bbox 3296 4580 3540 4634; x_wconf 86' lang='lat' dir='ltr'><strong>quocun-</strong></span> 
     </span>
    </p>
   </div>
   <div class='ocr_carea' id='block_1_92' title="bbox 246 4654 1850 4726">
    <p class='ocr_par' dir='ltr' id='par_1_92' title="bbox 246 4654 1850 4726">
     <span class='ocr_line' id='line_1_92' title="bbox 246 4654 1850 4726; baseline 0.004 -18"><span class='ocrx_word' id='word_1_702' title='bbox 246 4655 463 4726; x_wconf 72' lang='lat' dir='ltr'><strong>(Ea&#39;od.</strong></span> <span class='ocrx_word' id='word_1_703' title='bbox 489 4670 582 4717; x_wconf 81' lang='lat' dir='ltr'><strong>vn,</strong></span> <span class='ocrx_word' id='word_1_704' title='bbox 605 4654 717 4721; x_wconf 72' lang='lat'><strong>‘20),</strong></span> <span class='ocrx_word' id='word_1_705' title='bbox 750 4657 911 4709; x_wconf 90' lang='lat' dir='ltr'><strong>etiam</strong></span> <span class='ocrx_word' id='word_1_706' title='bbox 943 4657 1154 4711; x_wconf 90' lang='lat' dir='ltr'><strong>illorum</strong></span> <span class='ocrx_word' id='word_1_707' title='bbox 1186 4660 1639 4714; x_wconf 88' lang='lat' dir='ltr'><strong>incantationibus</strong></span> <span class='ocrx_word' id='word_1_708' title='bbox 1668 4662 1850 4714; x_wconf 88' lang='lat' dir='ltr'><strong>simili-</strong></span> 
     </span>
    </p>
   </div>
   <div class='ocr_carea' id='block_1_93' title="bbox 243 4728 1846 4820">
    <p class='ocr_par' dir='ltr' id='par_1_93' title="bbox 243 4728 1846 4820">
     <span class='ocr_line' id='line_1_93' title="bbox 243 4728 1846 4820; baseline 0.003 -22"><span class='ocrx_word' id='word_1_709' title='bbox 243 4753 334 4798; x_wconf 88' lang='lat' dir='ltr'><strong>ter</strong></span> <span class='ocrx_word' id='word_1_710' title='bbox 397 4728 608 4798; x_wconf 65' lang='lat' dir='ltr'><strong>factum</strong></span> <span class='ocrx_word' id='word_1_711' title='bbox 657 4760 808 4798; x_wconf 83' lang='lat' dir='ltr'><strong>sacra</strong></span> <span class='ocrx_word' id='word_1_712' title='bbox 853 4745 1127 4816; x_wconf 86' lang='lat' dir='ltr'><strong>Scriptura</strong></span> <span class='ocrx_word' id='word_1_713' title='bbox 1187 4759 1572 4802; x_wconf 82' lang='lat' dir='ltr'><strong>commemorat</strong></span> <span class='ocrx_word' id='word_1_714' title='bbox 1634 4749 1846 4820; x_wconf 81' lang='lat' dir='ltr'><strong>(Ibid..</strong></span> 
     </span>
    </p>
   </div>
   <div class='ocr_carea' id='block_1_94' title="bbox 243 4833 1849 4909">
    <p class='ocr_par' dir='ltr' id='par_1_94' title="bbox 243 4833 1849 4909">
     <span class='ocr_line' id='line_1_94' title="bbox 243 4833 1849 4909; baseline 0.005 -19"><span class='ocrx_word' id='word_1_715' title='bbox 243 4834 361 4906; x_wconf 63' lang='grc' dir='ltr'><strong>ἓξ).</strong></span> <span class='ocrx_word' id='word_1_716' title='bbox 403 4833 759 4890; x_wconf 84' lang='lat' dir='ltr'><strong>Postmodum</strong></span> <span class='ocrx_word' id='word_1_717' title='bbox 800 4851 1015 4906; x_wconf 86' lang='lat' dir='ltr'><strong>quoque</strong></span> <span class='ocrx_word' id='word_1_718' title='bbox 1045 4855 1162 4893; x_wconf 89' lang='lat' dir='ltr'><strong>cmn</strong></span> <span class='ocrx_word' id='word_1_719' title='bbox 1195 4842 1459 4909; x_wconf 82' lang='lat' dir='ltr'><strong>percussis</strong></span> <span class='ocrx_word' id='word_1_720' title='bbox 1490 4842 1640 4908; x_wconf 90' lang='lat' dir='ltr'><strong>aquis</strong></span> <span class='ocrx_word' id='word_1_721' title='bbox 1671 4843 1849 4898; x_wconf 85' lang='lat' dir='ltr'><strong>Aaron</strong></span> 
     </span>
    </p>
   </div>
   <div class='ocr_carea' id='block_1_95' title="bbox 242 4924 1850 5002">
    <p class='ocr_par' dir='ltr' id='par_1_95' title="bbox 242 4924 1850 5002">
     <span class='ocr_line' id='line_1_95' title="bbox 242 4924 1850 5002; baseline 0.004 -22"><span class='ocrx_word' id='word_1_722' title='bbox 242 4941 421 4980; x_wconf 86' lang='lat' dir='ltr'><strong>ranas</strong></span> <span class='ocrx_word' id='word_1_723' title='bbox 471 4924 763 4989; x_wconf 87' lang='lat' dir='ltr'><strong>educeret,</strong></span> <span class='ocrx_word' id='word_1_724' title='bbox 797 4942 916 4994; x_wconf 71' lang='lat' dir='ltr'><strong>qua:</strong></span> <span class='ocrx_word' id='word_1_725' title='bbox 969 4936 1165 4980; x_wconf 88' lang='lat' dir='ltr'><strong>terram</strong></span> <span class='ocrx_word' id='word_1_726' title='bbox 1199 4928 1414 4999; x_wconf 59' lang='lat' dir='ltr'><strong>[Egypti</strong></span> <span class='ocrx_word' id='word_1_727' title='bbox 1446 4931 1688 4999; x_wconf 88' lang='lat' dir='ltr'><strong>protinus</strong></span> <span class='ocrx_word' id='word_1_728' title='bbox 1719 4947 1850 5002; x_wconf 89' lang='lat' dir='ltr'><strong>ope-</strong></span> 
     </span>
    </p>
   </div>
   <div class='ocr_carea' id='block_1_96' title="bbox 241 5013 1846 5084">
    <p class='ocr_par' dir='ltr' id='par_1_96' title="bbox 241 5013 1846 5084">
     <span class='ocr_line' id='line_1_96' title="bbox 241 5013 1846 5084; baseline 0.005 -15"><span class='ocrx_word' id='word_1_729' title='bbox 241 5016 470 5079; x_wconf 82' lang='lat' dir='ltr'><strong>rirent;</strong></span> <span class='ocrx_word' id='word_1_730' title='bbox 510 5013 588 5068; x_wconf 88' lang='lat' dir='ltr'><strong>illi</strong></span> <span class='ocrx_word' id='word_1_731' title='bbox 631 5030 845 5084; x_wconf 86' lang='lat' dir='ltr'><strong>quoque</strong></span> <span class='ocrx_word' id='word_1_732' title='bbox 891 5019 1118 5072; x_wconf 89' lang='lat' dir='ltr'><strong>maleﬁci</strong></span> <span class='ocrx_word' id='word_1_733' title='bbox 1164 5020 1405 5074; x_wconf 79' lang='lat' dir='ltr'><strong>nefandis</strong></span> <span class='ocrx_word' id='word_1_734' title='bbox 1453 5023 1656 5075; x_wconf 86' lang='lat' dir='ltr'><strong>artibus</strong></span> <span class='ocrx_word' id='word_1_735' title='bbox 1692 5024 1846 5077; x_wconf 89' lang='lat' dir='ltr'><strong>obni-</strong></span> 
     </span>
    </p>
   </div>
   <div class='ocr_carea' id='block_1_97' title="bbox 241 5103 1848 5183">
    <p class='ocr_par' dir='ltr' id='par_1_97' title="bbox 241 5103 1848 5183">
     <span class='ocr_line' id='line_1_97' title="bbox 241 5103 1848 5183; baseline 0.006 -26"><span class='ocrx_word' id='word_1_736' title='bbox 241 5103 501 5159; x_wconf 86' lang='lat' dir='ltr'><strong>tentibus</strong></span> <span class='ocrx_word' id='word_1_737' title='bbox 553 5103 744 5156; x_wconf 89' lang='lat' dir='ltr'><strong>similia</strong></span> <span class='ocrx_word' id='word_1_738' title='bbox 777 5105 965 5159; x_wconf 83' lang='lat' dir='ltr'><strong>fecisse</strong></span> <span class='ocrx_word' id='word_1_739' title='bbox 996 5114 1280 5160; x_wconf 91' lang='lat' dir='ltr'><strong>narrantur</strong></span> <span class='ocrx_word' id='word_1_740' title='bbox 1310 5107 1506 5172; x_wconf 76' lang='lat' dir='ltr'><strong>(Exod.</strong></span> <span class='ocrx_word' id='word_1_741' title='bbox 1543 5126 1662 5173; x_wconf 81' lang='lat' dir='ltr'><strong>vin,</strong></span> <span class='ocrx_word' id='word_1_742' title='bbox 1692 5109 1742 5176; x_wconf 89' lang='lat'><strong>6,</strong></span> <span class='ocrx_word' id='word_1_743' title='bbox 1770 5113 1848 5183; x_wconf 86' lang='lat'><strong>7).</strong></span> 
     </span>
    </p>
   </div>
   <div class='ocr_carea' id='block_1_98' title="bbox 241 5183 1855 5269">
    <p class='ocr_par' dir='ltr' id='par_1_98' title="bbox 241 5183 1855 5269">
     <span class='ocr_line' id='line_1_98' title="bbox 241 5183 1855 5269; baseline 0.006 -22"><span class='ocrx_word' id='word_1_744' title='bbox 241 5192 360 5247; x_wconf 84' lang='lat' dir='ltr'><strong>Sed</strong></span> <span class='ocrx_word' id='word_1_745' title='bbox 383 5199 682 5261; x_wconf 85' lang='lat' dir='ltr'><strong>postquam</strong></span> <span class='ocrx_word' id='word_1_746' title='bbox 705 5183 925 5248; x_wconf 75' lang='lat' dir='ltr'><strong>ventum</strong></span> <span class='ocrx_word' id='word_1_747' title='bbox 954 5205 1035 5248; x_wconf 87' lang='lat' dir='ltr'><strong>est</strong></span> <span class='ocrx_word' id='word_1_748' title='bbox 1059 5204 1115 5249; x_wconf 91' lang='lat' dir='ltr'><strong>ut</strong></span> <span class='ocrx_word' id='word_1_749' title='bbox 1145 5213 1392 5264; x_wconf 87' lang='lat' dir='ltr'><strong>percussa</strong></span> <span class='ocrx_word' id='word_1_750' title='bbox 1419 5207 1562 5254; x_wconf 89' lang='lat' dir='ltr'><strong>terra</strong></span> <span class='ocrx_word' id='word_1_751' title='bbox 1586 5202 1855 5269; x_wconf 85' lang='lat' dir='ltr'><strong>produce-</strong></span> 
     </span>
    </p>
   </div>
   <div class='ocr_carea' id='block_1_99' title="bbox 241 5281 1854 5358">
    <p class='ocr_par' dir='ltr' id='par_1_99' title="bbox 241 5281 1854 5358">
     <span class='ocr_line' id='line_1_99' title="bbox 241 5281 1854 5358; baseline 0.004 -20"><span class='ocrx_word' id='word_1_752' title='bbox 241 5292 453 5338; x_wconf 81' lang='lat' dir='ltr'><strong>rentur</strong></span> <span class='ocrx_word' id='word_1_753' title='bbox 475 5281 719 5351; x_wconf 91' lang='lat' dir='ltr'><strong>ciniphcs</strong></span> <span class='ocrx_word' id='word_1_754' title='bbox 742 5282 927 5352; x_wconf 84' lang='lat' dir='ltr'><strong>(Ibid.,</strong></span> <span class='ocrx_word' id='word_1_755' title='bbox 951 5285 1038 5353; x_wconf 85' lang='grc'>17,</span> <span class='ocrx_word' id='word_1_756' title='bbox 1073 5284 1183 5354; x_wconf 82' lang='grc'>18),</span> <span class='ocrx_word' id='word_1_757' title='bbox 1215 5287 1342 5340; x_wconf 91' lang='lat' dir='ltr'><strong>nihil</strong></span> <span class='ocrx_word' id='word_1_758' title='bbox 1373 5288 1669 5358; x_wconf 85' lang='lat' dir='ltr'><strong>talepotuit</strong></span> <span class='ocrx_word' id='word_1_759' title='bbox 1692 5294 1854 5358; x_wconf 83' lang='lat' dir='ltr'><strong>magi-</strong></span> 
     </span>
    </p>
   </div>
   <div class='ocr_carea' id='block_1_100' title="bbox 241 5370 1848 5446">
    <p class='ocr_par' dir='ltr' id='par_1_100' title="bbox 241 5370 1848 5446">
     <span class='ocr_line' id='line_1_100' title="bbox 241 5370 1848 5446; baseline 0.004 -19"><span class='ocrx_word' id='word_1_760' title='bbox 241 5387 326 5427; x_wconf 66' lang='lat' dir='ltr'><strong>ea:</strong></span> <span class='ocrx_word' id='word_1_761' title='bbox 354 5370 504 5426; x_wconf 84' lang='lat' dir='ltr'><strong>artis</strong></span> <span class='ocrx_word' id='word_1_762' title='bbox 538 5374 749 5442; x_wconf 84' lang='lat' dir='ltr'><strong>operari</strong></span> <span class='ocrx_word' id='word_1_763' title='bbox 777 5375 1032 5442; x_wconf 88' lang='lat' dir='ltr'><strong>nequitia.</strong></span> <span class='ocrx_word' id='word_1_764' title='bbox 1067 5373 1167 5428; x_wconf 86' lang='lat' dir='ltr'><strong>Ubi</strong></span> <span class='ocrx_word' id='word_1_765' title='bbox 1189 5377 1417 5445; x_wconf 88' lang='lat' dir='ltr'><strong>primtun</strong></span> <span class='ocrx_word' id='word_1_766' title='bbox 1449 5378 1548 5431; x_wconf 90' lang='lat' dir='ltr'><strong>iste</strong></span> <span class='ocrx_word' id='word_1_767' title='bbox 1578 5380 1668 5446; x_wconf 90' lang='lat' dir='ltr'><strong>qui</strong></span> <span class='ocrx_word' id='word_1_768' title='bbox 1701 5397 1848 5435; x_wconf 84' lang='lat' dir='ltr'><strong>mus-</strong></span> 
     </span>
    </p>
   </div>
   <div class='ocr_carea' id='block_1_101' title="bbox 239 5459 1854 5528">
    <p class='ocr_par' dir='ltr' id='par_1_101' title="bbox 239 5459 1854 5528">
     <span class='ocr_line' id='line_1_101' title="bbox 239 5459 1854 5528; baseline 0.004 -10"><span class='ocrx_word' id='word_1_769' title='bbox 239 5477 342 5518; x_wconf 78' lang='lat' dir='ltr'><strong>cas</strong></span> <span class='ocrx_word' id='word_1_770' title='bbox 385 5476 422 5514; x_wconf 86' lang='lat' dir='ltr'><strong>a</strong></span> <span class='ocrx_word' id='word_1_771' title='bbox 462 5459 682 5516; x_wconf 83' lang='lat' dir='ltr'><strong>diabolo</strong></span> <span class='ocrx_word' id='word_1_772' title='bbox 721 5463 888 5518; x_wconf 81' lang='lat' dir='ltr'><strong>factas</strong></span> <span class='ocrx_word' id='word_1_773' title='bbox 935 5465 1142 5528; x_wconf 88' lang='lat' dir='ltr'><strong>asserit,</strong></span> <span class='ocrx_word' id='word_1_774' title='bbox 1196 5466 1507 5522; x_wconf 80' lang='lat' dir='ltr'><strong>mendacem</strong></span> <span class='ocrx_word' id='word_1_775' title='bbox 1539 5483 1596 5521; x_wconf 91' lang='lat' dir='ltr'><strong>se</strong></span> <span class='ocrx_word' id='word_1_776' title='bbox 1619 5484 1738 5523; x_wconf 88' lang='lat' dir='ltr'><strong>esse</strong></span> <span class='ocrx_word' id='word_1_777' title='bbox 1765 5485 1854 5524; x_wconf 87' lang='lat' dir='ltr'><strong>co-</strong></span> 
     </span>
    </p>
   </div>
   <div class='ocr_carea' id='block_1_102' title="bbox 240 5553 1856 5632">
    <p class='ocr_par' dir='ltr' id='par_1_102' title="bbox 240 5553 1856 5632">
     <span class='ocr_line' id='line_1_102' title="bbox 240 5553 1856 5632; baseline 0.007 -29"><span class='ocrx_word' id='word_1_778' title='bbox 240 5557 493 5619; x_wconf 74' lang='lat' dir='ltr'><strong>gnoscat</strong></span> <span class='ocrx_word' id='word_1_779' title='bbox 524 5587 541 5613; x_wconf 86' lang='lat'><strong>,</strong></span> <span class='ocrx_word' id='word_1_780' title='bbox 590 5553 1024 5622; x_wconf 87' lang='lat' dir='ltr'><strong>quandoquidem</strong></span> <span class='ocrx_word' id='word_1_781' title='bbox 1071 5553 1313 5608; x_wconf 88' lang='lat' dir='ltr'><strong>diabolus</strong></span> <span class='ocrx_word' id='word_1_782' title='bbox 1363 5563 1417 5608; x_wconf 90' lang='lat' dir='ltr'><strong>et</strong></span> <span class='ocrx_word' id='word_1_783' title='bbox 1469 5558 1642 5623; x_wconf 87' lang='lat' dir='ltr'><strong>angeli</strong></span> <span class='ocrx_word' id='word_1_784' title='bbox 1691 5559 1856 5632; x_wconf 71' lang='grc'><strong>429</strong></span> 
     </span>
    </p>
   </div>
   <div class='ocr_carea' id='block_1_103' title="bbox 244 5639 1851 5714">
    <p class='ocr_par' dir='ltr' id='par_1_103' title="bbox 244 5639 1851 5714">
     <span class='ocr_line' id='line_1_103' title="bbox 244 5639 1851 5714; baseline 0.007 -20"><span class='ocrx_word' id='word_1_785' title='bbox 244 5639 407 5710; x_wconf 81' lang='lat' dir='ltr'><strong>ejus,</strong></span> <span class='ocrx_word' id='word_1_786' title='bbox 440 5639 656 5695; x_wconf 86' lang='lat' dir='ltr'><strong>etiamsi</strong></span> <span class='ocrx_word' id='word_1_787' title='bbox 685 5641 789 5696; x_wconf 86' lang='lat' dir='ltr'><strong>alia</strong></span> <span class='ocrx_word' id='word_1_788' title='bbox 811 5642 988 5699; x_wconf 85' lang='lat' dir='ltr'><strong>facere</strong></span> <span class='ocrx_word' id='word_1_789' title='bbox 1019 5646 1262 5714; x_wconf 88' lang='lat' dir='ltr'><strong>permissi</strong></span> <span class='ocrx_word' id='word_1_790' title='bbox 1290 5655 1435 5713; x_wconf 92' lang='lat' dir='ltr'><strong>sunt,</strong></span> <span class='ocrx_word' id='word_1_791' title='bbox 1465 5647 1518 5701; x_wconf 90' lang='lat' dir='ltr'><strong>in</strong></span> <span class='ocrx_word' id='word_1_792' title='bbox 1549 5664 1851 5707; x_wconf 86' lang='lat' dir='ltr'><strong>muscarum</strong></span> 
     </span>
    </p>
   </div>
   <div class='ocr_carea' id='block_1_104' title="bbox 246 5727 1852 5802">
    <p class='ocr_par' dir='ltr' id='par_1_104' title="bbox 246 5727 1852 5802">
     <span class='ocr_line' id='line_1_104' title="bbox 246 5727 1852 5802; baseline 0.009 -19"><span class='ocrx_word' id='word_1_793' title='bbox 246 5738 451 5784; x_wconf 72' lang='lat' dir='ltr'><strong>tarnen</strong></span> <span class='ocrx_word' id='word_1_794' title='bbox 480 5742 648 5797; x_wconf 88' lang='lat' dir='ltr'><strong>opere</strong></span> <span class='ocrx_word' id='word_1_795' title='bbox 675 5728 1006 5787; x_wconf 86' lang='lat' dir='ltr'><strong>defecerunt.</strong></span> <span class='ocrx_word' id='word_1_796' title='bbox 1061 5727 1162 5788; x_wconf 87' lang='lat' dir='ltr'><strong>Ubi</strong></span> <span class='ocrx_word' id='word_1_797' title='bbox 1206 5735 1326 5802; x_wconf 89' lang='lat' dir='ltr'><strong>quis</strong></span> <span class='ocrx_word' id='word_1_798' title='bbox 1372 5752 1479 5790; x_wconf 90' lang='lat' dir='ltr'><strong>non</strong></span> <span class='ocrx_word' id='word_1_799' title='bbox 1527 5738 1702 5793; x_wconf 83' lang='lat' dir='ltr'><strong>videat</strong></span> <span class='ocrx_word' id='word_1_800' title='bbox 1741 5743 1852 5797; x_wconf 81' lang='lat' dir='ltr'><strong>sive</strong></span> 
     </span>
    </p>
   </div>
   <div class='ocr_carea' id='block_1_105' title="bbox 247 5818 1852 5891">
    <p class='ocr_par' dir='ltr' id='par_1_105' title="bbox 247 5818 1852 5891">
     <span class='ocr_line' id='line_1_105' title="bbox 247 5818 1852 5891; baseline 0.01 -22"><span class='ocrx_word' id='word_1_801' title='bbox 247 5825 550 5881; x_wconf 73' lang='lat' dir='ltr'><strong>serpentes</strong></span> <span class='ocrx_word' id='word_1_802' title='bbox 580 5833 645 5873; x_wconf 79' lang='lat' dir='ltr'><strong>ex</strong></span> <span class='ocrx_word' id='word_1_803' title='bbox 676 5818 855 5882; x_wconf 70' lang='lat' dir='ltr'><strong>virgis.</strong></span> <span class='ocrx_word' id='word_1_804' title='bbox 905 5821 1023 5877; x_wconf 75' lang='lat' dir='ltr'><strong>sive</strong></span> <span class='ocrx_word' id='word_1_805' title='bbox 1060 5837 1220 5879; x_wconf 86' lang='lat' dir='ltr'><strong>ranas</strong></span> <span class='ocrx_word' id='word_1_806' title='bbox 1268 5823 1554 5884; x_wconf 81' lang='lat' dir='ltr'><strong>productas</strong></span> <span class='ocrx_word' id='word_1_807' title='bbox 1585 5842 1649 5884; x_wconf 81' lang='lat' dir='ltr'><strong>ex</strong></span> <span class='ocrx_word' id='word_1_808' title='bbox 1702 5831 1852 5891; x_wconf 76' lang='lat' dir='ltr'><strong>acuis</strong></span> 
     </span>
    </p>
   </div>
   <div class='ocr_carea' id='block_1_106' title="bbox 1955 4655 3540 4726">
    <p class='ocr_par' dir='ltr' id='par_1_106' title="bbox 1955 4655 3540 4726">
     <span class='ocr_line' id='line_1_106' title="bbox 1955 4655 3540 4726; baseline 0 -16"><span class='ocrx_word' id='word_1_809' title='bbox 1955 4673 2060 4726; x_wconf 89' lang='lat' dir='ltr'><strong>que</strong></span> <span class='ocrx_word' id='word_1_810' title='bbox 2088 4671 2364 4720; x_wconf 90' lang='lat' dir='ltr'><strong>nocemur,</strong></span> <span class='ocrx_word' id='word_1_811' title='bbox 2413 4671 2519 4708; x_wconf 87' lang='lat' dir='ltr'><strong>non</strong></span> <span class='ocrx_word' id='word_1_812' title='bbox 2549 4663 2739 4708; x_wconf 89' lang='lat' dir='ltr'><strong>natura</strong></span> <span class='ocrx_word' id='word_1_813' title='bbox 2786 4657 2984 4708; x_wconf 90' lang='lat' dir='ltr'><strong>malum</strong></span> <span class='ocrx_word' id='word_1_814' title='bbox 3026 4656 3225 4709; x_wconf 88' lang='lat' dir='ltr'><strong>debere</strong></span> <span class='ocrx_word' id='word_1_815' title='bbox 3273 4655 3400 4715; x_wconf 87' lang='lat' dir='ltr'><strong>dici,</strong></span> <span class='ocrx_word' id='word_1_816' title='bbox 3448 4657 3540 4710; x_wconf 87' lang='lat' dir='ltr'><strong>sed</strong></span> 
     </span>
    </p>
   </div>
   <div class='ocr_carea' id='block_1_107' title="bbox 1957 4744 3539 4814">
    <p class='ocr_par' dir='ltr' id='par_1_107' title="bbox 1957 4744 3539 4814">
     <span class='ocr_line' id='line_1_107' title="bbox 1957 4744 3539 4814; baseline -0.001 -15"><span class='ocrx_word' id='word_1_817' title='bbox 1957 4746 2111 4801; x_wconf 84' lang='lat' dir='ltr'><strong>nobis</strong></span> <span class='ocrx_word' id='word_1_818' title='bbox 2151 4753 2373 4814; x_wconf 88' lang='lat' dir='ltr'><strong>propter</strong></span> <span class='ocrx_word' id='word_1_819' title='bbox 2426 4744 2792 4797; x_wconf 71' lang='lat' dir='ltr'><strong>inlimnitatem</strong></span> <span class='ocrx_word' id='word_1_820' title='bbox 2862 4745 3244 4798; x_wconf 68' lang='lat' dir='ltr'><strong>inconveniens</strong></span> <span class='ocrx_word' id='word_1_821' title='bbox 3293 4745 3539 4798; x_wconf 90' lang='lat' dir='ltr'><strong>inveniri.</strong></span> 
     </span>
    </p>
   </div>
   <div class='ocr_carea' id='block_1_108' title="bbox 1957 4832 3540 4902">
    <p class='ocr_par' dir='ltr' id='par_1_108' title="bbox 1957 4832 3540 4902">
     <span class='ocr_line' id='line_1_108' title="bbox 1957 4832 3540 4902; baseline -0.001 -14"><span class='ocrx_word' id='word_1_822' title='bbox 1957 4835 2036 4888; x_wconf 78' lang='lat' dir='ltr'><strong>Ex</strong></span> <span class='ocrx_word' id='word_1_823' title='bbox 2067 4849 2174 4902; x_wconf 90' lang='lat' dir='ltr'><strong>quo</strong></span> <span class='ocrx_word' id='word_1_824' title='bbox 2219 4843 2397 4884; x_wconf 88' lang='lat' dir='ltr'><strong>tamen</strong></span> <span class='ocrx_word' id='word_1_825' title='bbox 2430 4832 2585 4885; x_wconf 88' lang='lat' dir='ltr'><strong>nobis</strong></span> <span class='ocrx_word' id='word_1_826' title='bbox 2615 4833 2948 4886; x_wconf 87' lang='lat' dir='ltr'><strong>conveniens</strong></span> <span class='ocrx_word' id='word_1_827' title='bbox 2979 4834 3260 4887; x_wconf 85' lang='lat' dir='ltr'><strong>adhibetur</strong></span> <span class='ocrx_word' id='word_1_828' title='bbox 3287 4835 3540 4896; x_wconf 86' lang='lat' dir='ltr'><strong>monitus,</strong></span> 
     </span>
    </p>
   </div>
   <div class='ocr_carea' id='block_1_109' title="bbox 1956 4919 3540 4988">
    <p class='ocr_par' dir='ltr' id='par_1_109' title="bbox 1956 4919 3540 4988">
     <span class='ocr_line' id='line_1_109' title="bbox 1956 4919 3540 4988; baseline 0.001 -13"><span class='ocrx_word' id='word_1_829' title='bbox 1956 4933 2015 4977; x_wconf 90' lang='lat' dir='ltr'><strong>ut</strong></span> <span class='ocrx_word' id='word_1_830' title='bbox 2037 4921 2223 4975; x_wconf 91' lang='lat' dir='ltr'><strong>humili</strong></span> <span class='ocrx_word' id='word_1_831' title='bbox 2249 4920 2412 4974; x_wconf 88' lang='lat' dir='ltr'><strong>corde</strong></span> <span class='ocrx_word' id='word_1_832' title='bbox 2433 4919 2622 4974; x_wconf 84' lang='lat' dir='ltr'><strong>divinae</strong></span> <span class='ocrx_word' id='word_1_833' title='bbox 2646 4921 2864 4975; x_wconf 89' lang='lat' dir='ltr'><strong>virtutis</strong></span> <span class='ocrx_word' id='word_1_834' title='bbox 2881 4920 3144 4988; x_wconf 85' lang='lat' dir='ltr'><strong>justitiam</strong></span> <span class='ocrx_word' id='word_1_835' title='bbox 3171 4921 3540 4977; x_wconf 89' lang='lat' dir='ltr'><strong>formidemus.</strong></span> 
     </span>
    </p>
   </div>
   <div class='ocr_carea' id='block_1_110' title="bbox 1955 5013 3542 5077">
    <p class='ocr_par' dir='ltr' id='par_1_110' title="bbox 1955 5013 3542 5077">
     <span class='ocr_line' id='line_1_110' title="bbox 1955 5013 3542 5077; baseline 0 -8"><span class='ocrx_word' id='word_1_836' title='bbox 1955 5014 2276 5069; x_wconf 85' lang='lat' dir='ltr'><strong>Naturarum</strong></span> <span class='ocrx_word' id='word_1_837' title='bbox 2303 5028 2450 5077; x_wconf 86' lang='lat' dir='ltr'><strong>vero,</strong></span> <span class='ocrx_word' id='word_1_838' title='bbox 2479 5029 2583 5066; x_wconf 89' lang='lat' dir='ltr'><strong>non</strong></span> <span class='ocrx_word' id='word_1_839' title='bbox 2603 5014 2774 5068; x_wconf 92' lang='lat' dir='ltr'><strong>solum</strong></span> <span class='ocrx_word' id='word_1_840' title='bbox 2803 5015 2992 5077; x_wconf 88' lang='lat' dir='ltr'><strong>malos,</strong></span> <span class='ocrx_word' id='word_1_841' title='bbox 3018 5015 3111 5068; x_wconf 88' lang='lat' dir='ltr'><strong>sed</strong></span> <span class='ocrx_word' id='word_1_842' title='bbox 3134 5030 3232 5069; x_wconf 90' lang='lat' dir='ltr'><strong>nec</strong></span> <span class='ocrx_word' id='word_1_843' title='bbox 3250 5013 3421 5070; x_wconf 90' lang='lat' dir='ltr'><strong>bonos</strong></span> <span class='ocrx_word' id='word_1_844' title='bbox 3444 5033 3542 5069; x_wconf 92' lang='lat' dir='ltr'><strong>an-</strong></span> 
     </span>
    </p>
   </div>
   <div class='ocr_carea' id='block_1_111' title="bbox 1955 5105 3544 5178">
    <p class='ocr_par' dir='ltr' id='par_1_111' title="bbox 1955 5105 3544 5178">
     <span class='ocr_line' id='line_1_111' title="bbox 1955 5105 3544 5178; baseline 0.001 -19"><span class='ocrx_word' id='word_1_845' title='bbox 1955 5105 2107 5172; x_wconf 80' lang='lat' dir='ltr'><strong>gelos</strong></span> <span class='ocrx_word' id='word_1_846' title='bbox 2155 5119 2272 5158; x_wconf 83' lang='lat' dir='ltr'><strong>esse</strong></span> <span class='ocrx_word' id='word_1_847' title='bbox 2302 5113 2595 5170; x_wconf 90' lang='lat' dir='ltr'><strong>creatores,</strong></span> <span class='ocrx_word' id='word_1_848' title='bbox 2649 5105 2932 5173; x_wconf 90' lang='lat' dir='ltr'><strong>quisquam</strong></span> <span class='ocrx_word' id='word_1_849' title='bbox 2975 5105 3191 5174; x_wconf 83' lang='lat' dir='ltr'><strong>sapiens</strong></span> <span class='ocrx_word' id='word_1_850' title='bbox 3237 5115 3338 5178; x_wconf 38' lang='lat' dir='ltr'><strong>aut,</strong></span> <span class='ocrx_word' id='word_1_851' title='bbox 3375 5109 3544 5162; x_wconf 90' lang='lat' dir='ltr'><strong>credit</strong></span> 
     </span>
    </p>
   </div>
   <div class='ocr_carea' id='block_1_112' title="bbox 1956 5192 3543 5262">
    <p class='ocr_par' dir='ltr' id='par_1_112' title="bbox 1956 5192 3543 5262">
     <span class='ocr_line' id='line_1_112' title="bbox 1956 5192 3543 5262; baseline 0.002 -15"><span class='ocrx_word' id='word_1_852' title='bbox 1956 5194 2218 5247; x_wconf 86' lang='lat' dir='ltr'><strong>autdieit.</strong></span> <span class='ocrx_word' id='word_1_853' title='bbox 2271 5192 2410 5247; x_wconf 89' lang='lat' dir='ltr'><strong>Deus</strong></span> <span class='ocrx_word' id='word_1_854' title='bbox 2435 5193 2599 5257; x_wconf 89' lang='lat' dir='ltr'><strong>enim,</strong></span> <span class='ocrx_word' id='word_1_855' title='bbox 2637 5195 2776 5248; x_wconf 89' lang='lat' dir='ltr'><strong>sicut</strong></span> <span class='ocrx_word' id='word_1_856' title='bbox 2805 5194 3052 5262; x_wconf 90' lang='lat' dir='ltr'><strong>superius</strong></span> <span class='ocrx_word' id='word_1_857' title='bbox 3077 5195 3332 5261; x_wconf 79' lang='lat' dir='ltr'><strong>diximus,</strong></span> <span class='ocrx_word' id='word_1_858' title='bbox 3365 5199 3543 5252; x_wconf 89' lang='lat' dir='ltr'><strong>omnia</strong></span> 
     </span>
    </p>
   </div>
   <div class='ocr_carea' id='block_1_113' title="bbox 1958 5281 3543 5357">
    <p class='ocr_par' dir='ltr' id='par_1_113' title="bbox 1958 5281 3543 5357">
     <span class='ocr_line' id='line_1_113' title="bbox 1958 5281 3543 5357; baseline 0.001 -20"><span class='ocrx_word' id='word_1_859' title='bbox 1958 5285 2009 5338; x_wconf 89' lang='lat' dir='ltr'><strong>in</strong></span> <span class='ocrx_word' id='word_1_860' title='bbox 2040 5283 2304 5352; x_wconf 89' lang='lat' dir='ltr'><strong>sapientia</strong></span> <span class='ocrx_word' id='word_1_861' title='bbox 2335 5281 2479 5348; x_wconf 91' lang='lat' dir='ltr'><strong>fecit,</strong></span> <span class='ocrx_word' id='word_1_862' title='bbox 2523 5298 2641 5350; x_wconf 70' lang='lat' dir='ltr'><strong>quce</strong></span> <span class='ocrx_word' id='word_1_863' title='bbox 2671 5283 2936 5351; x_wconf 87' lang='lat' dir='ltr'><strong>sapientia</strong></span> <span class='ocrx_word' id='word_1_864' title='bbox 2968 5287 3173 5355; x_wconf 81' lang='lat' dir='ltr'><strong>attingit</strong></span> <span class='ocrx_word' id='word_1_865' title='bbox 3203 5304 3233 5338; x_wconf 90' lang='lat' dir='ltr'><strong>a</strong></span> <span class='ocrx_word' id='word_1_866' title='bbox 3262 5287 3366 5355; x_wconf 81' lang='lat' dir='ltr'><strong>ﬁne</strong></span> <span class='ocrx_word' id='word_1_867' title='bbox 3391 5303 3543 5357; x_wconf 72' lang='lat' dir='ltr'><strong>usque</strong></span> 
     </span>
    </p>
   </div>
   <div class='ocr_carea' id='block_1_114' title="bbox 1957 5375 3542 5447">
    <p class='ocr_par' dir='ltr' id='par_1_114' title="bbox 1957 5375 3542 5447">
     <span class='ocr_line' id='line_1_114' title="bbox 1957 5375 3542 5447; baseline 0.002 -19"><span class='ocrx_word' id='word_1_868' title='bbox 1957 5376 2026 5428; x_wconf 87' lang='lat' dir='ltr'><strong>ad</strong></span> <span class='ocrx_word' id='word_1_869' title='bbox 2051 5376 2207 5444; x_wconf 82' lang='lat' dir='ltr'><strong>ﬁnem</strong></span> <span class='ocrx_word' id='word_1_870' title='bbox 2237 5377 2457 5444; x_wconf 76' lang='lat' dir='ltr'><strong>fortiter,</strong></span> <span class='ocrx_word' id='word_1_871' title='bbox 2495 5382 2542 5427; x_wconf 91' lang='lat' dir='ltr'><strong>et</strong></span> <span class='ocrx_word' id='word_1_872' title='bbox 2567 5375 2792 5444; x_wconf 84' lang='lat' dir='ltr'><strong>disponit</strong></span> <span class='ocrx_word' id='word_1_873' title='bbox 2814 5377 2986 5429; x_wconf 86' lang='lat' dir='ltr'><strong>omnia</strong></span> <span class='ocrx_word' id='word_1_874' title='bbox 3006 5378 3230 5430; x_wconf 81' lang='lat' dir='ltr'><strong>suat-iter</strong></span> <span class='ocrx_word' id='word_1_875' title='bbox 3255 5377 3408 5447; x_wconf 88' lang='lat' dir='ltr'><strong>(Sap.</strong></span> <span class='ocrx_word' id='word_1_876' title='bbox 3434 5392 3542 5442; x_wconf 86' lang='lat' dir='ltr'><strong>vtu,</strong></span> 
     </span>
    </p>
   </div>
   <div class='ocr_carea' id='block_1_115' title="bbox 1961 5464 3544 5538">
    <p class='ocr_par' dir='ltr' id='par_1_115' title="bbox 1961 5464 3544 5538">
     <span class='ocr_line' id='line_1_115' title="bbox 1961 5464 3544 5538; baseline 0.003 -20"><span class='ocrx_word' id='word_1_877' title='bbox 1961 5465 2037 5536; x_wconf 92' lang='grc'>1).</span> <span class='ocrx_word' id='word_1_878' title='bbox 2067 5464 2192 5519; x_wconf 84' lang='lat' dir='ltr'><strong>Ideo</strong></span> <span class='ocrx_word' id='word_1_879' title='bbox 2222 5474 2402 5518; x_wconf 90' lang='lat' dir='ltr'><strong>autem</strong></span> <span class='ocrx_word' id='word_1_880' title='bbox 2448 5466 2628 5519; x_wconf 86' lang='lat' dir='ltr'><strong>omnia</strong></span> <span class='ocrx_word' id='word_1_881' title='bbox 2659 5467 2919 5536; x_wconf 87' lang='lat' dir='ltr'><strong>disponit,</strong></span> <span class='ocrx_word' id='word_1_882' title='bbox 2979 5469 3105 5536; x_wconf 87' lang='lat' dir='ltr'><strong>quia</strong></span> <span class='ocrx_word' id='word_1_883' title='bbox 3156 5469 3209 5522; x_wconf 92' lang='lat' dir='ltr'><strong>in</strong></span> <span class='ocrx_word' id='word_1_884' title='bbox 3241 5470 3354 5538; x_wconf 89' lang='lat' dir='ltr'><strong>ipsa</strong></span> <span class='ocrx_word' id='word_1_885' title='bbox 3388 5469 3544 5524; x_wconf 78' lang='lat' dir='ltr'><strong>Pater</strong></span> 
     </span>
    </p>
   </div>
   <div class='ocr_carea' id='block_1_116' title="bbox 1957 5556 3545 5629">
    <p class='ocr_par' dir='ltr' id='par_1_116' title="bbox 1957 5556 3545 5629">
     <span class='ocr_line' id='line_1_116' title="bbox 1957 5556 3545 5629; baseline 0.003 -17"><span class='ocrx_word' id='word_1_886' title='bbox 1957 5557 2134 5612; x_wconf 88' lang='lat' dir='ltr'><strong>omnia</strong></span> <span class='ocrx_word' id='word_1_887' title='bbox 2167 5556 2310 5612; x_wconf 83' lang='lat' dir='ltr'><strong>fecit.</strong></span> <span class='ocrx_word' id='word_1_888' title='bbox 2354 5557 2503 5610; x_wconf 88' lang='lat' dir='ltr'><strong>Sicut</strong></span> <span class='ocrx_word' id='word_1_889' title='bbox 2544 5571 2674 5625; x_wconf 83' lang='lat' dir='ltr'><strong>ergo</strong></span> <span class='ocrx_word' id='word_1_890' title='bbox 2713 5560 2765 5614; x_wconf 90' lang='lat' dir='ltr'><strong>iu</strong></span> <span class='ocrx_word' id='word_1_891' title='bbox 2801 5560 3065 5629; x_wconf 89' lang='lat' dir='ltr'><strong>sapientia</strong></span> <span class='ocrx_word' id='word_1_892' title='bbox 3094 5559 3234 5616; x_wconf 86' lang='lat' dir='ltr'><strong>Deus</strong></span> <span class='ocrx_word' id='word_1_893' title='bbox 3263 5561 3545 5617; x_wconf 83' lang='lat' dir='ltr'><strong>crcavitiu</strong></span> 
     </span>
    </p>
   </div>
   <div class='ocr_carea' id='block_1_117' title="bbox 1959 5641 3542 5719">
    <p class='ocr_par' dir='ltr' id='par_1_117' title="bbox 1959 5641 3542 5719">
     <span class='ocr_line' id='line_1_117' title="bbox 1959 5641 3542 5719; baseline 0.003 -15"><span class='ocrx_word' id='word_1_894' title='bbox 1959 5649 2110 5704; x_wconf 78' lang='lat' dir='ltr'><strong>cadis</strong></span> <span class='ocrx_word' id='word_1_895' title='bbox 2134 5647 2376 5716; x_wconf 83' lang='lat' dir='ltr'><strong>angelos,</strong></span> <span class='ocrx_word' id='word_1_896' title='bbox 2408 5648 2556 5702; x_wconf 88' lang='lat' dir='ltr'><strong>sicin</strong></span> <span class='ocrx_word' id='word_1_897' title='bbox 2582 5650 2693 5718; x_wconf 89' lang='lat' dir='ltr'><strong>ipsa</strong></span> <span class='ocrx_word' id='word_1_898' title='bbox 2717 5641 2921 5705; x_wconf 85' lang='lat' dir='ltr'><strong>creavit</strong></span> <span class='ocrx_word' id='word_1_899' title='bbox 2955 5653 3004 5705; x_wconf 92' lang='lat' dir='ltr'><strong>in</strong></span> <span class='ocrx_word' id='word_1_900' title='bbox 3032 5663 3171 5706; x_wconf 88' lang='lat' dir='ltr'><strong>terra</strong></span> <span class='ocrx_word' id='word_1_901' title='bbox 3194 5655 3542 5719; x_wconf 81' lang='lat' dir='ltr'><strong>vermiculos;</strong></span> 
     </span>
    </p>
   </div>
   <div class='ocr_carea' id='block_1_118' title="bbox 1957 5741 3546 5811">
    <p class='ocr_par' dir='ltr' id='par_1_118' title="bbox 1957 5741 3546 5811">
     <span class='ocr_line' id='line_1_118' title="bbox 1957 5741 3546 5811; baseline 0.005 -18"><span class='ocrx_word' id='word_1_902' title='bbox 1957 5750 2011 5794; x_wconf 90' lang='lat' dir='ltr'><strong>et</strong></span> <span class='ocrx_word' id='word_1_903' title='bbox 2039 5741 2130 5810; x_wconf 90' lang='lat' dir='ltr'><strong>qui</strong></span> <span class='ocrx_word' id='word_1_904' title='bbox 2161 5741 2212 5794; x_wconf 92' lang='lat' dir='ltr'><strong>in</strong></span> <span class='ocrx_word' id='word_1_905' title='bbox 2245 5741 2612 5810; x_wconf 88' lang='lat' dir='ltr'><strong>superioribus</strong></span> <span class='ocrx_word' id='word_1_906' title='bbox 2645 5741 2908 5806; x_wconf 88' lang='lat' dir='ltr'><strong>Thronos,</strong></span> <span class='ocrx_word' id='word_1_907' title='bbox 2942 5744 3360 5811; x_wconf 85' lang='lat' dir='ltr'><strong>Domiualiones,</strong></span> <span class='ocrx_word' id='word_1_908' title='bbox 3394 5744 3546 5801; x_wconf 81' lang='lat' dir='ltr'><strong>Prin-</strong></span> 
     </span>
    </p>
   </div>
   <div class='ocr_carea' id='block_1_119' title="bbox 1959 5828 3550 5905">
    <p class='ocr_par' dir='ltr' id='par_1_119' title="bbox 1959 5828 3550 5905">
     <span class='ocr_line' id='line_1_119' title="bbox 1959 5828 3550 5905; baseline 0.004 -19"><span class='ocrx_word' id='word_1_909' title='bbox 1959 5831 2169 5886; x_wconf 84' lang='lat' dir='ltr'><strong>cioatus</strong></span> <span class='ocrx_word' id='word_1_910' title='bbox 2211 5838 2276 5888; x_wconf 80' lang='lat' dir='ltr'><strong>et</strong></span> <span class='ocrx_word' id='word_1_911' title='bbox 2300 5828 2603 5886; x_wconf 81' lang='lat' dir='ltr'><strong>l’otestates</strong></span> <span class='ocrx_word' id='word_1_912' title='bbox 2643 5832 2902 5896; x_wconf 87' lang='lat' dir='ltr'><strong>condidit,</strong></span> <span class='ocrx_word' id='word_1_913' title='bbox 2935 5835 3046 5902; x_wconf 88' lang='lat' dir='ltr'><strong>ipse</strong></span> <span class='ocrx_word' id='word_1_914' title='bbox 3068 5836 3121 5892; x_wconf 90' lang='lat' dir='ltr'><strong>in</strong></span> <span class='ocrx_word' id='word_1_915' title='bbox 3150 5844 3290 5893; x_wconf 79' lang='lat' dir='ltr'><strong>terra</strong></span> <span class='ocrx_word' id='word_1_916' title='bbox 3315 5838 3550 5905; x_wconf 80' lang='lat' dir='ltr'><strong>scorpio-</strong></span> 
     </span>
    </p>
   </div>
  </div>
