4064 6358
516 360 620 417 599

1485 400 1487 402 .
1537 357 1594 410 S.
1637 351 2000 409 FULGENTII
2038 346 2335 404 EPISCOPI
2377 345 2746 402 RUSI‘ENSIS

3665 341 3771 406 600

515 494 612 534 nes
633 520 647 543 ,
681 474 884 546 pulices
903 490 956 531 et
979 487 1196 529 cimices
1230 471 1370 524 fecit.
1404 469 1504 534 Qui
1534 468 1740 523 creavit
1779 466 1940 538 5.30
1966 464 2084 531 gal-
2118 468 2164 526 Α
2189 461 2381 516 dicitur
2423 462 2478 514 in
2507 461 2642 516 libro
2675 461 2766 530 (al.
2806 458 2975 527 libris)
3000 457 3287 528 Sapientiae
3315 476 3324 510 :
3380 455 3602 526 Attingit
3633 471 3774 534 enim

517 569 701 632 liuam,
746 567 858 636 ipse
885 565 1087 620 creavit
1115 575 1396 614 muscam:
1451 560 1546 613 sed
1597 558 1741 611 illam
1789 555 1939 611 dedit
1984 570 2091 624 qua

515 657 870 712 confundatur
891 656 1053 708 homo
1073 650 1352 721 superbus,
1382 649 1539 704 istam
1567 663 1674 717 qua
1702 647 1975 702 reﬁciatur
2004 645 2088 698 in-

517 746 717 801 ﬁrmus.
756 743 882 809 lnde
908 750 990 796 est
1016 739 1161 809 quod
1199 739 1268 794 de
1297 738 1395 792 ista
1424 737 1612 791 volens
1639 735 1830 804 recipit
1867 748 2046 788 escam
2073 775 2088 798 ,

518 835 586 890 tle
617 834 704 887 illa
743 805 935 886 inolens
975 829 1177 898 patitur
1205 841 1500 881 nauseam:
1556 833 1614 878 ut
1643 823 1831 880 saltem
1875 817 1982 876 non
2014 822 2091 875 sic

513 927 688 982 solum
717 925 769 977 iu
801 923 901 978 ista
927 921 1175 976 solatium
1205 919 1320 983 Dei,
1351 915 1447 972 sed
1477 917 1636 970 etiam
1669 917 1722 969 in
1753 915 1839 968 illa
1863 912 2092 983 compel-

518 1016 660 1069 latur
689 1012 938 1066 meritum
969 1012 1052 1064 sui
1080 1009 1263 1064 videre
1293 1008 1521 1078 peccati.

593 1104 679 1157 48.
724 1102 954 1157 Proinde
983 1099 1226 1154 attendat
1268 1099 1389 1158 iste,
1424 1105 1482 1150 ut
1512 1111 1609 1150 nec
1641 1095 1730 1148 illo
1761 1092 1978 1147 nomine
2007 1105 2090 1144 se-

513 1201 741 1252 ducatur
796 1210 903 1264 quo
950 1193 1203 1262 princeps
1251 1189 1637 1244 daemoniorum
1699 1184 1998 1240 Beelzebub
2037 1184 2089 1236 in

513 1285 806 1353 Evangelio
836 1289 1197 1350 nuncupatur,
1247 1277 1392 1348 quod
1419 1277 1808 1346 interpretatur
1839 1273 2092 1342 princeps

515 1390 840 1431 muscarum.
883 1370 997 1426 Hoc
1025 1371 1168 1424 enim
1199 1385 1305 1424 non
1339 1369 1460 1422 ideo
1481 1368 1682 1422 dictum
1706 1373 1788 1419 est
1811 1362 1956 1433 quod
1983 1362 2092 1416 dia—

515 1468 670 1521 bolus
717 1463 890 1534 potuit
933 1475 1144 1515 muscas
1173 1474 1392 1514 creare:
1449 1473 1572 1511 nam
1621 1465 1676 1510 et
1721 1453 1926 1507 Danieli
1975 1467 2094 1523 pro-

516 1557 690 1625 pheta}
715 1554 942 1622 loquens
971 1550 1190 1618 angelus
1219 1549 1382 1603 dicit:
1439 1547 1505 1598 Et
1551 1563 1665 1600 ecce
1710 1545 1934 1598 Michael
1963 1558 2092 1594 unus

515 1651 577 1703 de
605 1645 919 1719 principibus
947 1646 1144 1714 primus
1169 1643 1302 1695 venit
1324 1644 1375 1695 in
1398 1641 1714 1710 adjutorium
1737 1653 1901 1690 meum
1927 1634 2091 1705 (Dan.

520 1737 721 1808 x,15);
772 1743 828 1790 et
863 1735 1022 1804 paulo
1052 1742 1211 1803 post:
1261 1731 1430 1784 Nemo
1481 1739 1554 1782 est
1605 1729 1813 1797 adiutor
1860 1742 2000 1780 meus
2039 1725 2091 1777 in

2195 551 2381 622 ubique
2426 559 2634 620 propter
2663 567 2806 603 suam
2835 549 3180 612 munditiam;
3231 557 3278 601 et
3305 549 3419 601 ideo
3448 545 3580 599 nihil
3599 547 3779 609 inqui-

2194 651 2372 695 natum
2399 643 2454 696 in
2477 641 2622 695 illam
2651 642 2885 695 incurrit.
2929 641 3188 711 Splendor
3213 648 3288 693 est
3310 639 3445 692 enim
3475 639 3604 690 lucis
3627 645 3782 690 teter-

2195 748 2294 793 ηαξ,
2326 741 2375 784 et
2402 732 2663 799 speculum
2685 733 2795 784 sine
2823 731 3026 783 macula
3062 729 3159 784 Dei
3189 730 3498 800 majestatis,
3527 737 3576 782 et
3605 729 3782 799 imago

2194 822 2434 875 bonitatis
2449 821 2587 873 illius
2618 821 2772 891 (Sap.
2807 836 2910 884 vn,
2943 818 3012 872 24
3040 830 3090 874 et
3128 823 3285 892 seq.).
3335 818 3456 872 Mali
3487 831 3616 885 ergo
3644 832 3781 871 (ξοην-

2194 913 2409 964 tristant
2434 910 2691 980 Spiritum
2721 919 2984 976 sanctum,
3017 896 3372 980 sed‘Spiritus
3400 916 3618 963 sanctus
3642 921 3780 962 con-

2192 1001 2390 1056 tristari
2414 1017 2519 1054 non
2543 1009 2749 1070 potest;
2775 1001 2932 1072 43],
2957 1001 3079 1054 mali
3104 1000 3422 1057 conculcant
3443 999 3634 1053 Filium
3657 996 3781 1062 Dei,

2192 1092 2285 1146 sed
2309 1092 2472 1147 Filius
2502 1091 2595 1147 Dei
2626 1093 2931 1147 nullatenus
2959 1092 3325 1147 conculcatur.

2264 1214 2350 1268 50.
2399 1215 2526 1268 Tale
2555 1223 2635 1269 est
2663 1223 2842 1269 autem
2887 1214 3031 1285 quod
3062 1215 3312 1269 dicuntur
3347 1213 3470 1266 mali
3509 1211 3780 1282 Spiritum

2191 1313 2432 1358 sanctum
2463 1305 2816 1370 contristare,
2851 1312 2907 1357 et
2947 1303 3140 1358 Filium
3169 1303 3264 1358 Dei
3284 1304 3623 1368 conculcare,
3651 1319 3780 1358 cum

2193 1405 2247 1449 et
2267 1395 2433 1450 Filius
2454 1394 2546 1448 Dei
2574 1403 2630 1448 et
2657 1394 2891 1463 Spiritus
2920 1403 3140 1450 sanctus
3167 1395 3261 1463 (al.
3278 1394 3395 1462 Dei)
3428 1394 3787 1449 incontrista-

2194 1485 2314 1538 bilis
2333 1483 2875 1552 iuconculcabilisque
2897 1492 3246 1552 permaneat;
3278 1483 3416 1538 sicut
3438 1484 3514 1536 ait
3531 1483 3786 1536 Salvator

2194 1577 2245 1630 in
2261 1575 2582 1645 Evangelio:
2612 1571 2715 1637 Qui
2735 1575 2917 1628 viderit
2940 1574 3204 1627 mulierem
3226 1573 3294 1625 ad
3317 1572 3786 1642 concupiscendum

2193 1683 2307 1719 emt
2326 1706 2340 1728 ,
2383 1667 2500 1735 jam
2525 1665 2802 1720 moechatus
2831 1674 2908 1718 est
2935 1681 3048 1718 eam
3078 1666 3130 1717 in
3161 1665 3313 1718 corde
3339 1681 3430 1719 suo
3463 1662 3693 1734 (Matth.
3729 1678 3784 1724 ν,

2195 1753 2308 1822 28).
2351 1755 2405 1808 Si
2447 1764 2626 1809 autem
2657 1754 2748 1809 illo
2785 1755 3088 1821 mmchante
3142 1754 3229 1808 illa
3276 1761 3557 1823 permanet
3584 1761 3736 1808 casta
3763 1791 3782 1812 ι

515 1827 748 1882 ⁰¹¹⁸¹¹ί¹²¹λ³
777 1826 884 1890 "is,
917 1825 1016 1877 πίδί
1042 1821 1266 1876 mm“!
1296 1823 1535 1914 P'inwl’f
1561 1827 1722 1914 "es!"
1754 1815 1809 1914 (ζ
1813 1814 2088 1914 bid-591%
2126 1835 2171 1892 Β
2197 1814 2398 1914 quanto
2424 1846 2593 1911 magis
2609 1844 2762 1898 malis
2781 1815 3226 1898 contristantibus
3247 1814 3302 1897 et
3315 1842 3781 1906 conculcantibus,

517 1920 625 1974 Nec
667 1920 840 1973 solum
868 1918 1108 1985 angelos,
1159 1914 1252 1968 sed
1296 1915 1456 1967 etiam
1505 1911 1751 1966 homines
1797 1907 2097 1963 invenimus

517 2008 784 2077 principes
815 2005 1098 2060 nominari.
1140 2001 1408 2072 Scriptum
1457 2009 1540 2054 est
1586 2000 1770 2055 enim:
1827 1997 2100 2065 Principes

518 2098 819 2166 populorum
839 2099 1183 2146 convenerunt
1207 2106 1320 2143 cum
1342 2087 1450 2142 Deo
1474 2088 1734 2141 Abraham
1757 2084 1929 2153 (Psal.
1949 2099 2094 2148 XLVI,

519 2185 607 2253 18)
637 2202 652 2248 ;
683 2193 738 2238 et
775 2182 1029 2238 Ecclesia:
1058 2181 1254 2234 dicitur
1281 2198 1291 2230 :
1328 2179 1435 2231 Pro
1461 2178 1694 2249 patribus
1726 2176 1822 2228 tuis
1849 2176 1958 2228 nati
1974 2166 2099 2226 sunt

471 2343 474 2346 .
521 2275 612 2328 tibi
635 2274 752 2344 ﬁlii,
793 2273 1070 2327 constitues
1100 2287 1187 2324 eos
1216 2270 1472 2339 principes
1501 2283 1652 2338 super
1677 2281 1876 2318 omnem
1907 2272 2098 2317 terram

521 2363 693 2431 (I’sal.
727 2377 872 2428 xuv,
907 2360 1015 2428 l7).
1053 2357 1120 2411 Et
1152 2359 1203 2411 in
1240 2356 1376 2410 libro
1416 2355 1584 2426 Moysi
1615 2351 1822 2424 (Cenes.
1847 2368 1971 2413 xxv,
2006 2349 2095 2417 16)

519 2453 764 2506 novimus
811 2450 1082 2521 principes
1128 2447 1363 2501 tribuum
1407 2443 1693 2498 nominari.
1756 2442 1863 2495 Nec
1913 2449 2094 2493 tamen

519 2545 642 2612 quia
701 2542 946 2608 homines
993 2548 1086 2594 aut
1131 2537 1306 2606 angeli
1354 2535 1603 2590 dicuntur
1649 2532 1934 2603 principes,
1979 2529 2099 2583 ideo

519 2650 626 2687 non
656 2632 832 2686 solum
861 2629 1176 2697 angelorum
1205 2635 1296 2679 aut
1318 2624 1614 2686 hominum,
1645 2621 1737 2676 sed
1771 2621 1932 2676 etiam
1961 2634 2097 2689 qua—

518 2726 774 2780 rumlibet
800 2719 1247 2776 irrationabilium
1279 2717 1596 2777 animarum,
1630 2713 1712 2767 vel
1739 2710 2101 2780 quorumlibet

519 2830 808 2888 corporum
837 2812 1050 2868 dicendi
1077 2817 1201 2865 sunt
1229 2816 1520 2864 creatores.
1563 2805 1694 2858 Nam
1722 2812 1776 2857 et
1798 2803 1912 2873 ipse
1941 2800 2096 2855 Beel-

519 2909 712 2974 zebub,
755 2904 907 2974 cujus
946 2916 1143 2957 nomen
1192 2900 1574 2967 interpretatur
1607 2895 1856 2964 princeps
1885 2907 2097 2944 musca-

518 3013 658 3060 rum,
709 2995 894 3062 utique
941 2990 1191 3060 princeps
1221 2985 1610 3041 dmmoniorum
1641 2982 1872 3035 dicitur:
1906 2979 2099 3047 quibus

520 3095 700 3139 tamen
730 3083 1094 3154 principatur,
1117 3084 1176 3131 ut
1197 3077 1398 3146 primus
1419 3082 1608 3127 auctor
1630 3071 1978 3138 incentorque
2007 3081 2098 3122 ne-

476 3219 483 3223 .
519 3173 722 3245 quitim,
757 3187 863 3225 non
892 3177 952 3223 ut
982 3175 1194 3222 creator
1221 3167 1292 3220 sit
1320 3164 1672 3230 conditorque
1703 3169 1925 3214 naturm.
1967 3157 2090 3210 Mali
2118 3195 2166 3256 C

517 3266 662 3319 enim
691 3263 864 3331 angeli
885 3261 1052 3314 Deum
1073 3258 1274 3312 habent
1302 3272 1410 3312 suae.
1431 3264 1633 3310 natura:
1657 3253 1914 3308 factorem
1937 3269 1952 3317 ;
1982 3265 2092 3305 suae

519 3371 650 3412 vero
701 3353 957 3422 nequitia:
1007 3351 1210 3405 habent
1254 3348 1526 3403 diabolum
1582 3345 1899 3416 principem.
1960 3342 2096 3396 Tota

516 3459 749 3517 namque
781 3444 1087 3512 refugarum
1119 3440 1430 3508 angelorum
1461 3435 1746 3492 multitudo
1784 3435 1926 3488 bona
1955 3432 2093 3486 facta

514 3545 598 3593 est
625 3552 654 3590 a
671 3537 802 3602 Deo,
820 3533 971 3603 cujus
991 3532 1221 3600 gratuita
1243 3530 1570 3598 benignitate
1590 3526 1814 3590 exstitit,
1842 3531 1900 3579 ut
1921 3532 2092 3586 esset;

517 3629 737 3702 propria
766 3643 896 3682 vero
920 3626 1199 3680 voluntate
1229 3623 1446 3677 diabolo
1477 3620 1723 3685 adhaesit,
1765 3625 1825 3672 ut
1853 3616 2091 3672 caderet.

515 3721 746 3776 Proinde
768 3707 1014 3789 princeps
1035 3732 1222 3771 eorum
1243 3715 1454 3780 dicitur,
1481 3729 1586 3767 non
1608 3712 1732 3781 quia
1753 3725 1848 3765 eos
1871 3709 2092 3773 creavit,

514 3811 606 3867 sed
635 3810 760 3879 quia
791 3822 977 3863 secum
1015 3807 1070 3860 in
1094 3805 1452 3875 praecipitium
1500 3802 1822 3872 perditionis
1850 3799 2094 3853 attraxit.

518 3903 576 3959 In
609 3918 676 3957 eo
709 3901 870 3969 igitur
917 3898 1062 3968 quod
1090 3897 1337 3952 diabolus
1377 3895 1572 3950 dicitur
1599 3895 1850 3964 princeps
1877 3905 2092 3944 musca-

514 4007 652 4055 rum,
684 3990 937 4060 princeps
965 3985 1268 4042 ostenditur
1295 3986 1619 4053 iniquorum,
1648 3997 1785 4052 quos
1811 3981 1917 4034 alia
1944 3979 2092 4034 Scri-

514 4089 669 4151 ptura
697 4077 962 4146 signiﬁcat
989 4077 1175 4131 dicens
1199 4095 1211 4128 :
1241 4075 1436 4129 Musae
1464 4076 1728 4129 moritura:
1747 4073 2093 4127 exterminant

513 4171 680 4224 oleum
708 4168 977 4221 suavitatis
1016 4164 1212 4234 (Eccle.
1244 4183 1296 4228 x,
1335 4163 1410 4235 1).
1453 4164 1552 4232 Qui
1583 4165 1962 4230 exterminant,
1993 4162 2094 4216 nisi

513 4259 604 4327 qui
634 4258 892 4326 Spiritum
938 4264 1181 4312 sanctum
1235 4263 1329 4309 aut
1359 4255 1690 4310 inﬁdelitatis
1735 4254 1960 4310 crimine
2000 4261 2092 4306 aut

512 4347 728 4402 sordida
759 4345 1150 4400 immundorum
1201 4359 1426 4414 operum
1472 4343 1807 4398 obscenitate
1865 4342 1961 4412 (al.
1994 4341 2091 4396 ob-

511 4439 791 4507 scuritate)
817 4439 1157 4504 contristent,
1188 4437 1313 4492 dum
1344 4437 1549 4505 seipsos
1578 4443 1670 4489 aut
1698 4449 1950 4505 perversa
1973 4448 2092 4488 cre-

2200 1937 2316 1990 sine
2367 1936 2578 1990 tristitia
2619 1944 2676 1991 et
2722 1935 2880 1990 beata
2928 1942 3108 1989 manet
3159 1933 3276 1988 Filii
3307 1933 3400 1988 Dei
3447 1942 3503 1988 et
3548 1931 3782 2002 Spiritus

2199 2027 2370 2082 sancti
2407 2025 2584 2080 divina
2613 2025 2942 2080 substantia!

2276 2148 2361 2203 51.
2390 2151 2572 2204 Nullus
2594 2164 2723 2216 ergo
2750 2148 2980 2203 ﬁdelium
3003 2148 3146 2202 dicat
3167 2148 3396 2215 aliquam
3420 2155 3662 2202 naturam
3686 2163 3780 2216 po-

2201 2245 2365 2297 tuisse
2389 2243 2722 2311 originaliter
2749 2257 2778 2294 a
2809 2240 3024 2300 diabolo
3051 2240 3222 2294 creari
3248 2256 3260 2290 :
3292 2252 3359 2292 ne
3382 2237 3506 2291 dum
3529 2235 3779 2306 qumlibet

2200 2333 2449 2388 animalia
2490 2340 2710 2387 creante
2748 2331 2963 2386 diabolo
2997 2330 3266 2385 exstitisse
3291 2329 3592 2392 conﬁrmat,
3613 2327 3777 2381 etiam

2201 2423 2319 2476 “nias
2347 2438 2433 2476 res
2462 2422 2527 2476 de
2553 2421 2745 2491 quibus
2774 2421 3033 2489 originem
3060 2419 3261 2473 ducunt
3307 2417 3558 2486 operibus
3576 2416 3779 2472 diaboli

2199 2520 2593 2582 consequenter
2623 2511 2872 2566 ascribat.
2906 2509 3162 2576 Quaedam
3187 2509 3326 2563 enim
3354 2522 3548 2576 genera
3573 2522 3778 2560 musca-

2199 2618 2337 2666 rum,
2382 2610 2471 2654 aut
2500 2602 2568 2656 de
2595 2615 2878 2670 corporum
2921 2599 3311 2669 purgamentis,
3360 2607 3452 2651 aut
3493 2598 3559 2651 de
3589 2605 3776 2666 putre-

2199 2692 2350 2745 factis
2376 2691 2553 2746 herbis
2578 2691 2662 2744 vel
2690 2691 2941 2747 carnibus
2971 2691 3236 2744 oriuntur.
3279 2689 3595 2756 Plerumque
3622 2688 3778 2741 vide-

2200 2799 2316 2837 mus
2345 2784 2549 2851 aliqnas
2567 2797 2775 2836 muscas
2797 2782 2957 2836 etiam
2974 2796 3040 2836 ex
3070 2781 3422 2850 leguminibus
3450 2780 3606 2834 nasci.
3634 2778 3776 2832 Nam

2199 2884 2253 2926 et
2282 2874 2524 2941 gurgulio
2553 2874 2689 2927 solet
2717 2874 2950 2928 existere
2971 2873 3038 2927 de
3065 2873 3350 2927 frumento.
3376 2871 3622 2940 Quisquis
3640 2885 3778 2938 ergo

2201 2963 2503 3032 hujusmodi
2527 2964 2774 3017 animalia
2802 2979 2907 3018 non
2937 2979 2966 3016 a
2989 2963 3099 3018 Deo
3117 3005 3131 3028 ,
3163 2963 3257 3018 sed
3285 2978 3316 3016 a
3343 2962 3558 3016 diabolo
3585 2963 3778 3016 asserit

2199 3065 2376 3111 creata
2387 3099 2400 3123 ,
2413 3071 2625 3111 curnon
2637 3057 2796 3111 etiam
2810 3057 2972 3124 ligna,
2987 3054 3270 3121 frumenta,
3283 3055 3566 3124 legumina,
3582 3054 3777 3112 herbas

2201 3158 2256 3202 et
2269 3165 2476 3214 carnes,
2495 3149 2561 3204 de
2577 3150 2768 3220 quibus
2789 3157 3095 3213 nascuntur,
3114 3156 3318 3204 asserat
3339 3147 3512 3202 facta?
3535 3146 3633 3202 Ubi
3647 3163 3775 3202 con-

2201 3250 2489 3309 scquenter
2519 3257 2637 3295 cum
2669 3255 2878 3295 vermes
2907 3240 3095 3294 viderit
3119 3256 3222 3295 non
3241 3239 3413 3292 solum
3435 3237 3502 3292 de
3531 3237 3779 3292 humanis

2200 3331 2568 3395 cadaveribus,
2586 3347 2770 3386 verum
2797 3332 2959 3385 etiam
2985 3331 3051 3385 de
3079 3331 3213 3386 vivis
3240 3330 3557 3399 corporibus
3577 3329 3780 3384 habere

2199 3423 2483 3491 originem,
2511 3423 2602 3490 qui
2626 3423 2676 3475 in
2708 3423 2980 3476 vermibus
3011 3422 3252 3475 humana:
3278 3419 3620 3474 mortalitatis
3644 3436 3778 3474 non-

2201 3527 2474 3580 nunquam
2507 3511 2736 3566 carnalis
2765 3509 3067 3564 ostenditur
3090 3525 3296 3570 sensus,
3330 3509 3491 3564 etiam
3521 3508 3778 3562 humano-

2198 3621 2316 3659 rum
2339 3619 2626 3674 corporum
2649 3603 2764 3657 sine
2784 3602 2948 3656 dubio
2969 3601 3237 3656 diabolum
3261 3599 3573 3670 praedicabit
3595 3608 3779 3654 aucto-

2198 3709 2332 3749 rem.
2366 3693 2472 3748 Sed
2508 3709 2629 3748 cum
2659 3694 2812 3748 bonis
2841 3701 2987 3746 recte
3023 3692 3246 3746 credens
3295 3699 3547 3760 recteque
3575 3691 3779 3746 intelli-

2197 3799 2347 3854 gens,
2365 3799 2463 3838 nec
2483 3784 2611 3854 ipsis
2633 3784 2836 3850 angelis
2853 3783 3006 3837 bonis
3028 3784 3288 3851 originem
3315 3782 3605 3851 cujuslibet
3624 3798 3779 3837 crea-

2197 3885 2329 3930 turae
2351 3875 2542 3929 audeat
2567 3875 2858 3942 assignare,
2883 3873 3154 3942 quomodo
3182 3873 3289 3938 isti,
3320 3873 3515 3940 angelo
3538 3873 3778 3942 dejecto,

2197 3973 2252 4018 et
2280 3979 2308 4016 a
2340 3979 2433 4017 sua
2473 3963 2732 4031 dignitate
2778 3962 2908 4016 vitio
2947 3961 3176 4031 preprire
3213 3962 3490 4030 pravitatis
3530 3962 3782 4029 excluso,

2195 4056 2446 4110 virtutem
2476 4062 2568 4108 aut
2596 4061 2918 4124 potestatem
2950 4052 3165 4107 creandi
3195 4051 3483 4120 cujuslibet
3528 4053 3780 4108 animalis

2196 4146 2474 4213 assignat?
2520 4143 2663 4212 quod
2695 4144 2741 4197 ei
2773 4143 3046 4210 assignare
3075 4142 3250 4196 nullus
3278 4142 3530 4207 auderet,
3561 4143 3777 4198 etiamsi

2195 4237 2248 4290 in
2280 4236 2518 4305 angelica
2547 4235 2807 4303 dignitate
2853 4248 2914 4286 ac
2952 4233 3192 4287 bonitate
3245 4234 3361 4289 sine
3411 4234 3593 4303 aliquo
3638 4236 3771 4289 vitio

2194 4333 2551 4394 permaneret.

2265 4438 2350 4492 52.
2379 4437 2494 4492 Non
2523 4446 2700 4493 autem
2727 4438 2957 4493 inaniter
2984 4438 3037 4491 in
3078 4438 3497 4518 ipsogprincipio
3524 4438 3776 4504 Genesis,

510 4529 736 4622 dulitate
754 4616 768 4622 ᾳ
815 4538 908 4583 aut
961 4543 1141 4622 .prava
1193 4527 1602 4582 conversatione
1649 4525 2088 4622 commaculant?
2116 4565 2168 4622 Β
2192 4529 2259 4582 de
2285 4527 2534 4582 omnibus
2553 4542 2673 4596 qua:
2700 4527 2840 4582 facta
2866 4535 2990 4582 sunt
3019 4527 3244 4597 loquens
3271 4523 3544 4598 Scrip'tura
3561 4568 3578 4593 ,
3603 4529 3776 4584 Deum

423 4687 426 4690 .
511 4617 667 4683 Quod
690 4616 920 4671 sollicite
945 4616 1235 4685 Apostolus
1264 4615 1589 4670 interdicens
1617 4615 1692 4668 ait
1718 4632 1730 4664 :
1765 4612 1942 4667 Nolite
1963 4629 2085 4668 con-

509 4710 716 4762 tristare
751 4707 1006 4777 Spiritum
1030 4719 1264 4762 sanctum
1294 4706 1411 4772 Dei,
1457 4708 1510 4758 in
1539 4724 1635 4777 quo
1666 4706 1856 4776 signati
1879 4706 1999 4758 estis
2029 4705 2082 4756 in

505 4800 641 4853 diem
668 4789 1029 4869 redemptionis
1061 4797 1276 4868 (Ephes.
1302 4813 1373 4861 tv,
1405 4796 1515 4865 50).

575 4890 664 4944 49.
703 4889 1074 4945 Exterminant
1116 4902 1245 4956 ergo
1289 4889 1341 4942 in
1365 4902 1429 4942 se
1460 4887 1636 4941 oleum
1683 4886 1961 4940 suavitatis
1991 4885 2082 4953 qui

415 4972 419 4977 ’
505 4997 615 5034 non
661 4988 812 5035 recto
854 4980 977 5032 vitae.
1027 4978 1216 5031 ordine
1262 4985 1483 5030 utuntur
1529 4983 1870 5030 sacramento
1898 4975 2083 5040 gratia:

505 5074 780 5144 spiritalis.
799 5072 888 5128 Sic
899 5079 1076 5126 autem
1091 5072 1193 5126 illis
1205 5068 1704 5132 exterminantibus,
1721 5067 1890 5135 ipsum
1904 5067 2080 5120 oleum

508 5183 612 5221 non
644 5171 822 5235 potest
846 5163 1191 5218 exterminari
1217 5205 1231 5228 ,
1260 5162 1399 5217 sicut
1427 5161 1614 5214 iisdem
1643 5158 2080 5213 contristantihus

502 5255 796 5312 secundum
839 5254 1032 5306 malam
1056 5253 1387 5305 voluntatem
1413 5264 1592 5309 suam,
1632 5262 1736 5301 non
1769 5255 1949 5316 potest
1977 5247 2077 5300 ali-

501 5364 664 5416 quam
694 5346 926 5416 Spiritus
953 5353 1168 5400 sanctus
1192 5344 1392 5410 sentire
1422 5342 1714 5396 tristitiam.
1759 5341 1889 5395 Nam
1922 5349 1976 5394 et
2011 5341 2076 5394 de

505 5441 620 5508 ipso
651 5439 746 5492 Dei
774 5437 911 5491 Filio
955 5437 1152 5490 dicitur
1196 5434 1262 5488 ad
1313 5433 1565 5487 llebrazos
1595 5429 1616 5486 ε’
1663 5434 1867 5497 Quanto
1908 5433 2071 5502 magis

499 5531 690 5598 putatis
715 5529 969 5582 deteriora
998 5526 1180 5579 mereri
1205 5524 1458 5592 supplicia
1487 5525 1571 5593 qui
1595 5521 1790 5576 Filium
1827 5521 1921 5575 Dei
1951 5538 2072 5573 con-

497 5620 774 5672 culcaverit
805 5616 991 5686 (Hebr.
1037 5633 1086 5678 x,
1121 5614 1248 5682 29)!
1302 5613 1464 5668 Filius
1496 5621 1673 5667 autem
1706 5613 1797 5666 Dei
1827 5611 2072 5664 Christus

498 5720 600 5772 est,
632 5709 724 5762 Dei
758 5710 944 5774 virtus,
973 5717 1025 5762 ct
1047 5708 1139 5761 Dei
1171 5707 1454 5777 sapientia,
1477 5721 1594 5774 quze
1616 5706 1920 5760 nullatenus
1942 5721 2068 5758 con-

500 5799 754 5860 culcatur,
789 5799 911 5868 quia
943 5809 1242 5860 nullatenus
1276 5803 1599 5870 inquinatur.
1631 5798 1704 5851 De
1737 5797 1846 5865 ipsa
1873 5797 2070 5868 quippe

2191 4619 2368 4672 omnia
2398 4617 2584 4673 fecisse
2605 4617 2912 4685 conﬁrmat,
2940 4620 3124 4674 dicens
3145 4635 3243 4690 per
3270 4621 3477 4691 singula
3510 4639 3524 4673 :
3552 4619 3627 4674 Et
3650 4624 3778 4692 fecit

2191 4705 2358 4771 Deus,
2399 4717 2449 4759 et
2477 4707 2600 4760 vidit
2631 4706 2769 4763 Deus
2799 4709 2933 4778 quod
2970 4709 3157 4763 bonum
3184 4720 3262 4764 est
3308 4708 3476 4775 (Gen;
3510 4710 3558 4779 ι)
3595 4729 3608 4763 :
3650 4726 3778 4779 quae

2187 4799 2366 4852 omnia
2388 4798 2476 4853 die
2498 4808 2650 4854 sexto
2675 4800 2918 4869 perfecit,
2938 4801 2992 4854 in
3008 4801 3200 4868 quibus
3223 4801 3355 4855 nihil
3375 4801 3565 4857 deesse
3594 4804 3778 4872 potuit

2186 4891 2330 4964 quod
2372 4898 2559 4961 postea
2591 4889 2760 4946 ﬁeret.
2808 4893 2942 4959 Quia
2991 4892 3133 4947 Deus
3160 4894 3415 4962 praescius
3442 4892 3772 4958 futurorum,

2185 4983 2323 5037 sicut
2350 4981 2620 5035 hominem
2649 4989 2872 5051 noverat
2893 4990 3258 5051 peccaturum,
3286 4982 3364 5037 sic
3400 4983 3451 5036 ei
3493 4998 3560 5038 ex
3587 4985 3773 5036 omni-

2183 5073 2282 5128 bus
2327 5088 2445 5141 quze
2483 5072 2610 5127 fecit
2641 5089 2747 5126 non
2777 5073 2951 5127 solum
2979 5073 3192 5136 solatia,
3241 5075 3336 5130 sed
3361 5074 3525 5129 etiam
3555 5073 3773 5141 ﬂagella

2183 5163 2467 5216 salubriter
2496 5162 2833 5230 praeparavit.
2873 5160 2982 5214 Una
3013 5170 3096 5216 est
3121 5162 3264 5216 enim
3291 5162 3419 5216 boni
3456 5163 3627 5232 patris
3655 5177 3776 5215 ma-

2183 5268 2282 5306 nus
2309 5267 2429 5320 qua:
2468 5251 2577 5306 ﬁlio
2603 5259 2658 5308 et
2685 5252 2861 5306 cibum
2901 5252 3086 5306 tribuit
3120 5259 3175 5306 et
3197 5251 3462 5320 ﬂagellum
3494 5270 3508 5306 :
3539 5252 3683 5306 aliud
3709 5261 3772 5306 ut

2180 5343 2341 5406 vivat,
2357 5341 2496 5396 aliud
2520 5351 2576 5396 ut
2597 5342 2734 5397 bene
2755 5343 2924 5405 vivat;
2952 5342 3093 5396 aliud
3110 5357 3176 5396 ne
3197 5341 3506 5396 inﬁrmitate
3520 5341 3766 5407 deﬁciat,

2180 5432 2321 5486 aliud
2345 5447 2411 5485 ne
2435 5431 2855 5500 indisciplinatus
2870 5439 3092 5500 paterna
3117 5440 3382 5502 praecepta
3405 5441 3721 5487 contemnat
3749 5453 3762 5486 :

2183 5523 2344 5587 Quem
2372 5525 2509 5576 enim
2540 5521 2709 5593 diligit
2741 5521 2990 5576 Dominus
3021 5524 3266 5593 corripit,
3314 5523 3549 5594 ﬂagellat
3585 5533 3768 5578 autem

2181 5619 2382 5668 omnem
2409 5615 2572 5684 ﬁlium
2593 5629 2742 5682 quem
2770 5613 2948 5682 recipit
2978 5613 3163 5682 (Hebr.
3196 5630 3287 5675 κη,
3319 5615 3400 5682 6).
3431 5613 3538 5668 Nec
3557 5613 3767 5682 aliquid

2184 5704 2403 5772 prodest
2425 5703 2700 5759 abundare
2731 5704 3117 5773 temporalibus
3144 5704 3320 5769 bonis,
3377 5704 3420 5756 si
3463 5703 3582 5771 quis
3617 5705 3770 5758 male

2185 5797 2410 5851 vivendo
2434 5804 2613 5851 careat
2630 5779 2967 5864 sempiternis
2995 5811 3003 5844 :
3032 5793 3220 5863 quibus
3245 5807 3364 5847 cum
3387 5791 3643 5857 caruerit,
3668 5807 3768 5846 ne-
