  <div class='ocr_page' id='page_1' title='image "/cluster/home/n/w/nwhite01/storage/ocr_20150623/65/hvd.32044054128558/306.png"; bbox 0 0 4048 6342; ppageno 0'>
   <div class='ocr_carea' id='block_1_1' title="bbox 241 307 336 362">
    <p class='ocr_par' dir='ltr' id='par_1_1' title="bbox 241 307 336 362">
     <span class='ocr_line' id='line_1_1' title="bbox 241 307 336 362; baseline -0.011 0"><span class='ocrx_word' id='word_1_1' title='bbox 241 307 336 362; x_wconf 81' lang='grc'><strong>601</strong></span> 
     </span>
    </p>
   </div>
   <div class='ocr_carea' id='block_1_2' title="bbox 1116 297 2552 361">
    <p class='ocr_par' dir='ltr' id='par_1_2' title="bbox 1116 297 2552 361">
     <span class='ocr_line' id='line_1_2' title="bbox 1116 297 2552 361; baseline -0.005 -2"><span class='ocrx_word' id='word_1_2' title='bbox 1116 306 1196 359; x_wconf 87' lang='lat' dir='ltr'><strong>DE</strong></span> <span class='ocrx_word' id='word_1_3' title='bbox 1234 303 1736 361; x_wconf 70' lang='lat' dir='ltr'><strong>INCARNATIONE</strong></span> <span class='ocrx_word' id='word_1_4' title='bbox 1777 302 1926 358; x_wconf 79' lang='lat' dir='ltr'><strong>FILII</strong></span> <span class='ocrx_word' id='word_1_5' title='bbox 1968 301 2073 360; x_wconf 82' lang='lat' dir='ltr'><strong>DEI</strong></span> <span class='ocrx_word' id='word_1_6' title='bbox 2116 300 2313 357; x_wconf 79' lang='lat' dir='ltr'><strong>LIBER</strong></span> <span class='ocrx_word' id='word_1_7' title='bbox 2353 297 2552 357; x_wconf 87' lang='lat' dir='ltr'><strong>UNUS.</strong></span> 
     </span>
    </p>
   </div>
   <div class='ocr_carea' id='block_1_3' title="bbox 3389 295 3494 353">
    <p class='ocr_par' dir='ltr' id='par_1_3' title="bbox 3389 295 3494 353">
     <span class='ocr_line' id='line_1_3' title="bbox 3389 295 3494 353; baseline -0.019 0"><span class='ocrx_word' id='word_1_8' title='bbox 3389 295 3494 353; x_wconf 66' lang='lat'><strong>60%</strong></span> 
     </span>
    </p>
   </div>
   <div class='ocr_carea' id='block_1_4' title="bbox 239 409 3494 490">
    <p class='ocr_par' dir='ltr' id='par_1_4' title="bbox 239 409 3494 490">
     <span class='ocr_line' id='line_1_4' title="bbox 239 409 3494 490; baseline -0.002 -19"><span class='ocrx_word' id='word_1_9' title='bbox 239 433 392 473; x_wconf 81' lang='lat' dir='ltr'><strong>cosse</strong></span> <span class='ocrx_word' id='word_1_10' title='bbox 423 426 506 474; x_wconf 91' lang='lat' dir='ltr'><strong>est</strong></span> <span class='ocrx_word' id='word_1_11' title='bbox 534 434 655 475; x_wconf 89' lang='lat' dir='ltr'><strong>eum</strong></span> <span class='ocrx_word' id='word_1_12' title='bbox 687 418 840 475; x_wconf 89' lang='lat' dir='ltr'><strong>malis</strong></span> <span class='ocrx_word' id='word_1_13' title='bbox 865 419 1188 489; x_wconf 84' lang='lat' dir='ltr'><strong>perennibus</strong></span> <span class='ocrx_word' id='word_1_14' title='bbox 1211 418 1481 490; x_wconf 90' lang='lat' dir='ltr'><strong>deputari,</strong></span> <span class='ocrx_word' id='word_1_15' title='bbox 1511 418 1706 486; x_wconf 86' lang='lat' dir='ltr'><strong>quibus</strong></span> <span class='ocrx_word' id='word_1_16' title='bbox 1733 432 1824 470; x_wconf 88' lang='lat' dir='ltr'><strong>ca-</strong></span> <span class='ocrx_word' id='word_1_17' title='bbox 1849 419 1901 477; x_wconf 77' lang='grc' dir='ltr'><strong>Δ</strong></span> <span class='ocrx_word' id='word_1_18' title='bbox 1926 417 2056 484; x_wconf 85' lang='lat' dir='ltr'><strong>pluit</strong></span> <span class='ocrx_word' id='word_1_19' title='bbox 2083 433 2235 486; x_wconf 84' lang='lat' dir='ltr'><strong>super</strong></span> <span class='ocrx_word' id='word_1_20' title='bbox 2251 418 2422 486; x_wconf 87' lang='lat' dir='ltr'><strong>justos</strong></span> <span class='ocrx_word' id='word_1_21' title='bbox 2452 424 2500 468; x_wconf 91' lang='lat' dir='ltr'><strong>et</strong></span> <span class='ocrx_word' id='word_1_22' title='bbox 2527 415 2745 484; x_wconf 84' lang='lat' dir='ltr'><strong>injustas</strong></span> <span class='ocrx_word' id='word_1_23' title='bbox 2779 411 3001 482; x_wconf 81' lang='lat' dir='ltr'><strong>(Matth.</strong></span> <span class='ocrx_word' id='word_1_24' title='bbox 3027 426 3080 476; x_wconf 89' lang='lat' dir='ltr'><strong>v,</strong></span> <span class='ocrx_word' id='word_1_25' title='bbox 3108 409 3207 479; x_wconf 79' lang='grc'><strong>45)</strong></span> <span class='ocrx_word' id='word_1_26' title='bbox 3225 449 3240 474; x_wconf 85' lang='grc'>,</span> <span class='ocrx_word' id='word_1_27' title='bbox 3274 426 3378 463; x_wconf 86' lang='lat' dir='ltr'><strong>non</strong></span> <span class='ocrx_word' id='word_1_28' title='bbox 3407 426 3494 463; x_wconf 86' lang='lat' dir='ltr'><strong>so-</strong></span> 
     </span>
    </p>
   </div>
   <div class='ocr_carea' id='block_1_5' title="bbox 239 507 705 576">
    <p class='ocr_par' dir='ltr' id='par_1_5' title="bbox 239 507 705 576">
     <span class='ocr_line' id='line_1_5' title="bbox 239 507 705 576; baseline 0 -16"><span class='ocrx_word' id='word_1_29' title='bbox 239 521 362 560; x_wconf 90' lang='lat' dir='ltr'><strong>rere</strong></span> <span class='ocrx_word' id='word_1_30' title='bbox 385 522 494 561; x_wconf 93' lang='lat' dir='ltr'><strong>non</strong></span> <span class='ocrx_word' id='word_1_31' title='bbox 517 507 705 576; x_wconf 92' lang='lat' dir='ltr'><strong>possit.</strong></span> 
     </span>
    </p>
   </div>
   <div class='ocr_carea' id='block_1_6' title="bbox 309 591 1816 668">
    <p class='ocr_par' dir='ltr' id='par_1_6' title="bbox 309 591 1816 668">
     <span class='ocr_line' id='line_1_6' title="bbox 309 591 1816 668; baseline 0.003 -20"><span class='ocrx_word' id='word_1_32' title='bbox 309 595 402 650; x_wconf 77' lang='lat'><strong>55.</strong></span> <span class='ocrx_word' id='word_1_33' title='bbox 433 596 696 651; x_wconf 90' lang='lat' dir='ltr'><strong>Cohibeat</strong></span> <span class='ocrx_word' id='word_1_34' title='bbox 725 597 884 666; x_wconf 77' lang='lat' dir='ltr'><strong>igitur</strong></span> <span class='ocrx_word' id='word_1_35' title='bbox 907 591 1270 668; x_wconf 77' lang='lat' dir='ltr'><strong>unusquisque</strong></span> <span class='ocrx_word' id='word_1_36' title='bbox 1318 599 1674 652; x_wconf 75' lang='lat' dir='ltr'><strong>temeritatem</strong></span> <span class='ocrx_word' id='word_1_37' title='bbox 1724 613 1816 652; x_wconf 92' lang='lat' dir='ltr'><strong>co-</strong></span> 
     </span>
    </p>
   </div>
   <div class='ocr_carea' id='block_1_7' title="bbox 235 689 1817 759">
    <p class='ocr_par' dir='ltr' id='par_1_7' title="bbox 235 689 1817 759">
     <span class='ocr_line' id='line_1_7' title="bbox 235 689 1817 759; baseline 0.001 -17"><span class='ocrx_word' id='word_1_38' title='bbox 235 689 518 757; x_wconf 81' lang='lat' dir='ltr'><strong>gitationis</strong></span> <span class='ocrx_word' id='word_1_39' title='bbox 553 705 702 753; x_wconf 64' lang='lat' dir='ltr'><strong>suae;</strong></span> <span class='ocrx_word' id='word_1_40' title='bbox 759 698 814 743; x_wconf 88' lang='lat' dir='ltr'><strong>et</strong></span> <span class='ocrx_word' id='word_1_41' title='bbox 840 690 977 744; x_wconf 80' lang='lat' dir='ltr'><strong>sicut</strong></span> <span class='ocrx_word' id='word_1_42' title='bbox 1021 705 1084 745; x_wconf 91' lang='lat' dir='ltr'><strong>ea</strong></span> <span class='ocrx_word' id='word_1_43' title='bbox 1119 691 1312 759; x_wconf 87' lang='lat' dir='ltr'><strong>quibus</strong></span> <span class='ocrx_word' id='word_1_44' title='bbox 1351 689 1686 753; x_wconf 75' lang='lat' dir='ltr'><strong>delectatur,</strong></span> <span class='ocrx_word' id='word_1_45' title='bbox 1739 689 1817 744; x_wconf 89' lang='lat' dir='ltr'><strong>sic</strong></span> 
     </span>
    </p>
   </div>
   <div class='ocr_carea' id='block_1_8' title="bbox 237 777 1816 848">
    <p class='ocr_par' dir='ltr' id='par_1_8' title="bbox 237 777 1816 848">
     <span class='ocr_line' id='line_1_8' title="bbox 237 777 1816 848; baseline -0.001 -14"><span class='ocrx_word' id='word_1_46' title='bbox 237 777 405 834; x_wconf 74' lang='lat' dir='ltr'><strong>etiam</strong></span> <span class='ocrx_word' id='word_1_47' title='bbox 458 795 522 834; x_wconf 92' lang='lat' dir='ltr'><strong>ea</strong></span> <span class='ocrx_word' id='word_1_48' title='bbox 564 780 755 848; x_wconf 88' lang='lat' dir='ltr'><strong>quibus</strong></span> <span class='ocrx_word' id='word_1_49' title='bbox 787 780 1074 834; x_wconf 74' lang='lat' dir='ltr'><strong>offenditur</strong></span> <span class='ocrx_word' id='word_1_50' title='bbox 1100 780 1416 836; x_wconf 82' lang='lat' dir='ltr'><strong>naturaliter</strong></span> <span class='ocrx_word' id='word_1_51' title='bbox 1461 796 1492 833; x_wconf 87' lang='lat' dir='ltr'><strong>a</strong></span> <span class='ocrx_word' id='word_1_52' title='bbox 1536 779 1648 833; x_wconf 91' lang='lat' dir='ltr'><strong>Deo</strong></span> <span class='ocrx_word' id='word_1_53' title='bbox 1677 778 1816 832; x_wconf 87' lang='lat' dir='ltr'><strong>facta</strong></span> 
     </span>
    </p>
   </div>
   <div class='ocr_carea' id='block_1_9' title="bbox 236 859 1818 938">
    <p class='ocr_par' dir='ltr' id='par_1_9' title="bbox 236 859 1818 938">
     <span class='ocr_line' id='line_1_9' title="bbox 236 859 1818 938; baseline 0.001 -17"><span class='ocrx_word' id='word_1_54' title='bbox 236 883 350 922; x_wconf 89' lang='lat' dir='ltr'><strong>non</strong></span> <span class='ocrx_word' id='word_1_55' title='bbox 381 868 588 922; x_wconf 85' lang='lat' dir='ltr'><strong>dubitet</strong></span> <span class='ocrx_word' id='word_1_56' title='bbox 620 887 631 920; x_wconf 88' lang='lat'><strong>:</strong></span> <span class='ocrx_word' id='word_1_57' title='bbox 674 868 826 936; x_wconf 88' lang='lat' dir='ltr'><strong>cujus</strong></span> <span class='ocrx_word' id='word_1_58' title='bbox 858 869 1118 938; x_wconf 82' lang='lat' dir='ltr'><strong>sapientia</strong></span> <span class='ocrx_word' id='word_1_59' title='bbox 1147 859 1413 936; x_wconf 85' lang='lat' dir='ltr'><strong>attingens</strong></span> <span class='ocrx_word' id='word_1_60' title='bbox 1452 883 1483 922; x_wconf 90' lang='lat' dir='ltr'><strong>a</strong></span> <span class='ocrx_word' id='word_1_61' title='bbox 1514 868 1619 922; x_wconf 90' lang='lat' dir='ltr'><strong>ﬁne</strong></span> <span class='ocrx_word' id='word_1_62' title='bbox 1649 882 1818 935; x_wconf 86' lang='lat' dir='ltr'><strong>usque</strong></span> 
     </span>
    </p>
   </div>
   <div class='ocr_carea' id='block_1_10' title="bbox 235 956 1815 1027">
    <p class='ocr_par' dir='ltr' id='par_1_10' title="bbox 235 956 1815 1027">
     <span class='ocr_line' id='line_1_10' title="bbox 235 956 1815 1027; baseline 0.002 -17"><span class='ocrx_word' id='word_1_63' title='bbox 235 957 303 1010; x_wconf 89' lang='lat' dir='ltr'><strong>ad</strong></span> <span class='ocrx_word' id='word_1_64' title='bbox 335 956 500 1010; x_wconf 89' lang='lat' dir='ltr'><strong>ﬁnem</strong></span> <span class='ocrx_word' id='word_1_65' title='bbox 523 957 748 1022; x_wconf 80' lang='lat' dir='ltr'><strong>fortiter,</strong></span> <span class='ocrx_word' id='word_1_66' title='bbox 773 967 828 1012; x_wconf 91' lang='lat' dir='ltr'><strong>et</strong></span> <span class='ocrx_word' id='word_1_67' title='bbox 855 959 1146 1027; x_wconf 89' lang='lat' dir='ltr'><strong>disponens</strong></span> <span class='ocrx_word' id='word_1_68' title='bbox 1165 960 1344 1014; x_wconf 85' lang='lat' dir='ltr'><strong>omnia</strong></span> <span class='ocrx_word' id='word_1_69' title='bbox 1369 960 1623 1025; x_wconf 82' lang='lat' dir='ltr'><strong>suaviter,</strong></span> <span class='ocrx_word' id='word_1_70' title='bbox 1654 959 1815 1014; x_wconf 90' lang='lat' dir='ltr'><strong>etiam</strong></span> 
     </span>
    </p>
   </div>
   <div class='ocr_carea' id='block_1_11' title="bbox 235 1045 1816 1118">
    <p class='ocr_par' dir='ltr' id='par_1_11' title="bbox 235 1045 1816 1118">
     <span class='ocr_line' id='line_1_11' title="bbox 235 1045 1816 1118; baseline 0.003 -20"><span class='ocrx_word' id='word_1_71' title='bbox 235 1045 301 1100; x_wconf 91' lang='lat' dir='ltr'><strong>de</strong></span> <span class='ocrx_word' id='word_1_72' title='bbox 333 1046 419 1100; x_wconf 90' lang='lat' dir='ltr'><strong>his</strong></span> <span class='ocrx_word' id='word_1_73' title='bbox 447 1046 607 1100; x_wconf 84' lang='lat' dir='ltr'><strong>rebus</strong></span> <span class='ocrx_word' id='word_1_74' title='bbox 634 1062 768 1114; x_wconf 89' lang='lat' dir='ltr'><strong>quas</strong></span> <span class='ocrx_word' id='word_1_75' title='bbox 805 1047 964 1118; x_wconf 67' lang='grc'><strong>432</strong></span> <span class='ocrx_word' id='word_1_76' title='bbox 1008 1049 1279 1118; x_wconf 87' lang='lat' dir='ltr'><strong>corruptio</strong></span> <span class='ocrx_word' id='word_1_77' title='bbox 1319 1048 1662 1112; x_wconf 83' lang='lat' dir='ltr'><strong>exterminat,</strong></span> <span class='ocrx_word' id='word_1_78' title='bbox 1694 1047 1816 1116; x_wconf 83' lang='lat' dir='ltr'><strong>pul—</strong></span> 
     </span>
    </p>
   </div>
   <div class='ocr_carea' id='block_1_12' title="bbox 233 1134 1819 1206">
    <p class='ocr_par' dir='ltr' id='par_1_12' title="bbox 233 1134 1819 1206">
     <span class='ocr_line' id='line_1_12' title="bbox 233 1134 1819 1206; baseline 0.001 -18"><span class='ocrx_word' id='word_1_79' title='bbox 233 1134 598 1188; x_wconf 87' lang='lat' dir='ltr'><strong>chritudinem</strong></span> <span class='ocrx_word' id='word_1_80' title='bbox 624 1136 704 1189; x_wconf 93' lang='lat' dir='ltr'><strong>sui</strong></span> <span class='ocrx_word' id='word_1_81' title='bbox 735 1138 914 1204; x_wconf 90' lang='lat' dir='ltr'><strong>operis</strong></span> <span class='ocrx_word' id='word_1_82' title='bbox 941 1144 1234 1202; x_wconf 83' lang='lat' dir='ltr'><strong>monstrat;</strong></span> <span class='ocrx_word' id='word_1_83' title='bbox 1263 1137 1314 1190; x_wconf 89' lang='lat' dir='ltr'><strong>in</strong></span> <span class='ocrx_word' id='word_1_84' title='bbox 1337 1137 1465 1206; x_wconf 88' lang='lat' dir='ltr'><strong>ipsis</strong></span> <span class='ocrx_word' id='word_1_85' title='bbox 1485 1151 1698 1205; x_wconf 87' lang='lat' dir='ltr'><strong>quoque</strong></span> <span class='ocrx_word' id='word_1_86' title='bbox 1717 1136 1819 1190; x_wconf 89' lang='lat' dir='ltr'><strong>mi-</strong></span> 
     </span>
    </p>
   </div>
   <div class='ocr_carea' id='block_1_13' title="bbox 234 1223 1818 1294">
    <p class='ocr_par' dir='ltr' id='par_1_13' title="bbox 234 1223 1818 1294">
     <span class='ocr_line' id='line_1_13' title="bbox 234 1223 1818 1294; baseline 0.004 -20"><span class='ocrx_word' id='word_1_87' title='bbox 234 1223 534 1276; x_wconf 88' lang='lat' dir='ltr'><strong>nutissimis</strong></span> <span class='ocrx_word' id='word_1_88' title='bbox 576 1223 890 1278; x_wconf 82' lang='lat' dir='ltr'><strong>animalibus</strong></span> <span class='ocrx_word' id='word_1_89' title='bbox 932 1225 1222 1280; x_wconf 90' lang='lat' dir='ltr'><strong>ostendens</strong></span> <span class='ocrx_word' id='word_1_90' title='bbox 1268 1226 1347 1280; x_wconf 91' lang='lat' dir='ltr'><strong>sui</strong></span> <span class='ocrx_word' id='word_1_91' title='bbox 1401 1225 1818 1294; x_wconf 85' lang='lat' dir='ltr'><strong>uniuscujusque</strong></span> 
     </span>
    </p>
   </div>
   <div class='ocr_carea' id='block_1_14' title="bbox 233 1311 1818 1384">
    <p class='ocr_par' dir='ltr' id='par_1_14' title="bbox 233 1311 1818 1384">
     <span class='ocr_line' id='line_1_14' title="bbox 233 1311 1818 1384; baseline 0.004 -20"><span class='ocrx_word' id='word_1_92' title='bbox 233 1312 453 1377; x_wconf 81' lang='lat' dir='ltr'><strong>generis</strong></span> <span class='ocrx_word' id='word_1_93' title='bbox 480 1311 643 1365; x_wconf 90' lang='lat' dir='ltr'><strong>decus</strong></span> <span class='ocrx_word' id='word_1_94' title='bbox 661 1353 676 1375; x_wconf 91' lang='lat'><strong>,</strong></span> <span class='ocrx_word' id='word_1_95' title='bbox 700 1313 790 1381; x_wconf 92' lang='lat' dir='ltr'><strong>qui</strong></span> <span class='ocrx_word' id='word_1_96' title='bbox 823 1313 944 1367; x_wconf 89' lang='lat' dir='ltr'><strong>fecit</strong></span> <span class='ocrx_word' id='word_1_97' title='bbox 974 1314 1355 1371; x_wconf 83' lang='lat' dir='ltr'><strong>minutissimas</strong></span> <span class='ocrx_word' id='word_1_98' title='bbox 1381 1331 1592 1370; x_wconf 89' lang='lat' dir='ltr'><strong>muscas</strong></span> <span class='ocrx_word' id='word_1_99' title='bbox 1612 1317 1818 1384; x_wconf 81' lang='lat' dir='ltr'><strong>magnis</strong></span> 
     </span>
    </p>
   </div>
   <div class='ocr_carea' id='block_1_15' title="bbox 233 1403 1817 1474">
    <p class='ocr_par' dir='ltr' id='par_1_15' title="bbox 233 1403 1817 1474">
     <span class='ocr_line' id='line_1_15' title="bbox 233 1403 1817 1474; baseline 0.003 -19"><span class='ocrx_word' id='word_1_100' title='bbox 233 1403 542 1472; x_wconf 87' lang='lat' dir='ltr'><strong>elephantis</strong></span> <span class='ocrx_word' id='word_1_101' title='bbox 566 1412 766 1471; x_wconf 88' lang='lat' dir='ltr'><strong>quanto</strong></span> <span class='ocrx_word' id='word_1_102' title='bbox 795 1405 1090 1470; x_wconf 87' lang='lat' dir='ltr'><strong>breviores,</strong></span> <span class='ocrx_word' id='word_1_103' title='bbox 1123 1414 1274 1460; x_wconf 90' lang='lat' dir='ltr'><strong>tanto</strong></span> <span class='ocrx_word' id='word_1_104' title='bbox 1299 1406 1575 1474; x_wconf 87' lang='lat' dir='ltr'><strong>agiliores,</strong></span> <span class='ocrx_word' id='word_1_105' title='bbox 1617 1415 1672 1460; x_wconf 89' lang='lat' dir='ltr'><strong><em>et</em></strong></span> <span class='ocrx_word' id='word_1_106' title='bbox 1697 1421 1817 1460; x_wconf 90' lang='lat' dir='ltr'><strong>cum</strong></span> 
     </span>
    </p>
   </div>
   <div class='ocr_carea' id='block_1_16' title="bbox 232 1493 1816 1562">
    <p class='ocr_par' dir='ltr' id='par_1_16' title="bbox 232 1493 1816 1562">
     <span class='ocr_line' id='line_1_16' title="bbox 232 1493 1816 1562; baseline 0.002 -17"><span class='ocrx_word' id='word_1_107' title='bbox 232 1493 298 1547; x_wconf 85' lang='lat' dir='ltr'><strong>sit</strong></span> <span class='ocrx_word' id='word_1_108' title='bbox 353 1493 409 1545; x_wconf 92' lang='lat' dir='ltr'><strong>in</strong></span> <span class='ocrx_word' id='word_1_109' title='bbox 449 1493 687 1560; x_wconf 90' lang='lat' dir='ltr'><strong>utrisque</strong></span> <span class='ocrx_word' id='word_1_110' title='bbox 733 1493 912 1562; x_wconf 87' lang='lat' dir='ltr'><strong>dispar</strong></span> <span class='ocrx_word' id='word_1_111' title='bbox 947 1495 1219 1562; x_wconf 83' lang='lat' dir='ltr'><strong>quantitas</strong></span> <span class='ocrx_word' id='word_1_112' title='bbox 1260 1495 1619 1550; x_wconf 89' lang='lat' dir='ltr'><strong>membrorum</strong></span> <span class='ocrx_word' id='word_1_113' title='bbox 1643 1534 1658 1558; x_wconf 96' lang='lat'><strong>,</strong></span> <span class='ocrx_word' id='word_1_114' title='bbox 1708 1511 1816 1550; x_wconf 89' lang='lat' dir='ltr'><strong>non</strong></span> 
     </span>
    </p>
   </div>
   <div class='ocr_carea' id='block_1_17' title="bbox 230 1573 1819 1652">
    <p class='ocr_par' dir='ltr' id='par_1_17' title="bbox 230 1573 1819 1652">
     <span class='ocr_line' id='line_1_17' title="bbox 230 1573 1819 1652; baseline 0.004 -19"><span class='ocrx_word' id='word_1_115' title='bbox 230 1573 416 1634; x_wconf 82' lang='lat' dir='ltr'><strong>tamen</strong></span> <span class='ocrx_word' id='word_1_116' title='bbox 458 1581 640 1649; x_wconf 86' lang='lat' dir='ltr'><strong>dispar</strong></span> <span class='ocrx_word' id='word_1_117' title='bbox 689 1591 742 1636; x_wconf 89' lang='lat' dir='ltr'><strong>et</strong></span> <span class='ocrx_word' id='word_1_118' title='bbox 784 1599 1008 1652; x_wconf 89' lang='lat' dir='ltr'><strong>operum</strong></span> <span class='ocrx_word' id='word_1_119' title='bbox 1056 1583 1293 1637; x_wconf 87' lang='lat' dir='ltr'><strong>laudatio</strong></span> <span class='ocrx_word' id='word_1_120' title='bbox 1335 1584 1657 1639; x_wconf 87' lang='lat' dir='ltr'><strong>divinorum.</strong></span> <span class='ocrx_word' id='word_1_121' title='bbox 1690 1584 1819 1651; x_wconf 81' lang='lat' dir='ltr'><strong>Quis</strong></span> 
     </span>
    </p>
   </div>
   <div class='ocr_carea' id='block_1_18' title="bbox 232 1671 1818 1744">
    <p class='ocr_par' dir='ltr' id='par_1_18' title="bbox 232 1671 1818 1744">
     <span class='ocr_line' id='line_1_18' title="bbox 232 1671 1818 1744; baseline 0.003 -20"><span class='ocrx_word' id='word_1_122' title='bbox 232 1671 382 1724; x_wconf 89' lang='lat' dir='ltr'><strong>enim</strong></span> <span class='ocrx_word' id='word_1_123' title='bbox 411 1686 601 1724; x_wconf 90' lang='lat' dir='ltr'><strong>sanum</strong></span> <span class='ocrx_word' id='word_1_124' title='bbox 630 1673 842 1740; x_wconf 88' lang='lat' dir='ltr'><strong>sapiens</strong></span> <span class='ocrx_word' id='word_1_125' title='bbox 867 1713 882 1738; x_wconf 95' lang='lat'><strong>,</strong></span> <span class='ocrx_word' id='word_1_126' title='bbox 925 1680 979 1727; x_wconf 89' lang='lat' dir='ltr'><strong><em>et</em></strong></span> <span class='ocrx_word' id='word_1_127' title='bbox 1018 1673 1302 1729; x_wconf 83' lang='lat' dir='ltr'><strong>invisibilia</strong></span> <span class='ocrx_word' id='word_1_128' title='bbox 1350 1674 1444 1728; x_wconf 88' lang='lat' dir='ltr'><strong>Dei</strong></span> <span class='ocrx_word' id='word_1_129' title='bbox 1486 1691 1581 1743; x_wconf 89' lang='lat' dir='ltr'><strong>per</strong></span> <span class='ocrx_word' id='word_1_130' title='bbox 1609 1689 1672 1730; x_wconf 88' lang='lat' dir='ltr'><strong>ea</strong></span> <span class='ocrx_word' id='word_1_131' title='bbox 1699 1690 1818 1744; x_wconf 66' lang='lat' dir='ltr'><strong>quas</strong></span> 
     </span>
    </p>
   </div>
   <div class='ocr_carea' id='block_1_19' title="bbox 1919 493 3495 561">
    <p class='ocr_par' dir='ltr' id='par_1_19' title="bbox 1919 493 3495 561">
     <span class='ocr_line' id='line_1_19' title="bbox 1919 493 3495 561; baseline -0.004 -1"><span class='ocrx_word' id='word_1_132' title='bbox 1919 508 2029 560; x_wconf 90' lang='lat' dir='ltr'><strong>lum</strong></span> <span class='ocrx_word' id='word_1_133' title='bbox 2079 503 2343 561; x_wconf 84' lang='lat' dir='ltr'><strong>Herodem</strong></span> <span class='ocrx_word' id='word_1_134' title='bbox 2384 493 2716 560; x_wconf 85' lang='lat' dir='ltr'><strong>incredulum</strong></span> <span class='ocrx_word' id='word_1_135' title='bbox 2763 502 3033 556; x_wconf 81' lang='lat' dir='ltr'><strong>vermibus</strong></span> <span class='ocrx_word' id='word_1_136' title='bbox 3079 500 3322 556; x_wconf 89' lang='lat' dir='ltr'><strong>consumi</strong></span> <span class='ocrx_word' id='word_1_137' title='bbox 3372 501 3495 554; x_wconf 86' lang='lat' dir='ltr'><strong>fecit</strong></span> 
     </span>
    </p>
   </div>
   <div class='ocr_carea' id='block_1_20' title="bbox 1917 591 3490 668">
    <p class='ocr_par' dir='ltr' id='par_1_20' title="bbox 1917 591 3490 668">
     <span class='ocr_line' id='line_1_20' title="bbox 1917 591 3490 668; baseline -0.004 -19"><span class='ocrx_word' id='word_1_138' title='bbox 1917 598 2052 668; x_wconf 82' lang='lat' dir='ltr'><strong>(Act.</strong></span> <span class='ocrx_word' id='word_1_139' title='bbox 2078 614 2170 662; x_wconf 84' lang='lat' dir='ltr'><strong>xu,</strong></span> <span class='ocrx_word' id='word_1_140' title='bbox 2201 597 2326 664; x_wconf 69' lang='lat'><strong>23),</strong></span> <span class='ocrx_word' id='word_1_141' title='bbox 2375 595 2467 649; x_wconf 90' lang='lat' dir='ltr'><strong>sed</strong></span> <span class='ocrx_word' id='word_1_142' title='bbox 2496 595 2658 649; x_wconf 90' lang='lat' dir='ltr'><strong>etiam</strong></span> <span class='ocrx_word' id='word_1_143' title='bbox 2686 608 2898 647; x_wconf 89' lang='lat' dir='ltr'><strong>servum</strong></span> <span class='ocrx_word' id='word_1_144' title='bbox 2928 608 3082 647; x_wconf 91' lang='lat' dir='ltr'><strong>suum</strong></span> <span class='ocrx_word' id='word_1_145' title='bbox 3111 591 3212 646; x_wconf 87' lang='lat' dir='ltr'><strong>Job</strong></span> <span class='ocrx_word' id='word_1_146' title='bbox 3243 591 3392 645; x_wconf 89' lang='lat' dir='ltr'><strong>sanie</strong></span> <span class='ocrx_word' id='word_1_147' title='bbox 3422 605 3490 643; x_wconf 89' lang='lat' dir='ltr'><strong>ac</strong></span> 
     </span>
    </p>
   </div>
   <div class='ocr_carea' id='block_1_21' title="bbox 1917 669 3494 766">
    <p class='ocr_par' dir='ltr' id='par_1_21' title="bbox 1917 669 3494 766">
     <span class='ocr_line' id='line_1_21' title="bbox 1917 669 3494 766; baseline -0.003 -28"><span class='ocrx_word' id='word_1_148' title='bbox 1917 689 2184 750; x_wconf 86' lang='lat' dir='ltr'><strong>vermibus</strong></span> <span class='ocrx_word' id='word_1_149' title='bbox 2206 687 2436 762; x_wconf 79' lang='lat' dir='ltr'><strong>ebullire</strong></span> <span class='ocrx_word' id='word_1_150' title='bbox 2464 685 2704 754; x_wconf 88' lang='lat' dir='ltr'><strong>permisit</strong></span> <span class='ocrx_word' id='word_1_151' title='bbox 2736 684 2855 750; x_wconf 84' lang='lat' dir='ltr'><strong>(Job</strong></span> <span class='ocrx_word' id='word_1_152' title='bbox 2882 699 2940 748; x_wconf 85' lang='grc' dir='ltr'>ιι,</span> <span class='ocrx_word' id='word_1_153' title='bbox 2963 683 3018 752; x_wconf 90' lang='grc'><strong>8)</strong></span> <span class='ocrx_word' id='word_1_154' title='bbox 3045 701 3060 748; x_wconf 90' lang='grc'>;</span> <span class='ocrx_word' id='word_1_155' title='bbox 3109 683 3202 736; x_wconf 90' lang='lat' dir='ltr'><strong>sed</strong></span> <span class='ocrx_word' id='word_1_156' title='bbox 3231 669 3294 766; x_wconf 58' lang='grc' dir='ltr'><strong>ιιι</strong></span> <span class='ocrx_word' id='word_1_157' title='bbox 3314 681 3494 735; x_wconf 88' lang='lat' dir='ltr'><strong>futuro</strong></span> 
     </span>
    </p>
   </div>
   <div class='ocr_carea' id='block_1_22' title="bbox 1911 773 3494 847">
    <p class='ocr_par' dir='ltr' id='par_1_22' title="bbox 1911 773 3494 847">
     <span class='ocr_line' id='line_1_22' title="bbox 1911 773 3494 847; baseline -0.004 -14"><span class='ocrx_word' id='word_1_158' title='bbox 1911 782 2179 847; x_wconf 90' lang='lat' dir='ltr'><strong>justorum</strong></span> <span class='ocrx_word' id='word_1_159' title='bbox 2201 792 2431 846; x_wconf 91' lang='lat' dir='ltr'><strong>corpora</strong></span> <span class='ocrx_word' id='word_1_160' title='bbox 2459 776 2656 830; x_wconf 87' lang='lat' dir='ltr'><strong>nullam</strong></span> <span class='ocrx_word' id='word_1_161' title='bbox 2694 777 2928 830; x_wconf 86' lang='lat' dir='ltr'><strong>sentient</strong></span> <span class='ocrx_word' id='word_1_162' title='bbox 2953 773 3311 842; x_wconf 86' lang='lat' dir='ltr'><strong>corruptionis</strong></span> <span class='ocrx_word' id='word_1_163' title='bbox 3347 786 3494 826; x_wconf 82' lang='lat' dir='ltr'><strong>mor-</strong></span> 
     </span>
    </p>
   </div>
   <div class='ocr_carea' id='block_1_23' title="bbox 1916 865 3496 942">
    <p class='ocr_par' dir='ltr' id='par_1_23' title="bbox 1916 865 3496 942">
     <span class='ocr_line' id='line_1_23' title="bbox 1916 865 3496 942; baseline -0.005 -16"><span class='ocrx_word' id='word_1_164' title='bbox 1916 873 2243 942; x_wconf 87' lang='lat' dir='ltr'><strong>talitatisque</strong></span> <span class='ocrx_word' id='word_1_165' title='bbox 2263 870 2581 932; x_wconf 87' lang='lat' dir='ltr'><strong>molestiam,</strong></span> <span class='ocrx_word' id='word_1_166' title='bbox 2606 867 2820 937; x_wconf 91' lang='lat' dir='ltr'><strong>quando</strong></span> <span class='ocrx_word' id='word_1_167' title='bbox 2843 868 2893 941; x_wconf 81' lang='lat' dir='ltr'><strong>in</strong></span> <span class='ocrx_word' id='word_1_168' title='bbox 2923 867 3002 920; x_wconf 92' lang='lat' dir='ltr'><strong>eis</strong></span> <span class='ocrx_word' id='word_1_169' title='bbox 3023 865 3370 934; x_wconf 85' lang='lat' dir='ltr'><strong>corruptibile</strong></span> <span class='ocrx_word' id='word_1_170' title='bbox 3395 865 3496 918; x_wconf 89' lang='lat' dir='ltr'><strong>hoc</strong></span> 
     </span>
    </p>
   </div>
   <div class='ocr_carea' id='block_1_24' title="bbox 1917 953 3496 1028">
    <p class='ocr_par' dir='ltr' id='par_1_24' title="bbox 1917 953 3496 1028">
     <span class='ocr_line' id='line_1_24' title="bbox 1917 953 3496 1028; baseline -0.006 -11"><span class='ocrx_word' id='word_1_171' title='bbox 1917 963 2099 1017; x_wconf 88' lang='lat' dir='ltr'><strong>induet</strong></span> <span class='ocrx_word' id='word_1_172' title='bbox 2124 961 2576 1015; x_wconf 86' lang='lat' dir='ltr'><strong>immortalitatem</strong></span> <span class='ocrx_word' id='word_1_173' title='bbox 2605 957 2658 1028; x_wconf 91' lang='lat' dir='ltr'><strong>(I</strong></span> <span class='ocrx_word' id='word_1_174' title='bbox 2686 957 2804 1011; x_wconf 81' lang='lat' dir='ltr'><strong>Cor.</strong></span> <span class='ocrx_word' id='word_1_175' title='bbox 2837 971 2928 1018; x_wconf 78' lang='lat' dir='ltr'><strong>xv,</strong></span> <span class='ocrx_word' id='word_1_176' title='bbox 2962 953 3078 1024; x_wconf 78' lang='lat'><strong>55).</strong></span> <span class='ocrx_word' id='word_1_177' title='bbox 3127 954 3183 1007; x_wconf 88' lang='lat' dir='ltr'><strong>In</strong></span> <span class='ocrx_word' id='word_1_178' title='bbox 3206 954 3294 1007; x_wconf 88' lang='lat' dir='ltr'><strong>illa</strong></span> <span class='ocrx_word' id='word_1_179' title='bbox 3322 953 3496 1008; x_wconf 86' lang='lat' dir='ltr'><strong>bono-</strong></span> 
     </span>
    </p>
   </div>
   <div class='ocr_carea' id='block_1_25' title="bbox 1917 1043 3495 1116">
    <p class='ocr_par' dir='ltr' id='par_1_25' title="bbox 1917 1043 3495 1116">
     <span class='ocr_line' id='line_1_25' title="bbox 1917 1043 3495 1116; baseline -0.008 -10"><span class='ocrx_word' id='word_1_180' title='bbox 1917 1068 2034 1106; x_wconf 88' lang='lat' dir='ltr'><strong>rum</strong></span> <span class='ocrx_word' id='word_1_181' title='bbox 2061 1052 2191 1115; x_wconf 91' lang='lat' dir='ltr'><strong>vita,</strong></span> <span class='ocrx_word' id='word_1_182' title='bbox 2215 1050 2586 1116; x_wconf 89' lang='lat' dir='ltr'><strong>malorumque</strong></span> <span class='ocrx_word' id='word_1_183' title='bbox 2614 1047 2826 1100; x_wconf 90' lang='lat' dir='ltr'><strong>miseria</strong></span> <span class='ocrx_word' id='word_1_184' title='bbox 2845 1084 2862 1109; x_wconf 92' lang='lat'><strong>,</strong></span> <span class='ocrx_word' id='word_1_185' title='bbox 2892 1045 3005 1099; x_wconf 87' lang='lat' dir='ltr'><strong>sive</strong></span> <span class='ocrx_word' id='word_1_186' title='bbox 3032 1043 3216 1106; x_wconf 87' lang='lat' dir='ltr'><strong>bonis,</strong></span> <span class='ocrx_word' id='word_1_187' title='bbox 3243 1044 3356 1096; x_wconf 86' lang='lat' dir='ltr'><strong>sive</strong></span> <span class='ocrx_word' id='word_1_188' title='bbox 3383 1057 3495 1095; x_wconf 84' lang='lat' dir='ltr'><strong>ma-</strong></span> 
     </span>
    </p>
   </div>
   <div class='ocr_carea' id='block_1_26' title="bbox 1918 1131 3496 1212">
    <p class='ocr_par' dir='ltr' id='par_1_26' title="bbox 1918 1131 3496 1212">
     <span class='ocr_line' id='line_1_26' title="bbox 1918 1131 3496 1212; baseline -0.01 -15"><span class='ocrx_word' id='word_1_189' title='bbox 1918 1143 1983 1197; x_wconf 89' lang='lat' dir='ltr'><strong>lis</strong></span> <span class='ocrx_word' id='word_1_190' title='bbox 2023 1141 2279 1212; x_wconf 88' lang='lat' dir='ltr'><strong>quidquid</strong></span> <span class='ocrx_word' id='word_1_191' title='bbox 2310 1140 2429 1202; x_wconf 90' lang='lat' dir='ltr'><strong>erit,</strong></span> <span class='ocrx_word' id='word_1_192' title='bbox 2461 1139 2678 1208; x_wconf 91' lang='lat' dir='ltr'><strong>plenum</strong></span> <span class='ocrx_word' id='word_1_193' title='bbox 2702 1143 3070 1201; x_wconf 68' lang='lat' dir='ltr'><strong>azternumque</strong></span> <span class='ocrx_word' id='word_1_194' title='bbox 3094 1133 3216 1187; x_wconf 91' lang='lat' dir='ltr'><strong>erit.</strong></span> <span class='ocrx_word' id='word_1_195' title='bbox 3265 1131 3381 1186; x_wconf 85' lang='lat' dir='ltr'><strong>Non</strong></span> <span class='ocrx_word' id='word_1_196' title='bbox 3424 1131 3496 1185; x_wconf 90' lang='lat' dir='ltr'><strong>ibi</strong></span> 
     </span>
    </p>
   </div>
   <div class='ocr_carea' id='block_1_27' title="bbox 1917 1221 3494 1292">
    <p class='ocr_par' dir='ltr' id='par_1_27' title="bbox 1917 1221 3494 1292">
     <span class='ocr_line' id='line_1_27' title="bbox 1917 1221 3494 1292; baseline -0.009 -5"><span class='ocrx_word' id='word_1_197' title='bbox 1917 1232 2240 1288; x_wconf 88' lang='lat' dir='ltr'><strong>cruciatibus</strong></span> <span class='ocrx_word' id='word_1_198' title='bbox 2265 1230 2458 1285; x_wconf 88' lang='lat' dir='ltr'><strong>solatia</strong></span> <span class='ocrx_word' id='word_1_199' title='bbox 2497 1226 2882 1289; x_wconf 76' lang='lat' dir='ltr'><strong>miscebantur,</strong></span> <span class='ocrx_word' id='word_1_200' title='bbox 2914 1238 3086 1292; x_wconf 91' lang='lat' dir='ltr'><strong>neque</strong></span> <span class='ocrx_word' id='word_1_201' title='bbox 3111 1221 3380 1276; x_wconf 89' lang='lat' dir='ltr'><strong>cruciatus</strong></span> <span class='ocrx_word' id='word_1_202' title='bbox 3407 1235 3494 1274; x_wconf 82' lang='lat' dir='ltr'><strong>so-</strong></span> 
     </span>
    </p>
   </div>
   <div class='ocr_carea' id='block_1_28' title="bbox 1919 1307 3498 1383">
    <p class='ocr_par' dir='ltr' id='par_1_28' title="bbox 1919 1307 3498 1383">
     <span class='ocr_line' id='line_1_28' title="bbox 1919 1307 3498 1383; baseline -0.011 -6"><span class='ocrx_word' id='word_1_203' title='bbox 1919 1324 2060 1378; x_wconf 90' lang='lat' dir='ltr'><strong>latiis</strong></span> <span class='ocrx_word' id='word_1_204' title='bbox 2090 1322 2412 1375; x_wconf 91' lang='lat' dir='ltr'><strong>inserentur.</strong></span> <span class='ocrx_word' id='word_1_205' title='bbox 2447 1317 2523 1371; x_wconf 99' lang='grc' dir='ltr'><strong>1ὺί</strong></span> <span class='ocrx_word' id='word_1_206' title='bbox 2551 1316 2824 1370; x_wconf 60' lang='lat' dir='ltr'><strong>aeternitas</strong></span> <span class='ocrx_word' id='word_1_207' title='bbox 2854 1312 3169 1383; x_wconf 86' lang='lat' dir='ltr'><strong>gaudiorum</strong></span> <span class='ocrx_word' id='word_1_208' title='bbox 3199 1325 3263 1364; x_wconf 90' lang='lat' dir='ltr'><strong>ac</strong></span> <span class='ocrx_word' id='word_1_209' title='bbox 3303 1307 3498 1376; x_wconf 53' lang='lat' dir='ltr'><strong>suppli.</strong></span> 
     </span>
    </p>
   </div>
   <div class='ocr_carea' id='block_1_29' title="bbox 1919 1399 3492 1470">
    <p class='ocr_par' dir='ltr' id='par_1_29' title="bbox 1919 1399 3492 1470">
     <span class='ocr_line' id='line_1_29' title="bbox 1919 1399 3492 1470; baseline -0.011 -2"><span class='ocrx_word' id='word_1_210' title='bbox 1919 1414 2123 1468; x_wconf 91' lang='lat' dir='ltr'><strong>ciorum</strong></span> <span class='ocrx_word' id='word_1_211' title='bbox 2141 1411 2257 1464; x_wconf 91' lang='lat' dir='ltr'><strong>sine</strong></span> <span class='ocrx_word' id='word_1_212' title='bbox 2279 1409 2383 1463; x_wconf 90' lang='lat' dir='ltr'><strong>ﬁne</strong></span> <span class='ocrx_word' id='word_1_213' title='bbox 2397 1407 2663 1470; x_wconf 87' lang='lat' dir='ltr'><strong>manebit;</strong></span> <span class='ocrx_word' id='word_1_214' title='bbox 2693 1419 2795 1459; x_wconf 91' lang='lat' dir='ltr'><strong>nec</strong></span> <span class='ocrx_word' id='word_1_215' title='bbox 2810 1404 2936 1457; x_wconf 90' lang='lat' dir='ltr'><strong>mali</strong></span> <span class='ocrx_word' id='word_1_216' title='bbox 2965 1401 3155 1470; x_wconf 89' lang='lat' dir='ltr'><strong>gaudia</strong></span> <span class='ocrx_word' id='word_1_217' title='bbox 3179 1399 3492 1469; x_wconf 90' lang='lat' dir='ltr'><strong>sperabunt.</strong></span> 
     </span>
    </p>
   </div>
   <div class='ocr_carea' id='block_1_30' title="bbox 1920 1495 3494 1560">
    <p class='ocr_par' dir='ltr' id='par_1_30' title="bbox 1920 1495 3494 1560">
     <span class='ocr_line' id='line_1_30' title="bbox 1920 1495 3494 1560; baseline -0.01 1"><span class='ocrx_word' id='word_1_218' title='bbox 1920 1521 2019 1560; x_wconf 92' lang='lat' dir='ltr'><strong>nec</strong></span> <span class='ocrx_word' id='word_1_219' title='bbox 2062 1504 2189 1558; x_wconf 89' lang='lat' dir='ltr'><strong>boni</strong></span> <span class='ocrx_word' id='word_1_220' title='bbox 2219 1501 2489 1556; x_wconf 90' lang='lat' dir='ltr'><strong>tristitiam</strong></span> <span class='ocrx_word' id='word_1_221' title='bbox 2519 1497 2881 1553; x_wconf 77' lang='lat' dir='ltr'><strong>formidabant</strong></span> <span class='ocrx_word' id='word_1_222' title='bbox 2932 1515 2943 1548; x_wconf 91' lang='lat'>:</span> <span class='ocrx_word' id='word_1_223' title='bbox 2990 1497 3042 1549; x_wconf 89' lang='lat' dir='ltr'><strong>in</strong></span> <span class='ocrx_word' id='word_1_224' title='bbox 3092 1495 3249 1548; x_wconf 91' lang='lat' dir='ltr'><strong>bonis</strong></span> <span class='ocrx_word' id='word_1_225' title='bbox 3293 1500 3494 1546; x_wconf 58' lang='lat' dir='ltr'><strong>aeterna</strong></span> 
     </span>
    </p>
   </div>
   <div class='ocr_carea' id='block_1_31' title="bbox 1919 1582 3494 1658">
    <p class='ocr_par' dir='ltr' id='par_1_31' title="bbox 1919 1582 3494 1658">
     <span class='ocr_line' id='line_1_31' title="bbox 1919 1582 3494 1658; baseline -0.009 -8"><span class='ocrx_word' id='word_1_226' title='bbox 1919 1594 2206 1650; x_wconf 81' lang='lat' dir='ltr'><strong>exsultatio</strong></span> <span class='ocrx_word' id='word_1_227' title='bbox 2236 1606 2459 1645; x_wconf 90' lang='lat' dir='ltr'><strong>manens</strong></span> <span class='ocrx_word' id='word_1_228' title='bbox 2477 1603 2692 1658; x_wconf 87' lang='lat' dir='ltr'><strong>semper</strong></span> <span class='ocrx_word' id='word_1_229' title='bbox 2721 1588 2844 1654; x_wconf 91' lang='lat' dir='ltr'><strong>erit,</strong></span> <span class='ocrx_word' id='word_1_230' title='bbox 2869 1585 2922 1640; x_wconf 89' lang='lat' dir='ltr'><strong>in</strong></span> <span class='ocrx_word' id='word_1_231' title='bbox 2951 1586 3106 1640; x_wconf 90' lang='lat' dir='ltr'><strong>malis</strong></span> <span class='ocrx_word' id='word_1_232' title='bbox 3137 1593 3312 1638; x_wconf 89' lang='lat' dir='ltr'><strong>autem</strong></span> <span class='ocrx_word' id='word_1_233' title='bbox 3337 1582 3494 1636; x_wconf 85' lang='lat' dir='ltr'><strong>lletus</strong></span> 
     </span>
    </p>
   </div>
   <div class='ocr_carea' id='block_1_32' title="bbox 1920 1675 3494 1758">
    <p class='ocr_par' dir='ltr' id='par_1_32' title="bbox 1920 1675 3494 1758">
     <span class='ocr_line' id='line_1_32' title="bbox 1920 1675 3494 1758; baseline -0.008 -18"><span class='ocrx_word' id='word_1_234' title='bbox 1920 1692 1975 1740; x_wconf 91' lang='lat' dir='ltr'><strong>et</strong></span> <span class='ocrx_word' id='word_1_235' title='bbox 2002 1683 2199 1738; x_wconf 92' lang='lat' dir='ltr'><strong>stridor</strong></span> <span class='ocrx_word' id='word_1_236' title='bbox 2219 1682 2458 1735; x_wconf 91' lang='lat' dir='ltr'><strong>dentium</strong></span> <span class='ocrx_word' id='word_1_237' title='bbox 2487 1693 2702 1748; x_wconf 90' lang='lat' dir='ltr'><strong>semper</strong></span> <span class='ocrx_word' id='word_1_238' title='bbox 2723 1677 2988 1758; x_wconf 83' lang='lat' dir='ltr'><strong>manebit;</strong></span> <span class='ocrx_word' id='word_1_239' title='bbox 3022 1676 3235 1745; x_wconf 86' lang='lat' dir='ltr'><strong>iniquos</strong></span> <span class='ocrx_word' id='word_1_240' title='bbox 3266 1675 3316 1727; x_wconf 90' lang='lat' dir='ltr'><strong>in</strong></span> <span class='ocrx_word' id='word_1_241' title='bbox 3339 1681 3494 1728; x_wconf 68' lang='lat' dir='ltr'><strong>aster~</strong></span> 
     </span>
    </p>
   </div>
   <div class='ocr_carea' id='block_1_33' title="bbox 232 1758 3494 1846">
    <p class='ocr_par' dir='ltr' id='par_1_33' title="bbox 232 1758 3494 1843">
     <span class='ocr_line' id='line_1_33' title="bbox 232 1758 3494 1843; baseline 0.002 -33"><span class='ocrx_word' id='word_1_242' title='bbox 232 1758 374 1813; x_wconf 85' lang='lat' dir='ltr'><strong>facta</strong></span> <span class='ocrx_word' id='word_1_243' title='bbox 408 1768 534 1814; x_wconf 90' lang='lat' dir='ltr'><strong>sunt</strong></span> <span class='ocrx_word' id='word_1_244' title='bbox 564 1761 834 1815; x_wconf 89' lang='lat' dir='ltr'><strong>intellecta</strong></span> <span class='ocrx_word' id='word_1_245' title='bbox 881 1764 1234 1831; x_wconf 88' lang='lat' dir='ltr'><strong>conspiciens,</strong></span> <span class='ocrx_word' id='word_1_246' title='bbox 1289 1781 1394 1818; x_wconf 88' lang='lat' dir='ltr'><strong>non</strong></span> <span class='ocrx_word' id='word_1_247' title='bbox 1425 1765 1597 1834; x_wconf 90' lang='lat' dir='ltr'><strong>ipsum</strong></span> <span class='ocrx_word' id='word_1_248' title='bbox 1645 1765 1811 1820; x_wconf 88' lang='lat' dir='ltr'><strong>Deum</strong></span> <span class='ocrx_word' id='word_1_249' title='bbox 1844 1784 1891 1843; x_wconf 80' lang='grc' dir='ltr'><strong><em>Β</em></strong></span> <span class='ocrx_word' id='word_1_250' title='bbox 1918 1791 2043 1830; x_wconf 82' lang='lat' dir='ltr'><strong>num</strong></span> <span class='ocrx_word' id='word_1_251' title='bbox 2073 1774 2297 1828; x_wconf 73' lang='lat' dir='ltr'><strong>miseros</strong></span> <span class='ocrx_word' id='word_1_252' title='bbox 2325 1770 2578 1826; x_wconf 78' lang='lat' dir='ltr'><strong>retinebit</strong></span> <span class='ocrx_word' id='word_1_253' title='bbox 2614 1769 2844 1823; x_wconf 87' lang='lat' dir='ltr'><strong>societas</strong></span> <span class='ocrx_word' id='word_1_254' title='bbox 2873 1768 3288 1831; x_wconf 64' lang='lat' dir='ltr'><strong>daemoniorum,</strong></span> <span class='ocrx_word' id='word_1_255' title='bbox 3315 1765 3494 1833; x_wconf 91' lang='lat' dir='ltr'><strong>justos</strong></span> 
     </span>
    </p>
   </div>
   <div class='ocr_carea' id='block_1_34' title="bbox 232 1846 1812 1922">
    <p class='ocr_par' dir='ltr' id='par_1_34' title="bbox 232 1846 1812 1922">
     <span class='ocr_line' id='line_1_34' title="bbox 232 1846 1812 1922; baseline 0.005 -20"><span class='ocrx_word' id='word_1_256' title='bbox 232 1846 484 1917; x_wconf 79' lang='lat' dir='ltr'><strong>Opiﬁcem</strong></span> <span class='ocrx_word' id='word_1_257' title='bbox 514 1849 693 1903; x_wconf 89' lang='lat' dir='ltr'><strong>laudet</strong></span> <span class='ocrx_word' id='word_1_258' title='bbox 733 1853 784 1905; x_wconf 93' lang='lat' dir='ltr'><strong>in</strong></span> <span class='ocrx_word' id='word_1_259' title='bbox 824 1854 1148 1921; x_wconf 84' lang='lat' dir='ltr'><strong>vermiculo,</strong></span> <span class='ocrx_word' id='word_1_260' title='bbox 1197 1869 1357 1922; x_wconf 93' lang='lat' dir='ltr'><strong>quem</strong></span> <span class='ocrx_word' id='word_1_261' title='bbox 1388 1855 1567 1909; x_wconf 86' lang='lat' dir='ltr'><strong>laudat</strong></span> <span class='ocrx_word' id='word_1_262' title='bbox 1599 1855 1653 1908; x_wconf 91' lang='lat' dir='ltr'><strong>in</strong></span> <span class='ocrx_word' id='word_1_263' title='bbox 1699 1856 1812 1910; x_wconf 91' lang='lat' dir='ltr'><strong>ele-</strong></span> 
     </span>
    </p>
   </div>
   <div class='ocr_carea' id='block_1_35' title="bbox 233 1940 1813 2013">
    <p class='ocr_par' dir='ltr' id='par_1_35' title="bbox 233 1940 1813 2013">
     <span class='ocr_line' id='line_1_35' title="bbox 233 1940 1813 2013; baseline 0.005 -22"><span class='ocrx_word' id='word_1_264' title='bbox 233 1940 488 2008; x_wconf 83' lang='lat' dir='ltr'><strong>phanto?</strong></span> <span class='ocrx_word' id='word_1_265' title='bbox 531 1950 623 1993; x_wconf 89' lang='lat' dir='ltr'><strong>aut</strong></span> <span class='ocrx_word' id='word_1_266' title='bbox 652 1956 756 1995; x_wconf 90' lang='lat' dir='ltr'><strong>non</strong></span> <span class='ocrx_word' id='word_1_267' title='bbox 785 1942 1030 1996; x_wconf 88' lang='lat' dir='ltr'><strong>eumdem</strong></span> <span class='ocrx_word' id='word_1_268' title='bbox 1076 1942 1257 1997; x_wconf 89' lang='lat' dir='ltr'><strong>laudet</strong></span> <span class='ocrx_word' id='word_1_269' title='bbox 1302 1945 1354 1998; x_wconf 90' lang='lat' dir='ltr'><strong>in</strong></span> <span class='ocrx_word' id='word_1_270' title='bbox 1402 1944 1610 2012; x_wconf 91' lang='lat' dir='ltr'><strong>pulice,</strong></span> <span class='ocrx_word' id='word_1_271' title='bbox 1653 1959 1813 2013; x_wconf 90' lang='lat' dir='ltr'><strong>quem</strong></span> 
     </span>
    </p>
   </div>
   <div class='ocr_carea' id='block_1_36' title="bbox 231 2026 1814 2105">
    <p class='ocr_par' dir='ltr' id='par_1_36' title="bbox 231 2026 1814 2105">
     <span class='ocr_line' id='line_1_36' title="bbox 231 2026 1814 2105; baseline 0.005 -23"><span class='ocrx_word' id='word_1_272' title='bbox 231 2026 419 2083; x_wconf 83' lang='lat' dir='ltr'><strong>laudat</strong></span> <span class='ocrx_word' id='word_1_273' title='bbox 443 2031 495 2083; x_wconf 90' lang='lat' dir='ltr'><strong>in</strong></span> <span class='ocrx_word' id='word_1_274' title='bbox 520 2031 689 2085; x_wconf 83' lang='lat' dir='ltr'><strong>hove?</strong></span> <span class='ocrx_word' id='word_1_275' title='bbox 727 2031 861 2086; x_wconf 89' lang='lat' dir='ltr'><strong>Cum</strong></span> <span class='ocrx_word' id='word_1_276' title='bbox 889 2035 1048 2088; x_wconf 89' lang='lat' dir='ltr'><strong>etiam</strong></span> <span class='ocrx_word' id='word_1_277' title='bbox 1073 2035 1160 2088; x_wconf 91' lang='lat' dir='ltr'><strong>illa</strong></span> <span class='ocrx_word' id='word_1_278' title='bbox 1188 2036 1335 2104; x_wconf 87' lang='lat' dir='ltr'><strong>signa</strong></span> <span class='ocrx_word' id='word_1_279' title='bbox 1366 2051 1483 2105; x_wconf 70' lang='lat' dir='ltr'><strong>qua:</strong></span> <span class='ocrx_word' id='word_1_280' title='bbox 1512 2037 1563 2089; x_wconf 90' lang='lat' dir='ltr'><strong>in</strong></span> <span class='ocrx_word' id='word_1_281' title='bbox 1590 2037 1814 2104; x_wconf 87' lang='lat' dir='ltr'><strong>gemmis</strong></span> 
     </span>
    </p>
   </div>
   <div class='ocr_carea' id='block_1_37' title="bbox 233 2120 1814 2193">
    <p class='ocr_par' dir='ltr' id='par_1_37' title="bbox 233 2120 1814 2193">
     <span class='ocr_line' id='line_1_37' title="bbox 233 2120 1814 2193; baseline 0.004 -19"><span class='ocrx_word' id='word_1_282' title='bbox 233 2121 506 2174; x_wconf 86' lang='lat' dir='ltr'><strong>artiﬁcum</strong></span> <span class='ocrx_word' id='word_1_283' title='bbox 550 2120 780 2176; x_wconf 82' lang='lat' dir='ltr'><strong>formare</strong></span> <span class='ocrx_word' id='word_1_284' title='bbox 827 2126 1105 2178; x_wconf 89' lang='lat' dir='ltr'><strong>consuevit</strong></span> <span class='ocrx_word' id='word_1_285' title='bbox 1147 2125 1404 2178; x_wconf 91' lang='lat' dir='ltr'><strong>industria</strong></span> <span class='ocrx_word' id='word_1_286' title='bbox 1451 2135 1600 2180; x_wconf 87' lang='lat' dir='ltr'><strong>tanto</strong></span> <span class='ocrx_word' id='word_1_287' title='bbox 1645 2127 1814 2193; x_wconf 86' lang='lat' dir='ltr'><strong>magis</strong></span> 
     </span>
    </p>
   </div>
   <div class='ocr_carea' id='block_1_38' title="bbox 233 2209 1816 2288">
    <p class='ocr_par' dir='ltr' id='par_1_38' title="bbox 233 2209 1816 2288">
     <span class='ocr_line' id='line_1_38' title="bbox 233 2209 1816 2288; baseline 0.004 -26"><span class='ocrx_word' id='word_1_288' title='bbox 233 2209 458 2263; x_wconf 87' lang='lat' dir='ltr'><strong>laudare</strong></span> <span class='ocrx_word' id='word_1_289' title='bbox 500 2210 669 2264; x_wconf 89' lang='lat' dir='ltr'><strong>soleat</strong></span> <span class='ocrx_word' id='word_1_290' title='bbox 707 2210 913 2265; x_wconf 87' lang='lat' dir='ltr'><strong>animus</strong></span> <span class='ocrx_word' id='word_1_291' title='bbox 939 2253 954 2278; x_wconf 93' lang='lat'><strong>,</strong></span> <span class='ocrx_word' id='word_1_292' title='bbox 1003 2222 1204 2281; x_wconf 89' lang='lat' dir='ltr'><strong>quanto</strong></span> <span class='ocrx_word' id='word_1_293' title='bbox 1248 2213 1532 2288; x_wconf 72' lang='lat' dir='ltr'><strong>minutiora</strong></span> <span class='ocrx_word' id='word_1_294' title='bbox 1580 2214 1816 2270; x_wconf 90' lang='lat' dir='ltr'><strong>intuetur</strong></span> 
     </span>
    </p>
   </div>
   <div class='ocr_carea' id='block_1_39' title="bbox 232 2310 510 2376">
    <p class='ocr_par' dir='ltr' id='par_1_39' title="bbox 232 2310 510 2376">
     <span class='ocr_line' id='line_1_39' title="bbox 232 2310 510 2376; baseline 0.007 -24"><span class='ocrx_word' id='word_1_295' title='bbox 232 2310 510 2376; x_wconf 83' lang='lat' dir='ltr'><strong>aspectus.</strong></span> 
     </span>
    </p>
   </div>
   <div class='ocr_carea' id='block_1_40' title="bbox 300 2393 1815 2474">
    <p class='ocr_par' dir='ltr' id='par_1_40' title="bbox 300 2393 1815 2474">
     <span class='ocr_line' id='line_1_40' title="bbox 300 2393 1815 2474; baseline 0.01 -29"><span class='ocrx_word' id='word_1_296' title='bbox 300 2393 397 2447; x_wconf 77' lang='grc'><strong>54.</strong></span> <span class='ocrx_word' id='word_1_297' title='bbox 421 2393 611 2449; x_wconf 90' lang='lat' dir='ltr'><strong>Omnia</strong></span> <span class='ocrx_word' id='word_1_298' title='bbox 636 2395 816 2465; x_wconf 89' lang='lat' dir='ltr'><strong>itaque</strong></span> <span class='ocrx_word' id='word_1_299' title='bbox 839 2397 1006 2454; x_wconf 92' lang='lat' dir='ltr'><strong>Deum</strong></span> <span class='ocrx_word' id='word_1_300' title='bbox 1034 2416 1246 2474; x_wconf 88' lang='lat' dir='ltr'><strong>creasse</strong></span> <span class='ocrx_word' id='word_1_301' title='bbox 1269 2402 1543 2459; x_wconf 89' lang='lat' dir='ltr'><strong>fatendum</strong></span> <span class='ocrx_word' id='word_1_302' title='bbox 1574 2414 1689 2469; x_wconf 90' lang='lat' dir='ltr'><strong>est;</strong></span> <span class='ocrx_word' id='word_1_303' title='bbox 1720 2404 1815 2460; x_wconf 89' lang='lat' dir='ltr'><strong>sed</strong></span> 
     </span>
    </p>
   </div>
   <div class='ocr_carea' id='block_1_41' title="bbox 232 2483 1811 2561">
    <p class='ocr_par' dir='ltr' id='par_1_41' title="bbox 232 2483 1811 2561">
     <span class='ocr_line' id='line_1_41' title="bbox 232 2483 1811 2561; baseline 0.007 -24"><span class='ocrx_word' id='word_1_304' title='bbox 232 2483 329 2537; x_wconf 86' lang='lat' dir='ltr'><strong>ista</strong></span> <span class='ocrx_word' id='word_1_305' title='bbox 360 2484 560 2552; x_wconf 90' lang='lat' dir='ltr'><strong>quibus</strong></span> <span class='ocrx_word' id='word_1_306' title='bbox 586 2494 714 2539; x_wconf 95' lang='lat' dir='ltr'><strong>nutu</strong></span> <span class='ocrx_word' id='word_1_307' title='bbox 739 2485 918 2542; x_wconf 90' lang='lat' dir='ltr'><strong>divino</strong></span> <span class='ocrx_word' id='word_1_308' title='bbox 944 2491 1162 2558; x_wconf 90' lang='lat' dir='ltr'><strong>vapulat</strong></span> <span class='ocrx_word' id='word_1_309' title='bbox 1183 2491 1413 2545; x_wconf 89' lang='lat' dir='ltr'><strong>humana</strong></span> <span class='ocrx_word' id='word_1_310' title='bbox 1440 2495 1811 2561; x_wconf 84' lang='lat' dir='ltr'><strong>transgressio,</strong></span> 
     </span>
    </p>
   </div>
   <div class='ocr_carea' id='block_1_42' title="bbox 231 2572 1814 2649">
    <p class='ocr_par' dir='ltr' id='par_1_42' title="bbox 231 2572 1814 2649">
     <span class='ocr_line' id='line_1_42' title="bbox 231 2572 1814 2649; baseline 0.008 -24"><span class='ocrx_word' id='word_1_311' title='bbox 231 2572 356 2626; x_wconf 87' lang='lat' dir='ltr'><strong>dum</strong></span> <span class='ocrx_word' id='word_1_312' title='bbox 391 2575 652 2641; x_wconf 62' lang='lat' dir='ltr'><strong>quaeritur</strong></span> <span class='ocrx_word' id='word_1_313' title='bbox 681 2584 857 2630; x_wconf 90' lang='lat' dir='ltr'><strong>utrum</strong></span> <span class='ocrx_word' id='word_1_314' title='bbox 898 2586 1183 2648; x_wconf 90' lang='lat' dir='ltr'><strong>antequam</strong></span> <span class='ocrx_word' id='word_1_315' title='bbox 1222 2590 1472 2649; x_wconf 88' lang='lat' dir='ltr'><strong>peccaret</strong></span> <span class='ocrx_word' id='word_1_316' title='bbox 1500 2582 1696 2649; x_wconf 87' lang='lat' dir='ltr'><strong>Adam,</strong></span> <span class='ocrx_word' id='word_1_317' title='bbox 1746 2600 1814 2638; x_wconf 91' lang='lat' dir='ltr'><strong>an</strong></span> 
     </span>
    </p>
   </div>
   <div class='ocr_carea' id='block_1_43' title="bbox 230 2669 1819 2743">
    <p class='ocr_par' dir='ltr' id='par_1_43' title="bbox 230 2669 1819 2743">
     <span class='ocr_line' id='line_1_43' title="bbox 230 2669 1819 2743; baseline 0.011 -28"><span class='ocrx_word' id='word_1_318' title='bbox 230 2673 521 2736; x_wconf 79' lang='lat' dir='ltr'><strong>postquam</strong></span> <span class='ocrx_word' id='word_1_319' title='bbox 545 2669 804 2739; x_wconf 89' lang='lat' dir='ltr'><strong>peccavit,</strong></span> <span class='ocrx_word' id='word_1_320' title='bbox 825 2669 1021 2724; x_wconf 88' lang='lat' dir='ltr'><strong>fuerint</strong></span> <span class='ocrx_word' id='word_1_321' title='bbox 1046 2688 1076 2726; x_wconf 89' lang='lat' dir='ltr'><strong>a</strong></span> <span class='ocrx_word' id='word_1_322' title='bbox 1102 2671 1212 2726; x_wconf 93' lang='lat' dir='ltr'><strong>Deo</strong></span> <span class='ocrx_word' id='word_1_323' title='bbox 1231 2681 1410 2727; x_wconf 88' lang='lat' dir='ltr'><strong>creata</strong></span> <span class='ocrx_word' id='word_1_324' title='bbox 1427 2715 1442 2740; x_wconf 92' lang='lat'><strong>,</strong></span> <span class='ocrx_word' id='word_1_325' title='bbox 1474 2690 1709 2743; x_wconf 84' lang='lat' dir='ltr'><strong>congrue</strong></span> <span class='ocrx_word' id='word_1_326' title='bbox 1737 2692 1819 2731; x_wconf 88' lang='lat' dir='ltr'><strong>re-</strong></span> 
     </span>
    </p>
   </div>
   <div class='ocr_carea' id='block_1_44' title="bbox 231 2753 1814 2832">
    <p class='ocr_par' dir='ltr' id='par_1_44' title="bbox 231 2753 1814 2832">
     <span class='ocr_line' id='line_1_44' title="bbox 231 2753 1814 2832; baseline 0.007 -23"><span class='ocrx_word' id='word_1_327' title='bbox 231 2753 551 2821; x_wconf 83' lang='lat' dir='ltr'><strong>spondetur,</strong></span> <span class='ocrx_word' id='word_1_328' title='bbox 585 2755 673 2810; x_wconf 88' lang='lat' dir='ltr'><strong>illa</strong></span> <span class='ocrx_word' id='word_1_329' title='bbox 700 2772 820 2826; x_wconf 78' lang='lat' dir='ltr'><strong>qua:</strong></span> <span class='ocrx_word' id='word_1_330' title='bbox 847 2759 932 2812; x_wconf 89' lang='lat' dir='ltr'><strong>vel</strong></span> <span class='ocrx_word' id='word_1_331' title='bbox 955 2774 1018 2813; x_wconf 81' lang='lat' dir='ltr'><strong>ex</strong></span> <span class='ocrx_word' id='word_1_332' title='bbox 1049 2761 1202 2830; x_wconf 83' lang='lat' dir='ltr'><strong>aquis</strong></span> <span class='ocrx_word' id='word_1_333' title='bbox 1223 2762 1306 2815; x_wconf 91' lang='lat' dir='ltr'><strong>vel</strong></span> <span class='ocrx_word' id='word_1_334' title='bbox 1327 2777 1394 2815; x_wconf 83' lang='lat' dir='ltr'><strong>ex</strong></span> <span class='ocrx_word' id='word_1_335' title='bbox 1425 2771 1565 2818; x_wconf 91' lang='lat' dir='ltr'><strong>terra</strong></span> <span class='ocrx_word' id='word_1_336' title='bbox 1588 2766 1814 2832; x_wconf 84' lang='lat' dir='ltr'><strong>gignun-</strong></span> 
     </span>
    </p>
   </div>
   <div class='ocr_carea' id='block_1_45' title="bbox 231 2842 1816 2923">
    <p class='ocr_par' dir='ltr' id='par_1_45' title="bbox 231 2842 1816 2923">
     <span class='ocr_line' id='line_1_45' title="bbox 231 2842 1816 2923; baseline 0.01 -30"><span class='ocrx_word' id='word_1_337' title='bbox 231 2849 336 2923; x_wconf 86' lang='lat' dir='ltr'><strong>tur,</strong></span> <span class='ocrx_word' id='word_1_338' title='bbox 371 2842 492 2897; x_wconf 91' lang='lat' dir='ltr'><strong>Deo</strong></span> <span class='ocrx_word' id='word_1_339' title='bbox 519 2852 645 2899; x_wconf 85' lang='lat' dir='ltr'><strong>tunc</strong></span> <span class='ocrx_word' id='word_1_340' title='bbox 669 2856 884 2900; x_wconf 91' lang='lat' dir='ltr'><strong>creante</strong></span> <span class='ocrx_word' id='word_1_341' title='bbox 911 2847 1328 2916; x_wconf 90' lang='lat' dir='ltr'><strong>primordialiter</strong></span> <span class='ocrx_word' id='word_1_342' title='bbox 1349 2851 1611 2915; x_wconf 87' lang='lat' dir='ltr'><strong>instituta,</strong></span> <span class='ocrx_word' id='word_1_343' title='bbox 1636 2855 1704 2908; x_wconf 91' lang='lat' dir='ltr'><strong>ab</strong></span> <span class='ocrx_word' id='word_1_344' title='bbox 1725 2853 1816 2909; x_wconf 91' lang='lat' dir='ltr'><strong>illo</strong></span> 
     </span>
    </p>
   </div>
   <div class='ocr_carea' id='block_1_46' title="bbox 232 2934 1816 3014">
    <p class='ocr_par' dir='ltr' id='par_1_46' title="bbox 232 2934 1816 3014">
     <span class='ocr_line' id='line_1_46' title="bbox 232 2934 1816 3014; baseline 0.009 -29"><span class='ocrx_word' id='word_1_345' title='bbox 232 2934 423 3002; x_wconf 88' lang='lat' dir='ltr'><strong>utique</strong></span> <span class='ocrx_word' id='word_1_346' title='bbox 444 2943 689 2990; x_wconf 90' lang='lat' dir='ltr'><strong>creatore</strong></span> <span class='ocrx_word' id='word_1_347' title='bbox 708 2938 798 3006; x_wconf 92' lang='lat' dir='ltr'><strong>qui</strong></span> <span class='ocrx_word' id='word_1_348' title='bbox 824 2954 930 2992; x_wconf 92' lang='lat' dir='ltr'><strong>non</strong></span> <span class='ocrx_word' id='word_1_349' title='bbox 951 2940 1123 2994; x_wconf 91' lang='lat' dir='ltr'><strong>solum</strong></span> <span class='ocrx_word' id='word_1_350' title='bbox 1145 2950 1390 2996; x_wconf 90' lang='lat' dir='ltr'><strong>naturam</strong></span> <span class='ocrx_word' id='word_1_351' title='bbox 1407 2944 1636 2999; x_wconf 89' lang='lat' dir='ltr'><strong>hominis</strong></span> <span class='ocrx_word' id='word_1_352' title='bbox 1655 2959 1816 3014; x_wconf 87' lang='lat' dir='ltr'><strong>quam</strong></span> 
     </span>
    </p>
   </div>
   <div class='ocr_carea' id='block_1_47' title="bbox 232 3023 1815 3104">
    <p class='ocr_par' dir='ltr' id='par_1_47' title="bbox 232 3023 1815 3104">
     <span class='ocr_line' id='line_1_47' title="bbox 232 3023 1815 3104; baseline 0.009 -28"><span class='ocrx_word' id='word_1_353' title='bbox 232 3023 469 3080; x_wconf 87' lang='lat' dir='ltr'><strong>faciebat</strong></span> <span class='ocrx_word' id='word_1_354' title='bbox 499 3035 748 3090; x_wconf 84' lang='lat' dir='ltr'><strong>noverat,</strong></span> <span class='ocrx_word' id='word_1_355' title='bbox 792 3030 887 3083; x_wconf 92' lang='lat' dir='ltr'><strong>sed</strong></span> <span class='ocrx_word' id='word_1_356' title='bbox 915 3031 1077 3085; x_wconf 90' lang='lat' dir='ltr'><strong>etiam</strong></span> <span class='ocrx_word' id='word_1_357' title='bbox 1105 3033 1276 3100; x_wconf 91' lang='lat' dir='ltr'><strong>ipsum</strong></span> <span class='ocrx_word' id='word_1_358' title='bbox 1306 3033 1580 3088; x_wconf 87' lang='lat' dir='ltr'><strong>hominem</strong></span> <span class='ocrx_word' id='word_1_359' title='bbox 1620 3050 1815 3104; x_wconf 86' lang='lat' dir='ltr'><strong>pecca-</strong></span> 
     </span>
    </p>
   </div>
   <div class='ocr_carea' id='block_1_48' title="bbox 1915 1857 3493 1929">
    <p class='ocr_par' dir='ltr' id='par_1_48' title="bbox 1915 1857 3493 1929">
     <span class='ocr_line' id='line_1_48' title="bbox 1915 1857 3493 1929; baseline -0.007 -8"><span class='ocrx_word' id='word_1_360' title='bbox 1915 1876 2092 1921; x_wconf 90' lang='lat' dir='ltr'><strong>autem</strong></span> <span class='ocrx_word' id='word_1_361' title='bbox 2125 1866 2174 1918; x_wconf 91' lang='lat' dir='ltr'><strong>in</strong></span> <span class='ocrx_word' id='word_1_362' title='bbox 2199 1873 2460 1918; x_wconf 71' lang='lat' dir='ltr'><strong>mternum</strong></span> <span class='ocrx_word' id='word_1_363' title='bbox 2484 1863 2672 1916; x_wconf 91' lang='lat' dir='ltr'><strong>beatos</strong></span> <span class='ocrx_word' id='word_1_364' title='bbox 2691 1861 2968 1929; x_wconf 75' lang='lat' dir='ltr'><strong>aequalitas</strong></span> <span class='ocrx_word' id='word_1_365' title='bbox 2988 1865 3294 1913; x_wconf 90' lang='lat' dir='ltr'><strong>sanctorum</strong></span> <span class='ocrx_word' id='word_1_366' title='bbox 3323 1857 3493 1910; x_wconf 84' lang='lat' dir='ltr'><strong>susci-</strong></span> 
     </span>
    </p>
   </div>
   <div class='ocr_carea' id='block_1_49' title="bbox 1913 1955 2381 2029">
    <p class='ocr_par' dir='ltr' id='par_1_49' title="bbox 1913 1955 2381 2029">
     <span class='ocr_line' id='line_1_49' title="bbox 1913 1955 2381 2029; baseline -0.015 -16"><span class='ocrx_word' id='word_1_367' title='bbox 1913 1959 2025 2029; x_wconf 89' lang='lat' dir='ltr'><strong>piet</strong></span> <span class='ocrx_word' id='word_1_368' title='bbox 2051 1955 2381 2024; x_wconf 88' lang='lat' dir='ltr'><strong>angelorum.</strong></span> 
     </span>
    </p>
   </div>
   <div class='ocr_carea' id='block_1_50' title="bbox 1987 2037 3482 2118">
    <p class='ocr_par' dir='ltr' id='par_1_50' title="bbox 1987 2037 3482 2118">
     <span class='ocr_line' id='line_1_50' title="bbox 1987 2037 3482 2118; baseline -0.012 -12"><span class='ocrx_word' id='word_1_369' title='bbox 1987 2049 2144 2118; x_wconf 53' lang='lat'><strong>(‘33</strong></span> <span class='ocrx_word' id='word_1_370' title='bbox 2161 2078 2232 2088; x_wconf 91' lang='lat'><strong>—-</strong></span> <span class='ocrx_word' id='word_1_371' title='bbox 2253 2044 2338 2098; x_wconf 80' lang='grc'><strong>56.</strong></span> <span class='ocrx_word' id='word_1_372' title='bbox 2358 2043 2588 2098; x_wconf 84' lang='lat' dir='ltr'><strong>Proinde</strong></span> <span class='ocrx_word' id='word_1_373' title='bbox 2611 2041 3030 2097; x_wconf 88' lang='lat' dir='ltr'><strong>misericordiam</strong></span> <span class='ocrx_word' id='word_1_374' title='bbox 3060 2039 3170 2094; x_wconf 91' lang='lat' dir='ltr'><strong>Deo</strong></span> <span class='ocrx_word' id='word_1_375' title='bbox 3195 2037 3482 2108; x_wconf 85' lang='lat' dir='ltr'><strong>judicium-</strong></span> 
     </span>
    </p>
   </div>
   <div class='ocr_carea' id='block_1_51' title="bbox 1913 2133 3491 2210">
    <p class='ocr_par' dir='ltr' id='par_1_51' title="bbox 1913 2133 3491 2210">
     <span class='ocr_line' id='line_1_51' title="bbox 1913 2133 3491 2210; baseline -0.008 -15"><span class='ocrx_word' id='word_1_376' title='bbox 1913 2155 2018 2210; x_wconf 91' lang='lat' dir='ltr'><strong>que</strong></span> <span class='ocrx_word' id='word_1_377' title='bbox 2060 2144 2360 2204; x_wconf 90' lang='lat' dir='ltr'><strong>cantantes,</strong></span> <span class='ocrx_word' id='word_1_378' title='bbox 2394 2144 2606 2205; x_wconf 90' lang='lat' dir='ltr'><strong>tempus</strong></span> <span class='ocrx_word' id='word_1_379' title='bbox 2633 2133 3014 2188; x_wconf 73' lang='lat' dir='ltr'><strong>misericordia:</strong></span> <span class='ocrx_word' id='word_1_380' title='bbox 3044 2147 3149 2186; x_wconf 90' lang='lat' dir='ltr'><strong>non</strong></span> <span class='ocrx_word' id='word_1_381' title='bbox 3181 2138 3491 2186; x_wconf 90' lang='lat' dir='ltr'><strong>contemna-</strong></span> 
     </span>
    </p>
   </div>
   <div class='ocr_carea' id='block_1_52' title="bbox 1914 2225 3496 2300">
    <p class='ocr_par' dir='ltr' id='par_1_52' title="bbox 1914 2225 3496 2300">
     <span class='ocr_line' id='line_1_52' title="bbox 1914 2225 3496 2300; baseline -0.006 -14"><span class='ocrx_word' id='word_1_382' title='bbox 1914 2248 2052 2297; x_wconf 90' lang='lat' dir='ltr'><strong>mus,</strong></span> <span class='ocrx_word' id='word_1_383' title='bbox 2082 2240 2141 2286; x_wconf 89' lang='lat' dir='ltr'><strong>ut</strong></span> <span class='ocrx_word' id='word_1_384' title='bbox 2166 2233 2233 2286; x_wconf 90' lang='lat' dir='ltr'><strong>ad</strong></span> <span class='ocrx_word' id='word_1_385' title='bbox 2255 2231 2511 2300; x_wconf 86' lang='lat' dir='ltr'><strong>judicium</strong></span> <span class='ocrx_word' id='word_1_386' title='bbox 2531 2230 2648 2285; x_wconf 89' lang='lat' dir='ltr'><strong>sine</strong></span> <span class='ocrx_word' id='word_1_387' title='bbox 2668 2229 2951 2284; x_wconf 85' lang='lat' dir='ltr'><strong>formidine</strong></span> <span class='ocrx_word' id='word_1_388' title='bbox 2973 2226 3267 2281; x_wconf 88' lang='lat' dir='ltr'><strong>veniamus.</strong></span> <span class='ocrx_word' id='word_1_389' title='bbox 3298 2225 3496 2292; x_wconf 87' lang='lat' dir='ltr'><strong>Spere-</strong></span> 
     </span>
    </p>
   </div>
   <div class='ocr_carea' id='block_1_53' title="bbox 1914 2311 3496 2392">
    <p class='ocr_par' dir='ltr' id='par_1_53' title="bbox 1914 2311 3496 2392">
     <span class='ocr_line' id='line_1_53' title="bbox 1914 2311 3496 2392; baseline -0.008 -15"><span class='ocrx_word' id='word_1_390' title='bbox 1914 2339 2034 2378; x_wconf 87' lang='lat' dir='ltr'><strong>mus</strong></span> <span class='ocrx_word' id='word_1_391' title='bbox 2076 2323 2327 2392; x_wconf 89' lang='lat' dir='ltr'><strong>judicem,</strong></span> <span class='ocrx_word' id='word_1_392' title='bbox 2358 2337 2516 2391; x_wconf 92' lang='lat' dir='ltr'><strong>quem</strong></span> <span class='ocrx_word' id='word_1_393' title='bbox 2560 2321 2806 2376; x_wconf 91' lang='lat' dir='ltr'><strong>novimus</strong></span> <span class='ocrx_word' id='word_1_394' title='bbox 2853 2318 3291 2386; x_wconf 83' lang='lat' dir='ltr'><strong>Redemptorem.</strong></span> <span class='ocrx_word' id='word_1_395' title='bbox 3343 2311 3496 2366; x_wconf 90' lang='lat' dir='ltr'><strong>Talia</strong></span> 
     </span>
    </p>
   </div>
   <div class='ocr_carea' id='block_1_54' title="bbox 1914 2402 3495 2483">
    <p class='ocr_par' dir='ltr' id='par_1_54' title="bbox 1914 2402 3495 2483">
     <span class='ocr_line' id='line_1_54' title="bbox 1914 2402 3495 2483; baseline -0.009 -14"><span class='ocrx_word' id='word_1_396' title='bbox 1914 2415 2020 2469; x_wconf 84' lang='lat' dir='ltr'><strong>sint</strong></span> <span class='ocrx_word' id='word_1_397' title='bbox 2042 2429 2208 2483; x_wconf 90' lang='lat' dir='ltr'><strong>opera</strong></span> <span class='ocrx_word' id='word_1_398' title='bbox 2239 2420 2425 2467; x_wconf 89' lang='lat' dir='ltr'><strong>nostra</strong></span> <span class='ocrx_word' id='word_1_399' title='bbox 2452 2412 2645 2480; x_wconf 88' lang='lat' dir='ltr'><strong>quibus</strong></span> <span class='ocrx_word' id='word_1_400' title='bbox 2674 2409 2968 2464; x_wconf 89' lang='lat' dir='ltr'><strong>reddantur</strong></span> <span class='ocrx_word' id='word_1_401' title='bbox 3023 2405 3242 2474; x_wconf 69' lang='lat' dir='ltr'><strong>praemia</strong></span> <span class='ocrx_word' id='word_1_402' title='bbox 3296 2402 3495 2470; x_wconf 91' lang='lat' dir='ltr'><strong>sempi-</strong></span> 
     </span>
    </p>
   </div>
   <div class='ocr_carea' id='block_1_55' title="bbox 1915 2490 3500 2570">
    <p class='ocr_par' dir='ltr' id='par_1_55' title="bbox 1915 2490 3500 2570">
     <span class='ocr_line' id='line_1_55' title="bbox 1915 2490 3500 2570; baseline -0.011 -12"><span class='ocrx_word' id='word_1_403' title='bbox 1915 2513 2088 2558; x_wconf 90' lang='lat' dir='ltr'><strong>terna.</strong></span> <span class='ocrx_word' id='word_1_404' title='bbox 2124 2503 2179 2556; x_wconf 92' lang='lat' dir='ltr'><strong>ln</strong></span> <span class='ocrx_word' id='word_1_405' title='bbox 2203 2517 2270 2556; x_wconf 91' lang='lat' dir='ltr'><strong>eo</strong></span> <span class='ocrx_word' id='word_1_406' title='bbox 2294 2502 2439 2570; x_wconf 92' lang='lat' dir='ltr'><strong>quod</strong></span> <span class='ocrx_word' id='word_1_407' title='bbox 2462 2499 2740 2554; x_wconf 89' lang='lat' dir='ltr'><strong>molestias</strong></span> <span class='ocrx_word' id='word_1_408' title='bbox 2760 2495 3038 2566; x_wconf 63' lang='lat' dir='ltr'><strong>praesentis</strong></span> <span class='ocrx_word' id='word_1_409' title='bbox 3079 2490 3336 2561; x_wconf 88' lang='lat' dir='ltr'><strong>temporis</strong></span> <span class='ocrx_word' id='word_1_410' title='bbox 3378 2504 3466 2542; x_wconf 82' lang='lat' dir='ltr'><strong>me</strong></span> <span class='ocrx_word' id='word_1_411' title='bbox 3495 2516 3500 2522; x_wconf 91' lang='lat'><em>-</em></span> 
     </span>
    </p>
   </div>
   <div class='ocr_carea' id='block_1_56' title="bbox 1916 2578 3498 2655">
    <p class='ocr_par' dir='ltr' id='par_1_56' title="bbox 1916 2578 3498 2655">
     <span class='ocr_line' id='line_1_56' title="bbox 1916 2578 3498 2655; baseline -0.009 -8"><span class='ocrx_word' id='word_1_412' title='bbox 1916 2593 2115 2646; x_wconf 89' lang='lat' dir='ltr'><strong>tnimus</strong></span> <span class='ocrx_word' id='word_1_413' title='bbox 2161 2599 2216 2646; x_wconf 90' lang='lat' dir='ltr'><strong>et</strong></span> <span class='ocrx_word' id='word_1_414' title='bbox 2261 2591 2511 2655; x_wconf 89' lang='lat' dir='ltr'><strong>vitamus,</strong></span> <span class='ocrx_word' id='word_1_415' title='bbox 2555 2587 2681 2641; x_wconf 90' lang='lat' dir='ltr'><strong>inde</strong></span> <span class='ocrx_word' id='word_1_416' title='bbox 2721 2585 2874 2640; x_wconf 90' lang='lat' dir='ltr'><strong>nobis</strong></span> <span class='ocrx_word' id='word_1_417' title='bbox 2923 2578 3368 2638; x_wconf 89' lang='lat' dir='ltr'><strong>considerandum</strong></span> <span class='ocrx_word' id='word_1_418' title='bbox 3415 2583 3498 2632; x_wconf 83' lang='lat' dir='ltr'><strong>est</strong></span> 
     </span>
    </p>
   </div>
   <div class='ocr_carea' id='block_1_57' title="bbox 1915 2664 3496 2751">
    <p class='ocr_par' dir='ltr' id='par_1_57' title="bbox 1915 2664 3496 2751">
     <span class='ocr_line' id='line_1_57' title="bbox 1915 2664 3496 2751; baseline -0.011 -15"><span class='ocrx_word' id='word_1_419' title='bbox 1915 2690 2174 2751; x_wconf 91' lang='lat' dir='ltr'><strong>quantum</strong></span> <span class='ocrx_word' id='word_1_420' title='bbox 2204 2694 2398 2748; x_wconf 34' lang='lat' dir='ltr'><strong>pinnas.</strong></span> <span class='ocrx_word' id='word_1_421' title='bbox 2419 2685 2650 2731; x_wconf 68' lang='lat' dir='ltr'><strong>asternas</strong></span> <span class='ocrx_word' id='word_1_422' title='bbox 2676 2675 2860 2741; x_wconf 82' lang='lat' dir='ltr'><strong>fugere</strong></span> <span class='ocrx_word' id='word_1_423' title='bbox 2879 2672 3190 2726; x_wconf 89' lang='lat' dir='ltr'><strong>debeamus.</strong></span> <span class='ocrx_word' id='word_1_424' title='bbox 3249 2664 3496 2720; x_wconf 87' lang='lat' dir='ltr'><strong>Decline—</strong></span> 
     </span>
    </p>
   </div>
   <div class='ocr_carea' id='block_1_58' title="bbox 1917 2757 3498 2840">
    <p class='ocr_par' dir='ltr' id='par_1_58' title="bbox 1917 2757 3498 2840">
     <span class='ocr_line' id='line_1_58' title="bbox 1917 2757 3498 2840; baseline -0.013 -13"><span class='ocrx_word' id='word_1_425' title='bbox 1917 2787 2033 2827; x_wconf 90' lang='lat' dir='ltr'><strong>mus</strong></span> <span class='ocrx_word' id='word_1_426' title='bbox 2055 2786 2183 2840; x_wconf 85' lang='lat' dir='ltr'><strong>ergo</strong></span> <span class='ocrx_word' id='word_1_427' title='bbox 2206 2786 2238 2824; x_wconf 89' lang='lat' dir='ltr'><strong>a</strong></span> <span class='ocrx_word' id='word_1_428' title='bbox 2263 2769 2441 2833; x_wconf 87' lang='lat' dir='ltr'><strong>malis,</strong></span> <span class='ocrx_word' id='word_1_429' title='bbox 2472 2775 2526 2821; x_wconf 90' lang='lat' dir='ltr'><strong>et</strong></span> <span class='ocrx_word' id='word_1_430' title='bbox 2552 2766 2808 2820; x_wconf 87' lang='lat' dir='ltr'><strong>faciamus</strong></span> <span class='ocrx_word' id='word_1_431' title='bbox 2830 2763 2972 2816; x_wconf 90' lang='lat' dir='ltr'><strong>bona</strong></span> <span class='ocrx_word' id='word_1_432' title='bbox 3005 2779 3017 2813; x_wconf 92' lang='lat'><strong>:</strong></span> <span class='ocrx_word' id='word_1_433' title='bbox 3073 2761 3177 2814; x_wconf 91' lang='lat' dir='ltr'><strong>hoc</strong></span> <span class='ocrx_word' id='word_1_434' title='bbox 3204 2757 3346 2812; x_wconf 91' lang='lat' dir='ltr'><strong>enim</strong></span> <span class='ocrx_word' id='word_1_435' title='bbox 3376 2769 3498 2810; x_wconf 92' lang='lat' dir='ltr'><strong>om-</strong></span> 
     </span>
    </p>
   </div>
   <div class='ocr_carea' id='block_1_59' title="bbox 1916 2845 3499 2923">
    <p class='ocr_par' dir='ltr' id='par_1_59' title="bbox 1916 2845 3499 2923">
     <span class='ocr_line' id='line_1_59' title="bbox 1916 2845 3499 2923; baseline -0.011 -6"><span class='ocrx_word' id='word_1_436' title='bbox 1916 2864 2001 2919; x_wconf 82' lang='lat' dir='ltr'><strong>nis</strong></span> <span class='ocrx_word' id='word_1_437' title='bbox 2051 2863 2215 2916; x_wconf 90' lang='lat' dir='ltr'><strong>homo</strong></span> <span class='ocrx_word' id='word_1_438' title='bbox 2263 2858 2501 2913; x_wconf 88' lang='lat' dir='ltr'><strong>inveniet</strong></span> <span class='ocrx_word' id='word_1_439' title='bbox 2545 2857 2601 2910; x_wconf 88' lang='lat' dir='ltr'><strong>in</strong></span> <span class='ocrx_word' id='word_1_440' title='bbox 2633 2857 2875 2923; x_wconf 86' lang='lat' dir='ltr'><strong>tempore</strong></span> <span class='ocrx_word' id='word_1_441' title='bbox 2917 2851 3110 2906; x_wconf 63' lang='lat' dir='ltr'><strong>divinae</strong></span> <span class='ocrx_word' id='word_1_442' title='bbox 3133 2845 3499 2903; x_wconf 89' lang='lat' dir='ltr'><strong>retributionis</strong></span> 
     </span>
    </p>
   </div>
   <div class='ocr_carea' id='block_1_60' title="bbox 1918 2939 3496 3023">
    <p class='ocr_par' dir='ltr' id='par_1_60' title="bbox 1918 2939 3496 3023">
     <span class='ocr_line' id='line_1_60' title="bbox 1918 2939 3496 3023; baseline -0.013 -13"><span class='ocrx_word' id='word_1_443' title='bbox 1918 2954 2061 3023; x_wconf 91' lang='lat' dir='ltr'><strong>quod</strong></span> <span class='ocrx_word' id='word_1_444' title='bbox 2085 2953 2173 3007; x_wconf 91' lang='lat' dir='ltr'><strong>hic</strong></span> <span class='ocrx_word' id='word_1_445' title='bbox 2194 2951 2446 3008; x_wconf 87' lang='lat' dir='ltr'><strong>habuerit</strong></span> <span class='ocrx_word' id='word_1_446' title='bbox 2473 2950 2529 3003; x_wconf 88' lang='lat' dir='ltr'><strong>in</strong></span> <span class='ocrx_word' id='word_1_447' title='bbox 2549 2948 2803 3017; x_wconf 89' lang='lat' dir='ltr'><strong>operibus</strong></span> <span class='ocrx_word' id='word_1_448' title='bbox 2814 2946 2945 3009; x_wconf 88' lang='lat' dir='ltr'><strong>suis,</strong></span> <span class='ocrx_word' id='word_1_449' title='bbox 2970 2944 3183 2998; x_wconf 90' lang='lat' dir='ltr'><strong>dicente</strong></span> <span class='ocrx_word' id='word_1_450' title='bbox 3204 2939 3496 3010; x_wconf 85' lang='lat' dir='ltr'><strong>Apostolo:</strong></span> 
     </span>
    </p>
   </div>
   <div class='ocr_carea' id='block_1_61' title="bbox 1923 3034 3498 3114">
    <p class='ocr_par' dir='ltr' id='par_1_61' title="bbox 1923 3034 3498 3114">
     <span class='ocr_line' id='line_1_61' title="bbox 1923 3034 3498 3114; baseline -0.011 -16"><span class='ocrx_word' id='word_1_451' title='bbox 1923 3043 2247 3114; x_wconf 67' lang='lat' dir='ltr'><strong>Quaecunque</strong></span> <span class='ocrx_word' id='word_1_452' title='bbox 2293 3043 2428 3095; x_wconf 85' lang='lat' dir='ltr'><strong>enim</strong></span> <span class='ocrx_word' id='word_1_453' title='bbox 2481 3038 2808 3093; x_wconf 72' lang='lat' dir='ltr'><strong>seminaverit</strong></span> <span class='ocrx_word' id='word_1_454' title='bbox 2856 3037 3031 3101; x_wconf 82' lang='lat' dir='ltr'><strong>homo,</strong></span> <span class='ocrx_word' id='word_1_455' title='bbox 3075 3034 3181 3087; x_wconf 64' lang='lat' dir='ltr'><strong>hac</strong></span> <span class='ocrx_word' id='word_1_456' title='bbox 3231 3040 3278 3085; x_wconf 89' lang='lat' dir='ltr'><strong>et</strong></span> <span class='ocrx_word' id='word_1_457' title='bbox 3308 3040 3498 3101; x_wconf 80' lang='lat' dir='ltr'><strong>metet:</strong></span> 
     </span>
    </p>
   </div>
   <div class='ocr_carea' id='block_1_62' title="bbox 231 3115 3502 3210">
    <p class='ocr_par' dir='ltr' id='par_1_62' title="bbox 231 3115 3502 3210">
     <span class='ocr_line' id='line_1_62' title="bbox 231 3115 3502 3210; baseline 0.002 -44"><span class='ocrx_word' id='word_1_458' title='bbox 231 3122 415 3210; x_wconf 74' lang='lat' dir='ltr'><strong>turum</strong></span> <span class='ocrx_word' id='word_1_459' title='bbox 439 3115 757 3171; x_wconf 53' lang='lat' dir='ltr'><strong>mirabiliter</strong></span> <span class='ocrx_word' id='word_1_460' title='bbox 783 3120 1116 3188; x_wconf 64' lang='grc' dir='ltr'><strong>Ρΐίθεείθδθῑο</strong></span> <span class='ocrx_word' id='word_1_461' title='bbox 1147 3121 1257 3176; x_wconf 67' lang='lat' dir='ltr'><strong>Nec</strong></span> <span class='ocrx_word' id='word_1_462' title='bbox 1285 3123 1364 3178; x_wconf 78' lang='grc' dir='ltr'>5ίο</span> <span class='ocrx_word' id='word_1_463' title='bbox 1387 3123 1475 3177; x_wconf 70' lang='lat' dir='ltr'><strong>illa</strong></span> <span class='ocrx_word' id='word_1_464' title='bbox 1495 3123 1639 3188; x_wconf 68' lang='grc' dir='ltr'><strong>Ῑεοίῐν</strong></span> <span class='ocrx_word' id='word_1_465' title='bbox 1672 3133 1726 3179; x_wconf 80' lang='grc' dir='ltr'><strong>υί</strong></span> <span class='ocrx_word' id='word_1_466' title='bbox 1749 3139 1812 3180; x_wconf 75' lang='lat' dir='ltr'><strong>ea</strong></span> <span class='ocrx_word' id='word_1_467' title='bbox 1843 3150 1887 3210; x_wconf 70' lang='grc' dir='ltr'><strong>ρ</strong></span> <span class='ocrx_word' id='word_1_468' title='bbox 1919 3138 2161 3208; x_wconf 85' lang='lat' dir='ltr'><strong>quoniam</strong></span> <span class='ocrx_word' id='word_1_469' title='bbox 2201 3135 2287 3205; x_wconf 89' lang='lat' dir='ltr'><strong>qui</strong></span> <span class='ocrx_word' id='word_1_470' title='bbox 2309 3133 2530 3186; x_wconf 77' lang='lat' dir='ltr'><strong>seminat</strong></span> <span class='ocrx_word' id='word_1_471' title='bbox 2555 3133 2609 3183; x_wconf 89' lang='lat' dir='ltr'><strong>in</strong></span> <span class='ocrx_word' id='word_1_472' title='bbox 2639 3145 2795 3183; x_wconf 85' lang='lat' dir='ltr'><strong>carne</strong></span> <span class='ocrx_word' id='word_1_473' title='bbox 2823 3145 2938 3192; x_wconf 84' lang='lat' dir='ltr'><strong>sua,</strong></span> <span class='ocrx_word' id='word_1_474' title='bbox 2967 3126 3031 3178; x_wconf 86' lang='lat' dir='ltr'><strong>de</strong></span> <span class='ocrx_word' id='word_1_475' title='bbox 3058 3141 3210 3177; x_wconf 84' lang='lat' dir='ltr'><strong>carne</strong></span> <span class='ocrx_word' id='word_1_476' title='bbox 3231 3131 3382 3175; x_wconf 81' lang='lat' dir='ltr'><strong>metet</strong></span> <span class='ocrx_word' id='word_1_477' title='bbox 3396 3137 3502 3175; x_wconf 88' lang='lat' dir='ltr'><strong>cor-</strong></span> 
     </span>
    </p>
   </div>
   <div class='ocr_carea' id='block_1_63' title="bbox 230 3203 1809 3284">
    <p class='ocr_par' dir='ltr' id='par_1_63' title="bbox 230 3203 1809 3284">
     <span class='ocr_line' id='line_1_63' title="bbox 230 3203 1809 3284; baseline 0.008 -27"><span class='ocrx_word' id='word_1_478' title='bbox 230 3203 400 3284; x_wconf 85' lang='lat' dir='ltr'><strong>homo</strong></span> <span class='ocrx_word' id='word_1_479' title='bbox 423 3214 549 3260; x_wconf 87' lang='lat' dir='ltr'><strong>ante</strong></span> <span class='ocrx_word' id='word_1_480' title='bbox 571 3217 868 3276; x_wconf 87' lang='lat' dir='ltr'><strong>peccatum,</strong></span> <span class='ocrx_word' id='word_1_481' title='bbox 896 3211 980 3264; x_wconf 90' lang='lat' dir='ltr'><strong>vel</strong></span> <span class='ocrx_word' id='word_1_482' title='bbox 1002 3213 1225 3266; x_wconf 91' lang='lat' dir='ltr'><strong>sentiret</strong></span> <span class='ocrx_word' id='word_1_483' title='bbox 1245 3214 1429 3278; x_wconf 88' lang='lat' dir='ltr'><strong>noxia,</strong></span> <span class='ocrx_word' id='word_1_484' title='bbox 1460 3213 1547 3268; x_wconf 90' lang='lat' dir='ltr'><strong>vel</strong></span> <span class='ocrx_word' id='word_1_485' title='bbox 1576 3215 1809 3270; x_wconf 87' lang='lat' dir='ltr'><strong>timeret.</strong></span> 
     </span>
    </p>
   </div>
   <div class='ocr_carea' id='block_1_64' title="bbox 229 3292 1817 3375">
    <p class='ocr_par' dir='ltr' id='par_1_64' title="bbox 229 3292 1817 3375">
     <span class='ocr_line' id='line_1_64' title="bbox 229 3292 1817 3375; baseline 0.006 -26"><span class='ocrx_word' id='word_1_486' title='bbox 229 3297 316 3350; x_wconf 78' lang='lat' dir='ltr'><strong>Sic</strong></span> <span class='ocrx_word' id='word_1_487' title='bbox 331 3297 489 3351; x_wconf 89' lang='lat' dir='ltr'><strong>enim</strong></span> <span class='ocrx_word' id='word_1_488' title='bbox 513 3313 632 3352; x_wconf 90' lang='lat' dir='ltr'><strong>eum</strong></span> <span class='ocrx_word' id='word_1_489' title='bbox 651 3299 846 3354; x_wconf 91' lang='lat' dir='ltr'><strong>nullius</strong></span> <span class='ocrx_word' id='word_1_490' title='bbox 866 3292 1064 3356; x_wconf 77' lang='lat' dir='ltr'><strong>terreni</strong></span> <span class='ocrx_word' id='word_1_491' title='bbox 1085 3303 1369 3358; x_wconf 89' lang='lat' dir='ltr'><strong>animantis</strong></span> <span class='ocrx_word' id='word_1_492' title='bbox 1389 3303 1584 3360; x_wconf 64' lang='lat' dir='ltr'><strong>lasdere</strong></span> <span class='ocrx_word' id='word_1_493' title='bbox 1604 3313 1817 3375; x_wconf 88' lang='lat' dir='ltr'><strong>poterat</strong></span> 
     </span>
    </p>
   </div>
   <div class='ocr_carea' id='block_1_65' title="bbox 231 3388 1816 3461">
    <p class='ocr_par' dir='ltr' id='par_1_65' title="bbox 231 3388 1816 3461">
     <span class='ocr_line' id='line_1_65' title="bbox 231 3388 1816 3461; baseline 0.009 -24"><span class='ocrx_word' id='word_1_494' title='bbox 231 3388 468 3454; x_wconf 86' lang='lat' dir='ltr'><strong>quilibet</strong></span> <span class='ocrx_word' id='word_1_495' title='bbox 492 3397 674 3457; x_wconf 90' lang='lat' dir='ltr'><strong>actus,</strong></span> <span class='ocrx_word' id='word_1_496' title='bbox 713 3390 855 3446; x_wconf 90' lang='lat' dir='ltr'><strong>sicut</strong></span> <span class='ocrx_word' id='word_1_497' title='bbox 883 3392 998 3461; x_wconf 93' lang='lat' dir='ltr'><strong>ipse</strong></span> <span class='ocrx_word' id='word_1_498' title='bbox 1024 3399 1338 3448; x_wconf 91' lang='lat' dir='ltr'><strong>cunctorum</strong></span> <span class='ocrx_word' id='word_1_499' title='bbox 1367 3396 1543 3449; x_wconf 84' lang='lat' dir='ltr'><strong>fuerat</strong></span> <span class='ocrx_word' id='word_1_500' title='bbox 1569 3396 1816 3452; x_wconf 90' lang='lat' dir='ltr'><strong>dominus</strong></span> 
     </span>
    </p>
   </div>
   <div class='ocr_carea' id='block_1_66' title="bbox 230 3475 1816 3552">
    <p class='ocr_par' dir='ltr' id='par_1_66' title="bbox 230 3475 1816 3552">
     <span class='ocr_line' id='line_1_66' title="bbox 230 3475 1816 3552; baseline 0.007 -23"><span class='ocrx_word' id='word_1_501' title='bbox 230 3475 420 3531; x_wconf 76' lang='lat' dir='ltr'><strong>divino</strong></span> <span class='ocrx_word' id='word_1_502' title='bbox 450 3493 673 3534; x_wconf 89' lang='lat' dir='ltr'><strong>munere</strong></span> <span class='ocrx_word' id='word_1_503' title='bbox 701 3481 1040 3536; x_wconf 89' lang='lat' dir='ltr'><strong>constitutus.</strong></span> <span class='ocrx_word' id='word_1_504' title='bbox 1066 3481 1190 3538; x_wconf 73' lang='lat' dir='ltr'><strong>Haec</strong></span> <span class='ocrx_word' id='word_1_505' title='bbox 1219 3483 1400 3552; x_wconf 88' lang='lat' dir='ltr'><strong>itaque</strong></span> <span class='ocrx_word' id='word_1_506' title='bbox 1430 3485 1631 3539; x_wconf 91' lang='lat' dir='ltr'><strong>homini</strong></span> <span class='ocrx_word' id='word_1_507' title='bbox 1656 3486 1816 3540; x_wconf 81' lang='lat' dir='ltr'><strong>noxia</strong></span> 
     </span>
    </p>
   </div>
   <div class='ocr_carea' id='block_1_67' title="bbox 231 3569 1813 3642">
    <p class='ocr_par' dir='ltr' id='par_1_67' title="bbox 231 3569 1813 3642">
     <span class='ocr_line' id='line_1_67' title="bbox 231 3569 1813 3642; baseline 0.006 -23"><span class='ocrx_word' id='word_1_508' title='bbox 231 3575 400 3642; x_wconf 73' lang='lat' dir='ltr'><strong>atque</strong></span> <span class='ocrx_word' id='word_1_509' title='bbox 450 3569 755 3637; x_wconf 87' lang='lat' dir='ltr'><strong>perniciosa</strong></span> <span class='ocrx_word' id='word_1_510' title='bbox 805 3572 1159 3638; x_wconf 86' lang='lat' dir='ltr'><strong>transgressio</strong></span> <span class='ocrx_word' id='word_1_511' title='bbox 1203 3572 1330 3628; x_wconf 91' lang='lat' dir='ltr'><strong>fecit</strong></span> <span class='ocrx_word' id='word_1_512' title='bbox 1370 3573 1538 3642; x_wconf 89' lang='lat' dir='ltr'><strong>ipsius</strong></span> <span class='ocrx_word' id='word_1_513' title='bbox 1565 3574 1813 3639; x_wconf 90' lang='lat' dir='ltr'><strong>hominis,</strong></span> 
     </span>
    </p>
   </div>
   <div class='ocr_carea' id='block_1_68' title="bbox 230 3657 1820 3734">
    <p class='ocr_par' dir='ltr' id='par_1_68' title="bbox 230 3657 1820 3734">
     <span class='ocr_line' id='line_1_68' title="bbox 230 3657 1820 3734; baseline 0.005 -24"><span class='ocrx_word' id='word_1_514' title='bbox 230 3672 339 3711; x_wconf 91' lang='lat' dir='ltr'><strong>non</strong></span> <span class='ocrx_word' id='word_1_515' title='bbox 385 3657 633 3713; x_wconf 90' lang='lat' dir='ltr'><strong>conditio</strong></span> <span class='ocrx_word' id='word_1_516' title='bbox 658 3658 949 3718; x_wconf 88' lang='lat' dir='ltr'><strong>Creatoris.</strong></span> <span class='ocrx_word' id='word_1_517' title='bbox 978 3661 1162 3731; x_wconf 81' lang='lat' dir='ltr'><strong>Neque</strong></span> <span class='ocrx_word' id='word_1_518' title='bbox 1187 3664 1330 3717; x_wconf 91' lang='lat' dir='ltr'><strong>enim</strong></span> <span class='ocrx_word' id='word_1_519' title='bbox 1356 3664 1462 3718; x_wconf 90' lang='lat' dir='ltr'><strong>hoc</strong></span> <span class='ocrx_word' id='word_1_520' title='bbox 1489 3672 1709 3734; x_wconf 87' lang='lat' dir='ltr'><strong>operata</strong></span> <span class='ocrx_word' id='word_1_521' title='bbox 1737 3673 1820 3720; x_wconf 91' lang='lat' dir='ltr'><strong>est</strong></span> 
     </span>
    </p>
   </div>
   <div class='ocr_carea' id='block_1_69' title="bbox 231 3746 1533 3823">
    <p class='ocr_par' dir='ltr' id='par_1_69' title="bbox 231 3746 1533 3823">
     <span class='ocr_line' id='line_1_69' title="bbox 231 3746 1533 3823; baseline 0.005 -21"><span class='ocrx_word' id='word_1_522' title='bbox 231 3746 548 3817; x_wconf 75' lang='lat' dir='ltr'><strong>benignitas</strong></span> <span class='ocrx_word' id='word_1_523' title='bbox 574 3752 827 3817; x_wconf 85' lang='lat' dir='ltr'><strong>creantis,</strong></span> <span class='ocrx_word' id='word_1_524' title='bbox 858 3752 954 3807; x_wconf 92' lang='lat' dir='ltr'><strong>sed</strong></span> <span class='ocrx_word' id='word_1_525' title='bbox 980 3754 1202 3822; x_wconf 74' lang='lat' dir='ltr'><strong>:equitas</strong></span> <span class='ocrx_word' id='word_1_526' title='bbox 1225 3753 1533 3823; x_wconf 88' lang='lat' dir='ltr'><strong>judicantis.</strong></span> 
     </span>
    </p>
   </div>
   <div class='ocr_carea' id='block_1_70' title="bbox 303 3839 1821 3914">
    <p class='ocr_par' dir='ltr' id='par_1_70' title="bbox 303 3839 1821 3914">
     <span class='ocr_line' id='line_1_70' title="bbox 303 3839 1821 3914; baseline 0.007 -23"><span class='ocrx_word' id='word_1_527' title='bbox 303 3839 402 3893; x_wconf 81' lang='grc'><strong>55.</strong></span> <span class='ocrx_word' id='word_1_528' title='bbox 436 3839 681 3897; x_wconf 76' lang='lat' dir='ltr'><strong>lllavero</strong></span> <span class='ocrx_word' id='word_1_529' title='bbox 705 3857 824 3912; x_wconf 71' lang='lat' dir='ltr'><strong>qua:</strong></span> <span class='ocrx_word' id='word_1_530' title='bbox 851 3842 921 3898; x_wconf 88' lang='lat' dir='ltr'><strong>de</strong></span> <span class='ocrx_word' id='word_1_531' title='bbox 945 3845 1291 3914; x_wconf 87' lang='lat' dir='ltr'><strong>corruptione</strong></span> <span class='ocrx_word' id='word_1_532' title='bbox 1315 3846 1554 3901; x_wconf 90' lang='lat' dir='ltr'><strong>carnium</strong></span> <span class='ocrx_word' id='word_1_533' title='bbox 1581 3845 1821 3901; x_wconf 90' lang='lat' dir='ltr'><strong>videmus</strong></span> 
     </span>
    </p>
   </div>
   <div class='ocr_carea' id='block_1_71' title="bbox 231 3927 1823 4003">
    <p class='ocr_par' dir='ltr' id='par_1_71' title="bbox 231 3927 1823 4003">
     <span class='ocr_line' id='line_1_71' title="bbox 231 3927 1823 4003; baseline 0.006 -22"><span class='ocrx_word' id='word_1_534' title='bbox 231 3928 366 4003; x_wconf 83' lang='lat' dir='ltr'><strong>oriri</strong></span> <span class='ocrx_word' id='word_1_535' title='bbox 397 3928 489 3980; x_wconf 87' lang='lat' dir='ltr'><strong>vel</strong></span> <span class='ocrx_word' id='word_1_536' title='bbox 518 3927 806 3994; x_wconf 86' lang='lat' dir='ltr'><strong>fructuum,</strong></span> <span class='ocrx_word' id='word_1_537' title='bbox 848 3947 955 3986; x_wconf 91' lang='lat' dir='ltr'><strong>non</strong></span> <span class='ocrx_word' id='word_1_538' title='bbox 995 3933 1209 4001; x_wconf 86' lang='lat' dir='ltr'><strong>quidem</strong></span> <span class='ocrx_word' id='word_1_539' title='bbox 1238 3941 1367 3989; x_wconf 90' lang='lat' dir='ltr'><strong>tunc</strong></span> <span class='ocrx_word' id='word_1_540' title='bbox 1390 3933 1616 3991; x_wconf 89' lang='lat' dir='ltr'><strong>dicimus</strong></span> <span class='ocrx_word' id='word_1_541' title='bbox 1655 3937 1823 3991; x_wconf 79' lang='lat' dir='ltr'><strong>exsti-</strong></span> 
     </span>
    </p>
   </div>
   <div class='ocr_carea' id='block_1_72' title="bbox 233 4020 1822 4088">
    <p class='ocr_par' dir='ltr' id='par_1_72' title="bbox 233 4020 1822 4088">
     <span class='ocr_line' id='line_1_72' title="bbox 233 4020 1822 4088; baseline 0.005 -14"><span class='ocrx_word' id='word_1_542' title='bbox 233 4020 366 4077; x_wconf 88' lang='lat' dir='ltr'><strong>tisse</strong></span> <span class='ocrx_word' id='word_1_543' title='bbox 395 4020 620 4088; x_wconf 87' lang='lat' dir='ltr'><strong>quando</strong></span> <span class='ocrx_word' id='word_1_544' title='bbox 639 4022 695 4077; x_wconf 91' lang='lat' dir='ltr'><strong>in</strong></span> <span class='ocrx_word' id='word_1_545' title='bbox 724 4023 825 4077; x_wconf 88' lang='lat' dir='ltr'><strong>illis</strong></span> <span class='ocrx_word' id='word_1_546' title='bbox 850 4039 944 4079; x_wconf 82' lang='lat' dir='ltr'><strong>sex</strong></span> <span class='ocrx_word' id='word_1_547' title='bbox 967 4024 1154 4079; x_wconf 91' lang='lat' dir='ltr'><strong>diebus</strong></span> <span class='ocrx_word' id='word_1_548' title='bbox 1175 4025 1300 4081; x_wconf 89' lang='lat' dir='ltr'><strong>fecit</strong></span> <span class='ocrx_word' id='word_1_549' title='bbox 1322 4027 1462 4082; x_wconf 90' lang='lat' dir='ltr'><strong>Deus</strong></span> <span class='ocrx_word' id='word_1_550' title='bbox 1483 4027 1661 4082; x_wconf 88' lang='lat' dir='ltr'><strong>omnia</strong></span> <span class='ocrx_word' id='word_1_551' title='bbox 1680 4027 1822 4082; x_wconf 90' lang='lat' dir='ltr'><strong>bona</strong></span> 
     </span>
    </p>
   </div>
   <div class='ocr_carea' id='block_1_73' title="bbox 231 4111 1823 4186">
    <p class='ocr_par' dir='ltr' id='par_1_73' title="bbox 231 4111 1823 4186">
     <span class='ocr_line' id='line_1_73' title="bbox 231 4111 1823 4186; baseline 0.007 -22"><span class='ocrx_word' id='word_1_552' title='bbox 231 4111 400 4166; x_wconf 87' lang='lat' dir='ltr'><strong>valde</strong></span> <span class='ocrx_word' id='word_1_553' title='bbox 427 4127 443 4175; x_wconf 91' lang='lat'><strong>;</strong></span> <span class='ocrx_word' id='word_1_554' title='bbox 473 4112 571 4166; x_wconf 89' lang='lat' dir='ltr'><strong>sed</strong></span> <span class='ocrx_word' id='word_1_555' title='bbox 596 4113 674 4168; x_wconf 89' lang='lat' dir='ltr'><strong>sic</strong></span> <span class='ocrx_word' id='word_1_556' title='bbox 693 4113 780 4167; x_wconf 91' lang='lat' dir='ltr'><strong>illa</strong></span> <span class='ocrx_word' id='word_1_557' title='bbox 811 4117 1178 4184; x_wconf 89' lang='lat' dir='ltr'><strong>temporaliter</strong></span> <span class='ocrx_word' id='word_1_558' title='bbox 1205 4116 1344 4173; x_wconf 85' lang='lat' dir='ltr'><strong>facta</strong></span> <span class='ocrx_word' id='word_1_559' title='bbox 1373 4127 1516 4186; x_wconf 91' lang='lat' dir='ltr'><strong>sunt,</strong></span> <span class='ocrx_word' id='word_1_560' title='bbox 1545 4127 1605 4173; x_wconf 93' lang='lat' dir='ltr'><strong>ut</strong></span> <span class='ocrx_word' id='word_1_561' title='bbox 1623 4119 1692 4174; x_wconf 90' lang='lat' dir='ltr'><strong>de</strong></span> <span class='ocrx_word' id='word_1_562' title='bbox 1719 4120 1823 4175; x_wconf 90' lang='lat' dir='ltr'><strong>illis</strong></span> 
     </span>
    </p>
   </div>
   <div class='ocr_carea' id='block_1_74' title="bbox 234 4201 1823 4285">
    <p class='ocr_par' dir='ltr' id='par_1_74' title="bbox 234 4201 1823 4285">
     <span class='ocr_line' id='line_1_74' title="bbox 234 4201 1823 4285; baseline 0.009 -32"><span class='ocrx_word' id='word_1_563' title='bbox 234 4201 338 4254; x_wconf 86' lang='lat' dir='ltr'><strong>ista</strong></span> <span class='ocrx_word' id='word_1_564' title='bbox 360 4202 714 4285; x_wconf 72' lang='lat' dir='ltr'><strong>postmodum</strong></span> <span class='ocrx_word' id='word_1_565' title='bbox 743 4214 1108 4261; x_wconf 90' lang='lat' dir='ltr'><strong>nascerentur.</strong></span> <span class='ocrx_word' id='word_1_566' title='bbox 1140 4207 1219 4262; x_wconf 83' lang='lat' dir='ltr'><strong>Ad</strong></span> <span class='ocrx_word' id='word_1_567' title='bbox 1245 4223 1404 4278; x_wconf 88' lang='lat' dir='ltr'><strong>quam</strong></span> <span class='ocrx_word' id='word_1_568' title='bbox 1425 4213 1823 4281; x_wconf 90' lang='lat' dir='ltr'><strong>corruptionem</strong></span> 
     </span>
    </p>
   </div>
   <div class='ocr_carea' id='block_1_75' title="bbox 234 4290 1824 4374">
    <p class='ocr_par' dir='ltr' id='par_1_75' title="bbox 234 4290 1824 4374">
     <span class='ocr_line' id='line_1_75' title="bbox 234 4290 1824 4374; baseline 0.01 -32"><span class='ocrx_word' id='word_1_569' title='bbox 234 4291 408 4363; x_wconf 77' lang='lat' dir='ltr'><strong>etiam</strong></span> <span class='ocrx_word' id='word_1_570' title='bbox 435 4290 668 4346; x_wconf 88' lang='lat' dir='ltr'><strong>humana</strong></span> <span class='ocrx_word' id='word_1_571' title='bbox 691 4293 938 4352; x_wconf 88' lang='lat' dir='ltr'><strong>devoluta</strong></span> <span class='ocrx_word' id='word_1_572' title='bbox 963 4305 1047 4352; x_wconf 90' lang='lat' dir='ltr'><strong>est</strong></span> <span class='ocrx_word' id='word_1_573' title='bbox 1067 4314 1214 4364; x_wconf 90' lang='lat' dir='ltr'><strong>caro,</strong></span> <span class='ocrx_word' id='word_1_574' title='bbox 1237 4301 1450 4368; x_wconf 89' lang='lat' dir='ltr'><strong>quando</strong></span> <span class='ocrx_word' id='word_1_575' title='bbox 1471 4303 1548 4358; x_wconf 90' lang='lat' dir='ltr'><strong>sic</strong></span> <span class='ocrx_word' id='word_1_576' title='bbox 1568 4305 1824 4374; x_wconf 90' lang='lat' dir='ltr'><strong>scriptum</strong></span> 
     </span>
    </p>
   </div>
   <div class='ocr_carea' id='block_1_76' title="bbox 235 4381 1826 4458">
    <p class='ocr_par' dir='ltr' id='par_1_76' title="bbox 235 4381 1826 4458">
     <span class='ocr_line' id='line_1_76' title="bbox 235 4381 1826 4458; baseline 0.008 -21"><span class='ocrx_word' id='word_1_577' title='bbox 235 4391 321 4437; x_wconf 88' lang='lat' dir='ltr'><strong>est</strong></span> <span class='ocrx_word' id='word_1_578' title='bbox 354 4401 368 4434; x_wconf 92' lang='lat'>:</span> <span class='ocrx_word' id='word_1_579' title='bbox 407 4381 590 4437; x_wconf 78' lang='lat' dir='ltr'><strong>Homo</strong></span> <span class='ocrx_word' id='word_1_580' title='bbox 613 4399 726 4437; x_wconf 86' lang='lat' dir='ltr'><strong>cum</strong></span> <span class='ocrx_word' id='word_1_581' title='bbox 751 4387 804 4438; x_wconf 88' lang='lat' dir='ltr'><strong>in</strong></span> <span class='ocrx_word' id='word_1_582' title='bbox 833 4388 1026 4441; x_wconf 86' lang='lat' dir='ltr'><strong>honore</strong></span> <span class='ocrx_word' id='word_1_583' title='bbox 1052 4399 1201 4454; x_wconf 81' lang='lat' dir='ltr'><strong>esset,</strong></span> <span class='ocrx_word' id='word_1_584' title='bbox 1246 4408 1349 4445; x_wconf 82' lang='lat' dir='ltr'><strong>non</strong></span> <span class='ocrx_word' id='word_1_585' title='bbox 1376 4393 1658 4458; x_wconf 74' lang='lat' dir='ltr'><strong>intellexit;</strong></span> <span class='ocrx_word' id='word_1_586' title='bbox 1688 4412 1826 4449; x_wconf 85' lang='lat' dir='ltr'><strong>com-</strong></span> 
     </span>
    </p>
   </div>
   <div class='ocr_carea' id='block_1_77' title="bbox 233 4473 1827 4552">
    <p class='ocr_par' dir='ltr' id='par_1_77' title="bbox 233 4473 1827 4552">
     <span class='ocr_line' id='line_1_77' title="bbox 233 4473 1827 4552; baseline 0.009 -30"><span class='ocrx_word' id='word_1_587' title='bbox 233 4479 466 4538; x_wconf 85' lang='lat' dir='ltr'><strong>paratus</strong></span> <span class='ocrx_word' id='word_1_588' title='bbox 495 4479 572 4524; x_wconf 85' lang='lat' dir='ltr'><strong>est</strong></span> <span class='ocrx_word' id='word_1_589' title='bbox 594 4473 841 4544; x_wconf 69' lang='lat' dir='ltr'><strong>jumentis</strong></span> <span class='ocrx_word' id='word_1_590' title='bbox 870 4475 1246 4545; x_wconf 79' lang='lat' dir='ltr'><strong>insipientibus,</strong></span> <span class='ocrx_word' id='word_1_591' title='bbox 1282 4488 1330 4533; x_wconf 86' lang='lat' dir='ltr'><strong>et</strong></span> <span class='ocrx_word' id='word_1_592' title='bbox 1357 4481 1539 4535; x_wconf 86' lang='lat' dir='ltr'><strong>similis</strong></span> <span class='ocrx_word' id='word_1_593' title='bbox 1562 4484 1730 4552; x_wconf 79' lang='lat' dir='ltr'><strong>factus</strong></span> <span class='ocrx_word' id='word_1_594' title='bbox 1750 4493 1827 4537; x_wconf 85' lang='lat' dir='ltr'><strong>est</strong></span> 
     </span>
    </p>
   </div>
   <div class='ocr_carea' id='block_1_78' title="bbox 233 4555 1828 4638">
    <p class='ocr_par' dir='ltr' id='par_1_78' title="bbox 233 4555 1828 4638">
     <span class='ocr_line' id='line_1_78' title="bbox 233 4555 1828 4638; baseline 0.008 -26"><span class='ocrx_word' id='word_1_595' title='bbox 233 4560 344 4614; x_wconf 77' lang='lat' dir='ltr'><strong>illis</strong></span> <span class='ocrx_word' id='word_1_596' title='bbox 372 4560 556 4630; x_wconf 86' lang='lat' dir='ltr'><strong>(Psal.</strong></span> <span class='ocrx_word' id='word_1_597' title='bbox 583 4555 768 4627; x_wconf 59' lang='lat' dir='ltr'><strong>sum,</strong></span> <span class='ocrx_word' id='word_1_598' title='bbox 794 4561 883 4635; x_wconf 76' lang='grc'><strong>15)</strong></span> <span class='ocrx_word' id='word_1_599' title='bbox 911 4581 925 4628; x_wconf 92' lang='grc'>;</span> <span class='ocrx_word' id='word_1_600' title='bbox 969 4575 1028 4619; x_wconf 83' lang='grc' dir='ltr'><strong>ιιι</strong></span> <span class='ocrx_word' id='word_1_601' title='bbox 1047 4565 1155 4633; x_wconf 91' lang='lat' dir='ltr'><strong>jam</strong></span> <span class='ocrx_word' id='word_1_602' title='bbox 1183 4581 1378 4636; x_wconf 89' lang='lat' dir='ltr'><strong>corpus</strong></span> <span class='ocrx_word' id='word_1_603' title='bbox 1405 4572 1702 4638; x_wconf 89' lang='lat' dir='ltr'><strong>peccatoris</strong></span> <span class='ocrx_word' id='word_1_604' title='bbox 1730 4572 1828 4626; x_wconf 87' lang='lat' dir='ltr'><strong>ho-</strong></span> 
     </span>
    </p>
   </div>
   <div class='ocr_carea' id='block_1_79' title="bbox 233 4653 1828 4730">
    <p class='ocr_par' dir='ltr' id='par_1_79' title="bbox 233 4653 1828 4730">
     <span class='ocr_line' id='line_1_79' title="bbox 233 4653 1828 4730; baseline 0.009 -25"><span class='ocrx_word' id='word_1_605' title='bbox 233 4653 411 4708; x_wconf 85' lang='lat' dir='ltr'><strong>minis</strong></span> <span class='ocrx_word' id='word_1_606' title='bbox 449 4655 741 4710; x_wconf 87' lang='lat' dir='ltr'><strong>necessitas</strong></span> <span class='ocrx_word' id='word_1_607' title='bbox 769 4657 1035 4714; x_wconf 90' lang='lat' dir='ltr'><strong>obtineret</strong></span> <span class='ocrx_word' id='word_1_608' title='bbox 1061 4662 1423 4730; x_wconf 89' lang='lat' dir='ltr'><strong>corruptionis</strong></span> <span class='ocrx_word' id='word_1_609' title='bbox 1450 4673 1504 4718; x_wconf 93' lang='lat' dir='ltr'><strong>et</strong></span> <span class='ocrx_word' id='word_1_610' title='bbox 1532 4667 1719 4720; x_wconf 89' lang='lat' dir='ltr'><strong>mortis</strong></span> <span class='ocrx_word' id='word_1_611' title='bbox 1753 4684 1766 4717; x_wconf 87' lang='lat'><strong>:</strong></span> <span class='ocrx_word' id='word_1_612' title='bbox 1797 4681 1828 4720; x_wconf 91' lang='lat' dir='ltr'><strong>a</strong></span> 
     </span>
    </p>
   </div>
   <div class='ocr_carea' id='block_1_80' title="bbox 1917 3212 3503 3295">
    <p class='ocr_par' dir='ltr' id='par_1_80' title="bbox 1917 3212 3503 3295">
     <span class='ocr_line' id='line_1_80' title="bbox 1917 3212 3503 3295; baseline -0.011 -16"><span class='ocrx_word' id='word_1_613' title='bbox 1917 3226 2242 3295; x_wconf 81' lang='lat' dir='ltr'><strong>ruptionem;</strong></span> <span class='ocrx_word' id='word_1_614' title='bbox 2269 3223 2352 3290; x_wconf 87' lang='lat' dir='ltr'><strong>qui</strong></span> <span class='ocrx_word' id='word_1_615' title='bbox 2376 3230 2545 3273; x_wconf 87' lang='lat' dir='ltr'><strong>autem</strong></span> <span class='ocrx_word' id='word_1_616' title='bbox 2570 3218 2894 3281; x_wconf 81' lang='lat' dir='ltr'><strong>seminaverit</strong></span> <span class='ocrx_word' id='word_1_617' title='bbox 2915 3218 2968 3269; x_wconf 85' lang='lat' dir='ltr'><strong>in</strong></span> <span class='ocrx_word' id='word_1_618' title='bbox 2990 3215 3192 3285; x_wconf 87' lang='lat' dir='ltr'><strong>spiritu,</strong></span> <span class='ocrx_word' id='word_1_619' title='bbox 3225 3212 3288 3264; x_wconf 83' lang='lat' dir='ltr'><strong>tle</strong></span> <span class='ocrx_word' id='word_1_620' title='bbox 3316 3212 3503 3280; x_wconf 71' lang='lat' dir='ltr'><strong>Spiritu</strong></span> 
     </span>
    </p>
   </div>
   <div class='ocr_carea' id='block_1_81' title="bbox 1918 3297 3501 3377">
    <p class='ocr_par' dir='ltr' id='par_1_81' title="bbox 1918 3297 3501 3377">
     <span class='ocr_line' id='line_1_81' title="bbox 1918 3297 3501 3377; baseline -0.011 -10"><span class='ocrx_word' id='word_1_621' title='bbox 1918 3323 2069 3367; x_wconf 85' lang='lat' dir='ltr'><strong>metet</strong></span> <span class='ocrx_word' id='word_1_622' title='bbox 2091 3315 2244 3366; x_wconf 83' lang='lat' dir='ltr'><strong>vitam</strong></span> <span class='ocrx_word' id='word_1_623' title='bbox 2270 3319 2520 3365; x_wconf 69' lang='lat' dir='ltr'><strong>aeternam</strong></span> <span class='ocrx_word' id='word_1_624' title='bbox 2548 3307 2690 3377; x_wconf 79' lang='lat' dir='ltr'><strong>(Gal.</strong></span> <span class='ocrx_word' id='word_1_625' title='bbox 2721 3322 2794 3371; x_wconf 75' lang='lat' dir='ltr'><strong>vr,</strong></span> <span class='ocrx_word' id='word_1_626' title='bbox 2825 3305 2902 3372; x_wconf 88' lang='lat'><strong>8).</strong></span> <span class='ocrx_word' id='word_1_627' title='bbox 2936 3301 3160 3370; x_wconf 86' lang='lat' dir='ltr'><strong>Propter</strong></span> <span class='ocrx_word' id='word_1_628' title='bbox 3187 3299 3331 3369; x_wconf 83' lang='lat' dir='ltr'><strong>quod</strong></span> <span class='ocrx_word' id='word_1_629' title='bbox 3360 3297 3501 3352; x_wconf 88' lang='lat' dir='ltr'><strong>idem</strong></span> 
     </span>
    </p>
   </div>
   <div class='ocr_carea' id='block_1_82' title="bbox 1918 3390 3502 3472">
    <p class='ocr_par' dir='ltr' id='par_1_82' title="bbox 1918 3390 3502 3472">
     <span class='ocr_line' id='line_1_82' title="bbox 1918 3390 3502 3472; baseline -0.013 -13"><span class='ocrx_word' id='word_1_630' title='bbox 1918 3402 2306 3472; x_wconf 91' lang='lat' dir='ltr'><strong>nosapostolus</strong></span> <span class='ocrx_word' id='word_1_631' title='bbox 2327 3401 2599 3463; x_wconf 90' lang='lat' dir='ltr'><strong>admonet,</strong></span> <span class='ocrx_word' id='word_1_632' title='bbox 2616 3398 2829 3452; x_wconf 87' lang='lat' dir='ltr'><strong>dicens:</strong></span> <span class='ocrx_word' id='word_1_633' title='bbox 2849 3395 2909 3449; x_wconf 88' lang='lat' dir='ltr'><strong>Si</strong></span> <span class='ocrx_word' id='word_1_634' title='bbox 2938 3395 3073 3446; x_wconf 87' lang='lat' dir='ltr'><strong>enim</strong></span> <span class='ocrx_word' id='word_1_635' title='bbox 3102 3390 3502 3446; x_wconf 84' lang='lat' dir='ltr'><strong>secundumcar-</strong></span> 
     </span>
    </p>
   </div>
   <div class='ocr_carea' id='block_1_83' title="bbox 1918 3478 3502 3556">
    <p class='ocr_par' dir='ltr' id='par_1_83' title="bbox 1918 3478 3502 3556">
     <span class='ocr_line' id='line_1_83' title="bbox 1918 3478 3502 3556; baseline -0.01 -11"><span class='ocrx_word' id='word_1_636' title='bbox 1918 3508 2034 3545; x_wconf 86' lang='lat' dir='ltr'><strong>nem</strong></span> <span class='ocrx_word' id='word_1_637' title='bbox 2060 3492 2310 3556; x_wconf 72' lang='lat' dir='ltr'><strong>vixeritis,</strong></span> <span class='ocrx_word' id='word_1_638' title='bbox 2344 3489 2666 3550; x_wconf 87' lang='lat' dir='ltr'><strong>moriemini;</strong></span> <span class='ocrx_word' id='word_1_639' title='bbox 2687 3487 2733 3539; x_wconf 87' lang='lat' dir='ltr'><strong>si</strong></span> <span class='ocrx_word' id='word_1_640' title='bbox 2762 3493 2930 3537; x_wconf 88' lang='lat' dir='ltr'><strong>autem</strong></span> <span class='ocrx_word' id='word_1_641' title='bbox 2952 3485 3136 3552; x_wconf 86' lang='lat' dir='ltr'><strong>spiritu</strong></span> <span class='ocrx_word' id='word_1_642' title='bbox 3160 3483 3300 3551; x_wconf 80' lang='lat' dir='ltr'><strong>facta</strong></span> <span class='ocrx_word' id='word_1_643' title='bbox 3327 3478 3502 3532; x_wconf 86' lang='lat' dir='ltr'><strong>carnis</strong></span> 
     </span>
    </p>
   </div>
   <div class='ocr_carea' id='block_1_84' title="bbox 1917 3567 3502 3651">
    <p class='ocr_par' dir='ltr' id='par_1_84' title="bbox 1917 3567 3502 3651">
     <span class='ocr_line' id='line_1_84' title="bbox 1917 3567 3502 3651; baseline -0.011 -15"><span class='ocrx_word' id='word_1_644' title='bbox 1917 3580 2371 3651; x_wconf 77' lang='lat' dir='ltr'><strong>mortiﬁcaveritis,</strong></span> <span class='ocrx_word' id='word_1_645' title='bbox 2403 3577 2575 3631; x_wconf 85' lang='lat' dir='ltr'><strong>vivetis</strong></span> <span class='ocrx_word' id='word_1_646' title='bbox 2609 3575 2782 3644; x_wconf 88' lang='lat' dir='ltr'><strong>(Rom.</strong></span> <span class='ocrx_word' id='word_1_647' title='bbox 2806 3589 2919 3639; x_wconf 86' lang='lat' dir='ltr'><strong>vm,</strong></span> <span class='ocrx_word' id='word_1_648' title='bbox 2951 3571 3061 3641; x_wconf 78' lang='grc'><strong>1⁸5).</strong></span> <span class='ocrx_word' id='word_1_649' title='bbox 3095 3571 3193 3624; x_wconf 83' lang='lat' dir='ltr'><strong>Hic</strong></span> <span class='ocrx_word' id='word_1_650' title='bbox 3215 3583 3344 3637; x_wconf 79' lang='lat' dir='ltr'><strong>ergo</strong></span> <span class='ocrx_word' id='word_1_651' title='bbox 3391 3567 3502 3638; x_wconf 87' lang='lat' dir='ltr'><strong>spi-</strong></span> 
     </span>
    </p>
   </div>
   <div class='ocr_carea' id='block_1_85' title="bbox 1917 3662 3502 3730">
    <p class='ocr_par' dir='ltr' id='par_1_85' title="bbox 1917 3662 3502 3730">
     <span class='ocr_line' id='line_1_85' title="bbox 1917 3662 3502 3730; baseline -0.008 -2"><span class='ocrx_word' id='word_1_652' title='bbox 1917 3673 2028 3728; x_wconf 88' lang='lat' dir='ltr'><strong>ritu</strong></span> <span class='ocrx_word' id='word_1_653' title='bbox 2076 3671 2216 3724; x_wconf 87' lang='lat' dir='ltr'><strong>facta</strong></span> <span class='ocrx_word' id='word_1_654' title='bbox 2264 3667 2442 3722; x_wconf 85' lang='lat' dir='ltr'><strong>carnis</strong></span> <span class='ocrx_word' id='word_1_655' title='bbox 2493 3665 2898 3727; x_wconf 88' lang='lat' dir='ltr'><strong>mortiticemus,</strong></span> <span class='ocrx_word' id='word_1_656' title='bbox 2948 3670 3004 3716; x_wconf 92' lang='lat' dir='ltr'><strong>et</strong></span> <span class='ocrx_word' id='word_1_657' title='bbox 3031 3662 3227 3716; x_wconf 89' lang='lat' dir='ltr'><strong>mortui</strong></span> <span class='ocrx_word' id='word_1_658' title='bbox 3255 3668 3502 3730; x_wconf 85' lang='lat' dir='ltr'><strong>peccato,</strong></span> 
     </span>
    </p>
   </div>
   <div class='ocr_carea' id='block_1_86' title="bbox 1918 3754 3502 3824">
    <p class='ocr_par' dir='ltr' id='par_1_86' title="bbox 1918 3754 3502 3824">
     <span class='ocr_line' id='line_1_86' title="bbox 1918 3754 3502 3824; baseline -0.007 -8"><span class='ocrx_word' id='word_1_659' title='bbox 1918 3762 2031 3818; x_wconf 92' lang='lat' dir='ltr'><strong>Deo</strong></span> <span class='ocrx_word' id='word_1_660' title='bbox 2043 3762 2304 3816; x_wconf 87' lang='lat' dir='ltr'><strong>vivamus.</strong></span> <span class='ocrx_word' id='word_1_661' title='bbox 2332 3757 2441 3812; x_wconf 86' lang='lat' dir='ltr'><strong>Nec</strong></span> <span class='ocrx_word' id='word_1_662' title='bbox 2469 3772 2568 3812; x_wconf 92' lang='lat' dir='ltr'><strong>nos</strong></span> <span class='ocrx_word' id='word_1_663' title='bbox 2589 3755 2769 3810; x_wconf 63' lang='lat' dir='ltr'><strong>saeculi</strong></span> <span class='ocrx_word' id='word_1_664' title='bbox 2799 3754 3132 3824; x_wconf 88' lang='lat' dir='ltr'><strong>prosperitas</strong></span> <span class='ocrx_word' id='word_1_665' title='bbox 3170 3760 3502 3823; x_wconf 87' lang='lat' dir='ltr'><strong>corrumpat,</strong></span> 
     </span>
    </p>
   </div>
   <div class='ocr_carea' id='block_1_87' title="bbox 1921 3843 3504 3916">
    <p class='ocr_par' dir='ltr' id='par_1_87' title="bbox 1921 3843 3504 3916">
     <span class='ocr_line' id='line_1_87' title="bbox 1921 3843 3504 3916; baseline -0.007 -7"><span class='ocrx_word' id='word_1_666' title='bbox 1921 3869 2022 3908; x_wconf 90' lang='lat' dir='ltr'><strong>nec</strong></span> <span class='ocrx_word' id='word_1_667' title='bbox 2047 3850 2343 3911; x_wconf 81' lang='lat' dir='ltr'><strong>adversitas</strong></span> <span class='ocrx_word' id='word_1_668' title='bbox 2361 3846 2592 3916; x_wconf 82' lang='lat' dir='ltr'><strong>frangat.</strong></span> <span class='ocrx_word' id='word_1_669' title='bbox 2623 3844 2800 3902; x_wconf 89' lang='lat' dir='ltr'><strong>Corde</strong></span> <span class='ocrx_word' id='word_1_670' title='bbox 2845 3845 3132 3914; x_wconf 85' lang='lat' dir='ltr'><strong>migremus</strong></span> <span class='ocrx_word' id='word_1_671' title='bbox 3179 3844 3248 3898; x_wconf 91' lang='lat' dir='ltr'><strong>de</strong></span> <span class='ocrx_word' id='word_1_672' title='bbox 3291 3843 3504 3898; x_wconf 88' lang='lat' dir='ltr'><strong>habita-</strong></span> 
     </span>
    </p>
   </div>
   <div class='ocr_carea' id='block_1_88' title="bbox 1922 3935 3506 4010">
    <p class='ocr_par' dir='ltr' id='par_1_88' title="bbox 1922 3935 3506 4010">
     <span class='ocr_line' id='line_1_88' title="bbox 1922 3935 3506 4010; baseline -0.006 -12"><span class='ocrx_word' id='word_1_673' title='bbox 1922 3944 2070 3999; x_wconf 90' lang='lat' dir='ltr'><strong>tione</strong></span> <span class='ocrx_word' id='word_1_674' title='bbox 2090 3935 2248 4009; x_wconf 85' lang='lat' dir='ltr'><strong>hujus</strong></span> <span class='ocrx_word' id='word_1_675' title='bbox 2275 3938 2482 4004; x_wconf 87' lang='lat' dir='ltr'><strong>mundi,</strong></span> <span class='ocrx_word' id='word_1_676' title='bbox 2510 3937 2578 3992; x_wconf 89' lang='lat' dir='ltr'><strong>de</strong></span> <span class='ocrx_word' id='word_1_677' title='bbox 2601 3952 2706 4005; x_wconf 90' lang='lat' dir='ltr'><strong>qua</strong></span> <span class='ocrx_word' id='word_1_678' title='bbox 2734 3951 2918 3991; x_wconf 90' lang='lat' dir='ltr'><strong>sumus</strong></span> <span class='ocrx_word' id='word_1_679' title='bbox 2943 3935 3192 4010; x_wconf 87' lang='lat' dir='ltr'><strong>celeriter</strong></span> <span class='ocrx_word' id='word_1_680' title='bbox 3210 3935 3370 3989; x_wconf 90' lang='lat' dir='ltr'><strong>etiam</strong></span> <span class='ocrx_word' id='word_1_681' title='bbox 3393 3949 3506 3989; x_wconf 81' lang='lat' dir='ltr'><strong>cor-</strong></span> 
     </span>
    </p>
   </div>
   <div class='ocr_carea' id='block_1_89' title="bbox 1922 4024 3506 4104">
    <p class='ocr_par' dir='ltr' id='par_1_89' title="bbox 1922 4024 3506 4104">
     <span class='ocr_line' id='line_1_89' title="bbox 1922 4024 3506 4104; baseline -0.006 -17"><span class='ocrx_word' id='word_1_682' title='bbox 1922 4046 2055 4104; x_wconf 90' lang='lat' dir='ltr'><strong>pore</strong></span> <span class='ocrx_word' id='word_1_683' title='bbox 2102 4028 2381 4097; x_wconf 86' lang='lat' dir='ltr'><strong>migraturi</strong></span> <span class='ocrx_word' id='word_1_684' title='bbox 2405 4046 2418 4082; x_wconf 88' lang='lat'><strong>:</strong></span> <span class='ocrx_word' id='word_1_685' title='bbox 2446 4034 2507 4082; x_wconf 88' lang='lat' dir='ltr'><strong>ut</strong></span> <span class='ocrx_word' id='word_1_686' title='bbox 2535 4028 2624 4081; x_wconf 91' lang='lat' dir='ltr'><strong>illa</strong></span> <span class='ocrx_word' id='word_1_687' title='bbox 2654 4042 2754 4082; x_wconf 90' lang='lat' dir='ltr'><strong>nos</strong></span> <span class='ocrx_word' id='word_1_688' title='bbox 2782 4024 3011 4081; x_wconf 77' lang='lat' dir='ltr'><strong>ccelestis</strong></span> <span class='ocrx_word' id='word_1_689' title='bbox 3037 4024 3228 4079; x_wconf 87' lang='lat' dir='ltr'><strong>domus</strong></span> <span class='ocrx_word' id='word_1_690' title='bbox 3255 4024 3506 4093; x_wconf 82' lang='lat' dir='ltr'><strong>excipiat,</strong></span> 
     </span>
    </p>
   </div>
   <div class='ocr_carea' id='block_1_90' title="bbox 1922 4117 3512 4192">
    <p class='ocr_par' dir='ltr' id='par_1_90' title="bbox 1922 4117 3512 4192">
     <span class='ocr_line' id='line_1_90' title="bbox 1922 4117 3512 4192; baseline -0.004 -13"><span class='ocrx_word' id='word_1_691' title='bbox 1922 4125 1989 4180; x_wconf 94' lang='lat' dir='ltr'><strong>de</strong></span> <span class='ocrx_word' id='word_1_692' title='bbox 2019 4138 2123 4192; x_wconf 89' lang='lat' dir='ltr'><strong>qua</strong></span> <span class='ocrx_word' id='word_1_693' title='bbox 2153 4121 2283 4176; x_wconf 89' lang='lat' dir='ltr'><strong>dicit</strong></span> <span class='ocrx_word' id='word_1_694' title='bbox 2327 4120 2618 4191; x_wconf 83' lang='lat' dir='ltr'><strong>Apostolus</strong></span> <span class='ocrx_word' id='word_1_695' title='bbox 2638 4118 2782 4189; x_wconf 89' lang='lat' dir='ltr'><strong>quod</strong></span> <span class='ocrx_word' id='word_1_696' title='bbox 2803 4118 3210 4173; x_wconf 53' lang='lat' dir='ltr'><strong>aediﬁcationem</strong></span> <span class='ocrx_word' id='word_1_697' title='bbox 3251 4117 3512 4172; x_wconf 84' lang='lat' dir='ltr'><strong>habemus</strong></span> 
     </span>
    </p>
   </div>
   <div class='ocr_carea' id='block_1_91' title="bbox 1923 4209 3512 4278">
    <p class='ocr_par' dir='ltr' id='par_1_91' title="bbox 1923 4209 3512 4278">
     <span class='ocr_line' id='line_1_91' title="bbox 1923 4209 3512 4278; baseline -0.004 -8"><span class='ocrx_word' id='word_1_698' title='bbox 1923 4231 1988 4270; x_wconf 85' lang='lat' dir='ltr'><strong>ex</strong></span> <span class='ocrx_word' id='word_1_699' title='bbox 2012 4213 2143 4278; x_wconf 90' lang='lat' dir='ltr'><strong>Deo,</strong></span> <span class='ocrx_word' id='word_1_700' title='bbox 2186 4213 2419 4268; x_wconf 84' lang='lat' dir='ltr'><strong>domum</strong></span> <span class='ocrx_word' id='word_1_701' title='bbox 2448 4227 2557 4266; x_wconf 90' lang='lat' dir='ltr'><strong>non</strong></span> <span class='ocrx_word' id='word_1_702' title='bbox 2592 4209 2974 4272; x_wconf 89' lang='lat' dir='ltr'><strong>manufactam,</strong></span> <span class='ocrx_word' id='word_1_703' title='bbox 2997 4219 3252 4264; x_wconf 64' lang='lat' dir='ltr'><strong>asternam</strong></span> <span class='ocrx_word' id='word_1_704' title='bbox 3282 4209 3336 4264; x_wconf 90' lang='lat' dir='ltr'><strong>in</strong></span> <span class='ocrx_word' id='word_1_705' title='bbox 3359 4211 3512 4265; x_wconf 63' lang='lat' dir='ltr'><strong>civilis</strong></span> 
     </span>
    </p>
   </div>
   <div class='ocr_carea' id='block_1_92' title="bbox 1927 4295 3512 4378">
    <p class='ocr_par' dir='ltr' id='par_1_92' title="bbox 1927 4295 3512 4378">
     <span class='ocr_line' id='line_1_92' title="bbox 1927 4295 3512 4378; baseline -0.004 -18"><span class='ocrx_word' id='word_1_706' title='bbox 1927 4305 2014 4378; x_wconf 85' lang='lat' dir='ltr'><strong>(ll</strong></span> <span class='ocrx_word' id='word_1_707' title='bbox 2039 4295 2158 4359; x_wconf 86' lang='lat' dir='ltr'><strong>Cor.</strong></span> <span class='ocrx_word' id='word_1_708' title='bbox 2193 4320 2243 4370; x_wconf 90' lang='lat' dir='ltr'><strong>v,</strong></span> <span class='ocrx_word' id='word_1_709' title='bbox 2289 4303 2362 4373; x_wconf 87' lang='grc'><strong>1).</strong></span> <span class='ocrx_word' id='word_1_710' title='bbox 2396 4303 2473 4358; x_wconf 91' lang='lat' dir='ltr'><strong>De</strong></span> <span class='ocrx_word' id='word_1_711' title='bbox 2513 4304 2614 4358; x_wconf 90' lang='lat' dir='ltr'><strong>hac</strong></span> <span class='ocrx_word' id='word_1_712' title='bbox 2657 4303 2912 4371; x_wconf 91' lang='lat' dir='ltr'><strong>scriptum</strong></span> <span class='ocrx_word' id='word_1_713' title='bbox 2952 4309 3069 4355; x_wconf 91' lang='lat' dir='ltr'><strong>est:</strong></span> <span class='ocrx_word' id='word_1_714' title='bbox 3104 4301 3247 4354; x_wconf 87' lang='lat' dir='ltr'><strong>Beati</strong></span> <span class='ocrx_word' id='word_1_715' title='bbox 3293 4303 3379 4369; x_wconf 86' lang='lat' dir='ltr'><strong>qui</strong></span> <span class='ocrx_word' id='word_1_716' title='bbox 3417 4301 3512 4354; x_wconf 82' lang='lat' dir='ltr'><strong>ha-</strong></span> 
     </span>
    </p>
   </div>
   <div class='ocr_carea' id='block_1_93' title="bbox 1927 4393 3511 4457">
    <p class='ocr_par' dir='ltr' id='par_1_93' title="bbox 1927 4393 3511 4457">
     <span class='ocr_line' id='line_1_93' title="bbox 1927 4393 3511 4457; baseline -0.004 -7"><span class='ocrx_word' id='word_1_717' title='bbox 1927 4397 2091 4451; x_wconf 84' lang='lat' dir='ltr'><strong>bitant</strong></span> <span class='ocrx_word' id='word_1_718' title='bbox 2116 4398 2171 4450; x_wconf 86' lang='lat' dir='ltr'><strong>in</strong></span> <span class='ocrx_word' id='word_1_719' title='bbox 2186 4396 2336 4449; x_wconf 82' lang='lat' dir='ltr'><strong>domo</strong></span> <span class='ocrx_word' id='word_1_720' title='bbox 2366 4403 2473 4457; x_wconf 83' lang='lat' dir='ltr'><strong>tua,</strong></span> <span class='ocrx_word' id='word_1_721' title='bbox 2497 4393 2745 4457; x_wconf 87' lang='lat' dir='ltr'><strong>Domine;</strong></span> <span class='ocrx_word' id='word_1_722' title='bbox 2775 4396 2829 4446; x_wconf 82' lang='lat' dir='ltr'><strong>in</strong></span> <span class='ocrx_word' id='word_1_723' title='bbox 2859 4394 3049 4446; x_wconf 65' lang='lat' dir='ltr'><strong>saecula</strong></span> <span class='ocrx_word' id='word_1_724' title='bbox 3079 4393 3379 4445; x_wconf 78' lang='lat' dir='ltr'><strong>steculorum</strong></span> <span class='ocrx_word' id='word_1_725' title='bbox 3395 4393 3511 4444; x_wconf 88' lang='lat' dir='ltr'><strong>lau-</strong></span> 
     </span>
    </p>
   </div>
   <div class='ocr_carea' id='block_1_94' title="bbox 1851 4481 3511 4582">
    <p class='ocr_par' dir='ltr' id='par_1_94' title="bbox 1851 4481 3511 4582">
     <span class='ocr_line' id='line_1_94' title="bbox 1851 4481 3511 4582; baseline -0.004 -41"><span class='ocrx_word' id='word_1_726' title='bbox 1851 4523 1905 4582; x_wconf 79' lang='lat' dir='ltr'><strong><em>D</em></strong></span> <span class='ocrx_word' id='word_1_727' title='bbox 1928 4487 2123 4541; x_wconf 82' lang='lat' dir='ltr'><strong>dabunt</strong></span> <span class='ocrx_word' id='word_1_728' title='bbox 2154 4495 2201 4538; x_wconf 78' lang='lat' dir='ltr'><strong>te</strong></span> <span class='ocrx_word' id='word_1_729' title='bbox 2225 4485 2400 4553; x_wconf 84' lang='lat' dir='ltr'><strong>(Psul.</strong></span> <span class='ocrx_word' id='word_1_730' title='bbox 2433 4501 2630 4549; x_wconf 78' lang='lat' dir='ltr'><strong>Lxxxv,</strong></span> <span class='ocrx_word' id='word_1_731' title='bbox 2663 4483 2737 4550; x_wconf 83' lang='lat'><strong>5).</strong></span> <span class='ocrx_word' id='word_1_732' title='bbox 2770 4483 2847 4537; x_wconf 92' lang='grc' dir='ltr'><strong>1ὺί</strong></span> <span class='ocrx_word' id='word_1_733' title='bbox 2875 4484 3013 4537; x_wconf 89' lang='lat' dir='ltr'><strong>sicut</strong></span> <span class='ocrx_word' id='word_1_734' title='bbox 3034 4490 3116 4536; x_wconf 92' lang='lat' dir='ltr'><strong>est</strong></span> <span class='ocrx_word' id='word_1_735' title='bbox 3142 4490 3340 4536; x_wconf 70' lang='lat' dir='ltr'><strong>asterna</strong></span> <span class='ocrx_word' id='word_1_736' title='bbox 3365 4481 3511 4535; x_wconf 69' lang='lat' dir='ltr'><strong>habi-</strong></span> 
     </span>
    </p>
   </div>
   <div class='ocr_carea' id='block_1_95' title="bbox 1939 4570 3514 4643">
    <p class='ocr_par' dir='ltr' id='par_1_95' title="bbox 1939 4570 3514 4643">
     <span class='ocr_line' id='line_1_95' title="bbox 1939 4570 3514 4643; baseline -0.005 -12"><span class='ocrx_word' id='word_1_737' title='bbox 1939 4578 2090 4643; x_wconf 92' lang='lat' dir='ltr'><strong>tatio,</strong></span> <span class='ocrx_word' id='word_1_738' title='bbox 2121 4577 2200 4630; x_wconf 91' lang='lat' dir='ltr'><strong>sic</strong></span> <span class='ocrx_word' id='word_1_739' title='bbox 2223 4583 2306 4631; x_wconf 90' lang='lat' dir='ltr'><strong>est</strong></span> <span class='ocrx_word' id='word_1_740' title='bbox 2332 4581 2534 4629; x_wconf 69' lang='lat' dir='ltr'><strong>aeterna</strong></span> <span class='ocrx_word' id='word_1_741' title='bbox 2566 4573 2824 4628; x_wconf 89' lang='lat' dir='ltr'><strong>laudatio.</strong></span> <span class='ocrx_word' id='word_1_742' title='bbox 2856 4572 2932 4626; x_wconf 91' lang='lat' dir='ltr'><strong>lbi</strong></span> <span class='ocrx_word' id='word_1_743' title='bbox 2961 4573 3052 4641; x_wconf 92' lang='lat' dir='ltr'><strong>qui</strong></span> <span class='ocrx_word' id='word_1_744' title='bbox 3082 4570 3342 4634; x_wconf 85' lang='lat' dir='ltr'><strong>habitant,</strong></span> <span class='ocrx_word' id='word_1_745' title='bbox 3375 4584 3514 4624; x_wconf 71' lang='lat' dir='ltr'><strong>sem~</strong></span> 
     </span>
    </p>
   </div>
   <div class='ocr_carea' id='block_1_96' title="bbox 1936 4659 3516 4738">
    <p class='ocr_par' dir='ltr' id='par_1_96' title="bbox 1936 4659 3516 4738">
     <span class='ocr_line' id='line_1_96' title="bbox 1936 4659 3516 4738; baseline -0.005 -16"><span class='ocrx_word' id='word_1_746' title='bbox 1936 4684 2034 4738; x_wconf 92' lang='lat' dir='ltr'><strong>per</strong></span> <span class='ocrx_word' id='word_1_747' title='bbox 2079 4667 2247 4721; x_wconf 88' lang='lat' dir='ltr'><strong>Deum</strong></span> <span class='ocrx_word' id='word_1_748' title='bbox 2298 4665 2541 4733; x_wconf 88' lang='lat' dir='ltr'><strong>laudant,</strong></span> <span class='ocrx_word' id='word_1_749' title='bbox 2587 4665 2711 4734; x_wconf 81' lang='lat' dir='ltr'><strong>quia</strong></span> <span class='ocrx_word' id='word_1_750' title='bbox 2761 4665 2828 4718; x_wconf 90' lang='lat' dir='ltr'><strong>de</strong></span> <span class='ocrx_word' id='word_1_751' title='bbox 2873 4663 3100 4717; x_wconf 92' lang='lat' dir='ltr'><strong>Domino</strong></span> <span class='ocrx_word' id='word_1_752' title='bbox 3130 4669 3184 4716; x_wconf 91' lang='lat' dir='ltr'><strong>et</strong></span> <span class='ocrx_word' id='word_1_753' title='bbox 3214 4662 3266 4714; x_wconf 89' lang='lat' dir='ltr'><strong>in</strong></span> <span class='ocrx_word' id='word_1_754' title='bbox 3289 4659 3516 4714; x_wconf 88' lang='lat' dir='ltr'><strong>Domino</strong></span> 
     </span>
    </p>
   </div>
   <div class='ocr_carea' id='block_1_97' title="bbox 234 4744 3514 4828">
    <p class='ocr_par' dir='ltr' id='par_1_97' title="bbox 234 4744 3514 4828">
     <span class='ocr_line' id='line_1_97' title="bbox 234 4744 3514 4828; baseline 0.002 -30"><span class='ocrx_word' id='word_1_755' title='bbox 234 4744 452 4812; x_wconf 86' lang='lat' dir='ltr'><strong>quibus</strong></span> <span class='ocrx_word' id='word_1_756' title='bbox 477 4745 689 4802; x_wconf 87' lang='lat' dir='ltr'><strong>duobus</strong></span> <span class='ocrx_word' id='word_1_757' title='bbox 730 4749 884 4804; x_wconf 90' lang='lat' dir='ltr'><strong>malis</strong></span> <span class='ocrx_word' id='word_1_758' title='bbox 929 4766 1156 4820; x_wconf 89' lang='lat' dir='ltr'><strong>corpora</strong></span> <span class='ocrx_word' id='word_1_759' title='bbox 1194 4762 1317 4807; x_wconf 90' lang='lat' dir='ltr'><strong>sunt</strong></span> <span class='ocrx_word' id='word_1_760' title='bbox 1346 4769 1443 4823; x_wconf 91' lang='lat' dir='ltr'><strong>per</strong></span> <span class='ocrx_word' id='word_1_761' title='bbox 1467 4755 1560 4810; x_wconf 87' lang='lat' dir='ltr'><strong>Dei</strong></span> <span class='ocrx_word' id='word_1_762' title='bbox 1607 4757 1829 4826; x_wconf 83' lang='lat' dir='ltr'><strong>gratiam</strong></span> <span class='ocrx_word' id='word_1_763' title='bbox 1936 4774 2149 4828; x_wconf 83' lang='lat' dir='ltr'><strong>semper</strong></span> <span class='ocrx_word' id='word_1_764' title='bbox 2169 4759 2467 4822; x_wconf 83' lang='lat' dir='ltr'><strong>exsultant;</strong></span> <span class='ocrx_word' id='word_1_765' title='bbox 2498 4765 2553 4811; x_wconf 88' lang='lat' dir='ltr'><strong>et</strong></span> <span class='ocrx_word' id='word_1_766' title='bbox 2582 4757 2721 4810; x_wconf 87' lang='lat' dir='ltr'><strong>sicut</strong></span> <span class='ocrx_word' id='word_1_767' title='bbox 2749 4754 3088 4809; x_wconf 89' lang='lat' dir='ltr'><strong>laudantibus</strong></span> <span class='ocrx_word' id='word_1_768' title='bbox 3116 4752 3296 4807; x_wconf 90' lang='lat' dir='ltr'><strong>suavis</strong></span> <span class='ocrx_word' id='word_1_769' title='bbox 3315 4753 3514 4806; x_wconf 78' lang='lat' dir='ltr'><strong>sanctae</strong></span> 
     </span>
    </p>
   </div>
   <div class='ocr_carea' id='block_1_98' title="bbox 233 4833 1834 4915">
    <p class='ocr_par' dir='ltr' id='par_1_98' title="bbox 233 4833 1834 4915">
     <span class='ocr_line' id='line_1_98' title="bbox 233 4833 1834 4915; baseline 0.01 -28"><span class='ocrx_word' id='word_1_770' title='bbox 233 4833 528 4889; x_wconf 86' lang='lat' dir='ltr'><strong>liberanda</strong></span> <span class='ocrx_word' id='word_1_771' title='bbox 541 4836 839 4905; x_wconf 86' lang='lat' dir='ltr'><strong>justorum;</strong></span> <span class='ocrx_word' id='word_1_772' title='bbox 863 4842 1040 4896; x_wconf 91' lang='lat' dir='ltr'><strong>nonin</strong></span> <span class='ocrx_word' id='word_1_773' title='bbox 1066 4842 1169 4897; x_wconf 90' lang='lat' dir='ltr'><strong>hoc</strong></span> <span class='ocrx_word' id='word_1_774' title='bbox 1190 4852 1452 4914; x_wconf 89' lang='lat' dir='ltr'><strong>tempore,</strong></span> <span class='ocrx_word' id='word_1_775' title='bbox 1477 4847 1528 4900; x_wconf 84' lang='lat' dir='ltr'><strong>in.</strong></span> <span class='ocrx_word' id='word_1_776' title='bbox 1549 4858 1678 4915; x_wconf 74' lang='lat' dir='ltr'><strong>quo,</strong></span> <span class='ocrx_word' id='word_1_777' title='bbox 1695 4849 1834 4903; x_wconf 89' lang='lat' dir='ltr'><strong>sicut</strong></span> 
     </span>
    </p>
   </div>
   <div class='ocr_carea' id='block_1_99' title="bbox 238 4923 1832 5004">
    <p class='ocr_par' dir='ltr' id='par_1_99' title="bbox 238 4923 1832 5004">
     <span class='ocr_line' id='line_1_99' title="bbox 238 4923 1832 5004; baseline 0.009 -26"><span class='ocrx_word' id='word_1_778' title='bbox 238 4923 392 4980; x_wconf 86' lang='lat' dir='ltr'><strong>Deus</strong></span> <span class='ocrx_word' id='word_1_779' title='bbox 423 4927 584 4982; x_wconf 82' lang='lat' dir='ltr'><strong>solem</strong></span> <span class='ocrx_word' id='word_1_780' title='bbox 623 4945 772 4983; x_wconf 85' lang='lat' dir='ltr'><strong>suum</strong></span> <span class='ocrx_word' id='word_1_781' title='bbox 802 4932 924 5002; x_wconf 78' lang='lat' dir='ltr'><strong>facit</strong></span> <span class='ocrx_word' id='word_1_782' title='bbox 950 4934 1075 4987; x_wconf 88' lang='lat' dir='ltr'><strong>oriri</strong></span> <span class='ocrx_word' id='word_1_783' title='bbox 1121 4950 1274 5004; x_wconf 85' lang='lat' dir='ltr'><strong>super</strong></span> <span class='ocrx_word' id='word_1_784' title='bbox 1301 4934 1458 4992; x_wconf 86' lang='lat' dir='ltr'><strong>bonos</strong></span> <span class='ocrx_word' id='word_1_785' title='bbox 1486 4927 1535 4992; x_wconf 84' lang='lat' dir='ltr'><strong>et</strong></span> <span class='ocrx_word' id='word_1_786' title='bbox 1564 4940 1748 5003; x_wconf 86' lang='lat' dir='ltr'><strong>malos,</strong></span> <span class='ocrx_word' id='word_1_787' title='bbox 1785 4948 1832 4993; x_wconf 88' lang='lat' dir='ltr'><strong>et</strong></span> 
     </span>
    </p>
   </div>
   <div class='ocr_carea' id='block_1_100' title="bbox 1939 4846 3516 4915">
    <p class='ocr_par' dir='ltr' id='par_1_100' title="bbox 1939 4846 3516 4915">
     <span class='ocr_line' id='line_1_100' title="bbox 1939 4846 3516 4915; baseline -0.004 -11"><span class='ocrx_word' id='word_1_788' title='bbox 1939 4850 2285 4905; x_wconf 89' lang='lat' dir='ltr'><strong>habitationis</strong></span> <span class='ocrx_word' id='word_1_789' title='bbox 2312 4849 2604 4915; x_wconf 63' lang='lat' dir='ltr'><strong>aeternitas,</strong></span> <span class='ocrx_word' id='word_1_790' title='bbox 2636 4849 2714 4904; x_wconf 92' lang='lat' dir='ltr'><strong>sic</strong></span> <span class='ocrx_word' id='word_1_791' title='bbox 2739 4846 3091 4902; x_wconf 87' lang='lat' dir='ltr'><strong>habitantium</strong></span> <span class='ocrx_word' id='word_1_792' title='bbox 3111 4851 3310 4898; x_wconf 65' lang='lat' dir='ltr'><strong>aeterna</strong></span> <span class='ocrx_word' id='word_1_793' title='bbox 3332 4852 3516 4898; x_wconf 88' lang='lat' dir='ltr'><strong>manet</strong></span> 
     </span>
    </p>
   </div>
   <div class='ocr_carea' id='block_1_101' title="bbox 1939 4943 2474 4999">
    <p class='ocr_par' dir='ltr' id='par_1_101' title="bbox 1939 4943 2474 4999">
     <span class='ocr_line' id='line_1_101' title="bbox 1939 4943 2474 4999; baseline 0.002 -3"><span class='ocrx_word' id='word_1_794' title='bbox 1939 4943 2190 4999; x_wconf 89' lang='lat' dir='ltr'><strong>laudandi</strong></span> <span class='ocrx_word' id='word_1_795' title='bbox 2219 4943 2474 4999; x_wconf 87' lang='lat' dir='ltr'><strong>suavitas.</strong></span> 
     </span>
    </p>
   </div>
  </div>
