4048 6342
893 457 895 459 ’
1562 507 2126 620 s.run

2228 509 2794 621 inn-ru
3338 423 3805 442 *Ψ*

672 719 912 846 DE
1002 715 1870 845 VERITATE
1955 719 2126 837 PE

2228 714 2787 840 EDEST
2799 719 2969 839 IN
2987 719 3206 844 AT
3217 716 3271 844 l
3296 717 3540 845 ΟΝ
3562 725 3716 850 IS

1741 939 1882 1009 ET
1952 937 2380 1008 GRATI/E
2456 935 2666 1027 DEI,

1323 1093 1476 1204 ad
1545 1094 2130 1202 Joannem
2183 1103 2292 1194 et
2374 1093 3036 1211 Venerium.

1819 1351 2107 1428 LIBER
2164 1347 2570 1425 PRIMUS.

2109 1465 2296 1478 —

623 1550 784 1624 434
808 1550 987 1606 Cum
1018 1550 1182 1622 ι.-1³
1224 1549 1336 1602 Deo
1365 1547 1565 1616 gratias
1588 1558 1707 1613 ago,
1742 1544 1918 1599 sancti
1947 1543 2137 1598 fratres
2166 1547 2218 1607 Α
2240 1557 2362 1612 qua:
2388 1542 2457 1596 de
2486 1542 2718 1610 parvulis
2745 1543 2988 1608 vertitur,
3017 1544 3070 1597 in
3097 1558 3200 1612 qua
3223 1560 3328 1599 non
3374 1547 3657 1602 actualium
3697 1566 3832 1618 pri»

551 1640 788 1698 Joannes
809 1642 1108 1711 presbyter,
1135 1647 1192 1694 et
1219 1637 1414 1693 Veneri
1431 1637 1675 1699 diacone,
1700 1636 1850 1704 cujus
1871 1649 1974 1696 ope
2004 1634 2136 1689 tales

551 1735 704 1798 estis,
734 1743 790 1789 ut
833 1750 931 1804 pro
960 1734 1130 1801 gratia
1159 1747 1263 1801 qua
1292 1731 1580 1791 salvamur,
1604 1743 1798 1796 magno
1846 1728 2034 1797 spiritu
2066 1741 2134 1782 ac

551 1824 768 1881 fervore
795 1825 1031 1880 certetis.
1062 1823 1424 1877 Coutristatus
1453 1829 1630 1874 autem
1659 1836 1798 1884 sum,
1831 1819 1975 1888 quod
2025 1817 2139 1887 qui-

550 1917 675 1972 dam
724 1916 916 1970 fratres
969 1915 1139 1968 nostri
1187 1915 1286 1967 sub
1313 1912 1618 1967 Christiano
1648 1912 1864 1965 nomine
1897 1912 2139 1964 nituntur

551 2004 835 2059 catholica:
878 2002 999 2056 tidei
1052 2015 1395 2069 repugnare:
1454 2000 1657 2054 scilicet
1701 2014 1923 2054 munera
1953 1999 2137 2066 gratia:

550 2090 649 2146 Dei
689 2092 754 2145 ad
785 2092 1000 2145 humani
1029 2092 1282 2145 virtutem
1311 2090 1398 2144 vel
1446 2091 1697 2144 meritum
1747 2089 2136 2144 transferentes

550 2181 790 2246 arbitrii;
814 2190 1066 2250 tanquam
1092 2181 1209 2234 sine
1233 2179 1325 2234 Dei
1354 2180 1553 2233 auxilio
1583 2188 1768 2233 noster
1803 2188 2029 2234 conatus
2056 2178 2136 2233 di-

549 2268 678 2323 vino
705 2269 882 2323 valeat
909 2269 1130 2323 obedire
1159 2275 1465 2338 praecepto;
1523 2268 1760 2336 illudque
1810 2277 2016 2321 tantum
2065 2268 2137 2322 sit

548 2359 666 2420 Dei.
693 2369 752 2414 ut
779 2360 933 2415 nobis
959 2359 1198 2414 facienda
1222 2359 1514 2428 pnecipiat,
1547 2373 1647 2412 nec
1675 2361 1726 2412 in
1755 2358 1910 2413 nobis
1939 2372 2134 2427 opere-

548 2460 637 2504 tur
663 2451 778 2520 ipse
797 2451 937 2521 quod
961 2449 1231 2520 praacipit;
1258 2457 1314 2503 et
1349 2450 1392 2503 si
1414 2448 1543 2517 quid
1573 2449 1699 2502 boui
1720 2447 1862 2502 Deus
1893 2458 1918 2485 ιι
1948 2447 2135 2501 tribuit

548 2541 770 2606 homini,
795 2558 901 2596 non
933 2542 1177 2596 videatur
1197 2541 1421 2606 donare,
1448 2540 1543 2594 sed
1574 2539 1816 2594 reddere.
1841 2537 1943 2605 Qui
1966 2553 2133 2608 usque

547 2631 684 2687 adeo
731 2631 923 2686 divina:
977 2631 1234 2686 bonitatis
1285 2629 1428 2684 dona
1453 2635 1644 2698 put-ant
1671 2643 1740 2682 ex
1778 2629 2133 2682 humanorum

545 2730 760 2777 actuum
783 2723 1043 2790 qualitate
1066 2722 1322 2792 pendere,
1351 2730 1408 2775 ut
1429 2722 1591 2777 etiam
1616 2721 1867 2791 parvulos
1893 2727 2133 2774 asscrant

546 2814 626 2870 sic
656 2813 890 2883 praesciri
920 2809 980 2867 et'
1004 2813 1369 2882 praedestinari
1398 2813 1672 2873 divinitus.
1722 2819 1780 2866 ut
1816 2812 1950 2865 nihil
1980 2812 2032 2865 in
2066 2812 2130 2867 iis

2239 1633 2354 1702 pria
2377 1631 2688 1699 cujusquam
2717 1633 2918 1686 malitia
2947 1632 2972 1668 ά
3001 1643 3361 1703 peccatorum,
3385 1637 3478 1692 sed
3503 1638 3667 1707 ipsius
3696 1656 3822 1707 pecs

2238 1721 2450 1775 catricis
2472 1730 2652 1775 reatus
2672 1721 2891 1788 originis
2920 1722 3216 1790 intimatur,
3247 1726 3421 1779 omnis
3439 1728 3530 1794 qui
3557 1743 3663 1782 non
3711 1730 3819 1787 vult

2237 1808 2304 1862 ab
2325 1809 2630 1878 apostolica:
2653 1809 2773 1864 tidei
2789 1811 3014 1865 veritate
3047 1812 3364 1878 desciscere,
3401 1816 3493 1885 qui
3537 1818 3818 1874 rectitudi-

2239 1912 2361 1952 ncm
2387 1898 2637 1953 catholici
2667 1899 2950 1966 dogmatis,
2983 1900 3096 1955 Deo
3151 1902 3502 1970 illuminante,
3549 1907 3700 1976 cupit
3740 1909 3818 1964 in-

2237 1988 2434 2042 violata
2461 1987 2775 2043 credulitate
2821 1988 3262 2060 confcssioueque
3289 2007 3524 2058 servare,
3553 1995 3703 2049 omni
3730 2012 3818 2052 re-

2241 2085 2390 2131 moto
2420 2077 2769 2132 bacsitationis
2797 2079 3063 2146 ambiguo,
3092 2083 3358 2136 veraciter
3375 2082 3600 2138 credere
3625 2084 3820 2142 debeat

2235 2175 2291 2220 et
2316 2167 2491 2232 fateri,
2520 2167 2687 2222 Deum
2713 2184 2876 2222 unum
2912 2172 2956 2234 ⁸,
2989 2177 3044 2223 et
3072 2186 3275 2237 verum,
3308 2182 3362 2226 et
3389 2173 3608 2239 bonum,
3658 2174 3711 2228 id
3737 2187 3819 2233 est

2235 2273 2496 2312 summam
2517 2266 2572 2313 et
2606 2257 2932 2314 ineffabilem
2954 2261 3110 2315 unius
3155 2271 3355 2316 natura:
3383 2273 3544 2330 atque
3572 2273 3817 2319 essential

2189 2375 2200 2384 κ
2237 2344 2577 2414 Trinitatem,
2607 2349 2764 2416 primi
2790 2349 3021 2405 hominis
3050 2359 3294 2404 naturam
3325 2359 3491 2405 totam
3520 2353 3719 2407 bonam
3741 2365 3818 2409 at-

2235 2451 2338 2506 que
2364 2438 2642 2506 integram,
2675 2440 2790 2495 sine
2815 2440 3044 2496 naturali
3085 2442 3247 2510 malo,
3274 2457 3337 2498 ac
3364 2444 3479 2498 sine
3523 2445 3633 2500 ullo
3686 2447 3816 2502 vitio

2233 2525 2563 2593 condidisse;
2624 2543 2798 2596 neque
2849 2531 2998 2584 carni
3050 2546 3262 2586 creasse
3291 2534 3661 2588 necessitatem
3693 2551 3814 2589 mo-

2232 2618 2424 2683 riendi,
2458 2634 2632 2690 neque
2661 2621 2850 2676 animae
2871 2622 3130 2677 maculam
3159 2623 3469 2693 cujusquam
3522 2626 3816 2695 inseruisse

2232 2709 2473 2777 peccati;
2503 2711 2698 2764 etideo
2727 2712 3015 2766 humanam
3047 2721 3289 2766 naturam
3345 2729 3411 2768 ex
3458 2695 3566 2769 Deo
3609 2716 3815 2770 habere

2231 2803 2520 2858 creationis
2541 2803 2760 2872 bonum,
2781 2820 2846 2858 ex
2869 2805 3098 2859 hominis
3123 2819 3300 2860 autem
3328 2806 3478 2876 primi
3507 2806 3813 2864 voluntaria

527 2904 636 2973 equi
672 2903 942 2971 eliguntur
975 2903 1278 2957 inveniatur
1303 2917 1545 2971 superna:
1573 2902 1876 2957 collationis
1914 2901 2119 2968 gratui-
2157 2899 2199 2956 Β
2227 2894 2666 2961 Ρνωνπίοτιιίοηθ
2716 2903 2995 2964 peccatum
3045 2895 3319 2964 originale,
3369 2897 3420 2949 in
3467 2897 3814 2952 nascentibus

544 3002 657 3048 tum
688 2991 714 3030 δ
743 2994 975 3056 bonum;
1008 3007 1105 3046 nec
1130 2986 1493 3044 misericordia
1521 3004 1841 3058 quemquam
1895 2988 2129 3056 gratuita

543 3081 848 3150 dignatione
903 3080 1216 3149 prazveuiat,
1265 3079 1360 3133 sed
1416 3079 1666 3147 supplicii
1714 3089 1875 3147 atque
1923 3075 2128 3145 praemii

541 3180 742 3227 teterna
769 3170 1052 3224 retributio
1084 3171 1136 3223 in
1167 3170 1280 3223 sola
1304 3168 1562 3237 cujusque
1583 3168 1814 3238 propria:
1836 3165 2127 3221 voluntatis

541 3258 719 3314 futura
752 3269 774 3296 ε
809 3260 1024 3313 actione
1046 3259 1326 3313 consistat.

611 3348 666 3404 2.
707 3348 854 3402 Illam
878 3364 1093 3416 quoque
1115 3347 1496 3402 absurditatem
1513 3343 1828 3416 quibusdam
1848 3345 2128 3415 irrepsisse

539 3438 764 3494 multum
794 3440 962 3493 miror
989 3449 1044 3493 et
1070 3439 1248 3505 doleo,
1291 3451 1395 3505 qua
1445 3437 1631 3505 gratia:
1679 3435 1772 3489 Dei
1822 3435 1874 3490 iu
1921 3444 2126 3489 tantum

538 3530 742 3587 inimici
771 3545 892 3586 esse
920 3547 1027 3584 non
1049 3530 1316 3595 dubitant,
1352 3536 1654 3582 asserentes
1683 3526 1979 3581 futurorum
2003 3541 2128 3596 ope-

537 3631 658 3674 runt
682 3620 874 3673 merito
896 3618 1147 3688 parvulos
1190 3617 1470 3685 baptizari,
1503 3624 1562 3668 ut
1590 3615 1894 3670 econtrario
1941 3616 2124 3670 dicant

539 3706 702 3776 535
727 3707 831 3761 illis
855 3721 1071 3776 quoque
1101 3705 1334 3774 parvulis
1380 3705 1471 3772 qui
1499 3705 1615 3757 sine
1647 3703 1963 3772 baptismate
2007 3718 2123 3757 mo-

537 3792 771 3862 riuntur,
793 3795 970 3849 divina
1002 3794 1332 3862 benignitate
1379 3793 1621 3858 consuli;
1648 3802 1705 3847 ut
1735 3793 1935 3861 absque
1956 3808 2123 3848 sacra:

537 3886 828 3944 ablutionis
854 3886 1025 3953 gratia
1055 3885 1334 3954 rapiantur
1358 3884 1425 3938 ad
1455 3899 1690 3952 pmuam,
1717 3884 1768 3936 in
1810 3884 2003 3952 quibus
2025 3884 2122 3939 sci-

537 3974 666 4030 licet
695 3973 862 4027 Deum
893 3974 1068 4027 futura
1098 3989 1285 4026 eorum
1316 3972 1474 4038 mala,
1507 3973 1551 4026 si
1601 3973 1876 4041 aliquanto
1923 3973 2121 4027 diutius

536 4062 627 4120 hic
653 4062 913 4123 viverent,
946 4063 1223 4130 prmscissc
1250 4061 1604 4127 contendunt,
1636 4070 1691 4115 et
1737 4063 1976 4116 bonitate
2022 4078 2118 4117 sua

536 4149 875 4222 pueripnisse
906 4151 1183 4217 pncscutis
1207 4151 1328 4202 vitm
1348 4150 1614 4203 curriculo
1654 4151 1750 4220 (al.
1782 4153 2065 4224 curricula)
2101 4171 2114 4207 :

537 4241 688 4312 quasi
711 4243 879 4312 possit
897 4243 1088 4311 aliquis
1115 4244 1233 4299 sine
1261 4244 1525 4300 bcnelicio
1568 4255 1765 4301 sancta:
1795 4248 2118 4317 redemptio—
2144 4266 2189 4327 ο

537 4332 644 4396 nis,
673 4339 767 4385 aut
804 4331 1080 4400 suppl.ciis
1109 4334 1433 4402 perennibus
1460 4335 1718 4400 subtrahi,
1761 4346 1853 4390 aut
1882 4337 2118 4391 muneri-

535 4421 634 4479 bus
651 4432 866 4477 teterna:
888 4424 1008 4477 vita:
1033 4426 1215 4489 potiri.
1240 4424 1375 4479 Dum
1405 4427 1584 4496 itaque
1617 4431 1964 4497 pertinaciter
1989 4444 2120 4483 con-

535 4512 826 4578 tradicunt,
881 4514 1090 4582 seipsos
1138 4514 1415 4569 mortifera
1468 4518 1733 4586 pravitate
1780 4517 2113 4574 confodiunt.

531 4600 738 4666 Quibus
765 4600 976 4654 videtur
1007 4601 1145 4655 Esau
1175 4612 1229 4656 ct
1282 4602 1469 4670 Jac-ob,
1521 4611 1858 4673 geminorum
1913 4608 2118 4663 scilicet

533 4691 758 4745 fratrum
786 4707 852 4746 ex
883 4707 990 4746 uno
1018 4693 1224 4747 semine
1252 4696 1645 4764 coneubitnque
1668 4698 2017 4761 nascentium,
2043 4699 2116 4753 ita

533 4779 669 4835 velle
697 4781 1001 4836 discernere
1026 4785 1238 4849 merita,
1271 4792 1328 4838 ut
1348 4797 1649 4840 asserentes
1669 4787 1810 4841 Esau
1863 4804 1929 4842 ex
1973 4788 2116 4842 futu-

533 4881 716 4925 rorum
743 4886 964 4940 operum
992 4875 1410 4942 prmcoguitione
1435 4877 1758 4941 damnatum,
1788 4875 1954 4932 Jacob
1981 4893 2116 4946 quo-

531 4973 640 5028 que
669 4974 776 5012 non
805 4962 1038 5026 gratuito
1067 4962 1260 5014 divina:
1290 4962 1542 5016 bonitatis
1571 4979 1810 5028 munere,
1843 4965 1938 5020 sed
1966 4965 2110 5019 futu-

533 5062 717 5101 rorum
745 5055 948 5102 tantum
979 5065 1204 5118 operum
1245 5053 1575 5120 praescieutia
1631 5055 1826 5107 salvari
1872 5057 2113 5123 potuisse

531 5139 863 5193 contendant
893 5158 905 5192 :
938 5149 998 5194 ut
1025 5141 1100 5194 sic
1125 5151 1446 5208 agnoscatur
1486 5142 1625 5196 Deus
1673 5144 1725 5196 in
1757 5153 1982 5213 utroque
2022 5146 2114 5213 ju-

533 5237 665 5294 stus,
699 5244 798 5283 nec
818 5229 1072 5282 credatur
1099 5232 1317 5285 cuilibet
1339 5247 1523 5285 eorum
1564 5233 1794 5300 gratuita
1825 5233 2112 5302 quidquam

533 5321 880 5376 miseratione
901 5321 1140 5388 largitus.
1165 5320 1296 5376 Cum
1321 5323 1372 5376 in
1399 5323 1500 5377 hac
1526 5323 1789 5392 praecipue
1817 5324 2111 5391 quaestione

607 5528 632 5555 ι
655 5517 779 5573 Mss.
807 5520 895 5576 hic
925 5532 979 5576 et
1009 5521 1143 5576 infra
1175 5521 1354 5575 multis
1380 5519 1530 5583 locis,
1562 5517 1718 5585 Deus,
1747 5521 1834 5574 ubi
1863 5518 1986 5575 edd.
2014 5519 2106 5573 ha-

531 5590 661 5644 bent
682 5587 949 5644 Dominus.

604 5657 632 5694 δ
661 5656 751 5710 Sic
779 5675 903 5729 mss.
933 5661 1057 5716 duo‘.
1087 5661 1219 5715 Edd.
1249 5677 1352 5714 non
1385 5660 1582 5714 habent
1611 5659 1705 5712 has
1731 5673 1889 5714 voces
1918 5657 2108 5729 gratui-

536 5737 673 5785 tum;
696 5741 796 5779 nec
821 5728 1058 5794 inferius,
1092 5741 1284 5784 (eterna
1315 5729 1602 5781 retributio.

607 5809 627 5834 ⁸
661 5794 790 5848 Edd.
847 5798 1017 5852 omitt.
1072 5802 1278 5868 futura;
1331 5797 1421 5851 sed
1475 5797 1670 5851 rectius
1723 5811 1849 5853 mss.
1882 5797 2099 5862 addunt,

2235 2983 2469 3050 trahere,
2519 2993 2678 3052 atque
2728 3001 2795 3039 ex
2844 2988 3000 3042 unius
3047 2988 3467 3056 transgressione
3521 2989 3730 3057 iniqua,
3757 2999 3813 3043 ct

2232 3069 2570 3124 damnatione
2586 3073 2898 3139 justissima,
2919 3073 2969 3126 in
2998 3085 3222 3129 cunctos
3243 3075 3417 3141 simul,
3441 3084 3495 3130 et
3516 3077 3812 3148 iniquitatis

2231 3177 2456 3226 ntcvum,
2490 3176 2542 3216 et
2568 3165 2756 3219 mortis
2779 3180 3022 3221 manasse
3051 3167 3386 3236 supplicium.
3436 3168 3613 3222 Homo
3666 3169 3809 3223 enim

2231 3253 2295 3306 ad
2326 3253 2608 3320 imaginem
2643 3255 2734 3308 Dei
2764 3254 2950 3320 factus,
2983 3258 3357 3318 rectitudineut
3385 3259 3596 3328 accepit
3621 3265 3676 3313 et
3715 3274 3812 3313 vo-

2227 3343 2448 3397 luntatis
2471 3351 2525 3397 et
2553 3345 2750 3412 operis.

2297 3432 2425 3486 Car.
2461 3449 2514 3487 ιι.
2544 3462 2615 3474 --
2645 3433 2699 3486 5.
2729 3433 2914 3504 Itaque
2941 3435 3062 3489 talis
3088 3444 3170 3490 est
3202 3436 3363 3490 homo
3392 3444 3630 3503 creatus,
3657 3445 3718 3490 ut
3751 3446 3807 3490 et

2226 3535 2454 3591 peccare
2484 3531 2538 3575 et
2565 3538 2670 3575 non
2700 3539 2923 3592 peccare
2944 3533 3125 3593 posset
3155 3526 3369 3594 propria
3401 3526 3714 3590 voluntate;
3745 3540 3812 3585 ac

2228 3617 2513 3677 propterea
2562 3610 2614 3663 in
2644 3625 2710 3664 eo
2753 3611 2912 3680 digne
2943 3615 3157 3681 punitus
3194 3622 3277 3668 est
3307 3614 3624 3668 voluntaria:
3669 3629 3812 3685 pne.

2226 3702 2566 3755 varicatiouis
2596 3702 2791 3770 lapsus,
2821 3704 2944 3771 quia
2969 3705 3108 3757 nulla
3141 3703 3236 3757 fuit
3264 3703 3327 3757 ad
3355 3703 3694 3772 peccandum
3723 3718 3816 3757 na-

2225 3794 2382 3847 turali
2423 3794 2601 3848 carnis
2637 3802 2728 3846 aut
2757 3797 2947 3849 animae
2976 3795 3291 3850 necessitate
3312 3794 3659 3850 constrictus.
3707 3793 3813 3861 Qui

2224 3881 2366 3945 licet,
2399 3883 2539 3936 sicut
2566 3883 2856 3952 Apostolus
2885 3885 3042 3939 docet
3073 3884 3124 3955 (1
3157 3885 3290 3939 Tim.
3322 3902 3377 3949 ιι,
3411 3885 3518 3955 Η),
3547 3885 3814 3941 seductus

2223 3970 2336 4038 ipse
2367 3985 2469 4023 non
2499 3970 2676 4031 fuerit.
2710 3971 2916 4026 mulieri
2947 3979 3144 4038 tamen,
3189 3989 3306 4044 qua:
3334 3974 3550 4028 seducta
3585 3975 3641 4028 in
3673 3989 3814 4044 pra:-

2221 4059 2604 4112 varicationem
2637 4060 2751 4125 fuit,
2804 4075 2966 4130 prava
3011 4063 3288 4118 voluntate
3328 4065 3702 4132 consentiens,
3733 4065 3815 4120 sic

2223 4148 2554 4217 improvidus
2581 4153 2682 4205 sibi
2725 4153 3055 4207 mortiferum
3085 4155 3276 4209 vulnus
3305 4154 3514 4219 inﬂixit,
3540 4164 3606 4208 ut
3631 4158 3684 4209 in
3718 4155 3815 4212 illo

2220 4253 2328 4292 uno
2359 4239 2574 4295 homine
2603 4241 2755 4309 cujus
2784 4249 2868 4297 est
2905 4244 3079 4297 anima
3123 4254 3332 4298 mortua
3364 4259 3459 4314 per
3495 4255 3811 4313 peccatum,

2223 4343 2524 4397 corpusque
2554 4341 2820 4386 mortuum
2851 4342 3072 4401 propter
3119 4342 3426 4402 peccatum,
3470 4349 3668 4390 omnes
3697 4337 3815 4391 ori-

2222 4419 2475 4486 ginaliter
2503 4430 2726 4489 peccato
2748 4422 3106 4475 subderentur
3138 4432 3192 4476 et
3218 4424 3396 4485 morti,
3427 4432 3708 4493 quatqnot
3734 4439 3815 4478 es-

2219 4517 2339 4561 sent
2364 4525 2431 4562 ex
2460 4509 2551 4562 illo
2598 4511 2771 4578 primo
2821 4510 3038 4564 [nomine
3076 4521 3369 4580 peccatore,
3403 4525 3498 4581 pe:
3541 4515 3815 4570 concubi-

2224 4609 2336 4655 tum
2367 4603 2529 4657 maris
2557 4611 2612 4656 et
2637 4602 2846 4656 femina:
2871 4605 3142 4658 nascituri.
3170 4602 3458 4672 Postquam
3490 4603 3664 4672 igitur
3695 4622 3815 4658 om-

2220 4693 2365 4744 nium
2397 4692 2670 4745 hominum
2702 4694 2913 4759 genitor
2940 4693 3156 4762 propria
3194 4693 3482 4746 voluntate
3530 4694 3814 4760 peccavit,

2222 4785 2504 4838 veritatem
2528 4784 2693 4838 divini
2723 4785 2972 4853 praecepti
3000 4783 3144 4851 quod
3173 4783 3431 4847 audierat,
3481 4780 3544 4836 In
3579 4799 3818 4854 quacum

2218 4889 2314 4943 que
2359 4875 2443 4928 die
2490 4875 2698 4928 oderitis
2735 4891 2801 4928 ea:
2846 4892 2926 4939 eo,
2975 4885 3138 4928 morte
3163 4876 3451 4928 moriemini
3494 4870 3720 4941 (Cenes.
3753 4890 3817 4943 ιι,

2222 4962 2334 5030 17),
2366 4974 2423 5018 et
2445 4963 2704 5031 justitiam
2735 4965 2827 5018 Dei
2861 4965 3167 5019 uleiscentis
3194 4965 3354 5035 436
3382 4971 3669 5032 expertus,
3703 4978 3818 5017 uno

2219 5053 2393 5105 vetitae
2421 5054 2627 5107 arboris
2651 5064 2826 5121 gustu,
2857 5055 2982 5122 quia
3008 5056 3222 5123 reliquit
3248 5055 3531 5122 justitiam,
3580 5054 3818 5108 devenit

2221 5147 2273 5199 in
2306 5162 2538 5216 poenam,
2581 5157 2636 5202 et
2663 5161 2854 5218 sponte
2882 5149 2934 5202 in
2965 5150 3142 5202 anima
3187 5148 3499 5216 spiritaliter
3529 5156 3819 5211 mortuus,

2217 5237 2534 5304 supplicium
2557 5253 2769 5306 quoque
2792 5239 3089 5308 corporalis
3117 5239 3304 5293 mortis
3331 5236 3545 5306 excepit
3571 5237 3816 5293 invitus.

2287 5326 2340 5379 4.
2373 5325 2682 5382 Voluntaria
2712 5344 2840 5397 ergo
2867 5331 3057 5384 animai
3100 5345 3244 5385 mors
3282 5328 3546 5398 pmnalem
3577 5329 3818 5398 corpori

2216 5538 2335 5577 eum
2351 5523 2417 5577 de
2437 5524 2671 5593 parvulis
2684 5533 2872 5591 agatur
2889 5525 3080 5593 quibus
3105 5525 3382 5591 praesentis
3403 5520 3496 5578 a'ut
3515 5531 3648 5578 ante
3667 5535 3820 5581 acta

2217 5593 2524 5664 vitreopera
2555 5608 2888 5662 nequaquam
2916 5594 3290 5664 suffragantur.

2287 5659 2308 5698 ἀ
2341 5659 2437 5716 Ms.
2469 5678 2625 5726 unus,
2640 5659 2875 5718 macula.

2289 5741 2310 5766 ⁸
2342 5731 2427 5787 Sic
2459 5748 2557 5788 ms.
2591 5732 2798 5800 Crateri,
2834 5732 2995 5789 Deum
3023 5736 3205 5788 vivum.
