4048 6342
290 353 391 411 605

563 354 620 412 Β.
659 353 1022 412 FULGENTII
1057 353 1356 410 EPISCOPI
1395 355 1764 412 RUSPENSIS
1809 357 1850 412 D

1948 356 2270 413 manus
2309 358 2982 418 ramossrmmoms
3003 321 3154 419 ιω.
3189 367 3232 422 ι.

3417 370 3525 424 ως

289 471 494 542 peperit
511 481 771 536 mortem;
802 479 858 525 et
897 471 1165 525 hominem
1195 471 1422 541 primum
1463 471 1589 540 quia
1619 471 1854 540 possedit
1881 476 1924 534 Α
1955 469 2136 535 Isaias,
2190 472 2315 542 quia
2357 481 2568 542 peccata
2613 484 2790 528 nostra
2830 475 2939 543 ipse
2965 476 3185 542 portavit
3228 478 3382 540 (lsai.
3409 493 3520 542 Lm,

288 575 429 615 mors
459 561 718 626 criminis,
741 561 904 615 etiam
933 575 1077 615 mors
1107 561 1246 615 illico
1273 560 1558 614 subsecuta
1582 568 1664 614 est
1692 561 1853 616 ultio-

287 650 388 705 nis.
434 647 563 704 Inde
604 651 802 704 factum
829 659 914 704 est
954 659 1012 704 ut
1047 649 1163 718 ejus
1190 651 1492 705 universam
1542 652 1854 719 progeniem

288 757 394 797 non
419 741 595 797 solum
626 743 678 796 in
707 743 772 796 iis
798 742 889 811 qni
927 742 1146 811 proprio
1176 749 1395 810 possent
1421 741 1641 794 arbitrio
1681 741 1853 795 delin-

287 849 473 904 quere,
498 835 592 890 sed
613 835 774 888 etiam
815 835 867 888 in
897 834 1132 903 parvulis
1162 833 1385 886 necdum
1416 833 1630 902 propria
1662 833 1857 886 utenti-

285 924 386 980 bus
429 925 728 988 voluntate,
779 933 959 977 reatus
1008 923 1399 989 obstringeret,
1433 934 1507 988 et,
1537 923 1857 990 prmvalente

284 1022 536 1084 peccato,
565 1014 827 1082 pmoalcm
858 1013 957 1066 sibi
988 1027 1082 1080 per
1120 1027 1307 1065 omnes
1337 1013 1582 1065 homines
1622 1028 1766 1068 mors
1802 1020 1859 1067 et

285 1103 570 1158 transitum
618 1102 910 1154 vindicaret
951 1112 1006 1155 et
1053 1114 1296 1167 regnum.
1347 1099 1572 1168 Propter
1616 1101 1759 1169 quod
1803 1109 1858 1156 et

285 1191 576 1259 Apostolus
601 1189 757 1244 dicit:
788 1190 887 1243 Per
909 1206 1067 1242 unum
1089 1190 1345 1242 hominem
1366 1198 1627 1257 peccatum
1648 1191 1857 1243 intravit

284 1283 334 1333 in
365 1282 634 1341 muitdum,
680 1289 728 1331 et
767 1296 856 1345 per
885 1289 1144 1344 peccatum
1193 1295 1370 1331 mors:
1398 1287 1446 1331 et
1486 1280 1558 1330 ita
1600 1281 1652 1331 in
1683 1296 1857 1332 omnes

283 1371 515 1422 homines
539 1383 677 1420 mors
721 1366 1040 1435 pertransiit,
1089 1367 1142 1418 in
1173 1362 1269 1434 quo
1308 1382 1480 1417 omnes
1526 1373 1857 1433 peccaverunt

283 1457 462 1531 (Rom.
511 1473 562 1517 v,
611 1455 717 1524 12).
765 1455 893 1508 Item
932 1453 1062 1507 dicit
1095 1471 1106 1505 ε
1146 1453 1392 1522 Regnavit
1433 1470 1568 1506 mors
1599 1453 1660 1505 ab
1695 1455 1858 1507 Adam

281 1567 440 1619 usque
468 1549 536 1600 ad
559 1547 794 1618 Moysen,
826 1547 979 1598 etiam
1011 1546 1064 1596 in
1094 1561 1178 1597 eos
1202 1545 1288 1613 qui
1314 1561 1415 1597 non
1448 1554 1780 1614 peccaverunt
1802 1546 1854 1597 in

281 1639 617 1693 rimititudine
641 1636 1078 1706 prtevaricationis
1108 1635 1234 1687 Ada:
1263 1633 1446 1702 (Ibid.,
1480 1632 1588 1701 14).
1623 1633 1858 1687 Peccans

280 1728 448 1796 igitur
477 1727 640 1780 homo
670 1734 837 1778 totam
868 1725 918 1778 in
949 1739 1007 1778 se
1036 1733 1259 1792 peccato
1287 1739 1384 1778 suo
1409 1724 1639 1777 subdidit
1669 1737 1858 1791 proge-

1959 559 2068 630 Η).
2094 559 2160 614 Ut
2184 575 2312 629 ergo
2333 562 2385 615 in
2410 561 2712 615 hominibus
2733 576 2965 629 quoque,
2999 563 3082 615 ubi
3105 562 3391 616 abundavit
3409 577 3527 631 pee-

1955 658 2133 704 catum
2163 649 2620 718 superabundaret
2667 651 2855 717 gratia,
2888 666 2993 703 non
3021 650 3193 704 solum
3241 650 3366 703 illud
3395 664 3526 721 pec-

1955 749 2135 795 catum
2167 741 2323 793 diluit
2364 755 2472 808 quo
2504 751 2748 794 terrenus
2787 739 2946 794 homo
2987 741 3387 795 universitatem
3417 753 3527 792 sum

1957 829 2262 898 propaginis
2290 828 2612 896 inquinavit;
2659 827 2752 880 sed
2782 827 2942 880 etiam
2988 827 3140 894 hujus
3166 827 3336 894 gratia
3379 825 3529 880 omni

1955 919 2194 972 credenti
2223 917 2506 970 dimittitur
2531 918 2784 986 quidquid
2816 917 2886 969 illi
2918 918 3160 983 originali
3192 926 3414 986 peccato
3432 916 3528 970 ad.

1955 1007 2124 1062 ditum
2155 1008 2469 1062 voluntariis
2498 1008 2772 1061 hominum
2803 1007 3033 1060 motibus
3055 1008 3139 1060 vel
3167 1008 3419 1074 Operibus
3449 1007 3526 1060 in-

1955 1098 2186 1150 venitur.
2231 1097 2344 1152 lloc
2373 1099 2556 1166 utique
2583 1099 2739 1153 docet
2769 1099 2955 1151 beatus
2986 1099 3269 1166 Apostolus
3298 1098 3484 1152 dicens
3508 1116 3524 1151 :

1957 1186 2096 1240 Nam
2114 1189 2365 1257 judicium
2393 1206 2458 1242 ea:
2483 1206 2583 1242 uno
2612 1190 2664 1241 in
2694 1189 3188 1250 condemnationem,
3239 1189 3407 1258 gratia
3429 1203 3527 1239 au-

1957 1286 2055 1329 tem
2083 1292 2147 1330 ea:
2171 1277 2345 1329 multis
2377 1278 2574 1330 delictis
2603 1279 2654 1329 in
2669 1278 3093 1346 justiﬁcationem
3123 1277 3298 1345 (Rom.
3331 1293 3384 1343 v,
3414 1277 3523 1344 16).

1956 1361 2082 1416 11.ηο
2107 1373 2187 1417 est
2208 1365 2376 1433 gratia
2408 1365 2500 1418 Dei
2524 1380 2642 1432 qua:
2673 1382 2769 1419 nos
2812 1366 3000 1418 liberat
3047 1381 3141 1434 per
3168 1365 3347 1420 Jesum
3375 1366 3527 1420 Chri-

1955 1462 2094 1507 stum
2120 1453 2404 1507 Dominum
2434 1465 2698 1521 nostrum,
2724 1455 2876 1522 cujus
2905 1457 3085 1521 gratia:
3113 1473 3247 1524 opus
3275 1457 3528 1510 liberator

1957 1544 2072 1611 ipse
2103 1544 2256 1596 nobis
2287 1537 2579 1606 ihsiuuans,
2605 1545 2676 1596 ita
2709 1544 2980 1612 loquitur:
3007 1543 3066 1597 Si
3096 1561 3179 1598 vos
3210 1543 3378 1598 Filius
3399 1545 3527 1598 libe-

1954 1633 2164 1691 raverit,
2214 1649 2328 1686 vere
2367 1633 2514 1685 liberi
2553 1635 2725 1695 eritis;
2775 1642 2829 1685 et
2876 1634 2982 1686 alio
3013 1633 3174 1686 loco:
3217 1632 3364 1686 Venit
3392 1634 3526 1686 enim

1955 1718 2124 1774 Filius
2153 1721 2374 1775 hominis
2403 1739 2628 1793 qucrrere
2655 1733 2703 1776 et
2729 1725 2923 1776 salvum
2952 1725 3122 1794 facere
3147 1726 3280 1795 quod
3306 1726 3526 1795 perierat

280 1817 444 1880 niem,
493 1813 707 1883 quando
735 1811 1097 1880 delinquendo
1129 1828 1308 1866 veram
1351 1813 1583 1881 perdidit
1629 1812 1850 1866 liberta-
1884 1835 1926 1894 Β
1957 1807 2105 1880 (Luc.
2134 1825 2245 1872 xxx,
2279 1810 2389 1879 10).

278 1915 388 1959 tem
424 1922 436 1957 :
465 1906 508 1956 Α
530 1921 628 1975 quo
655 1905 792 1956 enim
818 1905 929 1974 quis
961 1903 1180 1957 devictus
1202 1913 1297 1966 est,
1331 1904 1446 1956 huic
1478 1913 1527 1957 et
1563 1920 1737 1957 servus
1765 1905 1854 1956 ad-

277 1994 444 2048 dictus
471 2005 547 2046 est
570 1991 655 2062 (11
677 1991 818 2045 Petr.
853 2009 906 2056 ιι,
945 1992 1062 2062 19);
1092 2000 1167 2055 et,
1210 1990 1390 2046 Omnis
1411 1996 1495 2063 qui
1519 1996 1644 2064 facit
1669 2009 1851 2058 pecca-

277 2093 409 2149 tum,
433 2099 604 2136 servus
626 2092 701 2136 est
729 2083 924 2152 peccati
954 2082 1132 2151 (Joan.
1165 2099 1272 2146 vin,
1303 2082 1415 2149 54).

349 2171 402 2226 5.
426 2173 502 2226 Ab
533 2173 632 2230 hac
655 2173 928 2236 servitute,
955 2186 1059 2240 qua
1090 2182 1113 2207 ἰ
1139 2181 1420 2226 nascentes
1440 2172 1646 2240 parvuli
1667 2179 1853 2225 tenen-

274 2273 367 2318 tur
393 2263 654 2326 obstricti,
688 2261 834 2315 solus
857 2277 992 2316 unus
1015 2261 1041 2298 δ
1069 2262 1330 2315 mediator
1359 2260 1454 2314 Dei
1489 2271 1544 2316 et
1574 2262 1851 2316 hominum

275 2353 442 2407 homo
455 2351 698 2406 Christus
718 2352 870 2406 Jesus
896 2352 1029 2406 liber
1056 2361 1138 2407 est
1163 2354 1403 2420 genitus;
1429 2355 1519 2423 qui
1550 2354 1675 2408 licet
1694 2370 1852 2410 verus

274 2443 442 2496 homo
473 2451 628 2495 natus
659 2440 838 2506 fuerit,
875 2456 980 2495 non
1011 2449 1189 2494 tamen
1224 2442 1613 2496 interveniente
1654 2457 1853 2496 concu-

274 2529 534 2598 piscentia
561 2529 757 2592 carnis,
804 2543 904 2582 nec
946 2543 1010 2582 ex
1039 2529 1329 2582 concubitu
1358 2529 1517 2584 maris
1543 2538 1599 2585 et
1618 2531 1848 2597 feminze,

274 2619 370 2676 scd
399 2619 467 2672 de
494 2619 698 2688 Spiritu
741 2629 928 2673 sancto
974 2627 1150 2683 natus,
1201 2619 1273 2673 ita
1319 2635 1502 2674 veram
1541 2636 1757 2675 carnem
1785 2621 1852 2676 de

273 2723 439 2761 carne
466 2710 651 2762 matris
678 2709 902 2777 accepit,
935 2716 994 2760 ut
1023 2707 1162 2762 Deus
1186 2723 1347 2762 verus
1375 2724 1480 2761 non
1510 2709 1719 2777 culpam
1753 2709 1852 2764 hu-

274 2811 451 2850 mana:
479 2804 712 2849 sumeret
741 2796 981 2863 originis,
1011 2795 1103 2850 sed
1145 2807 1418 2861 naturam;
1449 2805 1506 2851 et
1549 2807 1767 2866 peccata
1797 2799 1850 2854 in

275 2900 505 2953 corpore
531 2901 628 2939 suo
651 2901 756 2938 non
787 2884 1026 2939 facienda
1054 2888 1334 2954 reciperet,
1359 2885 1456 2939 sed
1483 2885 1706 2940 delenda
1734 2903 1853 2956 por-

275 2983 436 3028 taret.
489 2973 807 3042 Apostolicm
855 2988 1086 3041 namque
1146 2974 1541 3042 prmdicationis
1590 2976 1854 3030 veraciter

274 3064 570 3138 auctoritas
603 3064 759 3117 docet
788 3063 911 3132 quia
944 3071 1206 3131 peccatum
1243 3080 1346 3116 non
1375 3065 1514 3132 fecit,
1565 3079 1656 3116 nec
1684 3063 1856 3116 inven-

273 3164 355 3208 tus
383 3163 460 3207 est
491 3155 637 3207 dolus
667 3155 717 3205 in
757 3170 845 3207 ore
872 3153 984 3222 ejus
1014 3151 1065 3220 (Ι
1104 3151 1244 3228 Petr.
1283 3168 1341 3215 ιι,
1374 3151 1494 3219 22);
1521 3160 1593 3216 et,
1628 3151 1850 3206 l’eccata
1876 3191 1920 3250 Ο

273 3253 452 3298 nostra
480 3245 589 3311 ipse
615 3242 822 3312 pertulit
847 3243 899 3294 in
930 3257 1141 3310 corpore
1177 3257 1269 3293 suo
1294 3257 1446 3308 super
1471 3242 1683 3310 lignum,
1734 3253 1789 3293 ut
1817 3259 1849 3294 a

272 3334 497 3400 peccatis
524 3318 750 3400 separati
777 3347 890 3382 cum
912 3330 1119 3400 justitia
1148 3330 1370 3383 vivamus
1399 3329 1586 3398 (Ibid.,
1612 3329 1723 3398 24).
1757 3330 1852 3383 So-

272 3423 376 3479 lius
405 3425 520 3490 ejus
559 3433 730 3494 mater
754 3424 892 3477 sicut
920 3424 1070 3490 virgo
1115 3424 1213 3476 fuit
1254 3432 1379 3476 ante
1405 3431 1744 3492 conceptum,
1772 3423 1850 3478 sic

272 3513 424 3579 virgo
455 3512 748 3581 permansit
773 3511 1025 3564 inviolata
1062 3519 1184 3579 post
1212 3518 1424 3578 partum
1458 3527 1470 3561 :
1503 3511 1625 3578 quia
1654 3525 1753 3564 nec
1781 3510 1848 3563 li-

271 3599 510 3656 bidinem
541 3600 708 3653 sensit
751 3615 871 3653 cum
904 3599 1072 3652 Deum
1119 3599 1429 3666 conciperet
1472 3599 1523 3652 in
1573 3608 1726 3652 utero
1771 3598 1848 3651 fa-

270 3699 417 3746 ctum
462 3690 781 3746 mirabiliter
821 3690 1114 3754 hominem,
1160 3705 1259 3744 nec
1288 3690 1519 3759 aliquam
1547 3690 1848 3760 corrunptio—

269 3795 392 3836 nem
417 3780 543 3833 dum
569 3781 620 3835 in
649 3795 773 3834 vera
801 3781 966 3836 nostri
990 3779 1199 3846 generis
1215 3794 1375 3833 carne
1398 3787 1610 3847 pareret
1629 3779 1846 3834 humani

268 3871 482 3937 generis
510 3869 942 3938 Redemptorem.
977 3869 1114 3923 Dens
1141 3883 1369 3938 namque
1389 3883 1548 3922 verus
1576 3883 1758 3922 veram
1779 3883 1845 3923 cx

269 3958 478 4024 virgine
503 3957 800 4026 suscipiens
841 3973 1078 4021 carnem,
1127 3956 1508 4026 perfectionem
1547 3972 1612 4010 ex
1641 3972 1704 4011 ea
1746 3957 1848 4011 hu-

267 4046 411 4100 tnani
439 4049 684 4112 corporis
715 4046 960 4114 sumpsit,
1012 4045 1330 4112 virginitatis
1369 4046 1420 4099 ei
1467 4047 1691 4112 gratiam
1738 4062 1845 4102 non

267 4133 489 4188 ademit.
515 4131 697 4200 Neque
724 4133 863 4185 enim
885 4133 1108 4186 decebat
1147 4142 1204 4186 ut
1243 4134 1602 4203 intrgritatem
1631 4134 1846 4202 virgini-

273 4222 399 4277 tatis
425 4231 638 4277 creator
667 4224 910 4278 humanm
937 4224 1083 4277 carni
1109 4223 1250 4278 Deus
1294 4224 1347 4278 in
1396 4223 1704 4278 conditiooe
1751 4225 1845 4278 tri-

272 4311 484 4374 bueret,
514 4321 568 4366 et
596 4312 733 4365 idem
757 4313 932 4366 carnis
953 4312 1198 4366 humana:
1219 4323 1500 4383 susceptor
1517 4312 1681 4381 Dens,
1703 4314 1844 4382 quod

271 4400 478 4456 fecerat
505 4401 896 4470 redempturus,
930 4402 1296 4467 virginitatem
1317 4404 1464 4457 carni
1514 4403 1580 4456 de
1610 4419 1712 4472 qua
1745 4419 1842 4457 na-

269 4491 521 4546 scebatur
549 4491 802 4546 auferret.
834 4490 951 4559 Ipse
979 4501 1064 4544 est
1094 4493 1358 4546 secundus
1405 4494 1568 4548 homo
1607 4493 1674 4546 de
1702 4494 1842 4548 cmlo

272 4579 325 4650 (1
352 4579 474 4634 Cor.
507 4597 596 4646 xv,
627 4582 737 4651 47),
784 4585 875 4651 qui
919 4600 1025 4638 non
1057 4583 1176 4636 ideo
1203 4584 1270 4636 de
1305 4584 1441 4637 cmlo
1472 4585 1684 4650 dicitur,
1715 4586 1840 4652 quia

272 4671 398 4726 inde
417 4687 600 4728 secum
629 4674 798 4726 voluit
822 4674 1096 4743 deponere
1131 4673 1480 4727 substantiam
1518 4674 1601 4727 sui
1642 4690 1840 4742 corpov

271 4764 374 4826 ris;
404 4763 501 4817 sed
529 4763 652 4831 quia
683 4765 812 4817 nihil
863 4765 914 4817 in
961 4779 1020 4818 se
1065 4772 1290 4818 terrenae
1326 4765 1628 4832 cupiditatis
1670 4765 1838 4818 forma

268 4851 409 4904 servi
439 4851 638 4905 habere
661 4853 853 4920 potuit,
885 4867 1044 4921 quam
1065 4853 1125 4906 in
1159 4853 1413 4907 unitatem
1439 4869 1678 4923 persona:
1700 4854 1839 4909 Deus

269 4947 481 4993 creator
502 4940 622 4994 caeli
651 4949 915 5010 terraeque
938 4943 1191 5012 suscepit.

333 5029 459 5084 Car.
491 5047 565 5084 ιιι.
599 5063 672 5072 -
695 5033 745 5085 6.
780 5033 894 5087 Non
921 5049 1049 5102 ergo
1078 5035 1297 5089 cmleste
1322 5051 1516 5105 corpus
1544 5035 1612 5090 ad
1641 5046 1834 5092 terram

266 5116 530 5186 deposuit,
582 5119 677 5173 sed
705 5120 771 5173 ad
801 5121 997 5174 coelum
1028 5122 1167 5176 Deus
1197 5124 1247 5176 in
1276 5111 1334 5178 se
1377 5133 1620 5178 naturam
1655 5141 1836 5180 veram

269 5207 461 5260 terreni
489 5209 732 5276 corporis
757 5209 1006 5264 elevavit.
1033 5210 1181 5266 Hanc
1208 5214 1404 5266 terreni
1433 5216 1675 5283 corporis
1697 5217 1838 5270 veri-

265 5299 426 5347 tatem
453 5295 522 5348 de
561 5304 774 5350 terreno
803 5312 1034 5367 corpore
1063 5299 1250 5353 matris
1274 5302 1560 5370 accipiens,
1595 5303 1647 5356 in
1676 5319 1838 5358 carne

264 5400 354 5438 sua
382 5396 564 5442 nostra
591 5389 750 5460 437
778 5402 997 5460 peccata
1029 5392 1284 5460 portavit,
1315 5407 1437 5446 cum
1478 5410 1584 5447 non
1617 5395 1837 5450 haberet

265 5475 419 5530 ullam
445 5478 532 5532 vel
579 5481 821 5546 originis,
870 5480 956 5536 vel
1002 5483 1182 5552 operis
1225 5483 1456 5552 culpam.
1513 5483 1650 5538 Dieit
1691 5485 1833 5540 enim

269 5705 367 5821 NI;
503 5714 661 5763 mss.;
689 5707 816 5754 tres.
842 5697 968 5754 edd.
995 5713 1123 5754 vero
1155 5704 1325 5754 totum
1353 5697 1552 5756 habent
1577 5698 1834 5768 simulari

306 5779 318 5787 .
372 5782 384 5818 ι
489 5808 502 5822 .

306 5779 502 5822 nmero.

2025 1898 2076 1950 7.
2110 1897 2231 1952 [hec
2260 1897 2354 1952 Dei
2385 1901 2572 1966 gratia,
2604 1916 2706 1970 qua
2732 1901 3017 1965 salvamur,
3070 1917 3174 1956 non
3204 1902 3358 1957 alicui
3389 1917 3523 1972 pra)-

1951 1987 2161 2042 cedenti
2202 1988 2343 2042 bono
2376 1990 2565 2041 merito
2612 1989 2786 2052 datur,
2840 2005 2937 2044 nec
2988 1999 3162 2044 tamen
3192 1991 3291 2043 nisi
3323 2005 3524 2059 pmice-

1951 2074 2097 2130 denti
2155 2077 2295 2130 malo
2323 2078 2514 2131 merito
2559 2077 2872 2144 denegatur.
2924 2077 3133 2132 Primus
3177 2080 3319 2133 enim
3363 2079 3524 2134 homo

1953 2167 2246 2220 transmisit
2270 2167 2321 2220 in
2351 2184 2538 2222 omnes
2567 2168 2809 2245 homipes
2830 2163 3032 2237 peCcati
3057 2169 3136 2222 sui
3167 2168 3374 2234 merita,
3399 2181 3525 2236 quo-

1952 2271 2069 2309 rum
2110 2272 2235 2310 caro
2261 2264 2343 2310 est
2375 2256 2442 2310 de
2479 2257 2684 2326 peccati
2716 2257 2831 2324 lege
2859 2267 3139 2326 concepta.
3171 2256 3394 2325 Propter
3421 2257 3524 2312 hoc

1954 2344 2006 2398 in
2035 2344 2267 2412 parvulis
2291 2360 2412 2398 cum
2444 2345 2645 2397 nullum
2673 2345 2743 2398 sit
2771 2361 2838 2398 ex
2867 2346 3079 2413 propri]
3111 2346 3384 2398 voluntate
3409 2359 3524 2413 pec-

1954 2444 2150 2497 catum,
2176 2433 2314 2486 inest
2340 2442 2516 2488 tamen
2542 2434 2662 2489 liliis
2688 2434 2778 2488 ira:
2800 2435 3084 2488 carnaliter
3105 2435 3296 2502 genitis
3318 2435 3524 2489 macula

1951 2524 2263 2593 parentalis,
2292 2539 2409 2592 qua:
2430 2523 2645 2592 quidem
2667 2525 2805 2578 bene
2829 2525 3144 2593 dispositum
3169 2525 3358 2577 divina:
3383 2539 3522 2579 crea~

1953 2613 2114 2666 tionis
2157 2628 2263 2666 non
2310 2613 2589 2682 perturbat
2631 2614 2905 2678 ordinem;
2955 2615 3050 2668 sed
3094 2629 3242 2668 naevo
3290 2622 3523 2682 paterna

1954 2703 2388 2770 transgressionis
2418 2703 2606 2770 inﬂigit
2635 2712 2824 2758 tetram
2848 2705 3186 2758 nascentibus
3209 2704 3521 2759 fmditatem.

1953 2790 2033 2845 Ab
2073 2792 2158 2844 illa
2190 2792 2348 2859 igitur
2378 2807 2548 2846 massa
2578 2791 2827 2846 damnata
2867 2809 3025 2847 nemo
3063 2792 3358 2846 futurorum
3389 2807 3523 2862 pra:-

1951 2881 2176 2935 scientia
2224 2897 2446 2950 operum
2490 2882 2837 2942 discernitur,
2900 2883 2993 2936 sed
3041 2882 3340 2937 miserantis
3381 2880 3523 2950 figuli

1953 2986 2056 3039 ope
2083 2978 2243 3038 atque
2273 2985 2435 3039 opere
2463 2978 2791 3037 segregatur.
2833 2968 3132 3039 Propterea
3160 2986 3284 3026 vasa
3314 2971 3523 3026 miseri-

1953 3061 2167 3123 cordiae,
2223 3076 2340 3130 qua:
2380 3060 2446 3114 de
2493 3060 2678 3114 eadem
2725 3076 2899 3115 massa
2948 3063 3114 3129 gratis
3163 3062 3216 3114 in
3265 3061 3529 3115 honorent

1955 3152 2104 3218 fiunt,
2135 3169 2164 3206 a
2187 3153 2436 3206 vasisirtc
2458 3153 2508 3206 in
2533 3153 2907 3207 contumeliam
2936 3153 3086 3207 factis
3105 3153 3349 3221 gratuita:
3370 3152 3518 3221 justi-

1954 3242 2220 3295 licationis
2249 3257 2468 3296 munere
2497 3251 2867 3297 secernuntur.
2917 3242 2994 3294 Ad
3023 3242 3408 3296 ostendendam
3431 3259 3522 3298 au-

1952 3339 2058 3384 tem
2086 3331 2332 3398 gratiam,
2381 3345 2500 3398 qua:
2549 3332 2711 3397 gratis
2750 3328 3009 3398 jnstilicat
3035 3339 3360 3398 peccatores,
3391 3346 3522 3400 apo-

1950 3420 2138 3474 stolica
2172 3419 2477 3488 przcdicatio
2510 3434 2615 3471 non
2644 3434 2768 3472 vasa
2795 3420 3032 3486 justitize,
3064 3418 3159 3472 sed
3191 3433 3313 3470 vasa
3361 3419 3522 3473 mise-

1933 3509 2193 3564 .ricordia:
2243 3516 2537 3576 nuncupat,
2582 3509 2741 3562 beato
2793 3507 2956 3568 Paulo
3003 3509 3214 3562 dicente
3253 3525 3264 3559 :
3302 3505 3452 3570 Quod
3477 3512 3520 3562 si

1948 3598 2118 3651 volens
2146 3595 2282 3649 Deus
2303 3597 2568 3649 ostendere
2592 3600 2745 3660 iram,
2774 3605 2821 3648 et
2849 3607 3022 3650 notam
3050 3600 3218 3666 facere
3245 3600 3520 3665 potentiam

1949 3703 2115 3749 suam,
2150 3687 2391 3739 sustinuit
2420 3686 2472 3738 in
2499 3686 2659 3738 multa
2689 3686 2938 3756 patientia
2980 3704 3102 3740 casu
3141 3688 3234 3738 ira:
3261 3694 3440 3754 aptata
3466 3688 3520 3742 in

1946 3779 2243 3833 interitum:
2272 3786 2328 3830 ut
2357 3778 2641 3830 ostenderet
2671 3777 2875 3832 dititias
2895 3779 3074 3848 gloria:
3095 3778 3412 3834 suwinvasis
3425 3780 3519 3832 mi-

1947 3868 2260 3931 sericordia',
2291 3885 2404 3938 qua:
2427 3869 2736 3937 prwpararit
2781 3869 2832 3921 in
2862 3869 3078 3938 gloriam
3111 3870 3292 3940 (Rom.
3326 3887 3396 3936 ιιι,
3426 3868 3518 3938 2'2,

1944 3957 2060 4026 25).
2087 3956 2190 4010 Ista
2223 3958 2588 4012 misericordia
2617 3959 2882 4011 neminem
2935 3961 3133 4028 reperit
3159 3959 3393 4029 dignum,
3427 3959 3519 4014 sed

1945 4060 2134 4100 omnes
2173 4047 2415 4114 indignos
2444 4047 2665 4111 invenit,
2710 4055 2765 4099 et
2793 4061 2860 4100 ex
2901 4047 3050 4115 ipsis,
3098 4062 3234 4116 quos
3263 4048 3516 4110 voluerit.

1943 4138 2133 4204 dignos
2163 4136 2308 4191 facit.

2013 4229 2142 4284 CAP.
2177 4246 2246 4283 tv.
2278 4263 2349 4272 —
2376 4229 2429 4284 8.
2480 4227 2592 4284 liae
2617 4230 2976 4284 misericordia
3008 4240 3308 4299 prteventus
3332 4228 3516 4296 Jacoh,

1945 4337 2050 4375 non
2077 4319 2368 4375 secundum
2420 4322 2668 4375 meritum
2701 4322 2954 4388 praeteriti
3003 4337 3094 4374 seu
3129 4321 3290 4375 futuri
3338 4321 3518 4389 cujus-

1943 4424 2102 4478 quam
2129 4409 2344 4462 humani
2390 4411 2586 4478 operis,
2620 4410 2714 4462 sed
2743 4409 3034 4463 sccundmn
3067 4411 3396 4478 propositum
3425 4408 3518 4467 Dei

1944 4498 2406 4566 praedestinantis,
2456 4498 2764 4564 priusquam
2815 4506 3124 4550 nasceretur
3167 4500 3366 4552 electus
3413 4507 3512 4552 est.

1869 4557 1922 4615 D
1945 4587 2082 4640 Dicit
2111 4587 2249 4639 enim
2281 4586 2568 4653 Apostolus
2594 4587 2736 4653 quia,
2773 4587 2890 4638 dum
2935 4587 3158 4638 nondum
3190 4589 3299 4639 nati
3327 4597 3514 4652 essent,

1946 4684 2033 4728 aut
2073 4675 2268 4743 aliquid
2296 4678 2517 4745 egissent
2547 4675 2662 4728 boni
2701 4685 2787 4728 aut
2831 4677 2972 4739 muli,
3017 4685 3070 4728 ut
3110 4677 3511 4731 secundumer

1945 4769 2162 4820 ctionem
2207 4766 2525 4834 propositum
2569 4767 2658 4817 Dei
2697 4777 2950 4829 maneret,
3005 4783 3104 4818 non
3156 4782 3220 4818 ea:
3259 4767 3514 4834 operibus,

1943 4854 2035 4908 sed
2062 4869 2125 4906 ex
2147 4862 2357 4906 vocante
2375 4854 2568 4905 dictum
2596 4862 2669 4905 est
2699 4852 2960 4920 Rebecca',
2994 4855 3113 4924 quia
3142 4855 3308 4923 major
3337 4856 3513 4908 serrieo

1941 4945 2131 4999 minori
2179 4942 2364 5013 (lbid.,
2393 4944 2456 4996 ll
2492 4943 2546 4998 εί
2569 4950 2722 5015 seq.).
2769 4943 2833 4998 Ut
2861 4959 2988 5012 ergo
3018 4946 3189 4999 minor
3217 4945 3382 4999 frater
3405 4961 3512 4998 ma-

1936 5035 2042 5106 jori
2090 5035 2238 5089 fratri
2278 5037 2616 5106 prml'erretur
2660 5053 2688 5090 a
2728 5038 2857 5101 Deo,
2907 5054 3077 5106 neque
3120 5039 3374 5108 praeteriti
3416 5037 3518 5099 fuit

1940 5126 2254 5195 cujusquam
2301 5128 2570 5189 meritum,
2600 5140 2790 5195 neque
2822 5125 2978 5179 futuri
3023 5130 3201 5198 operis
3226 5169 3241 5193 ,
3275 5129 3516 5197 quando-

1939 5215 2156 5285 quidem
2185 5231 2250 5270 εχ
2284 5232 2388 5270 uno
2426 5217 2663 5284 legitimo
2705 5217 2957 5284 justeque
3001 5219 3288 5272 concubitu
3337 5226 3518 5273 reatus

1939 5315 2323 5376 conceptarum
2347 5315 2594 5361 manebat
2615 5308 2851 5376 mqualis.
2876 5307 3057 5362 Gratia
3089 5311 3245 5378 igitur
3270 5311 3373 5364 hoc
3393 5309 3517 5364 fecit

1939 5396 2196 5450 bonitatis
2223 5395 2411 5450 divina:
2445 5414 2457 5448 :
2490 5412 2607 5466 qua:
2639 5414 2906 5466 nunquam
2939 5402 3016 5454 sic
3043 5401 3164 5454 data
3193 5410 3297 5463 est,
3332 5411 3390 5455 ut
3419 5401 3516 5455 ali~

1939 5503 2042 5558 qua
2073 5488 2125 5541 in
2155 5487 2371 5542 homine
2417 5487 2556 5542 bona
2601 5489 2790 5544 merita
2830 5492 3111 5559 reperiret,
3166 5492 3259 5547 sed
3307 5500 3364 5547 ut
3407 5509 3512 5547 non

2016 5703 2039 5742 ι’
2067 5701 2201 5758 Edd.
2233 5721 2337 5760 non
2367 5707 2582 5790 habent,
2615 5725 2762 5761 unus.
2792 5706 2912 5761 Mss.
2945 5706 3164 5763 habent.’
