4048 6342
414 5614 425 5715 ἰ

507 431 517 440 ’
541 345 650 414 σῖὶτ

1597 347 1654 424 s.
1683 370 2044 426 FULGENTII
2083 371 2382 429 EPlSCOPl
2423 351 2790 435 nusrnn'srs

3687 398 3795 455 608

539 460 857 532 habentibus
906 478 1017 548 ipsa
1046 477 1336 534 conferret.
1387 479 1444 534 Si
1491 481 1632 534 enim
1668 491 1912 536 cessante
1937 461 2107 550 gratia
2139 485 2184 544 A
2212 488 2327 551 ejus
2353 500 2514 554 super
2544 497 2740 579 terram
2771 489 2890 560 (Job
2933 507 3037 556 xiv,
3064 493 3114 557 4,
3139 496 3292 565 juxta
3322 497 3527 571 LXX);
3562 508 3656 562 sed
3679 510 3798 579 ipse

537 579 634 631 per
661 566 830 620 solam
853 583 1073 644 operum
1100 571 1488 638 praescientiam
1519 572 1873 626 humanorum
1905 575 1956 628 in
1987 590 2110 643 par-

538 653 672 708 vulis
703 657 805 710 nlis
828 657 980 712 unius
1002 658 1231 725 eligendi
1259 669 1311 713 et
1333 661 1552 716 alterius
1578 663 1896 730 reprobandi
1922 665 2110 720 fuisset

537 741 672 797 facta
718 745 987 811 discretio,
1036 763 1304 811 nunquam
1357 749 1582 806 dixisset
1610 753 1900 822 Apostolus
1931 773 1943 808 :
1979 758 2105 824 quia

535 847 636 885 non
664 849 728 884 ca:
749 833 1001 901 operibus,
1029 837 1119 888 sed
1143 854 1207 890 ea:
1227 849 1437 894 vocante
1459 841 1646 895 dictum
1667 853 1742 897 est
1765 847 1830 910 ei,
1862 847 1983 916 quia
2001 863 2108 899 ma-

533 921 614 988 ior
637 923 820 974 serviet
844 926 1050 978 minori.
1077 927 1238 998 438
1259 928 1336 984 Ex
1357 933 1610 1000 operibus
1634 935 1776 988 enim
1803 936 1917 990 sine
1944 937 2105 993 dubio

531 1009 820 1078 Apostolus
847 1012 1088 1080 dixisset,
1121 1017 1166 1070 si
1196 1017 1494 1075 futurorum
1522 1023 1711 1077 saltem
1740 1024 1812 1078 ibi
1842 1026 2105 1082 humano-

531 1111 646 1149 rum
671 1113 893 1166 operum
925 1103 1065 1158 bona
1093 1108 1284 1162 merita
1314 1113 1672 1178 cognovisset.
1714 1112 1820 1168 Sed
1849 1117 2105 1184 quoniam

529 1188 581 1240 in
611 1195 855 1259 utroque
893 1194 1018 1261 sola
1057 1195 1418 1256 damnationis
1467 1201 1643 1256 inesse
1690 1204 1880 1258 merita
1925 1205 2101 1270 scivit,

527 1274 804 1333 electionis
820 1295 1037 1335 causam
1053 1284 1152 1338 soli
1165 1288 1445 1355 proposito
1466 1289 1658 1345 divina:
1675 1292 1928 1348 bonitatis
1951 1295 2105 1348 attri-

527 1364 658 1419 buit.
687 1368 952 1433 Quocirca
982 1375 1050 1426 ex‘
1076 1373 1284 1429 duobus
1305 1377 1420 1432 istis
1447 1379 1720 1448 fratribus,
1741 1396 1877 1450 quos
1903 1398 1972 1437 ex
1995 1399 2103 1439 uno

524 1458 811 1513 concubitu
855 1459 1004 1516 Isaac
1050 1465 1217 1532 patris
1264 1469 1435 1520 nostri
1477 1485 1612 1524 unus
1649 1471 1702 1524 in
1740 1472 1944 1539 semine
1974 1488 2103 1528 con-

524 1554 710 1615 ceptus
755 1551 983 1619 accepit,
1033 1568 1168 1607 unus
1213 1555 1264 1608 in
1308 1556 1480 1611 lucem
1522 1568 1708 1627 partus
1737 1560 1941 1628 effudit,
1987 1564 2102 1618 sola

524 1653 682 1705 quem
700 1640 880 1694 .voluit
903 1657 933 1696 a
953 1658 1127 1697 massa
1151 1643 1509 1704 damnationis
1532 1651 1895 1706 misericordia
1922 1652 2100 1708 divina

522 1725 807 1781 discrevit:
838 1731 920 1782 cui
949 1733 1286 1800 patrocinata
1322 1742 1404 1788 est
1430 1739 1785 1804 gratuitorum
1816 1739 2099 1809 praedesti-

2211 585 2425 642 quoque
2451 577 2662 643 generis
2707 579 2924 633 humani
2971 582 3238 650 legitimus
3266 590 3627 664 nuptialisque
3655 577 3794 653 con-

2210 669 2398 731 ceptus
2419 679 2527 717 non
2556 666 2627 719 sit
2654 681 2684 719 a
2715 668 2872 737 culpa
2898 671 3192 740 iniquitatis
3221 687 3529 738 extraneos.

2282 751 2368 804 10.
2399 751 2542 806 Sane
2571 754 2658 809 hic
2687 757 2863 812 nullus
2891 760 3215 818 calumniam
3258 770 3468 824 veritati
3506 783 3656 838 putet
3682 777 3791 832 ali-

2207 847 2468 906 quatenus
2493 845 2885 910 opponendam.
2919 848 3026 904 Nos
3051 852 3194 906 enim
3221 865 3528 914 sanctorum
3562 860 3788 922 Patrum

2206 937 2512 997 sequentes,
2539 931 2650 986 Deo
2671 933 2975 1003 adjuvante,
3009 939 3326 1011 doctrinam,
3352 950 3627 1018 originalis
3654 972 3795 1023 pec-

2205 1016 2310 1068 cati
2348 1019 2612 1072 maculam
2642 1021 2694 1075 in
2723 1035 2986 1096 conceptu
3017 1033 3389 1091 esse-dicimus
3416 1044 3817 1113 parvulorum,.

2206 1104 2387 1156 nonin
2410 1108 2695 1163 concubitu
2720 1110 2958 1180 legitimo
2979 1119 3308 1190 nuptiarum,
3335 1104 3561 1194 quarum
3583 1133 3793 1188 bonum

2206 1193 2274 1246 ab
2323 1193 2478 1250 initio
2524 1201 2736 1264 generis
2781 1201 2944 1273 539
2971 1206 3189 1262 humani
3239 1193 3488 1272 divinitus
3537 1225 3815 1280 novimus-

2205 1285 2529 1343 institutum.
2566 1291 2922 1364 Propterhoc
2946 1311 3001 1352 et
3028 1305 3323 1370 apostolica
3350 1308 3590 1367 doctrina
3621 1315 3797 1373 hono-

2171 1375 2371 1435 rabile
2433 1382 2755 1436 connubium
2802 1385 2856 1439 in
2897 1390 3145 1445 omnibus
3184 1403 3240 1448 et
3289 1404 3463 1454 torum
3513 1403 3778 1460 immacu-

2203 1466 2370 1520 latum
2420 1470 2536 1526 sine
2580 1471 2914 1531 dubitatione
2959 1483 3304 1539 commendat
3338 1487 3522 1558 (Hebr.
3559 1510 3673 1562 xm,
3705 1498 3787 1567 4).

2203 1559 2337 1614 Cum
2389 1562 2550 1631 igitur
2581 1568 2779 1636 nuptiae
2826 1569 3164 1628 laudabiliter
3198 1593 3228 1630 a
3259 1578 3370 1634 Deo
3397 1583 3497 1638 sibi
3527 1559 3794 1644 tributam

2203 1654 2515 1723 possideant
2543 1659 2594 1711 in
2621 1658 2725 1715 fide
2746 1669 2800 1715 et
2816 1663 3042 1719 caritate
3070 1669 3274 1734 prolem
3297 1675 3567 1743 mundam,
3602 1688 3788 1736 tamen

2203 1743 2368 1796 edunt
2397 1755 2620 1814 peccato
2649 1750 2806 1818 primi
2838 1746 3069 1808 heminis
3098 1756 3449 1825 inquinatam.
3480 1766 3556 1820 De
3584 1773 3808 1839 nuptiis.

3171 1818 3187 1825 -
3535 1818 3548 1820 ~
3584 1818 3806 1839 --ητν--υ-

526 1818 670 1872 natio
718 1836 1016 1889 munerum,
1063 1839 1170 1878 non
1217 1823 1512 1881 futurorum
1547 1831 1892 1898 praescientia
1933 1834 2100 1887 meri-
2130 1845 2176 1902 Β
2204 1846 2331 1900 ergo
2357 1835 2510 1890 bonis
2556 1853 2724 1906 usque
2753 1841 2890 1896 adeo
2919 1843 3116 1899 bonum
3147 1859 3229 1902 est
3255 1853 3398 1918 quod
3423 1854 3586 1912 homo
3609 1863 3806 1915 nasci-v

523 1913 717 1960 torum.
770 1908 859 1964 Sic
899 1912 1040 1965 enim
1089 1914 1382 1968 secundum
1421 1917 1738 1974 electionem
1765 1909 2100 1991 propositum

523 1995 617 2052 Dei
646 2001 860 2065 mansit,
886 2013 942 2054 ut
962 2018 1026 2057 ex
1049 2006 1328 2073 proposito
1352 2006 1445 2061 Dei
1469 2011 1701 2076 gratuita
1724 2013 1862 2068 foret
1881 2015 2094 2071 electio.

525 2085 784 2145 Voluntas
813 2094 955 2146 enim
995 2095 1088 2150 Dei
1117 2112 1281 2152 causa
1311 2107 1392 2154 est
1419 2100 1715 2170 electionis,
1753 2121 1860 2160 non
1906 2107 2099 2163 electio

519 2173 678 2236 eausa
714 2192 796 2236 est
822 2185 1131 2241 voluntatis.
1166 2187 1255 2243 Sic
1282 2198 1459 2244 autem
1489 2190 1588 2246 fuit
1633 2194 1689 2248 in
1733 2197 1906 2252 electo
1933 2201 2098 2266 gratis

517 2270 821 2328 misericors
848 2274 1009 2344 Deus,
1059 2286 1116 2332 ut
1164 2280 1218 2333 in
1266 2281 1468 2350 rejecto
1499 2300 1606 2339 non
1655 2295 1800 2342 esset
1845 2289 2092 2360 injustas.

520 2361 695 2414 Unum
725 2363 865 2416 enim
892 2367 1057 2432 gratis
1077 2372 1384 2439 assumpsit,
1417 2372 1644 2428 alterum
1669 2375 1812 2444 juste
1836 2379 2093 2436 deseruit.

520 2449 786 2505 Universae
813 2455 1010 2524 quippe
1037 2457 1132 2511 via:
1154 2457 1366 2515 Domini
1410 2463 1778 2524 misericordia
1807 2477 1863 2522 et
1894 2469 2094 2525 veritas

517 2536 689 2593 (Psal.
716 2557 857 2608 xxrv,
884 2543 992 2615 10).

532 2631 534 2633 ’
583 2627 636 2682 9.
669 2627 888 2686 Bonitas
915 2647 1044 2702 ergo
1073 2636 1240 2704 gratis
1267 2639 1722 2706 miserantis-Dei,
1747 2653 1804 2699 et
1832 2648 2093 2704 severitas

502 2711 648 2776 juste
671 2719 981 2792 judicantis,
1012 2723 1139 2780 fecit
1167 2737 1225 2782 nt
1252 2745 1353 2785 nec
1379 2733 1538 2788 ambo
1565 2733 1872 2804 accipere’nt
1890 2739 2092 2806 gratui-

510 2816 621 2861 tum
649 2811 1024 2869 misericordiae
1071 2817 1300 2882 donum,
1341 2837 1515 2891 neque
1545 2841 1709 2880 unum
1738 2829 1898 2882 simul
1923 2831 2088 2884 sorti-

516 2899 695 2948 ‘entur
723 2897 1018 2966 interitum,
1051 2918 1172 2958 cum
1202 2908 1536 2975 originaliter
1568 2927 1728 2966 causa
1767 2931 1871 2969 una
1905 2917 2090 2973 fuisset

509 2991 809 3041 amborum.
844 2989 1071 3060 Propter
1098 2995 1210 3050 hoc
1229 2999 1391 3053 etiam
1421 3017 1518 3070 per
1543 3005 1882 3074 prophetam,
1913 3011 2087 3079 prius-

508 3093 668 3143 quam
692 3078 975 3149 diceretur,
1007 3085 1167 3142 Jacob
1196 3091 1375 3156 dilexi,
1401 3093 1548 3147 Esau
1569 3106 1739 3150 autem
1767 3100 1885 3154 odio
1908 3078 2083 3168 habui,

507 3178 616 3219 non
643 3171 823 3236 operis
853 3173 1079 3242 alicujus
1116 3181 1392 3246 praeteriti,
1436 3184 1521 3236 vel
1551 3182 1734 3253 futuri,
1787 3190 1880 3243 sed
1922 3191 2086 3249 solius
2112 3205 2158 3266 (ι

509 3257 852 3325 propheticus
873 3277 1051 3318 sermo
1090 3269 1350 3335 prmmisit
1378 3275 1589 3339 generis
1618 3279 1979 3346 mentionem;
2010 3282 2085 3338 ita

508 3345 764 3402 Malacbia
810 3350 1104 3420 loquente:
1138 3355 1330 3412 Nonne
1376 3363 1540 3430 frater
1579 3375 1691 3418 erat
1717 3365 1879 3422 Jacob
1905 3368 2082 3436 Esau;

506 3451 550 3488 et
579 3437 742 3492 Jacob
788 3441 967 3508 dilexi,
1008 3442 1152 3500 Esau
1181 3459 1350 3503 autem
1379 3453 1496 3508 odio
1537 3455 1710 3522 habui,
1753 3460 1874 3513 dicit
1905 3462 2085 3517 Domi-

505 3541 599 3578 nus
626 3525 846 3593 (Malae.
878 3548 914 3596 ι,
946 3533 1038 3602 2)?
1065 3535 1174 3590 Cur
1201 3538 1361 3606 igitur
1389 3543 1474 3599 hic
1500 3561 1607 3599 non
1648 3548 1828 3617 aliqua
1857 3567 2082 3621 operum

504 3611 805 3685 diversitas,
835 3621 929 3675 sed
951 3623 1064 3678 sola
1086 3631 1419 3686 nascentium
1449 3633 1758 3694 fraternitas
1780 3641 2076 3711 intimatur,

503 3695 621 3759 cum
650 3712 821 3778 magis
850 3721 904 3767 et
933 3715 1074 3770 illius
1101 3719 1192 3786 qui
1221 3721 1448 3779 dilectus
1486 3736 1568 3782 est
1604 3729 1746 3786 bona
1787 3748 1970 3803 opera,
2023 3745 2081 3791 et

502 3794 640 3851 illius
662 3799 801 3854 mala
828 3804 918 3869 qui
945 3805 1069 3861 odio
1097 3807 1309 3865 habitus
1335 3821 1439 3880 est;
1461 3794 2081 3882 commemoraridebue-

501 3892 626 3957 rint,
684 3904 743 3949 ut
770 3911 870 3954 nec
894 3901 948 3954 in
977 3902 1069 3958 illo
1099 3906 1188 3973 qui
1219 3907 1444 3965 dilectus
1473 3921 1556 3967 est
1591 3920 1892 3984 personalis
1920 3936 2077 3994 acce-

501 3982 631 4048 ptio,
662 4000 761 4042 nec
781 3987 832 4071 in
861 4004 928 4044 eo
955 3993 1046 4060 qui
1074 3996 1394 4065 reprobatus
1446 4011 1528 4056 est
1573 3982 1768 4072 injusta
1816 3989 2077 4066 condem-

499 4072 647 4126 natio
674 4083 997 4142 putaretur?
1021 4081 1347 4142 Fraternitas
1373 4091 1514 4144 enim
1553 4095 1753 4150 nullam
1776 4098 1830 4152 in
1858 4115 1918 4154 se
1945 4117 2076 4170 ope-

499 4162 616 4215 rum
661 4164 1023 4225 diversitatem
1069 4173 1365 4244 significat,
1416 4194 1522 4248 qua
1568 4199 1731 4239 unum
1781 4189 1847 4242 ab
1894 4162 2067 4246 altero

497 4252 810 4308 meritorum
855 4263 1257 4329 comparatione
1295 4267 1584 4324 discernat.
1647 4273 1764 4328 Non
1812 4278 1881 4332 ob
1929 4279 2072 4334 aliud

496 4354 647 4409 ergo,
677 4345 879 4414 absque
929 4357 1442 4412 commemoratione
1471 4376 1718 4431 operum,
1770 4380 1836 4420 ex
1864 4367 2084 4438 duobus,

494 4432 718 4498 geminis
747 4434 998 4494 fratribus
1039 4457 1204 4497 unum
1232 4460 1293 4500 se
1341 4447 1612 4515 dilexisse,
1667 4453 1898 4510 alterum
1946 4458 2071 4514 odio

496 4520 745 4578 habuisse
795 4525 935 4582 Deus
981 4533 1231 4600 ostendit,
1283 4536 1383 4592 nisi
1424 4547 1482 4592 ut
1509 4553 1923 4607 agnosceremus
1971 4563 2069 4616 per
2095 4565 2148 4623 Ῑ)

492 4614 863 4681 conceptionis
891 4620 1290 4691 nativitatisque
1318 4630 1668 4694 consortium,
1711 4646 1818 4700 quo
1846 4645 2062 4690 consta-

497 4701 589 4754 bat
617 4705 895 4762 amborum
940 4710 1263 4781 fraternitas,
1315 4721 1428 4787 pari
1469 4724 1662 4778 merito
1691 4734 1975 4798 utrumque
2009 4731 2067 4786 in

492 4789 580 4842 illa
607 4807 781 4848 massa
808 4796 1164 4858 damnationis
1188 4805 1522 4876 obstrictum,
1560 4827 1590 4866 a
1615 4829 1720 4882 qua
1758 4817 2064 4876 misericors

491 4877 704 4955 bonitas
730 4886 808 4939 sic
836 4902 1000 4942 unum
1029 4894 1194 4960 gratis
1221 4895 1578 4965 discerneret,
1630 4912 1688 4957 ut
1734 4906 1963 4962 alterum
1990 4910 2062 4965 ibi

488 4983 596 5022 non
627 4971 819 5052 injuste
847 4967 1108 5036 severitas
1125 4981 1270 5050 justa
1294 4993 1319 5023 ⁸
1340 4987 1685 5056 relinqueret.
1711 4992 1909 5061 lnjusta
1931 5014 2060 5055 vero

486 5047 697 5126 parvuli
741 5065 1055 5138 cujusquam
1101 5088 1260 5129 causa
1304 5076 1661 5136 damnationis
1708 5085 1984 5162 existeret,
2014 5090 2058 5145 si

488 5163 725 5219 propago
754 5158 995 5214 mortalis
1020 5162 1220 5218 nullam
1243 5169 1449 5234 peccati
1470 5173 1848 5242 contagionem
1877 5159 1943 5232 ex
1963 5194 2060 5248 pa-

487 5246 637 5293 terna
665 5235 846 5300 radice
874 5253 1203 5319 sumpsisset.
1234 5254 1509 5328 Scriptura
1536 5277 1664 5319 vero
1689 5264 1948 5324 divinitus
1976 5271 2057 5325 in-

484 5328 682 5404 spirata
713 5342 937 5392 testatur
959 5342 1102 5408 quod
1131 5359 1161 5397 a
1196 5347 1355 5403 sorde
1383 5365 1490 5405 non
1519 5353 1691 5409 solum
1718 5370 1877 5412 nemo
1902 5374 2055 5414 mun-

485 5411 587 5474 dus
614 5437 729 5480 cssc
753 5421 920 5497 posSit
950 5431 1243 5499 hominum,
1293 5441 1502 5497 etiamsi
1534 5448 1688 5504 unius
1717 5449 1821 5504 diei
1849 5453 1917 5506 sit
1947 5454 2053 5508 vita

556 5652 577 5716 ξ’
612 5645 732 5716 ἥδη
756 5652 897 5716 justa
929 5653 1022 5708 Dei
1048 5660 1306 5713 severitas.

555 5711 580 5748 ι’
612 5711 838 5770 Εόιίδάε
867 5711 1346 5801 imnumdi_tia;_scd
1376 5731 1563 5787 melius
1588 5751 1736 5801 mss.,
1765 5737 1825 5791 dc
1848 5742 2049 5793 mundi-

504 5785 575 5847 ἑτι,
608 5799 727 5839 cum
759 5790 917 5856 paulo
948 5785 1418 5859 superius'dictum
1447 5785 1926 5871 sitiquodqriuntiw
1959 5813 2047 5863 tri-

2206 1930 2312 1990 tur,
2363 1934 2423 1977 ut
2469 1927 2669 1981 malum
2719 1945 2826 1983 non
2874 1931 2942 1986 sit
2971 1935 3180 1990 etiamsi
3209 1936 3275 1993 de
3308 1940 3573 1999 adulterio
3603 1949 3688 2001 vel
3717 1951 3787 2004 de

2203 2011 2560 2070 fornicatione
2599 2027 2866 2073 nascatur.
2917 2021 3058 2077 Deus
3098 2026 3240 2080 enim
3286 2030 3531 2087 humana:
3577 2051 3806 2093 natura}

2200 2101 2543 2158 fecunditatis
2585 2105 2786 2161 donum
2825 2112 3088 2178 contulit;
3129 2115 3362 2172 libidinis
3406 2137 3533 2177 vero
3582 2127 3782 2180 malum

2200 2206 2307 2245 non
2335 2201 2416 2247 est
2458 2203 2703 2250 creatura
2735 2197 2857 2266 Dei,
2881 2201 2974 2254 sed
3003 2217 3161 2270 poena
3192 2211 3420 2275 peccati.
3454 2210 3689 2270 Proinde
3716 2218 3782 2272 de

2197 2281 2454 2336 munditia
2480 2282 2512 2322 δ
2537 2286 2846 2355 nuptiarum
2888 2291 3116 2347 mundus
3160 2294 3323 2352 homo
3365 2317 3472 2356 non
3515 2308 3776 2373 nascitur,

2196 2373 2320 2441 quia
2349 2375 2746 2434 interveniente
2788 2381 3007 2438 libidine
3048 2396 3070 2424 ο
3101 2390 3414 2448 seminatur.
3459 2395 3630 2461 Quam
3660 2400 3784 2454 libi-

2195 2462 2378 2519 dinem
2421 2469 2674 2538 nuptialis
2713 2470 2968 2529 bonestas
3008 2477 3192 2547 utique
3242 2498 3350 2537 non
3382 2497 3547 2553 amat,
3597 2491 3694 2544 sed
3725 2494 3780 2546 in

2195 2556 2394 2624 nuptiis
2451 2559 2695 2614 mortalis
2750 2567 3154 2634 prOpagationis
3209 2575 3504 2629 necessitas
3550 2580 3774 2635 tolerat.

2192 2641 2311 2712 ipsa
2341 2655 2635 2716 conceptos
2662 2650 2872 2718 polluit,
2905 2655 3117 2710 etiamsi
3151 2671 3472 2726 generantes
3500 2664 3687 2724 ﬁdeles
3710 2673 3802 2726 ad-

2192 2735 2388 2790 illicitaa
2417 2740 2816 2796 commixtionis
2843 2745 3090 2801 effectum
3123 2753 3335 2807 trahere
3355 2769 3418 2810 ac
3436 2761 3780 2829 prtecipitare

2192 2840 2297 2878 non
2325 2826 2511 2894 possit.
2545 2827 2625 2882 0b
2652 2830 2755 2885 hoc
2784 2842 3001 2888 sanctus
3027 2835 3211 2905 David,
3240 2841 3479 2910 legitimo
3519 2826 3779 2920 fidelique

2189 2916 2458 2971 connubio
2488 2927 2667 2984 natus,
2698 2937 2804 2975 non
2826 2924 2942 2978 sine
2967 2921 3122 2993 gravi
3146 2929 3333 2987 dolore
3355 2938 3619 2993 maculam
3651 2959 3778 2997 car—

2189 3005 2325 3059 nalis
2355 3009 2720 3073 generationis
2754 3011 2825 3065 ita
2852 3013 3098 3082 deplorat
3127 3036 3137 3069 :
3172 3017 3306 3076 Ecce
3333 3027 3467 3078 enim
3493 3027 3544 3079 in
3574 3031 3774 3101 iniqui-

2189 3092 2376 3148 tatibus
2399 3108 2669 3167 conceptus
2700 3117 2830 3166 sum,
2865 3113 2913 3155 et
2940 3105 2994 3158 in
3022 3106 3222 3162 delictis
3254 3111 3346 3183 (al.
3377 3121 3623 3188 peccatis)
3658 3092 3772 3176 rna-

2189 3191 2268 3235 ter
2288 3201 2400 3238 mea
2426 3188 2479 3239 in
2504 3197 2648 3244 utero
2678 3208 2757 3245 me
2785 3193 2915 3246 aluit
2943 3195 3112 3265 (Psal.
3147 3218 3197 3266 L,
3233 3203 3310 3273 7.).

2197 3351 2200 3354 ,
2257 3293 2387 3351 (Συ).
2419 3314 2469 3351 ν.
2501 3333 2571 3340 -
2597 3301 2682 3355 Η.
2714 3303 2844 3370 Qua:
2871 3322 2992 3362 cum
3021 3309 3096 3364 ita
3126 3328 3189 3368 se
3212 3315 3466 3388 habeant,
3497 3323 3611 3379 ﬁeri
3658 3343 3782 3383 non

2185 3395 2366 3462 potest
2395 3397 2454 3442 ut
2479 3391 2720 3460 quisquis
2760 3395 2811 3448 in
2864 3389 3235 3467 iniquitatibus
3279 3411 3598 3481 concipitur,
3647 3418 3774 3474 sine

2185 3477 2479 3548 iniquitatis
2532 3483 2856 3550 obligatione
2905 3500 3175 3547 nascatur.
3199 3495 3280 3551 Ab
3309 3499 3409 3556 hac
3433 3477 3490 3557 ut
3516 3477 3774 3564 absolve-

2183 3577 2334 3624 retur
2379 3569 2568 3638 Jacob,
2598 3571 2734 3629 Esau
2786 3581 3098 3648 reprobato,
3132 3585 3275 3642 nulla
3327 3589 3544 3648 fuerunt
3573 3599 3779 3654 merita

2182 3658 2438 3725 hominis,
2469 3662 2566 3716 sed
2593 3663 2786 3719 divina:
2806 3671 2977 3734 gratia
2997 3671 3274 3731 bonitatis.
3307 3678 3620 3741 Circumcisi
3643 3691 3768 3757 qui-

2182 3746 2306 3802 dem
2358 3758 2483 3803 sunt
2529 3755 2690 3806 ambo
2719 3755 2772 3809 in
2802 3770 3034 3826 corpore
3089 3763 3500 3825 circumcisione
3529 3774 3767 3844 visibili,

2179 3851 2299 3905 quae
2323 3838 2375 3890 in
2403 3839 2732 3905 signaculum
2751 3842 2973 3912 justitize
3000 3847 3122 3904 fidei
3147 3851 3328 3921 (Rom.
3359 3873 3430 3920 ιν,
3460 3859 3547 3928 Η)
3579 3838 3768 3930 priore

2179 3932 2423 3997 tempore
2451 3931 2692 3999 patribus
2723 3936 2924 3990 nostris
2951 3947 3035 3994 est
3049 3940 3302 4000 divinitus
3330 3950 3608 4006 attributa.
3639 3953 3764 4008 Cir-

2180 4018 2565 4074 cumcisionem
2588 4037 2718 4077 vero
2733 4026 2928 4091 cordis,
2947 4045 3065 4098 quae
3086 4041 3168 4086 est
3187 4035 3240 4088 in
3262 4038 3471 4106 spiritu,
3493 4057 3599 4096 non
3615 4045 3763 4100 litte-

2175 4119 2257 4172 ra,
2270 4105 2545 4174 cujuslaus
2556 4125 2666 4163 non
2675 4126 2741 4165 ex
2757 4113 3083 4182 hominibus,
3097 4121 3194 4175 sed
3207 4139 3273 4176 ex
3288 4105 3400 4181 Deo
3414 4131 3524 4199 est(
3531 4130 3684 4186 Rom.
3700 4150 3763 4199 ιι.

2175 4192 2446 4263 29),solus
2463 4197 2630 4254 Jacob
2649 4215 2678 4253 a
2703 4201 2814 4257 Deo
2829 4205 2996 4270 gratis
3011 4192 3582 4286 justiﬁcatusaccepit;

2175 4301 2304 4340 vero
2333 4303 2637 4358 quanquam
2676 4292 2838 4348 fuerit
2865 4305 2920 4350 et
2954 4299 3074 4368 ipse?
3108 4302 3162 4355 in
3190 4320 3353 4359 carne
3387 4309 3766 4380 circumcisus,

2173 4391 2283 4430 non
2303 4386 2385 4432 est
2414 4387 2597 4435 tamen
2613 4382 2807 4439 divinte
2832 4387 3132 4446 dilectionis
3161 4402 3217 4446 et
3243 4395 3528 4454 electionis
3555 4402 3704 4457 dono
3727 4420 3758 4458 a

2174 4481 2349 4521 massa
2378 4469 2695 4537 perditionis
2714 4486 2990 4546 exceptus.
3019 4479 3077 4534 In
3097 4497 3204 4550 quo
3230 4486 3444 4554 quidem
3474 4491 3760 4548 circumci-

2172 4556 2252 4611 sio
2274 4559 2507 4615 carnalis
2535 4559 2668 4628 fuit;
2699 4565 2794 4619 sed
2845 4567 3044 4624 idcirco
3073 4587 3179 4626 non
3224 4576 3446 4645 profuit,
3473 4581 3601 4648 quia
3629 4597 3757 4639 eum

2169 4661 2203 4699 a
2220 4635 2502 4716 prudentia
2521 4653 2717 4718 carnis,
2743 4669 2862 4723 qua:
2881 4657 3094 4715 inimica
3114 4673 3198 4718 est
3217 4635 3329 4720 Deo
3351 4635 3526 4739 (Boni.
3545 4689 3658 4740 vni,
3675 4675 3754 4744 7),

2169 4736 2476 4804 nullatenus
2501 4740 2840 4800 circumcisio
2867 4748 3121 4815 spiritalis
3148 4736 3368 4808 exemit.
3402 4757 3460 4811 ιιι
3482 4758 3620 4815 Esau

2171 4832 2256 4878 tur
2283 4830 2631 4894 antesaacula
2653 4831 2780 4887 odio
2803 4833 2989 4890 habuit
3015 4838 3156 4896 Deus
3182 4859 3491 4902 mansuram
3515 4830 3755 4908 hominis

2168 4915 2368 4969 terreni
2390 4918 2704 4986 nequitiam,
2731 4929 2786 4976 et
2809 4937 2930 4978 eum
2944 4925 3089 4993 juste
3115 4931 3391 5002 deputavit
3411 4937 3480 4991 ad
3509 4955 3748 5008 plenam.

2166 5000 2225 5056 In
2255 5003 2370 5073 ejus
2395 5021 2526 5061 vero
2556 5008 2719 5066 fratre
2747 5027 2854 5068 non
2901 5017 3077 5085 aliqua
3123 5000 3264 5078 bona
3295 5040 3480 5095 opera,
3661 5047 3751 5088 es-

2166 5102 2288 5148 sent
2326 5093 2501 5150 futura
2527 5112 2594 5152 ex
2617 5100 2832 5159 homine
2853 5110 3138 5180 prtescivit,
3170 5123 3228 5168 ut
3255 5093 3378 5172 eum
3407 5121 3634 5189 eligeret
3659 5133 3747 5179 at-

2165 5197 2270 5251 que
2294 5184 2538 5256 diligeret
2565 5206 2580 5243 τ
2611 5191 2703 5246 sed
2729 5195 2780 5248 ei
2805 5205 2931 5252 ante
2971 5204 3163 5257 saecula
3192 5184 3594 5273 justificationis
3620 5230 3761 5285 gra—'

2165 5276 2293 5330 tiam
2319 5283 2661 5349 praeparavit,
2692 5300 2790 5354 per
2817 5302 2976 5356 quam
3002 5292 3076 5347 illi
3105 5310 3215 5350 non
3241 5300 3414 5354 solum
3445 5303 3601 5359 bona:
3621 5276 3742 5361 vvo-

2168 5367 2389 5423 luntatis
2416 5369 2648 5440 initium,
2676 5375 2771 5429 sed
2799 5378 2960 5433 etiam
2983 5381 3139 5438 bonae
3163 5391 3494 5457 operationis
3521 5394 3744 5464 largire-

2166 5466 2251 5512 tur
2275 5457 2540 5515 ell'ectum.
2567 5461 2675 5518 Nec
2701 5463 2755 5518 in
2784 5480 2850 5520 eo
2871 5467 3011 5525 bona
3040 5476 3228 5534 merita
3250 5481 3468 5548 reperit,
3493 5485 3586 5538 sed
3606 5457 3744 5540 eum

2156 5673 2329 5754 ludant
2353 5680 2500 5754 sibia
2521 5682 2630 5737 Deo
2657 5687 2849 5754 prolem
2882 5695 3124 5748 mundam
3154 5697 3468 5754 possideant.

2236 5757 2254 5781 τ
2283 5746 2404 5801 Mss.
2437 5752 2560 5818 duo,
2596 5746 2957 5814 interveniente
2983 5746 3446 5821 sordida—libidine.
3520 5810 3524 5814 μ
