4048 6342
243 338 358 392 cog
1101 325 1221 380 ,ΒΕ
1263 307 1600 383 νΕωΤΑΤΕ
1641 324 2316 381 ΡΒΑΞΒΕΞΤΙΝΑΤΙΟΝΙΞ
2354 325 2478 378 LIB.
2522 325 2562 378 1.
3397 328 3498 384 610

253 426 632 504 misericordim
651 444 883 512 gratuito
911 441 1169 498 beneﬁcio
1192 443 1454 497 liberavit.
1491 443 1658 512 Moysi
1682 443 1817 495 enim
1849 450 1896 505 Α
1923 420 2157 506 corrigit,
2183 437 2325 506 juste
2361 438 2535 506 punit,
2565 437 2689 504 quia
2729 437 3053 505 pravitatem
3085 438 3137 493 in
3167 453 3229 493 ea
3269 441 3497 511 invenit,

252 543 394 604 dicit,
426 537 712 592 Μίδαι-εὐοῖ
754 538 834 589 cui
862 534 1157 599 miserebor,
1185 543 1234 586 et
1269 535 1675 587 misericordiam
1698 549 1828 603 prae-
1883 579 1888 585 .
1929 543 2089 596 quam
2120 530 2232 596 ipse
2281 543 2386 582 non
2417 526 2562 581 fecit.
2606 526 2809 580 Bonam
2831 543 2960 582 vero
3003 530 3332 584 voluntatem
3378 531 3516 608 ipse.

250 621 513 684 stabo‘cui
543 626 840 682 miserebor.
873 624 1040 696 Igitur
1070 641 1171 678 non
1196 615 1601 695 colentisyneque
1617 641 1830 678 curren-

243 724 337 787 tis,
383 720 476 772 sed
523 718 806 771 miserentis
835 724 910 770 est
936 713 1034 768 Dei
1066 704 1248 785 (Rom.
1279 728 1353 777 ιι,
1384 712 1472 781 1-5,
1516 711 1616 778 16;
1649 711 1821 765 Haud.

249 825 439 873 xxxiii,
477 806 593 877 l9).
1028 801 1030 803 ’

317 899 452 954 Car.
477 915 550 952 vr.
572 929 642 938 ——
672 895 757 948 l2.
784 894 965 949 Gratis
1008 892 1168 960 igitur
1209 890 1437 959 gratiam
1465 904 1615 943 suam
1642 888 1827 942 tribuit

247 991 395 1044 Deus
423 997 570 1051 nato,
593 987 716 1054 quia
744 985 910 1053 gratis
939 998 1056 1036 eam
1097 987 1491 1050 praeparaverat
1533 979 1824 1031 nascituro.

237 1080 415 1133 Bonis
439 1079 584 1133 enim
635 1074 891 1146 quidquid
941 1073 1070 1127 boni
1098 1073 1296 1126 habent
1324 1072 1377 1125 in
1420 1070 1695 1142 voluntate
1741 1068 1828 1123 vel

246 1183 417 1237 opere
438 1167 581 1220 Deus
613 1165 812 1229 tribuit,
840 1163 932 1232 qui
961 1162 1121 1216 etiam
1176 1161 1371 1214 tributa
1421 1159 1670 1214 custodit.
1721 1159 1828 1213 lni-

244 1260 368 1326 quis
395 1272 526 1311 vero
555 1263 609 1310 et
636 1255 831 1324 impiis,
858 1268 958 1307 nec
986 1266 1289 1322 prmparare
1319 1249 1458 1304 Deus
1503 1251 1678 1319 potuit
1729 1250 1827 1304 ali-

243 1348 488 1418 quando,
515 1363 612 1401 nec
641 1346 770 1400 dare
798 1344 939 1398 mala
966 1342 1128 1412 440
1156 1355 1341 1410 opera,
1372 1340 1564 1408 quibus
1606 1339 1827 1394 damna-

245 1441 428 1493 biliter
449 1438 714 1493 servirent
749 1446 772 1472 η
809 1452 820 1487 :
853 1447 1028 1502 neque
1058 1433 1226 1486 malas
1250 1432 1328 1486 eis
1355 1431 1657 1485 voluntates
1685 1430 1825 1485 inse-

243 1527 378 1591 ruit,
405 1526 601 1592 quibus
628 1522 822 1591 injusta
851 1533 1078 1589 quasque
1099 1519 1438 1588 culpabiliter
1466 1518 1698 1582 vellent;
1731 1517 1824 1572 sed

245 1613 570 1682 praeparavit
591 1612 666 1665 eis
693 1611 826 1678 ignis
845 1608 1032 1662 aeterni
1062 1621 1305 1675 poenam,
1336 1615 1395 1659 ut
1431 1605 1672 1659 ultricem
1701 1619 1825 1660 sen-

243 1707 385 1759 tiant
411 1706 465 1758 in
495 1713 693 1758 aeterna
721 1697 1091 1756 combustione
1115 1698 1397 1766 justitiam.
1431 1696 1566 1752 Mala
1588 1712 1715 1764 ergo
1740 1714 1825 1752 vo-

1929 619 2096 686 gratis
2116 625 2402 687 praeparat,
2435 617 2600 687 gratis
2626 617 2810 684 donat,
2837 619 2949 690 ipse
2970 619 3202 688 adjuvat,
3229 622 3343 692 ipse
3363 631 3496 677 cim-

1931 714 2185 761 summat.
3026 735 3031 740 ‘

1998 797 2128 851 Car.
2158 812 2252 850 vn.
2277 827 2350 837 ——
2378 797 2463 850 14.
2494 797 2799 853 Certissime
2831 807 3010 868 itaque
3057 809 3328 856 teneamus
3380 820 3501 858 om-

1931 901 2024 940 nes
2052 886 2297 940 homines
2319 869 2753 957 per'semetipsos
2776 905 2879 943 non
2902 892 3074 944 solum
3097 892 3496 961 perfectionem,

1927 977 2023 1031 sed
2053 991 2151 1030 nec
2170 977 2379 1030 initium
2396 976 2613 1046 iustitia:
2630 979 2787 1048 posse
2811 982 3154 1050 contingere;
3177 985 3268 1039 sed
3295 985 3487 1039 univer

1928 1079 2019 1119 sos
2042 1065 2132 1132 qui
2162 1063 2296 1118 ﬁunt
2316 1065 2463 1134 boni,
2489 1067 2665 1120 divina
2698 1067 3082 1136 justiticatione
3113 1072 3413 1138 praeveniri,
3445 1082 3508 1149 et

1929 1162 1987 1206 ut
2016 1163 2237 1223 accepta
2266 1156 2405 1210 bona
2426 1157 2702 1212 voluntate
2723 1175 2830 1213 non
2857 1159 3126 1222 decidant,
3148 1162 3501 1230 opitulatione

1927 1240 2021 1297 Dei
2053 1243 2347 1312 profectum
2379 1247 2457 1300 eis
2487 1256 2542 1300 et
2570 1249 3023 1315 perseverantiam
3050 1250 3239 1315 tribui;
3269 1267 3370 1306 nec
3412 1253 3501 1305 ali-

1925 1333 2119 1399 quibus
2150 1333 2426 1389 hominum
2469 1337 2672 1391 meritis
2692 1339 2974 1405 praeteritis
3000 1339 3158 1410 441
3187 1350 3279 1394 aut
3308 1341 3500 1396 futuris

1926 1422 2153 1487 gratiam
2181 1423 2325 1491 dari,
2359 1425 2454 1478 sed
2499 1425 2665 1494 ipsius
2693 1428 2878 1494 gratiae
2915 1429 3056 1483 dono
3105 1439 3274 1497 atque
3296 1432 3496 1485 auxilio

1927 1513 2174 1568 universa
2198 1514 2474 1567 hominum
2497 1514 2637 1568 bona
2667 1517 2856 1570 merita
2885 1527 2940 1570 et
2961 1519 3201 1572 inchoari
3224 1529 3278 1572 et
3294 1520 3494 1588 perlici.

1924 1604 2140 1673 lniquos
2160 1622 2310 1673 vero,
2339 1609 2430 1676 qui
2456 1609 2508 1661 in
2530 1623 2634 1663 sua
2685 1609 2964 1678 iniquitate
3004 1610 3150 1679 justo
3182 1613 3270 1666 Dei
3296 1613 3500 1680 judicio

1925 1696 2385 1766 derelinquuntur,
2419 1700 2630 1754 etiamsi
2668 1703 3013 1771 perceptione
3057 1700 3372 1759 sacramenti
3403 1721 3498 1760 ca-

245 1797 434 1849 luntas
479 1795 754 1847 hominum
785 1790 811 1828 δ
839 1805 946 1843 non
977 1795 1059 1842 est
1087 1803 1152 1842 ex
1185 1785 1328 1851 Deo;
1361 1794 1415 1841 et
1445 1787 1566 1840 ideo
1592 1802 1710 1840 eam
1735 1787 1825 1855 ju-.
1851 1804 1900 1862 B
1928 1804 2044 1842 rere
2063 1790 2306 1844 dicantur
2329 1793 2531 1859 peccati
2553 1793 2828 1861 originalis
2851 1805 3026 1860 reatu,
3059 1797 3496 1865 subsequentium

239 1896 358 1939 stus
383 1883 550 1953 judex
581 1883 632 1935 in
658 1880 959 1935 hominibus
985 1880 1167 1949 punit,
1197 1878 1321 1946 quia
1353 1893 1456 1930 non
1495 1877 1544 1930 in
1577 1892 1638 1930 ea
1670 1891 1818 1930 crea-

237 1987 327 2028 tor
355 1975 532 2027 bonus
561 1971 804 2026 ordinem
854 1985 962 2023 sua:
1007 1968 1295 2023 creationis
1334 1968 1607 2034 agnoscit;
1637 1972 1692 2020 et
1720 1967 1814 2036 (at.

237 2064 358 2130 sed)
389 2062 786 2134 perseverantia
814 2059 1134 2130 iniquitatis,
1169 2066 1330 2127 atque
1359 2056 1693 2111 contumacia
1723 2069 1815 2110 su-

238 2155 423 2225 perbae
450 2153 696 2219 cervicis,
717 2153 841 2220 quia
863 2167 966 2205 non
989 2166 1056 2205 ex
1084 2149 1328 2216 largitate
1356 2148 1450 2202 Dei
1479 2149 1720 2214 habetur,
1745 2147 1818 2202 id-

237 2246 394 2298 circo
420 2243 531 2297 Deo
558 2243 731 2296 ultore
755 2241 1056 2294 damnatur.
1083 2239 1173 2293 Eis
1199 2245 1378 2292 autem
1406 2253 1540 2305 quos
1562 2237 1701 2292 Deus
1728 2252 1815 2293 re-

237 2335 324 2401 gni
348 2334 433 2386 sui
463 2331 592 2386 facit
619 2329 880 2395 hzeredes,
911 2328 1078 2397 gratis
1097 2328 1293 2382 bonam
1331 2327 1657 2386 voluntatem
1686 2341 1816 2395 pra:-

239 2431 416 2491 parat,
443 2422 610 2490 gratis
647 2419 814 2474 donat
833 2430 854 2457 ε
884 2460 900 2486 ,
922 2418 1114 2486 quibus
1158 2416 1319 2471 etiam
1359 2417 1812 2485 perseverantiam

236 2517 313 2567 sul
327 2515 629 2568 ministrat.
647 2511 823 2566 Gratis
839 2511 1036 2579 quippe
1056 2509 1376 2578 pmparavit
1398 2508 1813 2564 misericorditer

236 2605 524 2659 tribuenda
554 2604 744 2657 merita
789 2616 1092 2668 munerum,
1131 2600 1323 2670 quibus
1365 2598 1508 2667 juste
1553 2599 1812 2654 retribuat

235 2710 464 2749 munera
496 2695 826 2749 meritorum.
1100 2742 1102 2744 ,
1154 2743 1158 2746 .

299 2785 396 2837 ιδ.
426 2784 673 2851 Figuram
696 2799 855 2852 porro
876 2784 1101 2839 duorum
1122 2785 1438 2854 populorum
1460 2784 1676 2841 dubium
1699 2771 1822 2842 non‘

229 2883 310 2928 est
341 2875 401 2926 in
435 2873 539 2927 illis
565 2873 770 2928 duobus
799 2875 1131 2943 prtecessisse
1153 2877 1453 2942 germanis:
1483 2877 1638 2930 unius
1666 2877 1808 2932 scili-

231 2974 311 3017 cet
333 2963 604 3028 salvandi,
629 2963 952 3039 alteriusque
973 2965 1278 3019 damnandi.
1306 2965 1490 3034 Neque
1511 2975 1688 3022 tamen
1720 2968 1806 3023 isti

231 3053 436 3122 populo
464 3052 542 3107 sic
586 3053 730 3107 salus
778 3061 862 3118 est
889 3068 985 3123 pro
1015 3054 1268 3123 operibus
1308 3055 1532 3119 reddita,
1560 3056 1698 3111 sicut
1723 3066 1806 3112 est

1910 1886 2124 1941 tamen,
2158 1879 2207 1932 id
2254 1888 2338 1934 est
2389 1882 2763 1950 propriorum,
2798 1886 2988 1938 merito
3041 1895 3382 1954 peccatorum
3428 1890 3495 1943 ad

1922 1967 2056 2034 ignis
2081 1970 2266 2022 mterni
2298 1970 2508 2024 devolvi
2558 1974 2898 2041 supplicium.
2940 1976 3078 2029 Deus
3107 1978 3248 2030 enim
3289 1979 3497 2034 miseri-

1919 2073 2042 2112 cors
2070 2066 2125 2112 et
2145 2058 2340 2125 justus,
2373 2060 2619 2114 humanae
2657 2051 2878 2130 originis
2923 2065 3321 2135 voluntatisque
3369 2084 3496 2138 pec-

1917 2154 2061 2212 cata,
2091 2148 2203 2201 sive
2231 2148 2284 2201 in
2317 2150 2554 2218 parvulis
2573 2188 2589 2213 ,
2614 2152 2728 2205 sive
2757 2155 2807 2206 in
2836 2153 3122 2220 grandibus
3167 2157 3494 2227 hominibus,

1915 2249 2034 2302 quae
2063 2238 2481 2293 misericorditer
2507 2255 2612 2294 non
2643 2241 2817 2309 diluit,
2835 2243 2979 2310 juste
3002 2246 3155 2314 punit
3185 2265 3197 2298 :
3229 2249 3350 2316 quia
3381 2252 3495 2318 ipse

1917 2335 1998 2380 est
2028 2326 2168 2390 Deus
2198 2329 2369 2382 bonus
2391 2338 2445 2384 et
2467 2345 2642 2395 verus,
2673 2333 2763 2400 qui
2793 2333 3063 2388 hominem
3087 2335 3231 2401 fecit,
3250 2338 3345 2391 sed
3366 2354 3495 2408 pec~

1913 2423 2090 2468 catum
2121 2418 2173 2468 in
2195 2417 2408 2472 homine
2436 2433 2540 2472 non
2567 2420 2795 2474 creavit:
2814 2423 3009 2490 quique
3034 2424 3222 2478 merita
3246 2436 3300 2480 et
3325 2445 3493 2497 opera

1914 2507 1967 2559 in
1996 2508 2241 2564 omnibus
2281 2510 2588 2564 hominibus
2613 2510 2887 2580 nunquam
2932 2514 3134 2570 invenit
3179 2518 3342 2583 bona,
3388 2536 3490 2588 pro

1911 2597 2102 2666 quibus
2143 2615 2238 2654 eos
2280 2601 2483 2666 salvet;
2531 2602 2628 2656 sed
2677 2603 2872 2671 ipsein
2912 2605 2990 2658 eis
3018 2615 3073 2660 et
3101 2609 3408 2666 voluntates
3436 2619 3491 2666 et

1912 2702 2075 2756 opera
2097 2699 2288 2757 nutat,
2319 2692 2531 2759 quando
2561 2707 2655 2748 eos
2679 2694 2908 2760 gratuita
2948 2696 3294 2753 miseratione
3330 2701 3490 2769 justi-

1911 2777 2052 2833 ficat.
2103 2779 2206 2846 Qui
2249 2783 2594 2850 praescientize
2622 2798 2732 2838 sua:
2778 2794 2924 2839 certa
2962 2794 3018 2841 et
3065 2787 3488 2846 incommutabili
3557 2840 3574 2859 ,

1911 2867 2160 2923 firmitate
2217 2871 2271 2923 in
2317 2872 2455 2925 vasis
2496 2873 2873 2927 misericordiae
2902 2891 3010 2930 non
3035 2876 3140 2930 nisi
3167 2879 3352 2945 gratia:
3381 2896 3490 2935 sua:

1907 2959 2176 3028 prtescivit
2203 2960 2422 3027 donum,
2471 2962 2614 3031 quod
2643 2977 2673 3015 a
2702 2979 2761 3017 se
2790 2974 3015 3019 noverat
3045 2975 3149 3021 tam
3179 2969 3235 3023 in
3273 2971 3484 3026 meritis

1909 3065 2219 3114 munerum,
2260 3066 2419 3119 quam
2453 3040 2508 3106 in
2549 3056 2862 3109 meritorum
2902 3059 3211 3114 muneribus
3250 3061 3484 3130 largien-

230 3143 389 3196 alteri
415 3157 517 3211 pro
532 3142 783 3211 operibus
811 3143 1188 3198 condemnatio
1222 3145 1512 3207 retributa;
1555 3146 1648 3200 sed
1671 3162 1806 3201 unus
1833 3164 1875 3223 ε
1911 3139 2196 3209 dumese
2219 3143 2358 3195 enim
2389 3151 2444 3197 et
2470 3145 2756 3211 gratuitam
2787 3147 3048 3203 voluntati
3078 3149 3322 3206 humanae
3340 3153 3488 3209 boni-

229 3231 376 3298 quod
399 3246 510 3284 non
539 3232 844 3286 merebatur
869 3233 1075 3302 accepit
1101 3235 1286 3300 gratia:
1315 3235 1566 3290 salutaris
1585 3236 1812 3316 donum,

228 3325 365 3378 alter
395 3323 688 3378 secundum
711 3324 959 3377 meritum
989 3325 1191 3393 recepit
1209 3324 1367 3393 justas
1407 3326 1808 3382 condemnatio-

218 3414 305 3467 »nis
331 3413 634 3466 interitum.
651 3410 714 3465 In
748 3429 852 3466 uno
879 3413 1068 3466 merita
1089 3422 1212 3466 sunt
1237 3413 1594 3469 damnationis
1621 3417 1808 3471 inven-

227 3512 309 3566 ta,
341 3501 508 3555 alteri
539 3517 663 3556 vero
709 3503 898 3556 merita
941 3504 1345 3570 glorilicationis
1393 3507 1625 3573 gratuita
1681 3515 1807 3560 sunt

219 3591 607 3659 iustiticatione
649 3594 863 3647 collata.
895 3594 988 3648 Ille
1031 3595 1170 3649 unde
1204 3597 1512 3664 displiceret
1541 3599 1594 3652 in
1623 3614 1680 3652 se
1710 3599 1806 3652 ha-

223 3680 337 3734 buit
359 3722 376 3744 ,
421 3681 526 3734 iste
553 3689 730 3736 autem
761 3683 900 3736 unde
927 3682 1038 3736 Deo
1068 3683 1306 3751 placeret
1351 3685 1417 3738 ab
1465 3686 1581 3754 ipso
1609 3688 1693 3740 cui
1719 3703 1806 3742 es-

221 3781 306 3825 set
334 3772 639 3839 placiturus
664 3773 891 3840 accepit.
943 3771 998 3824 ln
1023 3774 1268 3828 omnibus
1294 3775 1451 3842 igitur
1485 3777 1575 3843 qui
1603 3777 1806 3836 gehen-

220 3861 326 3914 nali
352 3861 644 3929 traduntur
666 3859 689 3895 ἀ
707 3862 962 3915 incendio
1000 3861 1202 3917 invenit
1217 3863 1358 3931 justa
1380 3866 1639 3920 severitas
1659 3866 1804 3934 quod

217 3952 413 4016 puniat
445 3953 694 4005 meritum
725 3953 920 4006 malum
954 3963 1011 4015 ο,
1045 3954 1096 4007 in
1126 3954 1442 4021 quibusdam
1473 3955 1803 4024 originaliter

217 4048 474 4108 tractum,
507 4041 556 4094 in
583 4041 896 4108 quibusdam
925 4043 1085 4096 etiam
1106 4043 1236 4097 vitio
1258 4045 1488 4114 propria:
1509 4046 1802 4101 voluntatis

214 4128 511 4196 adjectum.
544 4129 796 4200 Exceptis
826 4133 968 4186 enim
999 4133 1255 4202 parvulis,
1286 4135 1481 4202 quibus
1503 4135 1569 4189 ad
1597 4136 1799 4204 eligen—

218 4222 334 4274 dam
378 4221 642 4289 justitiam
676 4221 1090 4292 fugiendumque
1132 4235 1410 4293 peccatum
1440 4227 1670 4304 necdum
1695 4244 1795 4299 po-

219 4320 316 4365 test
335 4327 466 4366 esse
507 4311 734 4366 liberum
765 4314 1054 4369 voluntatis
1078 4315 1377 4381 arbitrium,
1408 4317 1532 4385 quia
1556 4317 1609 4370 in
1638 4326 1795 4372 aetate

217 4413 404 4457 tenera
434 4412 612 4471 torpet
650 4405 786 4458 ratio
812 4405 1090 4474 consopita
1113 4446 1128 4470 ,
1161 4407 1338 4460 caeteri
1365 4407 1456 4476 qui
1485 4408 1691 4462 ratione
1717 4409 1795 4462 uti

1912 3240 2076 3286 tatem
2106 3233 2294 3301 donat,
2340 3245 2394 3288 et
2418 3235 2612 3290 bonam
2662 3238 2986 3294 voluntatem
3028 3241 3080 3296 in
3111 3245 3361 3312 operibus
3390 3247 3487 3302 ad-

1903 3320 2074 3389 juvat.
2115 3322 2232 3392 lpse
2265 3325 2426 3377 etiam
2453 3325 2505 3377 in
2537 3327 2674 3380 vasis
2703 3328 2796 3381 ine
2826 3329 2913 3383 illa
2961 3333 3227 3398 prmscivit
3273 3336 3485 3392 malitia:

1906 3412 2152 3466 humante
2208 3429 2373 3483 opera
2400 3429 2519 3482 qua:
2548 3427 2731 3470 essent
2772 3417 2824 3470 in
2870 3418 3062 3474 effectu
3091 3424 3276 3490 proc..l
3323 3425 3484 3480 dubio

1906 3511 2179 3554 secutura.
3301 3571 3309 3587 Ι

1979 3590 2065 3644 15.
2096 3591 2401 3648 Secundum
2430 3602 2633 3649 rectam
2663 3596 2843 3664 itaque
2868 3597 3026 3671 tidem
3054 3615 3118 3655 ac
3142 3604 3480 3672 perspicuam

1903 3681 2206 3745 veritatem,
2261 3684 2405 3752 quod
2435 3686 2628 3740 attinet
2656 3688 2724 3741 ad
2750 3689 3031 3757 parvulum
3061 3694 3149 3760 qui
3173 3695 3288 3749 sine
3315 3695 3478 3752 bene-

1904 3769 2026 3825 ﬁcio
2053 3773 2297 3826 secundae
2323 3775 2617 3834 nativitatis
2645 3777 2771 3832 huic
2799 3779 2921 3833 vita:
2947 3781 3308 3849 subtrahitur,
3341 3788 3480 3841 sicut

1901 3863 2179 3930 praescisse
2209 3862 2482 3919 fatendum
2512 3874 2594 3922 est
2623 3867 2789 3922 Deum
2836 3873 3041 3939 parvuli
3067 3873 3297 3938 futuram
3335 3894 3478 3933 mor-

1903 3957 2030 4014 tem,
2060 3967 2179 4020 quze
2207 3969 2333 4013 vere
2360 3955 2535 4010 futura
2563 3966 2700 4025 erat,
2732 3959 2810 4013 sic
2834 3960 3064 4016 absurde
3091 3964 3286 4020 dicitur
3309 3963 3477 4022 Deum

1901 4043 2177 4108 praescisse
2221 4045 2429 4112 parvuli
2472 4046 2649 4100 futura
2679 4060 2934 4117 peccata,
2984 4067 3102 4120 qua:
3151 4054 3324 4110 futura
3369 4039 3477 4114 non

1901 4141 2071 4187 erant.
2102 4133 2286 4203 Neque
2315 4137 2456 4191 enim
2486 4139 2628 4193 Deus
2653 4155 2831 4194 rerum
2858 4143 3095 4198 omnium
3117 4147 3366 4202 conditor
3394 4149 3475 4204 fa-

1898 4224 2083 4279 cienda
2111 4228 2432 4297 prmscisset,
2463 4245 2581 4299 quae
2625 4231 2866 4286 facienda
2897 4249 3004 4289 non
3035 4245 3233 4292 essent.
3266 4239 3478 4298 Scimus

1900 4331 2130 4386 namque
2159 4321 2550 4388 prtescientiam
2582 4322 2678 4378 Dei
2720 4326 2798 4382 sic
2823 4341 2942 4381 esse
2978 4344 3160 4383 veram
3183 4339 3364 4399 atque
3395 4334 3476 4388 in-

1897 4410 2353 4475 commutabilem,
2385 4420 2445 4464 ut
2489 4428 2608 4482 qua:
2636 4413 2814 4468 futura
2857 4419 3090 4484 pnescit,
3131 4434 3256 4473 vere
3295 4422 3472 4477 futura

215 4502 464 4560 possunt,
493 4493 701 4561 adjecto
738 4503 888 4550 reatu
918 4497 1150 4564 propriae
1179 4497 1492 4562 voluntatis,
1522 4508 1620 4580 aut.
1636 4499 1701 4552 ad
1729 4498 1793 4551 fi-
1824 4518 1870 4574 ι)
1896 4498 2036 4562 sint;
2083 4515 2182 4554 nec
2225 4501 2426 4568 aliquid
2470 4503 2768 4558 faciendum
2810 4508 3054 4574 praesciat
3081 4510 3223 4576 quod
3253 4527 3356 4564 non
3386 4529 3472 4567 se-

215 4585 328 4640 dem
362 4602 474 4642 non
503 4589 780 4652 accedunt,
820 4599 912 4643 aut
951 4606 980 4643 a
1030 4591 1132 4644 fide
1159 4590 1454 4645 discedunt.
1489 4590 1559 4644 Ut
1609 4599 1787 4646 autem

214 4675 301 4728 fiat
319 4677 448 4744 quis
465 4677 641 4744 justus
666 4693 730 4732 ex
755 4679 938 4749 impio,
977 4681 1183 4753 amicus
1207 4680 1298 4753 Dei
1330 4696 1397 4734 ex
1421 4681 1655 4744 inimico,
1689 4681 1786 4735 ab-

209 4765 422 4820 solutus
444 4783 513 4822 ex
541 4782 656 4835 reo,
687 4784 1056 4842 quamcunque
1107 4780 1230 4838 agat
1279 4771 1520 4840 corporis
1551 4779 1786 4839 aetatem,

208 4855 271 4908 ab
326 4857 454 4928 ipso
483 4859 780 4914 nativitatis
811 4868 999 4914 exortu
1027 4876 1195 4930 usque
1226 4860 1295 4914 ad
1343 4861 1669 4930 decrepitam
1699 4875 1786 4916 se-

208 4953 504 5010 nectutem,
532 4961 688 5001 nemo
722 4947 1102 5016 justiﬁcatione
1131 4950 1401 5004 invenitur
1451 4950 1661 5017 dignus,
1691 4952 1785 5005 sed

204 5035 439 5100 gratuita
467 5036 709 5092 bonitate
731 5037 1055 5105 justilicatur
1077 5039 1359 5109 indignus;
1391 5055 1492 5095 nec
1510 5041 1576 5094 de
1599 5050 1783 5110 potes—

205 5129 313 5177 tate
338 5125 686 5181 tenebrarum
715 5128 958 5198 eripitur,
989 5138 1043 5184 et
1082 5132 1136 5185 in
1166 5145 1388 5200 regnum
1420 5131 1511 5186 tilii
1536 5133 1781 5190 dilectio-

204 5213 284 5265 nis
314 5214 416 5268 Dei
442 5217 760 5272 transfertur
778 5260 794 5283 ,
821 5220 919 5273 nisi
944 5235 1103 5289 quem
1134 5222 1392 5277 Dominus
1411 5224 1641 5291 gratuito
1669 5225 1783 5292 glo-

204 5302 294 5356 ria:
314 5304 566 5372 dignatus
593 5305 753 5362 fuerit
775 5324 997 5363 munere
1020 5313 1313 5380 praevenire
1331 5354 1345 5377 ,
1371 5314 1462 5382 qui
1491 5315 1656 5383 gratis
1677 5315 1784 5371 sal-

205 5399 312 5456 vat,
344 5401 405 5446 et
425 5393 567 5460 juste
595 5397 932 5452 condemnat.
965 5398 1265 5455 Misericors
1303 5401 1557 5456 Dominus
1584 5411 1639 5456 et
1661 5402 1778 5471 jus-

205 5487 286 5533 tus
340 5482 673 5537 voluntatem
723 5499 1159 5556 pravam,quam
1205 5504 1311 5543 non
1360 5489 1778 5548 misericorditer

271 5645 296 5669 ε
327 5636 479 5701 Mam,
510 5639 872 5694 damnabiliter
891 5644 1131 5698 viverent.

272 5706 296 5739 ις
335 5705 465 5758 ιςιιιι.
503 5726 609 5762 non
641 5710 838 5764 habent
864 5713 1142 5768 hominum.
1180 5716 1304 5770 Mss.
1337 5716 1444 5771 duo
1475 5717 1692 5771 habent.

283 5786 302 5810 ε
341 5774 463 5830 Mss.
495 5779 620 5843 duo,
645 5782 814 5850 gratia
845 5781 1002 5835 donat

1894 4589 2124 4642 cundum
2152 4591 2540 4659 prmscientiam
2570 4593 2685 4661 ejus
2723 4597 2832 4650 fiat.
2867 4597 3066 4652 Futura
3095 4616 3224 4654 vero
3263 4604 3373 4656 sola
3415 4606 3469 4659 in

1888 4691 1947 4730 se
1977 4688 2233 4734 creatura:
2261 4682 2588 4737 niutabilitas
2611 4684 2825 4753 recipit,
2858 4703 2977 4755 qua:
3008 4689 3058 4742 in
3087 4691 3354 4746 Creatoris
3383 4695 3466 4747 in-

1890 4773 2420 4827 commutabilitatem
2461 4775 2767 4830 nullatenus
2803 4778 2966 4832 cadit.
3016 4779 3304 4850 Propterea
3351 4785 3464 4839 Deo

1893 4864 2021 4918 nihil
2052 4873 2133 4918 est
2152 4866 2480 4934 prmteritum
2508 4868 2594 4922 vel
2621 4869 2877 4937 futurum,
2909 4874 2992 4927 cui
3021 4874 3100 4929 sic
3123 4877 3298 4930 omnia
3328 4894 3464 4948 prm-

1888 4952 2060 5006 sentia
2091 4962 2214 5007 sunt
2241 4968 2359 5022 qua:
2386 4953 2627 5011 facienda
2657 4960 2886 5027 prmscit,
2922 4971 2979 5016 ut
3007 4973 3290 5035 postquam
3321 4965 3460 5024 facta

1887 5040 2122 5105 fuerint,
2176 5045 2444 5113 prmterita
2491 5047 2540 5101 ei
2593 5047 2685 5116 (al.
2718 5048 2851 5120 Deo)
2893 5066 3011 5108 esse
3056 5070 3162 5109 non
3207 5059 3457 5126 possint:

1887 5135 2141 5202 quoniam
2170 5137 2308 5191 sicut
2333 5139 2483 5192 novit
2511 5140 2777 5209 praeterita
2800 5182 2816 5206 ,
2863 5143 2941 5198 sic
2971 5147 3135 5201 .novit
3161 5156 3217 5202 et
3257 5147 3452 5205 futura.

1885 5223 2226 5294 Quaecunque
2252 5227 2392 5281 enim
2413 5243 2532 5282 cum
2561 5237 2800 5298 tempore
2825 5240 3096 5288 mutantur
3115 5244 3171 5290 et
3199 5237 3292 5307 (al.
3340 5240 3453 5308 aut)

1884 5324 2199 5381 transeunt,
2247 5316 2299 5370 in
2343 5317 2458 5384 ejus
2488 5316 2506 5354 ί
2549 5319 2856 5386 cognitione
2883 5323 2998 5378 sine
3026 5328 3280 5396 temporis
3309 5337 3454 5384 tran-

1882 5405 1986 5459 situ
2021 5421 2086 5461 ac
2112 5407 2467 5461 mutabilitate
2510 5409 2826 5466 consistunt.
2879 5412 3076 5469 Rerum
3121 5426 3298 5472 autem
3342 5437 3448 5475 non

1876 5511 2062 5551 earum
2090 5511 2209 5566 quae
2239 5497 2424 5551 futura:
2451 5511 2558 5553 non
2584 5509 2728 5569 sunt,
2759 5502 2851 5557 sed
2881 5520 2998 5574 quae
3023 5506 3272 5563 facienda:
3300 5520 3444 5577 sunt,

1953 5647 1976 5686 δ
2011 5647 2134 5706 Mss.
2158 5652 2285 5718 duo,
2317 5657 2599 5716 tradentur.

1955 5730 1976 5793 ξε
2003 5720 2158 5793 _E_tld.,
2183 5740 2358 5776 eorum
2386 5728 2599 5793 malum;
2628 5742 2780 5790 mss.,
2811 5734 3038 5787 meritum
3065 5736 3272 5789 niuium.

1955 5789 1970 5826 ί
2000 5789 2094 5845 Ms.
2132 5808 2281 5860 unus,
2315 5805 2493 5850 cuneta
2513 5789 2718 5867 in'ejus,
2748 5809 2852 5855 etc.
