4064 6358
531 415 627 470 Oli

1584 407 1640 462 5.
1681 405 2037 462 FULGENTII
2076 405 2375 462 EPlSCOPl
2413 403 2781 461 RUSPLNSIS

532 525 921 598 prmscientiam
967 522 1078 578 Deo
1123 522 1316 584 inesse,
1373 519 1510 573 liber
1547 517 1782 574 Danielus
1829 522 2104 588 prepbette
2134 524 2180 582 Α
2206 518 2423 574 veritati
2467 526 2524 571 ut
2574 517 2628 570 in
2669 516 3000 585 prteseientia
3039 513 3133 567 Dei
3167 513 3377 568 dicatur
3399 525 3520 568 esse
3546 507 3786 569 futurum

535 625 762 672 testatur
786 615 869 670 his
899 613 1071 667 verbis
1089 629 1100 663 :
1118 609 1279 672 Deus,
1303 610 1386 680 qui
1418 610 1737 660 occultorum
1766 624 1818 661 ea
1849 610 2101 676 cognitor,

533 708 619 780 qui
647 708 749 761 scis
780 705 952 758 omnia
978 710 1252 771 antequam
1291 699 1423 768 ﬁant
1455 696 1617 765 (Dan.
1661 713 1780 760 xm,
1825 695 1936 764 42).
1966 697 2108 751 Deus

534 810 664 865 ergo
693 798 795 850 hoc
819 794 919 849 scit
945 792 996 845 in
1026 800 1226 844 aeterna
1254 787 1669 858 prmcognitione
1697 786 1842 856 quod
1871 787 2127 840 futurum'

535 897 639 954 est,
668 895 726 941 ut
751 884 842 936 ﬁat
871 885 922 936 in
952 897 1135 951 opere.

609 981 735 1032 Car.
786 990 894 1028 vtu.
949 1004 1017 1015 -—
1068 969 1153 1024 16.
1200 967 1445 1024 Absurde
1493 968 1672 1036 itaque
1730 967 1926 1022 dicitur
1966 965 2111 1035 quod

535 1067 828 1140 prmscierit
867 1062 1145 1132 parvulum
1172 1101 1190 1128 ,
1236 1061 1282 1114 si
1327 1060 1557 1124 viveret,
1602 1058 1822 1127 impium
1853 1060 2107 1123 futurum,

535 1174 696 1230 quem
725 1155 967 1226 profecto
993 1168 1098 1206 non
1131 1151 1421 1221 plusquam
1441 1149 1574 1202 vixit
1599 1150 1863 1219 prmscivit
1890 1163 2008 1202 eSse
2030 1149 2114 1201 fu-

537 1261 712 1304 turum
747 1265 759 1300 :
803 1261 960 1314 quem
992 1245 1176 1313 utique
1227 1243 1489 1314 pnescivit
1517 1242 1582 1294 ad
1620 1250 1833 1294 mtatem
1863 1255 1967 1308 qua
2008 1239 2110 1292 im-

537 1339 628 1410 pie
665 1339 869 1391 viveret
916 1351 1022 1388 non
1067 1349 1185 1387 esse
1233 1341 1538 1398 venturum,
1568 1332 1690 1400 quia
1720 1347 1841 1385 cum
1873 1332 1924 1384 in
1955 1339 2114 1384 aetate

538 1427 770 1485 i..fantili
793 1427 859 1480 de
890 1425 1088 1479 smequ
1115 1424 1377 1477 veraciter
1407 1431 1630 1476 noverat
1653 1421 2022 1474 auferendum.
2051 1419 2115 1474 Et

537 1523 590 1578 in
621 1536 728 1590 quo
777 1519 916 1573 nulla
958 1517 1230 1588 peccatrix
1278 1514 1601 1584 praecognita
1633 1523 1716 1567 est
1755 1521 1922 1576 tetas,
1973 1515 2117 1567 unde

538 1612 652 1668 ﬁeri
688 1611 862 1683 potuit
902 1618 958 1663 ut
984 1610 1157 1662 mtatis
1181 1623 1299 1675 qum
1329 1607 1503 1659 futura
1553 1622 1657 1659 non
1687 1615 1804 1660 erat
1842 1606 2117 1674 praescire-

539 1712 628 1757 tur
658 1701 927 1768 iniquitas,
959 1713 1078 1752 cum
1115 1707 1247 1750 :etas
1278 1696 1447 1749 renati
1478 1696 1683 1764 parvuli
1712 1695 1826 1748 sine
1851 1705 1974 1750 actu
2001 1711 2118 1748 om-

540 1793 667 1847 nino
695 1790 898 1860 peccati
934 1803 1053 1842 esse
1081 1787 1284 1856 possit,
1325 1785 1487 1856 442
1516 1794 1667 1840 actus
1691 1794 1869 1838 autem
1900 1785 2116 1839 humani

2206 609 2406 679 aliquid
2437 608 2580 678 quod
2607 608 2659 662 in
2691 615 2897 661 tantum
2928 605 3058 659 nihil
3089 620 3211 660 esse
3237 604 3593 667 convincitur,
3627 613 3686 660 ut
3721 621 3789 662 ex

2205 699 2384 755 futuro
2425 713 2662 769 pnesens
2704 697 3011 752 nullatenus
3048 694 3164 750 fore
3191 695 3276 748 vel
3307 693 3472 749 fuisse
3516 705 3786 752 monstre-

2209 802 2296 847 tur
2326 810 2340 845 :
2374 808 2497 847 cum
2537 791 2721 859 utique
2750 789 2923 858 ipsum
2957 787 3118 841 futuri
3159 787 3466 842 nullatenus
3494 788 3664 857 possit
3691 789 3789 842 ba-

2210 882 2336 939 bere
2352 881 2696 945 vocabulum,
2725 878 2868 948 quod
2898 879 3179 947 praesentis
3205 878 3564 948 appellatione
3591 895 3699 934 non
3719 879 3790 934 sit

2209 973 2531 1043 quandoque
2556 971 2910 1028 censendum.

2282 1065 2409 1120 Car.
2440 1081 2512 1118 ιχ.
2539 1096 2610 1107 -
2641 1063 2727 1120 18.
2761 1063 2806 1117 Α
2835 1064 3060 1132 parvulo
3092 1076 3222 1130 ergo
3257 1061 3346 1132 qui
3378 1062 3509 1116 nihil
3540 1061 3668 1118 fecit
3717 1063 3792 1118 ni-

2211 1155 2286 1210 hil
2317 1154 2614 1210 facicndum
2647 1155 2786 1208 Dens
2823 1170 2942 1209 esse
2988 1155 3276 1222 praescivit.
3321 1153 3430 1208 Cur
3457 1162 3638 1209 autem
3683 1171 3791 1212 non

2212 1247 2281 1300 ab
2303 1261 2368 1300 eo
2388 1246 2667 1299 abstulerit
2686 1245 2946 1312 originale
2970 1252 3270 1313 peccatum,
3296 1259 3394 1297 nos
3415 1243 3632 1313 quidem
3653 1245 3792 1299 scire

2213 1352 2321 1390 non
2350 1351 2664 1404 possumus;
2695 1335 2796 1388 hoc
2823 1343 2998 1388 tamen
3028 1349 3150 1388 eum
3176 1333 3320 1401 juste
3356 1333 3564 1391 fecisse.
3612 1334 3789 1387 nulla-

2215 1437 2372 1484 tenus
2417 1428 2663 1482 dubitare
2708 1428 2985 1480 debemus.
3037 1427 3187 1480 Licet
3211 1426 3350 1482 enim
3380 1425 3534 1479 nobis
3560 1441 3669 1478 non
3697 1441 3791 1478 so-

2216 1519 2324 1573 lum
2353 1534 2417 1573 ex
2450 1519 2615 1573 nihilo
2643 1518 2858 1580 creatis,
2903 1515 2997 1570 sed
3040 1516 3202 1569 etiam
3248 1517 3452 1584 peccati
3482 1516 3792 1581 gerentibus

2218 1611 2481 1664 maculam
2514 1612 2693 1676 (quam
2730 1606 3032 1661 mortallter
3056 1606 3357 1659 viventibus
3387 1605 3478 1658 Dei
3508 1605 3629 1658 liliis
3656 1607 3793 1660 sicut

2217 1699 2386 1767 gratia
2417 1697 2640 1752 subinde
2667 1697 2839 1760 diluit,
2873 1697 2944 1750 ita
2977 1696 3283 1762 frequenter
3321 1695 3601 1749 infirmitas
3627 1697 3791 1765 parit)

2220 1789 2774 1860 incomprehensibilis
2816 1789 3024 1842 consilii
3055 1786 3149 1840 Dei
3193 1787 3372 1840 clausa
3415 1787 3486 1840 sit
3524 1787 3790 1847 altitudo,

539 1881 742 1953 peccati
784 1880 899 1932 rille
926 1878 1163 1946 qualibet
1189 1884 1348 1929 :etate
1377 1890 1495 1929 esse
1529 1891 1636 1928 non
1661 1874 1869 1944 possit?
1897 1872 2112 1928 Futurae
2147 1893 2194 1951 Β
2222 1881 2349 1936 illud
2395 1890 2572 1934 tamen
2602 1879 2757 1934 nobis
2782 1877 3118 1933 manifedum
3161 1886 3262 1938 est,
3295 1878 3418 1945 quia
3464 1878 3514 1932 in
3544 1877 3658 1932 Deo
3687 1878 3793 1932 ulla

539 1972 682 2026 enim
711 1970 883 2023 aetatis
911 1984 1016 2020 non
1063 1966 1292 2020 absurde
1341 1964 1580 2034 pnescita
1612 1964 1861 2018 dicuntur
1905 1978 2069 2032 opera
2092 2003 2108 2028 ,

541 2061 624 2116 vel
655 2063 793 2114 bona
839 2058 923 2111 vel
955 2056 1122 2120 mala;
1166 2051 1394 2107 absurde
1438 2061 1616 2106 autem
1653 2053 1987 2122 praescientia
2017 2068 2113 2106 cu-

441 2175 447 2178 ·
541 2157 785 2225 jusquam
826 2150 1044 2204 humani
1086 2149 1264 2217 operis
1311 2147 1363 2200 in
1404 2155 1561 2199 {etate
1590 2145 1862 2208 asseritur,
1911 2143 1963 2197 in
2010 2157 2116 2211 qua

542 2247 751 2300 futurus
773 2244 932 2296 homo
964 2242 1078 2309 ipsc
1108 2255 1212 2291 non
1243 2253 1363 2292 esse
1390 2244 1735 2291 monstratur.
1767 2235 1914 2289 Sicut
1937 2243 2117 2286 autem

544 2352 651 2391 non
681 2333 779 2388 nisi
811 2329 1288 2400 concipiendorum
1329 2328 1550 2382 exordia
1576 2367 1590 2390 ,
1631 2328 1702 2382 ita
1734 2341 1841 2380 non
1873 2325 1974 2379 nisi
2005 2324 2117 2378 vic-

541 2435 784 2481 turorum
839 2423 1116 2475 hominum
1183 2419 1414 2472 actualia
1469 2427 1614 2472 recte
1668 2417 1893 2471 dicimus
1948 2415 2116 2469 Deum

542 2515 815 2586 pra:scisse
842 2521 1086 2582 peccata.
1119 2510 1333 2564 Illorum
1362 2520 1385 2544 α·
1419 2509 1580 2576 igitur
1619 2507 1871 2576 prazseius
1896 2520 2118 2575 operum

543 2616 687 2660 recte
714 2605 907 2658 dicitur
948 2601 1106 2665 Deus,
1136 2616 1362 2670 quorum
1407 2599 1460 2651 in
1505 2598 1971 2654 consunnnatione
2009 2611 2118 2650 non

543 2704 768 2764 negatur
795 2693 1176 2746 snbsecuturus
1201 2689 1440 2743 effectus.

618 2786 704 2838 l7.
735 2783 999 2838 Casterum
1027 2779 1268 2851 quisquis
1299 2778 1463 2832 Deum
1494 2775 1773 2848 prmseium
1803 2782 1956 2845 putat
1979 2772 2122 2828 futu-

543 2890 724 2931 rorum
745 2888 992 2942 Operum,
1015 2887 1132 2940 qua:
1158 2880 1334 2923 tamen
1364 2869 1539 2922 futura
1563 2885 1669 2921 non
1698 2865 1925 2928 fuerant,
1955 2871 2122 2919 restat

543 2973 603 3019 ut
631 2961 974 3032 prmscientia:
1004 2960 1119 3023 Dei,
1149 2973 1309 3027 quam
1331 2957 1512 3027 utique
1528 2973 1634 3010 non
1665 2965 1824 3025 negat
1850 2971 2118 3021 veraccm,

543 3056 774 3123 aliquam
805 3053 1000 3116 inesse,
1033 3051 1176 3118 quod
1202 3049 1358 3113 absit,
1391 3048 1621 3104 mstimet
1655 3047 1962 3102 falsitatem.
1994 3045 2122 3101 Fal-

544 3163 660 3202 sum
689 3154 772 3199 est
816 3145 958 3198 enim
1007 3140 1242 3194 futurum
1295 3154 1413 3194 esse
1459 3138 1660 3206 aliquid
1707 3138 1852 3209 quod
1891 3153 2122 3208 prmsens

2216 1970 2468 2038 iniquitas
2495 1984 2602 2023 non
2625 1976 2728 2023 est.
2762 1969 2836 2022 De
2877 1968 2993 2036 ipso
3030 1969 3172 2020 enim
3201 1968 3454 2036 scriptum
3484 1975 3568 2021 est
3598 1985 3611 2020 :
3654 1966 3794 2022 Deus

2216 2061 2405 2131 ﬁdelis,
2461 2060 2514 2112 in
2563 2075 2659 2130 quo
2702 2075 2806 2111 non
2855 2069 2931 2111 cst
2973 2058 3249 2126 iniquitas;
3296 2057 3466 2127 justus
3504 2068 3552 2110 et
3582 2067 3796 2111 sanctus

2216 2149 2376 2220 443
2408 2148 2660 2202 Dominus
2689 2147 2827 2200 Deus
2859 2147 3035 2216 (Dent.
3062 2162 3229 2209 xxxii,
3261 2145 3349 2214 4);
3396 2155 3450 2200 ct
3493 2146 3601 2200 alio
3633 2147 3794 2202 luco:

2216 2240 2422 2294 Jndicia
2449 2239 2544 2293 Dei
2577 2256 2715 2299 vera.
2745 2239 3038 2309 justificata
3067 2240 3120 2291 in
3149 2242 3419 2308 semetipsa
3441 2237 3619 2306 (Psal.
3649 2253 3796 2305 xvut,

2220 2332 2328 2402 l0).
2362 2332 2442 2386 Ad
2473 2347 2701 2399 quorum
2727 2330 3050 2398 judiciorum
3079 2331 3341 2385 occultam
3374 2329 3795 2399 profunditatem

2221 2423 2365 2495 [quia
2389 2423 2589 2492 judicia
2621 2422 2716 2476 Dei
2747 2422 2959 2490 abyssua
2987 2422 3153 2474 multa
3182 2420 3352 2491 (Paul.
3379 2437 3541 2484 xxxv,
3574 2419 3652 2490 τις
3679 2435 3793 2475 cre-

2221 2515 2398 2570 dimus
2435 2514 2598 2568 etiam
2637 2524 2922 2584 parentum
2971 2514 3084 2568 sive
3125 2513 3484 2580 quorumlibet
3526 2513 3798 2568 hominum

2221 2605 2598 2674 negligentiam
2623 2605 2893 2674 pertinere
2927 2623 2939 2657 :
2977 2605 3115 2659 sicut
3143 2605 3304 2657 etiam
3337 2619 3436 2673 pro
3465 2605 3688 2673 parvqu
3710 2606 3796 2675 qu.‘

2221 2698 2290 2770 ad
2319 2699 2641 2768 baptismum
2685 2699 2949 2768 pervenit,
2984 2707 3263 2766 parentum
3291 2714 3475 2752 curam
3511 2715 3619 2752 non
3646 2699 3773 2753 duli

2222 2799 2399 2843 tamus
2428 2788 2495 2842 ad
2523 2788 2715 2842 divinae
2749 2789 2932 2856 gratia:
2978 2804 3202 2842 munera
3253 2789 3605 2843 referendam.
3657 2788 3727 2842 Et
3755 2797 3799 2842 sl

2222 2880 2436 2948 quidem
2466 2887 2716 2949 parentes
2745 2895 2850 2934 non
2875 2878 3072 2933 fuerint
3100 2880 3300 2950 pietate
3323 2895 3388 2934 ac
3409 2880 3546 2934 bona
3572 2895 3791 2934 convcr~

2222 2971 2432 3025 satione
2460 2971 2686 3041 praediti,
2720 2971 2881 3037 Deus,
2918 2970 3010 3039 qui
3039 2971 3192 3024 malis
3221 2987 3435 3041 quoque
3464 2972 3602 3025 bene
3632 2971 3794 3024 utitur

2222 3061 2586 3115 voluntatibus
2614 3060 2915 3125 hominum,
2941 3076 3038 3130 per
3061 3061 3322 3115 malorum
3345 3071 3626 3130 parentum
3657 3061 3774 3116 solli

2225 3153 2516 3208 citudinem
2562 3151 2881 3207 beneficium
2911 3152 3095 3220 gratim
3141 3167 3251 3206 sua:
3278 3161 3535 3221 operatur
3582 3153 3634 3206 in
3678 3167 3802 3221 par~

547 3255 657 3295 non
700 3238 818 3292 erit.
866 3235 961 3289 Dei
998 3241 1176 3288 autem
1207 3233 1431 3287 scientia
1461 3231 1593 3285 nihil
1622 3232 1675 3284 in
1718 3246 1778 3284 se
1807 3241 1984 3302 potest
2027 3232 2119 3284 ba-

2225 3246 2381 3310 vulo;
2430 3245 2476 3300 si
2515 3259 2647 3299 vero
2675 3254 2926 3314 parentes
2954 3244 3081 3297 boni
3111 3241 3138 3281 δ
3169 3244 3295 3306 sint,
3341 3259 3448 3297 non
3477 3243 3652 3298 solum
3683 3258 3782 3312 par

548 3331 674 3385 bere
700 3327 818 3381 falsi
845 3368 862 3395 ,
907 3328 1030 3395 quia
1059 3325 1263 3380 falsitas
1305 3322 1719 3377 inesse‘veritati
1768 3339 1876 3376 non
1924 3329 2120 3391 potest.

544 3418 1060 3484 Prmscientiaigitar
1081 3415 1339 3478 veritatis,
1356 3427 1476 3482 qua:
1508 3412 1561 3465 in
1592 3427 1650 3466 se
1681 3427 1786 3465 non
1807 3412 2001 3480 recipit
2026 3409 2125 3464 fal-

544 3513 782 3573 sitatem,
813 3510 950 3563 sicut
972 3506 1272 3561 faciendum
1298 3505 1508 3574 prazscit
1529 3503 1672 3572 quod
1699 3502 1998 3558 faciendum
2019 3512 2120 3568 est,

549 3607 623 3660 ita
649 3616 757 3656 non
779 3596 1077 3653 faciendum
1099 3595 1243 3664 quod
1272 3594 1574 3648 faciendum
1597 3601 1826 3648 nonest.
1857 3592 1974 3648 Non
1995 3607 2123 3662 ergo

547 3693 688 3750 Deus
725 3694 778 3748 in
805 3690 1029 3762 parvulo
1069 3697 1291 3759 peccata
1323 3689 1428 3741 ulla
1475 3688 1760 3756 pitescivit,
1791 3702 1908 3755 qua:
1945 3687 2120 3756 prius-

544 3803 704 3857 quam
745 3793 1044 3840 moreretur
1069 3783 1322 3853 parvulus
1362 3796 1465 3832 non
1498 3779 1729 3833 admisit.
1766 3778 1828 3845 Si
1877 3780 2018 3833 enim
2042 3778 2124 3832 fa-

543 3879 733 3935 cienda
762 3878 1077 3946 priescisset,
1104 3875 1288 3944 utique
1320 3871 1526 3927 tierent.
1553 3870 1738 3941 Neque
1771 3871 1914 3924 enim
1943 3870 2120 3923 futura

545 3976 744 4038 sciret,
787 3987 905 4041 qua:
947 3987 1053 4024 non
1087 3967 1324 4023 facienda
1367 3965 1660 4034 pmsciret.
1693 3962 1924 4018 Proinde
1950 3963 2124 4017 faten-

545 4065 669 4120 dum
699 4057 924 4132 estquia
948 4100 963 4124 ,
1003 4061 1143 4116 sicut
1167 4057 1420 4128 parvulus
1446 4064 1689 4111 mortuus
1730 4062 1844 4119 est,
1897 4055 1968 4108 ita
1999 4069 2122 4106 eum

548 4156 692 4212 Deus
714 4159 1029 4209 moriturum
1052 4167 1172 4207 esse
1195 4150 1482 4221 prmscivit.
1502 4149 1589 4203 Dei
1616 4150 1757 4222 enim
1786 4148 2121 4218 praescientia

547 4247 850 4302 nullatenus
892 4245 1130 4308 fallitur,
1173 4243 1298 4310 quia
1345 4242 1482 4296 sicut
1511 4241 1812 4296 faciendum
1859 4240 2126 4310 prtescivit

549 4339 825 4402 mundum,
854 4345 911 4392 et
937 4337 1015 4392 sic
1040 4351 1162 4390 eum
1193 4334 1320 4389 fecit
1342 4331 1793 4403 quemadmodum
1825 4331 2122 4386 faciendum

549 4443 669 4485 esse
697 4427 960 4497 praescivit
992 4444 1004 4479 :
1040 4427 1176 4480 sicut
1205 4425 1258 4478 in
1299 4425 1416 4493 ipso
1444 4438 1660 4494 quoque
1688 4421 1888 4475 mundo
1914 4421 2122 4490 singula

547 4533 666 4588 qua:
695 4517 830 4572 facta
860 4525 1002 4581 sunt,
1029 4517 1115 4570 vel
1144 4515 1294 4577 fiunt,
1327 4514 1412 4568 vel
1448 4513 1687 4567 facienda
1713 4520 1858 4576 sunt,
1890 4512 1961 4565 ita
1989 4527 2126 4566 sem-

2226 3335 2351 3390 vulo
2370 3335 2513 3389 bona
2538 3335 2786 3388 voluntas
2813 3341 3096 3404 parentum
3125 3334 3358 3403 prolicit,
3388 3333 3484 3388 sed
3517 3335 3648 3403 ipsis
3672 3349 3797 3402 quo-

2225 3443 2330 3498 que
2376 3429 2685 3498 parentibus
2721 3437 2744 3466 ο
2790 3427 2858 3481 ad
2900 3427 3150 3480 meritum
3201 3427 3391 3480 futura:
3438 3427 3800 3481 retributioni:

2225 3521 2454 3576 accedit.
2480 3521 2621 3576 Deus
2640 3521 2802 3582 enim,
2825 3521 2916 3590 qui
2945 3527 3198 3588 operatur
3214 3532 3269 3572 et
3289 3519 3426 3573 velle
3443 3527 3498 3572 et
3525 3517 3802 3587 perficere.

2223 3627 2324 3682 pro
2369 3613 2510 3666 bona
2555 3612 2856 3677 voluntate,
2903 3611 3222 3679 parentibus
3262 3609 3314 3662 in
3358 3624 3418 3663 se
3463 3608 3804 3667 credentibus

2225 3703 2448 3770 gratiam
2471 3703 2624 3756 bona:
2648 3703 2938 3756 voluntatis
2963 3703 3075 3772 ipse
3103 3702 3347 3770 largitur,
3377 3709 3437 3756 ut
3461 3716 3558 3770 pro
3579 3704 3804 3770 parvulo

2225 3794 2366 3863 piam
2411 3791 2828 3848 sollicitudinem
2859 3800 3067 3861 gerant,
3119 3793 3293 3847 donec
3321 3792 3384 3844 ad
3422 3800 3627 3846 sancta:
3649 3805 3804 3860 rege-

2225 3886 2519 3941 nerationis
2539 3885 2833 3940 remedium
2863 3886 3027 3939 vitale
3055 3886 3350 3955 perveniat.
3369 3883 3606 3951 Quorum
3630 3895 3806 3938 tamen

2225 3994 2323 4034 nec
2353 3994 2542 4034 cursus
2572 3986 2769 4048 potest,
2820 3992 2922 4032 nec
2951 3978 3062 4046 ipsa
3094 3978 3249 4030 bona:
3279 3976 3568 4030 voluntatis
3611 3976 3809 4031 sollici-

2225 4070 2355 4126 tudo
2384 4071 2469 4141 pia
2497 4069 2744 4125 sufficere
2765 4111 2780 4136 ,
2829 4070 2929 4124 nisi
2961 4084 3083 4124 cum
3121 4067 3368 4136 dignetur
3393 4067 3534 4122 Dens
3573 4083 3687 4122 sua:
3714 4067 3810 4121 mi-

2224 4162 2508 4218 serationis
2536 4162 2770 4229 gratuito
2795 4175 3017 4215 munere
3040 4159 3357 4229 przcvcnire.
3382 4158 3642 4227 Equidem
3668 4159 3810 4211 bona

2227 4250 2491 4312 voluntas,
2533 4265 2652 4319 qua:
2676 4265 2705 4302 a
2741 4249 2969 4303 Domino
3017 4265 3114 4318 pro
3141 4248 3347 4318 parvuli
3402 4247 3813 4316 regeneratione

2225 4341 2538 4412 parentibus
2566 4341 2874 4410 inspiratur,
2926 4354 3022 4394 eos
3049 4340 3262 4407 instigat
3305 4346 3362 4392 ut
3390 4344 3630 4401 currant,
3675 4351 3821 4406 qua-

2225 4441 2384 4486 tenus
2411 4431 2667 4501 parvulus
2695 4429 2764 4484 ad
2795 4431 3123 4486 ablutionem
3153 4430 3405 4484 salutaris
3432 4444 3588 4497 aqua:
3621 4443 3816 4498 perve-

2226 4523 2358 4577 niat.
2386 4522 2769 4576 Verumtamen
2799 4521 2946 4575 illius
2974 4521 3400 4590 regenerationis
3435 4518 3662 4574 effectus
3705 4534 3816 4573 non

548 4624 646 4679 per
685 4607 926 4662 facienda
959 4606 1173 4660 fuerunt
1197 4606 1248 4658 in
1287 4603 1381 4658 Dei
1421 4603 1753 4673 prtescientia
1785 4603 2119 4671 quemadmo-

2229 4615 2542 4684 cujusquam
2571 4612 2801 4667 hominis
2827 4613 3058 4667 volentis
3083 4626 3258 4681 neque
3277 4610 3564 4673 canentis,
3589 4610 3686 4664 sed
3716 4609 3818 4662 mi-

547 4705 674 4758 dum
703 4710 829 4756 sunt
856 4701 909 4755 in
938 4716 1102 4770 opere
1145 4708 1432 4755 consecuta
1458 4738 1474 4764 ,
1526 4699 1609 4753 vel
1660 4699 1822 4752 etiam
1852 4707 2120 4753 secutura.

549 4792 668 4847 Non
705 4805 834 4860 ergo
872 4790 1014 4845 Deus
1045 4791 1311 4860 praescivit
1353 4788 1656 4844 faciendum
1699 4804 1728 4842 a
1760 4789 1999 4859 quolibet
2024 4790 2126 4843 ho-

549 4885 692 4940 mine
739 4883 882 4951 quod
917 4881 1154 4938 facturus
1206 4883 1369 4937 homo
1405 4897 1513 4935 non
1552 4881 1684 4946 fuit;
1715 4881 1854 4936 sicut
1879 4895 1980 4936 nec
2007 4881 2125 4947 ejus

553 4975 937 5046 pratseientiam
968 4974 1166 5045 aliquid
1202 4973 1358 5028 latuit
1384 4989 1568 5028 eorum
1595 4987 1715 5040 qua:
1754 4973 1998 5027 homines
2041 4972 2124 5026 vel

480 5055 484 5082 λ
553 5065 814 5132 fecerunt,
860 5066 943 5120 vel
987 5065 1228 5130 faciunt,
1277 5065 1361 5118 vel
1409 5063 1694 5139 aliquando
1743 5061 1932 5117 facturi
1978 5070 2122 5117 sunt.

553 5155 695 5211 Deus
736 5156 878 5209 enim
906 5171 1063 5210 verus
1100 5170 1163 5210 ea
1194 5156 1244 5208 in
1273 5154 1527 5224 operibus
1565 5153 1836 5207 hominum
1876 5153 2127 5221 praescire

542 5256 700 5304 recte
738 5247 949 5311 dicitur,
997 5261 1116 5318 qua:
1146 5256 1201 5301 et
1226 5246 1387 5301 rebus
1428 5255 1484 5300 et
1520 5244 1763 5316 personis
1789 5253 1844 5298 et
1872 5244 2128 5314 tempori-

541 5341 654 5394 bus
681 5339 1021 5395 inchoantur.
1059 5337 1156 5392 Ubi
1186 5347 1365 5392 autem
1397 5338 1478 5392 vel
1515 5353 1621 5401 res,
1652 5337 1736 5391 vel
1766 5351 2017 5406 persona,
2045 5335 2131 5389 vel

543 5440 763 5502 tempus
788 5447 894 5486 non
926 5430 1241 5493 ostenditur,
1280 5429 1482 5483 nullum
1509 5429 1691 5498 utique
1721 5443 1856 5498 opus
1884 5436 1966 5481 est
1987 5425 2132 5496 quod

543 5525 856 5592 prmscitum
905 5521 1159 5576 divinitus
1189 5529 1479 5575 asseratur.
1515 5519 1631 5575 Non
1661 5529 1840 5574 autem
1883 5518 2132 5588 congruit

624 5671 649 5698 ⁸·
684 5661 845 5725 Edd.,
871 5663 1042 5721 illius;
1073 5660 1165 5714 sed
1195 5661 1371 5713 minus
1400 5662 1556 5714 bene.

625 5730 650 5768 δ
677 5731 806 5801 Mss.
843 5735 966 5794 dun,
996 5741 1230 5801 parentes
1261 5732 1456 5800 ﬁdeles.

629 5809 652 5836 ε
686 5799 947 5852 liestittttu
979 5797 1100 5852 sunt
1121 5818 1185 5852 ex
1215 5797 1337 5852 “iss.
1365 5801 1570 5852 dtmbtt's
1597 5799 1710 5851 hzrc
1737 5797 1917 5865 verba,
1941 5813 2129 5867 paren-

556 5868 688 5922 tibus
717 5872 784 5925 ad
815 5871 1160 5922 meritum.....
1187 5887 1282 5935 pro
1308 5870 1439 5922 bona
1470 5871 1745 5924 voluntate.

2225 4707 2456 4761 serentis
2484 4714 2567 4759 est
2587 4704 2703 4769 Dei,
2728 4705 2818 4774 qui
2845 4710 2901 4758 et
2921 4703 3254 4757 voluntatem
3275 4709 3559 4772 parentum
3587 4700 3818 4763 excitat,

2231 4807 2286 4853 et
2310 4797 2611 4852 volentibus
2637 4795 2959 4864 adjutorinm
2989 4794 3174 4849 donat.

2303 4888 2389 4942 l9.
2422 4888 2449 4925 ά
2485 4885 2553 4941 Ut
2578 4900 2706 4953 ergo
2734 4885 2986 4956 parvulus
3017 4883 3440 4953 regenerationis
3469 4895 3635 4952 opere
3667 4880 3824 4936 redi-

2232 4989 2430 5046 matur,
2469 4977 2798 5048 Redemptor
2834 4977 3251 5032 misericorditer
3287 4982 3584 5044 operatur;
3633 4973 3730 5042 qui
3766 4980 3826 5026 et

2233 5069 2662 5142 opportunitates
2691 5076 2955 5139 prmparat
2974 5108 2990 5133 ,
3018 5077 3072 5124 et
3097 5068 3408 5122 voluntates
3434 5065 3739 5130 ministrat,
3769 5072 3829 5119 et

2233 5172 2491 5230 personas
2510 5158 2713 5221 tribuit,
2746 5166 2801 5212 et
2829 5157 2945 5211 loca
2975 5155 3239 5211 concedit.
3262 5153 3472 5224 Quique
3499 5168 3607 5207 non
3635 5149 3748 5206 hoc
3772 5152 3831 5205 in

2233 5249 2362 5303 solis
2391 5247 2655 5318 parvulis,
2688 5247 2779 5303 sed
2807 5246 2968 5300 etiam
3000 5245 3053 5298 in
3082 5243 3374 5312 majoribus
3402 5249 3676 5312 operatur.
3717 5240 3831 5295 De-

2233 5342 2392 5409 nique
2433 5339 2661 5408 legimus
2708 5337 2761 5390 in
2812 5336 2948 5390 libro
2992 5335 3217 5389 Actuum
3248 5333 3616 5402 apostolorum
3662 5328 3835 5400 (Cap.

2231 5449 2344 5499 vni,
2375 5430 2464 5500 26)
2496 5430 2639 5501 quod
2669 5437 2891 5499 repente
2921 5427 3220 5496 Philippum
3255 5427 3305 5479 in
3337 5424 3579 5478 Samaria
3611 5424 3838 5477 consti-

2234 5529 2409 5575 tutum
2441 5520 2659 5588 angelus
2681 5519 2948 5573 monuerit
2977 5527 3033 5571 ut
3057 5518 3112 5570 in
3137 5517 3274 5569 viam
3305 5530 3425 5583 qum
3451 5513 3598 5567 ducit
3627 5511 3841 5567 lliero-

2306 5649 2330 5690 δ
2366 5653 2538 5706 Locus
2567 5652 2652 5704 hic
2681 5652 2747 5704 ab
2778 5651 2859 5704 his
2893 5650 3099 5711 verbis,
3134 5648 3201 5702 Ut
3237 5663 3389 5713 ergo,
3431 5644 3495 5698 ad
3527 5645 3668 5706 lure,
3714 5641 3839 5708 ρηί

2234 5725 2389 5777 etiam
2411 5764 2422 5784 ,
2457 5733 2599 5776 totus
2627 5733 2707 5773 est
2737 5737 2798 5774 ex
2835 5737 2961 5772 mss.
2993 5723 3198 5772 duobns
3221 5719 3276 5770 ὃ.
3307 5719 3514 5769 Crucis.
3558 5715 3611 5767 In
3645 5715 3845 5768 altero

2238 5810 2366 5846 veno
2398 5809 2494 5844 ms.
2531 5794 2638 5844 [nec
2671 5800 2872 5842 tantum
2904 5790 3180 5846 habentur,
3215 5786 3281 5840 Ut
3309 5803 3432 5853 ergo
3457 5785 3661 5836 veridici
3687 5802 3847 5848 pra»

2241 5863 2482 5916 dicatoris
2505 5861 2715 5914 ἱιιάιιιοὶι
2737 5902 2751 5927 ,
2781 5859 2865 5930 qui
2896 5860 3328 5930 opportunitatem
3357 5871 3571 5926 quoque,
3606 5862 3718 5908 etc.
