4064 6358
279 243 396 300 (13⁵
1216 242 1302 299 DE
1336 194 1676 298 VENTAlE
1714 237 2385 298 PMDESTINATIOMS
2429 241 2556 298 LIB.
2593 241 2633 298 l.
2860 297 2883 310 ,
3418 246 3522 307 6ἱό
3602 218 3615 223 ι

276 462 376 502 nec
403 455 580 501 tamen
609 443 926 500 beneﬁcium
954 444 1375 511 regenerationis
1402 444 1739 512 aliquatenus
1769 443 1852 499 in-

275 538 535 609 quirenti,
563 551 671 591 non
697 536 867 590 solum
896 534 1211 605 prcedicaret
1241 535 1362 591 fidei
1388 534 1705 590 Christiana:
1732 551 1852 606 my-

273 628 528 694 sterium,
558 626 684 695 quin
723 626 884 680 etiam
913 625 1250 694 baptismatis
1284 625 1522 680 traderet
1549 640 1855 680 sacramen-

275 726 409 774 tum.
449 717 586 774 Ecce
614 718 886 787 quomodo
910 716 1142 787 Spiritus
1170 726 1384 773 sanctus
1409 719 1578 785 gratia
1610 732 1706 773 sua
1732 732 1854 787 spa-

273 810 471 867 donem
520 809 850 880 praeveuiens
872 849 888 874 ,
929 824 1213 878 personam
1242 809 1461 864 veridici
1490 807 1855 877 pnedieatoris

294 901 515 956 ndulsit.
564 900 665 967 Qui
694 900 857 953 etiam
897 900 1350 968 opportunitatem
1381 898 1700 967 prmdicandi
1730 896 1856 952 Phi-

275 992 423 1062 lippo
451 990 629 1057 dedit,
659 990 873 1059 quando
908 990 1163 1059 spadonis
1196 990 1433 1043 animum
1476 989 1540 1042 ad
1572 989 1854 1057 legendum

273 1081 465 1138 Isaiam
516 1080 935 1135 misericorditer
979 1079 1251 1134 excitavit.
1297 1078 1418 1145 Ipse
1479 1079 1639 1132 etiam
1678 1078 1853 1133 locum

274 1172 501 1232 tribuit,
541 1171 630 1240 qui
659 1184 753 1225 eos
782 1170 846 1223 ad
886 1179 1131 1237 stagnum
1179 1168 1413 1236 gratuita
1459 1168 1703 1223 bonitate
1730 1185 1855 1238 pcr-

274 1261 448 1315 duxit.
479 1260 598 1329 Ipse
627 1260 678 1313 in
710 1258 947 1327 Spadone
973 1274 1108 1328 opus
1134 1259 1318 1325 gratiae
1344 1257 1591 1311 salutaris
1610 1258 1854 1326 perfecit,

275 1365 385 1420 quo
422 1351 755 1407 illuminante
804 1347 941 1402 idem
990 1346 1160 1417 spado
1214 1346 1482 1402 Christum
1513 1362 1633 1402 esse
1663 1346 1855 1402 Filium

274 1442 371 1498 Dei
401 1442 652 1503 credidit,
685 1449 740 1495 ct
767 1440 834 1495 ad
863 1450 1107 1507 stagnum
1145 1441 1366 1495 veniens
1391 1455 1553 1495 sacrm
1582 1440 1857 1495 tizzctionis

274 1530 811 1601 effectum-poposcit,
839 1547 935 1586 nec
958 1532 1255 1602 baptizatus
1281 1539 1504 1596 tantum,
1529 1531 1622 1587 sed
1651 1540 1704 1585 et
1731 1529 1855 1601 Spi-

275 1623 384 1678 ritu
413 1629 602 1676 sancto
632 1620 865 1689 repletus
893 1620 1170 1675 abscessit.

216 428 224 438 ‘
274 357 494 429 solymis
522 354 718 411 Gazam
747 352 1121 419 descenderet,
1155 346 1245 409 ubi
1282 355 1575 410 transeunti
1600 354 1843 424 spadoni,
1875 358 1920 414 Α
1946 350 2147 408 θοι-ὀίω
2170 352 2223 407 in
2252 352 2510 408 honorem
2537 352 2867 423 gloriamque
2892 353 3179 423 discernit,
3220 357 3524 419 hominibus

1952 458 2166 523 quoque
2205 446 2416 500 ratione
2459 445 2731 501 utentibus
2766 460 3029 515 congruas
3055 449 3122 504 ad
3149 451 3373 507 salutem
3401 469 3524 523 per-

1953 516 2114 588 sdnas
2161 542 2253 588 aut
2299 542 2589 603 procuret,
2627 544 2721 590 aut
2755 536 3010 606 deneget,
3060 540 3116 593 in
3159 540 3280 598 aliis
3321 543 3527 599 scilicet

1947 626 2208 702 justitiam
2240 633 2456 691 tenens,
2487 626 2605 681 aliis
2635 628 3054 684 misericordiam
3097 631 3338 688 tribuens
3368 650 3384 696 ;
3431 650 3527 690 cur

1955 728 2062 767 neu
2113 712 2273 767 etiam
2304 713 2356 766 in
2386 714 2718 783 baptizandis
2766 715 3053 771 infantibus
3081 720 3379 775 certissime
3405 737 3526 777 cre-

1956 804 2149 860 damus
2177 820 2241 860 ac
2268 805 2435 860 libere
2472 807 2864 875 proclamemus
2891 809 3217 877 diligentiam
3247 823 3527 882 parentum

1955 896 2023 950 ad
2071 897 2298 964 gratiam
2351 897 2698 964 redimentis,
2738 899 3110 967 negligentiam
3140 918 3270 958 vero
3298 904 3363 957 ad
3383 904 3529 973 judi-

1955 990 2128 1043 cautis
2157 988 2249 1043 Dei
2274 988 2534 1056 justitiam
2566 992 2873 1059 pertinere?
2917 991 3031 1046 Non
3058 995 3181 1062 quia
3211 1010 3279 1049 ex
3306 993 3419 1051 Deo
3445 1003 3529 1053 est

1954 1079 2080 1134 boui
2110 1082 2288 1149 operis
2317 1082 2635 1148 negligentia
2663 1121 2678 1146 ,
2721 1099 2750 1135 a
2789 1099 2895 1151 quo
2926 1084 3064 1146 nulla
3096 1099 3326 1153 unquam
3357 1089 3527 1157 potuit

1955 1185 2074 1225 esse
2101 1171 2225 1223 mali
2252 1171 2428 1239 operis
2455 1185 2613 1224 causa
2639 1189 2653 1223 :
2677 1172 2769 1225 sed
2798 1174 2919 1239 quia
2946 1173 3083 1228 bona
3116 1165 3380 1241 voluntas,
3410 1193 3529 1247 quas

1954 1274 1984 1314 a
2015 1259 2123 1314 Deo
2151 1261 2418 1322 tribuitur,
2448 1269 2703 1328 quantum
2735 1262 2785 1315 in
2815 1264 3036 1318 caritate
3063 1265 3213 1334 profit
3233 1267 3271 1320 it
3303 1277 3348 1329 ε,
3381 1276 3537 1327 tanto

1954 1351 2213 1417 majorem
2258 1367 2357 1420 pro
2385 1352 2555 1405 salute
2585 1351 2868 1418 cujuslibet
2896 1355 3085 1410 animae
3115 1357 3528 1419 sollicitudinem

1954 1440 2112 1508 gerit.
2160 1438 2295 1492 Mala
2327 1455 2455 1494 vero
2485 1438 2730 1494 voluntas
2755 1482 2772 1506 ,
2815 1458 2932 1511 quae
2959 1458 3056 1496 suo
3082 1445 3276 1498 merito
3302 1447 3529 1513 gratiam

1955 1528 2193 1582 caritatis
2220 1536 2311 1581 aut
2340 1544 2445 1582 non
2481 1530 2674 1598 a'cipit
2698 1570 2714 1595 ,
2749 1540 2840 1584 aut
2867 1532 3103 1599 amittit,
3135 1541 3405 1602 torporem
3436 1552 3529 1590 ne-

1957 1618 2358 1686 gligentitesuze
2395 1635 2501 1672 non
2531 1620 2749 1688 deponit
2773 1661 2788 1684 ,
2830 1633 2884 1675 et
2908 1622 3032 1677 dum
3080 1625 3130 1677 in
3157 1623 3267 1679 suis
3295 1625 3530 1683 tenebris

344 1712 436 1769 20.
466 1712 594 1780 Quis
623 1713 783 1767 etiam
813 1711 1121 1767 Cornelium
1151 1709 1539 1776 centurionem,
1564 1709 1729 1764 misso
1758 1723 1854 1763 an-
1887 1715 1928 1773 Β
1954 1708 2359 1777 derelinquitur,
2391 1710 2557 1777 magis
2585 1724 2649 1765 ac
2675 1711 2842 1778 magis
2869 1722 3185 1768 excaventur.

274 1802 401 1874 gelo
450 1810 511 1856 ut
577 1802 881 1872 apostolum
951 1800 1162 1855 Petrum
1221 1801 1525 1864 accersiret,
1581 1799 1858 1853 admonuit

266 1894 485 1963 (Acut,
512 1890 824 1961 5),nisiqui
854 1890 1025 1957 eidem
1048 1890 1347 1945 centurioni
1375 1889 1745 1956 gratisdouum
1774 1887 1857 1943 sui

266 1981 487 2038 timoris
514 1996 577 2035 ac
609 1981 763 2033 bona:
808 1979 1136 2049 operationis
1173 1979 1402 2033 infudit?
1451 1977 1520 2033 Ut
1546 1978 1688 2034 enim
1720 1978 1859 2034 Deus

190 2074 199 2089 ‘
273 2069 581 2126 orationum
619 2066 782 2139 444
820 2069 937 2135 ejus
965 2076 1016 2123 et
1055 2068 1513 2138 cleemosynarum
1544 2067 1856 2121 memoriam

263 2159 503 2218 haberet
526 2202 541 2224 ,
574 2161 737 2230 ipsius
763 2159 994 2215 Cornelii
1028 2160 1174 2230 prius
1198 2160 1473 2222 meminit;
1522 2175 1629 2214 non
1658 2160 1709 2213 in
1741 2158 1857 2227 ejus

266 2250 517 2322 qualibet
541 2265 706 2319 apere
733 2250 879 2305 bono
906 2290 921 2315 ,
964 2250 1057 2304 sed
1088 2250 1138 2304 in
1168 2249 1503 2319 beneplaeito
1540 2265 1637 2305 suo
1664 2290 1679 2314 ,
1722 2258 1779 2303 ut
1807 2250 1857 2305 ei

274 2340 482 2398 donum
514 2341 595 2396 sui
623 2341 829 2396 timoris
857 2338 1179 2403 infunderet,
1201 2355 1308 2407 quo
1337 2340 1386 2393 ei
1416 2349 1470 2394 et
1497 2340 1860 2409 eleemosyna-

269 2446 395 2488 rum
425 2431 679 2495 studium,
708 2438 762 2485 ct
782 2438 977 2485 sancta:
1004 2430 1263 2485 orationis
1283 2430 1567 2500 inspiraret
1594 2429 1859 2483 all’eCtum.

273 2519 399 2593 Ipse
427 2522 589 2589 igitur
624 2520 674 2575 ei
715 2519 960 2589 placendi
1011 2520 1236 2587 gratiam
1285 2518 1511 2573 contulit
1536 2556 1550 2581 ,
1590 2517 1682 2586 qui
1712 2518 1762 2571 in
1792 2531 1859 2571 eo

268 2612 423 2684 quod
454 2626 637 2667 coram
677 2625 736 2665 se
764 2611 1001 2679 placeret
1039 2609 1257 2663 invenit.
1295 2607 1414 2678 Ipse
1441 2616 1523 2662 est
1549 2610 1692 2662 enim
1722 2607 1862 2662 Deus

268 2696 348 2751 de
397 2712 505 2767 quo
552 2697 839 2767 Apostolus
883 2697 1055 2752 dicit:
1088 2695 1226 2750 Deus
1277 2706 1448 2749 autem
1491 2696 1635 2765 pacis
1673 2703 1729 2758 ι,
1777 2694 1864 2765 qui

270 2785 459 2840 eduxit
479 2787 542 2841 de
562 2789 774 2842 mortuis
795 2797 1053 2858 pastorem
1079 2803 1323 2857 magnum
1350 2788 1518 2841 ovium
1538 2787 1591 2840 in
1612 2787 1864 2857 sanguine

271 2879 576 2932 testamenti
594 2880 789 2943 aeterni,
820 2877 1095 2932 Dominum
1122 2888 1354 2932 nostrum
1378 2876 1559 2931 Iesum
1584 2876 1862 2942 Christum,

274 2976 427 3040 aptet
452 2984 541 3022 vos
575 2969 626 3021 in
673 2969 811 3022 omni
858 2966 988 3033 bona
1009 3006 1024 3030 ,
1071 2975 1125 3019 ut
1154 2967 1360 3038 faciatis
1388 2966 1701 3020 voluntatem
1727 2966 1859 3034 ejus,

2028 1795 2116 1851 ΞΕ)...
2163 1798 2274 1852 Deo
2318 1799 2479 1867 igitur
2525 1799 2575 1851 in
2621 1799 2924 1855 hominibus
2961 1800 3379 1858 misericorditer
3402 1818 3531 1873 ope-

1956 1896 2147 1952 rante,
2198 1889 2548 1958 providentur
2593 1886 2621 1925 τι
2668 1890 2829 1943 etiam
2875 1890 3138 1957 adjutoria
3184 1908 3530 1960 personarum

1957 1988 2118 2049 atque
2143 1979 2599 2049 opportunitatum
2626 2021 2642 2046 ,
2671 1988 2728 2033 et
2768 1978 2882 2048 ipsa
2931 1980 3156 2036 facultas
3190 1983 3370 2052 operis
3408 1992 3532 2047 tunc

1960 2067 2230 2122 invenitur
2255 2067 2321 2120 ad
2358 2068 2732 2137 haptizandum
2780 2071 3058 2140 parvulum
3087 2113 3103 2139 ,
3147 2073 3361 2147 quando
3390 2072 3440 2126 in
3466 2086 3534 2136 eo

1958 2158 2215 2214 Dominus
2241 2158 2398 2229 $55
2424 2161 2610 2213 statuit
2629 2175 2763 2229 opus
2785 2173 2983 2216 sancta:
3004 2161 3290 2218 ablutionis
3312 2162 3534 2232 implem

1958 2248 2102 2302 dum
2135 2248 2276 2302 Deus
2300 2249 2463 2312 enim,
2487 2249 2576 2318 qui
2606 2250 2883 2327 parvulum
2916 2268 3019 2303 non
3051 2252 3335 2314 volentem,
3359 2266 3535 2321 neque

1961 2346 2260 2392 currentem
2279 2377 2294 2401 ,
2331 2337 2453 2391 fidei
2483 2338 2751 2405 nescium,
2781 2354 2995 2408 sucoque
3023 2340 3210 2394 salutis
3244 2350 3403 2408 atque
3431 2342 3535 2399 uti-

1960 2424 2125 2481 litatis
2153 2426 2394 2493 iguarum
2421 2464 2436 2487 .
2476 2426 2528 2480 in
2559 2442 2665 2494 quo
2694 2427 2837 2480 nulla
2868 2430 3287 2495 regenerationis
3324 2431 3533 2499 petitio.

1961 2513 2103 2568 nulla
2155 2515 2273 2568 fidei
2323 2523 2502 2583 potest
2550 2515 2725 2569 inesse
2770 2516 3071 2580 confessio,
3100 2518 3328 2586 gratuita
3357 2534 3535 2575 saera-

1962 2605 2128 2659 menti
2153 2605 2350 2659 virtute
2380 2604 2633 2670 mundat;
2675 2605 2788 2676 ipse
2813 2622 2910 2675 pro
2937 2607 3304 2676 redemptione
3331 2610 3535 2678 parvuli

1963 2696 2173 2751 animos
2202 2702 2516 2765 parentum,
2546 2696 2658 2751 sive
2693 2696 3055 2767 quorumlibet
3085 2696 3315 2753 fidelium
3345 2699 3536 2754 volun-

1926 2820 1931 2826 -
1966 2794 2103 2841 tates
2130 2787 2331 2840 excitat
2355 2825 2370 2850 ,
2409 2793 2470 2840 ut
2497 2787 2658 2841 etiam
2690 2787 2792 2863 illis
2819 2802 2938 2842 cum
2988 2788 3180 2842 timore
3222 2795 3277 2843 et
3308 2797 3538 2857 tremore

1964 2878 2192 2932 salutem
2214 2892 2364 2931 suam
2390 2876 2737 2947 Operantibus
2765 2877 3008 2946 proficiat
3035 2877 3099 2931 ad
3128 2877 3283 2932 bonae
3311 2879 3539 2934 retribu—

1965 2968 2127 3022 tionis
2171 2967 2472 3022 mercedem
2495 3008 2512 3034 ,
2560 2982 2659 3037 per
2692 2983 2931 3037 quorum
2978 2968 3121 3038 piant
3158 2984 3339 3024 curam
3370 2969 3540 3037 infans

282 3058 486 3127 faciens
511 3058 563 3111 in
584 3057 723 3111 vobis
743 3056 878 3127 quod
897 3056 1099 3125 placeat
1120 3071 1295 3108 coram
1318 3071 1375 3107 se
1402 3053 1586 3125 (Hebr.
1612 3069 1724 3121 χιιι,
1747 3052 1859 3122 20).
1888 3068 1935 3132 ρ
1964 3058 2275 3128 perductam
2302 3057 2370 3112 ad
2396 3057 2643 3114 salutem.
2666 3057 2732 3110 Si
2761 3058 2900 3111 enim
2928 3057 3227 3112 mercedem
3255 3073 3403 3113 suam
3434 3072 3539 3114 non

276 3143 344 3202 In
378 3154 584 3200 tantum
613 3155 791 3200 autem
819 3145 1009 3199 divina:
1038 3145 1222 3214 gratia:
1250 3143 1379 3210 fuit,
1410 3144 1554 3215 quod
1583 3145 1863 3200 Cornelius

278 3234 593 3291 admonitus
622 3244 705 3291 est
746 3246 804 3290 ut
842 3235 907 3289 ad
937 3250 995 3290 se
1025 3234 1239 3289 Petrum
1268 3235 1589 3300 accersiret,
1623 3245 1680 3289 ut
1707 3235 1868 3290 etiam

283 3326 394 3397 ipsi
447 3325 607 3381 Petro
637 3327 662 3365 δ
692 3327 919 3397 Spiritus
961 3338 1178 3383 sanctus
1222 3328 1560 3382 venientibus
1605 3327 1671 3381 ad
1722 3342 1867 3395 eum,

275 3430 427 3487 quos
454 3416 734 3471 Cornelius
772 3418 990 3471 miserat
1010 3459 1026 3482 ,
1075 3432 1180 3471 non
1219 3417 1393 3471 solum
1423 3425 1481 3470 ut
1509 3431 1629 3470 eum
1659 3417 1738 3470 eis
1767 3416 1870 3471 iret

283 3506 608 3576 prmeiperet
628 3545 645 3572 ,
674 3506 802 3576 quin
831 3506 992 3560 etiam
1022 3506 1358 3560 formidinem
1390 3506 1555 3559 totius
1578 3504 1870 3558 dubitatio-

278 3595 375 3651 nis
400 3593 668 3659 auferens,
698 3610 728 3648 a
757 3610 816 3650 se
843 3595 962 3650 illos
989 3596 1182 3649 missos
1210 3593 1372 3649 fuisse
1401 3579 1659 3648 firmaret.
1707 3593 1869 3648 Deni-

275 3701 397 3758 que
438 3688 517 3741 sic
553 3687 726 3741 eidem
766 3685 926 3741 Petro
954 3703 985 3741 a
1013 3686 1217 3756 Spiritu
1264 3694 1451 3740 sancto
1500 3685 1696 3739 dictum
1740 3692 1866 3739 est:

254 3776 429 3832 .Ecce
454 3778 555 3831 viri
581 3787 685 3832 tres
710 3768 942 3849 quierunt
973 3788 1038 3833 te.
1080 3777 1246 3844 Surge
1272 3779 1443 3848 itaque
1467 3818 1483 3842 ,
1511 3776 1758 3829 descende
1777 3816 1792 3841 ,
1823 3786 1874 3831 et

280 3867 420 3921 uade
448 3883 564 3920 cum
590 3868 683 3931 eis,
713 3868 842 3921 nihil
869 3866 1132 3935 dubitans,
1162 3868 1282 3937 quia
1311 3884 1402 3938 ego
1431 3868 1546 3919 misi
1576 3866 1691 3919 illos
1733 3867 1869 3935 (Act.

280 3971 342 4021 ι,
374 3953 491 4026 19).
540 3956 828 4026 Apostolos
853 3972 1067 4026 quoque
1095 3940 1335 4012 volentes
1364 3958 1442 4013 ire
1479 3957 1531 4027 in
1571 3955 1872 4027 Bithyniam

276 4055 455 4117 atque
482 4046 663 4102 Asiam
685 4087 702 4112 ,
744 4049 938 4103 vetitos
968 4065 996 4102 ει
1024 4048 1224 4118 Spiritu
1261 4057 1448 4104 sancto
1476 4049 1699 4116 legimus
1730 4050 1870 4117 (Act.

279 4150 400 4201 xvi,
431 4136 512 4204 7).
545 4135 612 4190 Et
637 4146 914 4206 postquam
944 4137 1161 4193 Saulum
1186 4138 1441 4193 Dominus
1461 4153 1557 4192 sua
1585 4154 1718 4193 voce
1746 4154 1872 4208 pro-

276 4227 483 4283 stravit
529 4226 666 4297 (Act.
696 4243 768 4291 ix,
795 4226 887 4298 4),
933 4228 1045 4298 ipse
1091 4228 1158 4282 ad
1205 4228 1449 4283 eumdem
1498 4229 1874 4298 baptizandum

276 4315 558 4373 Ananiam
585 4318 834 4385 visitavit,
866 4327 922 4374 et
949 4319 1094 4374 misit
1123 4318 1310 4384 (Ibid,
1344 4319 1455 4379 ll}.
1478 4318 1683 4373 ‘Paulus
1710 4321 1873 4375 etiam

1966 3149 2156 3220 perdet
2200 3149 2292 3217 qui
2338 3147 2557 3203 calicem
2607 3162 2759 3215 aqua:
2812 3147 3015 3213 frigida:
3061 3148 3149 3201 uni
3198 3161 3263 3202 ex
3310 3148 3541 3211 minimis

1965 3236 2165 3294 Christi
2221 3238 2274 3293 in
2314 3237 2529 3291 nomine
2558 3235 2799 3304 discipuli
2843 3234 3049 3290 dederit
3098 3234 3311 3306 (Matth.
3343 3251 3397 3299 ιι,
3427 3233 3543 3303 42),

1967 3343 2076 3398 quo
2104 3328 2218 3384 sola
2258 3328 2310 3381 in
2352 3328 2571 3382 homine
2602 3336 2625 3363 ε
2653 3341 2779 3381 caro
2807 3328 3075 3395 pascitur,
3103 3331 3373 3394 quomodo
3402 3342 3543 3382 mer.

1969 3417 2151 3472 cedem
2198 3433 2304 3472 non
2332 3416 2589 3480 habebit,
2636 3415 2728 3484 qui
2774 3415 2860 3485 pia
2906 3415 3262 3470 sollicitudine
3287 3417 3544 3473 curritae

1968 3505 2161 3573 satagit
2186 3514 2247 3560 ut
2272 3520 2399 3560 caro
2425 3505 2641 3559 infantis
2671 3504 2955 3572 animaque
2982 3504 3253 3559 salvetur?

2038 3594 2167 3650 Car.
2200 3612 2271 3649 χι.
2302 3623 2373 3634 —
2395 3594 2484 3649 9.3.
2512 3594 2771 3659 Quocirca
2800 3595 2962 3648 etiam
2990 3594 3103 3649 haec
3130 3595 3271 3650 bona
3298 3596 3544 3653 voluntas

1973 3687 2228 3743 divinitus
2256 3686 2370 3740 dari
2399 3685 2661 3740 credenda
2692 3693 2775 3739 est
2799 3685 3108 3753 parentibus
3137 3686 3266 3754 piis,
3296 3702 3399 3756 qua
3434 3685 3544 3743 fru-

1970 3785 2118 3833 ctum
2144 3790 2254 3830 suze
2291 3776 2467 3830 carnis
2488 3815 2503 3840 ,
2547 3789 2706 3842 quem
2733 3775 3022 3830 carnaliter
3055 3775 3254 3829 editum
3284 3784 3546 3832 noverunt

1972 3865 2245 3933 originalis
2272 3865 2476 3934 peccati
2500 3866 2817 3934 contagione
2844 3866 3125 3935 pollutum,
3148 3881 3253 3921 non
3281 3867 3547 3936 negligant

1972 3955 2197 4026 spiritali
2241 3955 2652 4023 regeneratione
2698 3954 3095 4021 mundat-dum;
3139 3971 3315 4025 neque
3345 3965 3549 4014 tantum

1973 4048 2190 4116 cupiant
2217 4047 2415 4102 habere
2446 4046 2813 4115 temporaliter
2840 4046 3137 4110 htcredem,
3168 4056 3425 4116 quantum
3452 4048 3549 4104 de-
3648 4082 3653 4085 -

1974 4138 2209 4192 siderent
2230 4145 2285 4193 et
2312 4137 2592 4201 vigilanter
2619 4146 2862 4205 satagaut
2882 4136 3078 4193 Christi
3109 4153 3288 4194 secum
3318 4137 3430 4193 fieri
3458 4155 3550 4195 co-

1975 4225 2273 4293 hmredem;
2313 4235 2367 4282 et
2394 4242 2553 4295 quem
2594 4227 2788 4281 habent
2816 4242 2883 4281 ex
2912 4229 3124 4282 mortali
3152 4229 3354 4284 semine
3388 4228 3551 4285 filium

1975 4319 2275 4373 ntortaliter
2325 4319 2669 4374 transiturum
2695 4358 2711 4382 ,
2753 4333 2819 4372 ex
2861 4333 2998 4386 aqua
3040 4326 3096 4371 et
3128 4318 3327 4389 Spiritu
3366 4330 3554 4375 sancto

270 4406 598 4466 CorinthiLs-
614 4410 855 4465 scribens
894 4410 1172 4466 evidenter
1199 4410 1431 4464 aflirmat
1462 4410 1874 4464 sollicitudinem
1904 4422 1952 4480 ι)
1977 4415 2221 4461 renatum
2252 4405 2467 4460 fratrem
2502 4406 2733 4459 habeant
2760 4406 2859 4459 sub
2889 4404 2999 4459 Deo
3026 4404 3185 4461 Patre
3214 4415 3552 4475 perpetuum.

274 4508 536 4558 sanctam
560 4501 684 4554 Tito
720 4501 980 4572 discipulo
1015 4518 1114 4557 suo
1139 4544 1154 4570 ,
1183 4517 1289 4571 qua
1319 4517 1416 4571 pro
1446 4501 1552 4555 illis
1577 4507 1873 4567 satageret,

274 4588 555 4645 divinitus
593 4590 922 4659 inspiratam.
975 4591 1065 4647 Sic
1091 4592 1234 4646 enim
1262 4591 1395 4646 dicit
1426 4609 1438 4644 :
1473 4588 1681 4643 Gratias
1707 4598 1876 4643 autem

274 4677 446 4743 Deo,
486 4682 572 4753 qui
618 4683 758 4735 dedit
802 4683 1033 4737 eamdem
1068 4682 1467 4737 sollicitudinem
1510 4698 1607 4752 pro
1655 4681 1793 4736 vobis
1821 4682 1876 4734 in

272 4769 451 4825 corde
481 4769 583 4824 Titi
613 4768 705 4841 (II
729 4768 849 4825 Cor.
877 4788 989 4835 vni,
1023 4771 1133 4841 i6).

359 4857 499 4913 Car.
529 4874 583 4913 ι.
603 4886 675 4898 --
696 4857 756 4940 2i
770 4898 783 4911 .
807 4858 941 4914 Cum
961 4875 1090 4931 ergo
1110 4859 1505 4930 Scripturarum
1535 4860 1880 4915 altestatione

270 4956 604 5002 sanctarum
633 4948 969 5004 manifestum
994 4951 1063 5005 sit
1083 4951 1227 5019 quod
1250 4950 1410 5017 Deus,
1433 4950 1584 5019 cujus
1613 4950 1880 5006 voluntati

269 5050 461 5091 nemo
484 5036 700 5103 resistit,
726 5042 877 5107 cujus
903 5039 1306 5110 dispositionem
1336 5056 1491 5095 nemo
1515 5048 1707 5109 mutat,
1729 5039 1881 5109 cujus

262 5125 500 5197 judicia
549 5142 707 5183 nemo
754 5130 1196 5201 comprehcndit,
1227 5129 1519 5186 secundum
1548 5129 1883 5185 abundantes

267 5216 519 5274 divitias
554 5220 739 5288 gratia:
778 5237 888 5277 suae
913 5262 929 5288 ,
971 5238 1106 5293 quas
1149 5221 1312 5277 habet
1353 5222 1407 5276 in
1438 5221 1679 5278 bonitate
1721 5236 1885 5291 super

270 5321 515 5377 omnes,
544 5324 681 5379 quos
705 5311 774 5366 de
801 5328 977 5368 massa
1005 5312 1254 5368 damnata
1282 5310 1483 5368 faciens
1518 5327 1647 5370 vasa
1675 5314 1885 5372 iniseri-

374 5488 408 5519 ι
431 5477 526 5535 Sic
547 5489 706 5537 mss.,
720 5475 873 5544 juxta
899 5483 1100 5530 textum
1116 5473 1375 5546 Apostoli.
1402 5472 1534 5530 Edd.
1563 5495 1669 5544 non
1690 5482 1893 5550 habent

271 5565 467 5621 pacis.

281 5614 718 5711 Lghﬂsnslf‘uo,
748 5618 850 5687 ipsi
878 5616 1023 5669 beato
1054 5615 1237 5680 Petro;
1278 5622 1333 5670 et
1360 5615 1519 5685 paulo
1550 5637 1690 5711 p03,.
1716 5629 1890 5705 fidem

277 5689 456 5744 beato
486 5686 661 5741 Petro.
770 5686 777 5687 7
1551 5686 1568 5698 '
1600 5686 1690 5731 Ἥι

1977 4497 2354 4553 Verumtamen
2385 4498 2524 4551 hanc
2545 4496 2863 4550 laudabilem
2889 4498 3221 4552 voluntatem
3243 4498 3346 4554 illis
3370 4500 3554 4569 procul

1978 4591 2140 4647 dubio
2168 4589 2481 4660 parentibus
2526 4589 2665 4644 Deus
2693 4588 2916 4654 tribuit,
2956 4590 3150 4658 quibus
3174 4606 3272 4660 per
3296 4590 3555 4661 Spiritum

1978 4691 2219 4738 sanctum
2242 4682 2467 4750 gratiam
2488 4688 2688 4735 sancta:
2715 4680 2953 4735 caritatis
2972 4679 3184 4736 infudit.
3214 4681 3319 4755 ipsi
3341 4698 3557 4753 quoque

1979 4775 2049 4833 ad
2076 4775 2240 4829 vitam
2268 4781 2523 4828 atternam
2550 4772 2870 4842 perveniunt
2893 4811 2909 4837 ,
2953 4788 3063 4827 non
3093 4775 3221 4842 quia
3249 4775 3303 4829 in
3331 4790 3559 4845 corpora

1981 4865 2173 4921 mortis
2208 4863 2370 4932 hujus
2410 4863 2702 4917 morituros
2731 4859 2869 4916 filios
2908 4861 3161 4931 gignunt,
3208 4863 3303 4919 sed
3341 4865 3467 4934 quia
3504 4864 3557 4923 in

1980 4953 2076 5009 Dei
2108 4954 2304 5008 timore
2329 4952 2603 5015 viventes,
2633 4966 2755 5006 cum
2796 4951 2875 5005 eis
2902 4951 2970 5006 ad
2995 4952 3243 5007 secunda:
3268 4955 3560 5012 nativitatis

1980 5042 2298 5100 beneficium
2328 5040 2582 5097 festinare
2614 5057 2719 5096 non
2759 5040 3029 5109 negligant
3053 5080 3070 5106 ,
3112 5049 3167 5097 et
3195 5043 3367 5100 donec
3394 5045 3448 5100 in
3482 5047 3559 5102 eis

1982 5148 2147 5203 opere
2173 5132 2544 5201 compleatur,
2586 5130 2886 5186 Christiana
2925 5130 3212 5187 dilectione
3247 5136 3557 5205 parturiunt

1982 5237 2119 5292 quos
2156 5222 2386 5276 humana
2424 5220 2751 5275 fecunditate
2808 5210 3154 5290 pepererunt.
3204 5222 3351 5291 Quos
3396 5228 3562 5283 etiam

1985 5300 2285 5382 baptizatos
2313 5308 2567 5371 diffluere,
2594 5326 2692 5381 per
2719 5310 2917 5380 flagitia
2951 5307 3294 5381 facinoraque
3338 5332 3445 5375 non
3484 5319 3555 5373 si-

2072 5484 2096 5545 ς
2120 5472 2215 5545 _Sic
2236 5486 2362 5526 mss.
2382 5471 2504 5545 duo.
2525 5471 2653 5545 Filii.
2674 5516 2689 5540 ,
2714 5478 2926 5545 profuit.

2064 5541 2091 5578 ἀ
2120 5542 2195 5615 ita
2227 5541 2512 5615 niss._duo.
2544 5540 2675 5615 Βάκι.
2708 5540 2761 5598 et
2791 5540 2889 5601 ms.
2916 5545 3070 5614 alter,
3099 5549 3416 5615 providente.

2070 5623 2092 5650 ε
2126 5610 2245 5665 Ηιιξο
2272 5613 2451 5675 verba,
2481 5613 2533 5663 in
2560 5613 2762 5669 homine
2813 5632 2919 5670 non
2946 5610 3145 5673 habent
3171 5618 3297 5675 editi
3331 5636 3427 5675 nec
3458 5634 3560 5674 ms.

2001 5698 2164 5737 unuS'
2205 5681 2401 5737 habent
2433 5696 2558 5739 mss.
2591 5682 2718 5737 duo.
