4048 6342
527 371 629 428 615

1441 402 1451 409 -
1496 366 1557 421 ‘3.
1597 363 1956 421 FULGENTII
1996 363 2298 420 EPISCOPI
2342 336 2714 422 RUSPENSIS

3676 361 3782 422 ωε

525 491 688 548 nunt;
735 482 829 538 sed
857 462 986 544 eos,
1034 481 1318 538 secundum
1361 478 1600 548 Apostoli
1639 483 1999 546 praeceptum,
2040 477 2094 529 in
2123 478 2172 538 Α
2200 455 2266 531 ne
2314 477 2500 530 redimi
2547 477 2717 545 possit
2759 459 3133 545 quemcunque
3179 469 3406 531 voluerit
3449 489 3460 528 2‘
3515 477 3784 533 Voluntati
3839 518 3842 522 η

525 574 796 643 disciplina
816 583 869 626 et
883 573 1198 640 correptione
1223 568 1430 621 Domini
1461 566 1672 636 (Ephes.
1697 583 1768 630 v1,
1791 565 1847 637 4)
1897 567 2098 638 nutrire

525 673 685 731 atque
712 663 942 717 educare
969 657 1329 723 contendunt;
1375 657 1541 724 magis
1580 671 1674 711 eos
1702 657 1945 711 volentes
1981 671 2100 710 esse

524 756 748 824 placitos
778 754 909 818 Deo,
939 766 1098 819 quam
1128 749 1318 804 divites
1343 738 1435 802 aut
1457 748 1632 802 claros
1660 762 1777 801 esse
1801 747 1854 800 in
1880 746 2094 800 saeculo.

593 844 680 896 24.
728 843 907 910 Usque
936 841 1069 894 adeo
1101 855 1228 894 vero
1275 837 1611 892 manifestum
1642 845 1724 890 est
1751 837 1977 905 gratiam
2003 837 2098 890 ba-

527 931 702 1000 ptismi
744 931 938 985 debere
965 929 1086 983 ﬁliis
1115 945 1144 983 a
1175 929 1482 998 parentibus
1519 928 1766 982 celeriter
1805 927 2010 991 alferri,
2039 933 2098 980 ut

523 1023 624 1077 hoc
655 1035 758 1075 non
787 1020 960 1072 solum
1003 1019 1130 1072 boni
1172 1018 1354 1072 ﬁdeles
1391 1016 1607 1071 solliciti
1650 1015 1824 1070 facere
1864 1014 2092 1077 soleant,

519 1109 616 1164 sed
644 1109 804 1164 etiam
836 1109 910 1162 illi
937 1109 1027 1177 qui
1058 1107 1124 1160 ad
1159 1105 1391 1160 ﬁliorum
1431 1105 1523 1160 Dei
1567 1121 1671 1158 non
1702 1105 1972 1174 pertinent
1999 1121 2098 1158 nu-

521 1215 725 1253 merum
751 1216 763 1250 :
790 1199 879 1266 qui
899 1198 1105 1251 scilicet
1126 1211 1247 1250 cum
1270 1195 1501 1249 ﬁdelium
1525 1201 1838 1248 censeantur
1859 1193 2094 1260 nomine,

523 1302 716 1356 negare
744 1287 1132 1342 convincuntur
1160 1284 1411 1354 Operibus
1438 1281 1595 1336 ﬁdem
1615 1323 1629 1346 ,
1661 1282 1786 1335 dum
1815 1296 1878 1335 ea
1907 1291 2097 1348 gerunt

521 1394 638 1450 qua:
679 1378 799 1433 ﬁdei
846 1377 1131 1432 convenire
1179 1391 1284 1429 non
1333 1382 1574 1444 possunt.
1604 1373 1759 1440 Nam,
1798 1381 1857 1426 ut
1883 1373 1949 1427 de
1977 1374 2096 1427 aliis

521 1469 730 1524 taceam
755 1509 769 1533 ,
808 1481 987 1522 nonne
1014 1467 1254 1520 videmus
1289 1465 1628 1520 mulierculas
1657 1463 1911 1533 quasdam
1959 1462 2095 1517 ﬁlios

520 1574 646 1614 suos
670 1573 776 1612 non
801 1557 868 1611 de
894 1556 1180 1620 connubio,
1212 1555 1307 1609 sed
1326 1555 1393 1608 de
1421 1553 1773 1608 fornicatione
1793 1559 2092 1621 susceptos,

520 1649 748 1704 sollicite
777 1647 844 1702 ad
879 1645 1209 1716 baptismatis
1237 1644 1458 1711 gratiam
1487 1651 1732 1712 portare,
1763 1642 2094 1711 multumque

520 1731 656 1794 tueri
688 1754 755 1794 ne
783 1738 872 1806 qui
900 1737 968 1791 de
996 1737 1100 1790 illis
1127 1735 1411 1789 carnaliter
1436 1734 1546 1787 nati
1580 1741 1704 1788 sunt
1749 1733 1968 1802 spiritali
1999 1747 2096 1785 na-

519 1828 724 1881 tivitate
751 1826 1062 1895 priventur?
1090 1823 1166 1877 Ita
1189 1838 1310 1878 cum
1336 1823 1400 1876 iis
1423 1837 1557 1890 quos
1581 1821 1758 1875 invitae
1780 1821 2094 1890 plerumque

515 1919 824 1988 concipiunt
851 1925 1012 1985 atque
1039 1916 1252 1986 pariunt
1300 1915 1542 1969 volentes
1566 1913 1630 1967 ad
1668 1913 1948 1968 ecclesiam
1979 1920 2090 1967 tre-

513 2019 827 2076 mentesque
859 2013 1224 2070 concurrunt;
1281 2011 1336 2059 et
1375 2020 1492 2059 cum
1540 2011 1820 2073 peccatum
1862 2002 2093 2057 fornica-

515 2098 677 2152 tionis
704 2111 813 2150 suae
842 2096 1144 2162 negligant,
1175 2094 1247 2147 ita
1283 2094 1337 2147 in
1376 2093 1745 2161 iniquitatibus
1777 2092 1888 2146 suis
1916 2106 2093 2145 rema-

513 2195 679 2251 nent,
724 2195 782 2244 ut.
819 2193 997 2238 tamen
1038 2184 1175 2237 ﬁlios
1211 2198 1337 2236 suos
1374 2182 1576 2236 absolvi
1615 2181 1841 2235 vinculis
1883 2181 2091 2250 peccati

513 2277 782 2345 originalis
811 2283 1086 2344 ex0ptent.
1117 2274 1205 2328 Sic
1233 2273 1375 2327 Deus
1413 2274 1585 2327 bonus
1610 2283 1900 2342 parentum
1919 2273 2092 2328 bono-

512 2383 628 2424 rum
675 2371 814 2437 piam
858 2367 1187 2420 voluntatem
1231 2381 1337 2418 non
1381 2365 1551 2418 solum
1593 2365 1862 2433 parvulis,
1902 2381 2089 2419 verum

513 2459 675 2513 etiam
708 2457 836 2525 ipsis
865 2456 1175 2524 parentibus
1210 2453 1337 2508 facit
1376 2454 1442 2508 ad
1481 2453 1727 2508 effectum
1755 2453 1938 2532 gratiae
1965 2469 2091 2524 pro-

511 2547 698 2613 ﬁcere;
725 2548 1026 2616 iniquorum
1048 2556 1177 2601 Vero
1199 2553 1476 2616 parentum
1499 2545 1910 2600 sollicitudinem
1929 2544 2092 2615 446

509 2637 633 2694 facit
660 2639 956 2694 commodis
981 2637 1209 2692 ﬁliorum
1239 2637 1432 2705 quibus
1462 2635 1670 2691 confert
1696 2627 1928 2704 gratiam
1989 2636 2090 2688 mi-

510 2728 682 2785 litare.
713 2727 846 2794 Quia
872 2727 1032 2782 etiam
1059 2727 1133 2781 illi
1160 2727 1252 2796 qui
1283 2727 1334 2779 in
1363 2741 1422 2780 se
1449 2726 1766 2780 beneﬁcium
1799 2724 2089 2793 baptisma-

510 2819 579 2874 tis
604 2819 854 2888 operibus
883 2818 1036 2872 malis
1065 2826 1347 2883 evacuant,
1375 2817 1501 2885 quid
1530 2816 1773 2872 conferat
1800 2817 2088 2886 baptisma-
2116 2879 2122 2884 _

509 2907 576 2962 tis
602 2909 770 2976 gratia
800 2923 906 2960 non
937 2907 1182 2973 ignorant
1213 2924 1224 2958 :
1255 2913 1311 2959 et
1349 2921 1472 2959 cum
1502 2906 1554 2958 in
1583 2920 1745 2959 carne
1772 2919 1865 2959 sua
1900 2904 2086 2958 morti-

510 2997 634 3056 fera:
677 3000 868 3053 cedant
917 2998 1121 3051 libidini
1149 3039 1164 3062 ,
1213 2998 1264 3050 in
1315 2997 1486 3050 fructu
1534 3004 1712 3050 tamen
1761 2995 1936 3050 carnis
1977 3008 2085 3049 sua:

511 3089 676 3155 magis
703 3089 900 3143 cedunt
923 3088 1116 3154 agnitae
1145 3086 1376 3140 veritati.

577 3177 665 3230 95.
701 3176 756 3231 Si
793 3191 924 3230 vero
953 3175 1114 3242 aliqui
1143 3173 1484 3243 parvulor'um
1513 3181 1765 3242 parentes
1793 3171 2081 3228 Christiani

510 3268 676 3338 (quod
723 3266 972 3328 interim,
1019 3265 1143 3332 quia
1189 3264 1412 3318 multum
1450 3279 1479 3316 a
1516 3263 1773 3330 religione
1809 3263 2083 3329 abhorret,

510 3359 698 3414 durum
727 3366 809 3412 est
838 3357 1080 3425 credere)
1113 3353 1430 3410 Christiana:
1457 3356 1725 3421 caritatis,
1751 3364 1807 3411 et
1843 3371 1950 3410 sum
1979 3372 2084 3411 non

509 3451 682 3504 minus
709 3463 868 3517 quam
898 3446 1127 3502 ﬁliorum
1147 3447 1334 3502 salutis
1357 3447 1528 3512 obliti,
1554 3462 1738 3501 curam
1759 3462 2084 3515 regeneran-

509 3545 697 3599 dorum
726 3560 832 3598 non
872 3543 1068 3596 habent
1106 3541 1448 3611 parvulorum
1471 3579 1487 3605 ,
1536 3556 1644 3594 non
1688 3549 1925 3595 nostram
1948 3581 1963 3605 ,
1992 3541 2087 3596 sed

509 3635 750 3705 Apostoli
789 3649 950 3702 super
986 3634 1089 3687 hoc
1129 3633 1332 3688 scelere
1379 3634 1699 3688 sententiam
1736 3634 1990 3702 audiant,
2033 3643 2087 3690 et

507 3725 707 3778 utinam
756 3723 1202 3787 contremiscunt,
1240 3721 1464 3778 dicentis
1497 3741 1510 3776 :
1544 3724 1605 3778 Si
1633 3726 1743 3795 quis
1769 3735 1937 3779 autem
1961 3743 2085 3780 suo-

508 3833 637 3880 rum,
659 3824 710 3869 et
734 3815 955 3868 maxime
981 3814 1373 3868 domesticorum
1403 3832 1578 3869 curam
1605 3831 1709 3870 non
1733 3817 1900 3880 habet,
1931 3818 2085 3886 fidem

507 3907 734 3976 negavit,
766 3913 816 3957 et
848 3913 925 3956 est
960 3903 1161 3972 inﬁdeli
1199 3903 1420 3958 deterior
1474 3904 1528 3974 (I
1560 3904 1692 3958 Tim.
1724 3922 1776 3968 v,
1809 3905 1885 3974 8).
1936 3906 2087 3960 Sicut

505 4003 681 4048 autem
705 3993 880 4048 nullus
907 3993 1067 4046 habet
1092 4009 1158 4046 ex
1179 3993 1292 4048 Deo
1321 4003 1379 4047 ut
1405 4003 1563 4062 neget
1586 3995 1740 4049 ﬁdem
1760 4035 1775 4060 ,
1819 3996 1896 4049 sic
1924 3997 2084 4050 etiam

507 4082 878 4149 negligentiam
905 4081 1188 4148 cujuslibet
1214 4083 1396 4150 operis
1418 4083 1546 4136 boni
1577 4098 1734 4143 nemo
1762 4084 1952 4137 divina:
1981 4085 2084 4137 im-

504 4180 691 4240 putare
727 4170 1055 4240 permittitur
1098 4170 1376 4224 voluntati.
1429 4170 1579 4225 Sicut
1620 4180 1799 4226 autem
1843 4172 1910 4225 ad
1951 4189 2086 4243 opus

503 4261 696 4316 divina).
720 4261 906 4327 gratia:
931 4259 1190 4329 pertinet,
1222 4258 1372 4326 quod
1398 4250 1650 4328 parentes
1677 4275 1776 4329 pro
1802 4273 2085 4326 regenera-

503 4351 648 4406 tione
683 4351 912 4405 ﬁliorum
941 4351 1082 4420 piam
1121 4349 1534 4405 sollicitudinem
1577 4358 1772 4419 gerunt
1806 4368 1819 4402 :
1852 4351 1926 4403 ita
1957 4350 2084 4403 illud

503 4458 714 4512 quoque
759 4441 925 4496 divini
964 4441 1149 4510 judicii
1188 4451 1272 4496 est
1293 4481 1309 4506 ,
1341 4439 1488 4508 quod
1519 4441 1660 4496 Deus
1687 4441 1855 4496 malas
1883 4440 2084 4494 deserit

439 4555 444 4559 ·
501 4536 841 4597 voluntates,
888 4548 1010 4589 cum
1047 4540 1300 4603 parentes
1348 4530 1578 4587 ﬁliorum
1627 4532 1964 4602 corporalem
2007 4533 2080 4586 ita

498 4624 723 4679 salutem
749 4622 1000 4691 diligunt,
1031 4631 1090 4676 ut
1110 4623 1404 4676 animarum
1429 4622 1482 4676 in
1512 4623 1589 4677 eis
1609 4623 1877 4692 negligant
1905 4624 2080 4692 sospi-

499 4722 693 4779 tatem;
725 4727 1014 4781 curamque
1041 4719 1233 4780 gerunt
1256 4719 1315 4765 ut
1340 4711 1585 4766 morituri
1613 4713 1813 4776 vivant,
1837 4726 1937 4766 nec
1961 4727 2077 4767 me-

501 4816 655 4862 tuunt
681 4807 725 4862 si
754 4805 848 4861 ﬁlii
883 4820 1073 4861 eorum
1103 4821 1222 4860 cum
1270 4812 1426 4858 reatu
1475 4804 1814 4873 sempiternae
1851 4802 2074 4857 damna-

500 4900 656 4954 tionis
685 4899 951 4953 intereant
979 4914 991 4949 :
1026 4897 1115 4949 ubi
1159 4897 1443 4949 maximam
1491 4895 1700 4964 culpam
1729 4895 2072 4960 contrahunt,

499 4999 554 5044 et
580 4988 931 5046 crudelissimi
959 4987 1236 5057 parricida:
1266 4986 1578 5055 spiritaliter
1607 4984 1756 5040 ﬁunt.
1789 4985 2075 5042 Diabolicis

473 5083 642 5138 'euim
686 5081 848 5135 lucris
894 5081 1010 5149 ipso
1055 5079 1328 5146 neglectus
1356 5078 1439 5133 sui
1470 5085 1687 5145 torpore
1730 5076 1990 5144 militant,
2020 5086 2076 5133 et

497 5175 770 5242 placentes
797 5171 938 5226 hosti
969 5171 1317 5238 nequissimo,
1338 5183 1519 5238 regem
1543 5169 1740 5223 bonum
1767 5169 1920 5224 malis
1946 5184 2077 5239 ope-

498 5265 643 5318 ribus
684 5264 1026 5316 exacerbant.
1071 5261 1237 5314 Deum
1277 5261 1472 5329 igitur,
1517 5260 1668 5330 cujus
1705 5261 1954 5315 universa:
1979 5262 2074 5316 vite

492 5354 847 5408 misericordia
913 5364 962 5406 et
1007 5354 1192 5407 veritas
1242 5351 1414 5420 (I’sal.
1451 5369 1605 5417 xxxv,
1638 5352 1764 5424 i0),
1796 5344 1933 5407 sicut
1974 5353 2072 5406 hu-

497 5447 694 5500 militer
739 5445 957 5498 laudare
997 5443 1253 5498 debemus
1299 5458 1419 5497 cum
1468 5443 1694 5510 gratiam
1741 5442 1945 5510 donat,
1994 5441 2071 5496 sic

498 5550 656 5589 nemo
681 5534 822 5601 juste
852 5541 1030 5602 potest
1066 5545 1319 5587 accusare
1347 5546 1468 5586 cum
1496 5530 1741 5599 denegat.
1773 5529 1848 5584 Ea
1875 5530 2070 5600 quippe

496 5630 576 5674 est
601 5622 810 5674 bonitas
838 5621 954 5689 ejus
981 5630 1144 5691 atque
1165 5619 1367 5687 justitia
1389 5660 1404 5684 ,
1431 5628 1490 5674 ut
1513 5621 1743 5689 gratuita
1772 5621 2072 5676 miseratio-

567 5806 590 5828 σ·
623 5792 755 5845 Edd.
788 5802 840 5846 et
864 5809 961 5847 ms.
995 5811 1148 5856 unus,
1177 5805 1493 5856 pra'senwm.

2200 569 2336 621 enim
2374 567 2483 636 ejus
2527 567 2638 637 quis
2675 566 2865 618 resistit
2910 564 3086 634 (Rom.
3121 581 3206 628 ix,
3240 565 3366 628 i9)?
3415 566 3608 634 injuste
3655 583 3783 621 vero

2198 657 2454 710 damnare
2482 657 2781 724 quempiam
2810 669 2907 709 nec
2935 655 3062 707 vclit
3093 653 3380 722 aliquando
3399 697 3414 720 ,
3445 668 3545 708 nec
3575 657 3781 724 possit;

2198 746 2320 814 quia
2349 753 2513 798 rectus
2539 755 2614 798 est
2645 744 2898 798 Dominus
2938 742 3075 796 Deus
3116 752 3322 809 noster,
3365 753 3414 796 et
3442 759 3545 796 non
3573 753 3650 797 est
3678 739 3757 797 in;

2197 837 2364 905 quitus
2393 833 2447 887 in
2475 851 2534 888 eo
2567 833 2737 904 (Psal.
2766 847 2870 898 xct,
2897 833 3006 900 16),
3034 841 3089 888 et
3115 834 3360 901 iniquitas
3400 844 3578 888 nostra
3615 838 3748 905 justi
3775 871 3781 877 -

2199 925 2321 977 tiam
2351 923 2445 976 Dei
2473 923 2813 989 commendat,
2846 938 2945 978 nec
2971 931 3055 977 est
3082 923 3294 994 iniquus
3320 923 3480 991 Deus,
3504 927 3594 995 qui
3621 927 3781 983 infert

2200 1017 2334 1071 iram
2369 1015 2542 1086 (Rom.
2577 1031 2652 1080 ιιι,
2683 1012 2757 1084 5).
2836 1013 2842 1018 “

2265 1105 2393 1160 CAP.
2427 1123 2517 1160 xu.
2549 1136 2617 1146 —
2657 1105 2744 1157 26.
2777 1106 3029 1173 Quisquis
3057 1105 3217 1175 igitur
3243 1108 3428 1175 gratia:
3454 1107 3648 1163 divina:
3676 1112 3781 1165 mi-

2196 1197 2420 1252 rabilem
2441 1195 2562 1250 Vult
2591 1205 2750 1266 atque
2794 1198 3385 1267 incomprehensibilem
3428 1201 3780 1260 considerare

2195 1292 2467 1356 virtutem,
2493 1289 2620 1344 illud
2643 1290 2820 1359 potius
2843 1288 3027 1345 humili
3050 1293 3246 1361 pioque
3267 1294 3429 1348 corde
3450 1297 3777 1356 consideret,

2195 1381 2466 1450 quomodo
2502 1381 2815 1451 plerumque
2843 1391 3094 1452 parentes
3122 1383 3216 1452 pii,
3250 1384 3431 1440 ﬁdeles
3459 1396 3513 1440 et
3540 1387 3778 1457 impigri,

2196 1480 2358 1540 atque
2382 1471 2615 1546 solliciti,
2644 1487 2764 1525 cum
2795 1473 3029 1541 parvulis
3050 1473 3162 1528 suis
3187 1474 3254 1527 ad
3281 1476 3602 1546 baptismum
3630 1480 3780 1533 velo-

2196 1561 2331 1614 citer
2358 1569 2606 1626 currant,
2637 1573 2691 1615 et
2720 1561 2858 1616 inter
2886 1578 3074 1617 manus
3102 1562 3461 1619 festinantium
3491 1579 3777 1636 parentum

2196 1653 2399 1722 parvuli
2423 1653 2538 1707 sine
2568 1654 2832 1722 baptismo
2861 1655 3173 1708 moriantur.
3209 1648 3621 1711 Considerentus
3647 1653 3778 1726 ergo

2195 1740 2327 1795 duos
2349 1741 2600 1811 parvulos
2632 1742 2746 1795 sine
2774 1743 3090 1811 baptismate
3118 1753 3360 1800 mortuos
3387 1762 3399 1799 :
3424 1763 3586 1800 unum
3613 1764 3778 1817 quem

2126 1847 2174 1907 Β
2199 1833 2359 1886 noxia
2389 1839 2672 1902 parentum
2701 1832 2934 1900 neglexit
2962 1833 3182 1899 incuria,
3214 1835 3440 1889 alterum
3469 1838 3552 1891 cui
3581 1853 3778 1907 paren-

2167 1932 2304 1976 .tum
2333 1921 2545 1992 quidem
2589 1922 2676 1991 pia
2721 1921 3019 1977 sollicitudo
3048 1937 3154 1977 non
3182 1923 3387 1990 defuit,
3425 1927 3520 1982 sed
3565 1931 3777 1984 mortis

2194 2013 2474 2067 velocitate
2511 2021 2777 2082 praerepto
2821 2012 3075 2081 prodesse
3117 2015 3386 2082 nequivit;
3429 2018 3520 2085 qui
3565 2019 3776 2075 scilicet

2194 2104 2334 2159 inter
2360 2119 2548 2158 manus
2569 2103 2914 2174 portantium,
2939 2103 3129 2171 quibus
3155 2103 3221 2157 ad
3248 2105 3566 2174 baptismum
3588 2116 3772 2175 gesta-

2190 2193 2350 2247 batur
2371 2233 2386 2258 ,
2436 2193 2744 2262 priusquam
2782 2192 3086 2260 perveniret
3113 2192 3179 2247 ad
3208 2193 3396 2249 futura:
3421 2196 3540 2248 vitae
3569 2197 3774 2252 beneﬁ-

2191 2283 2333 2337 cium
2359 2323 2374 2347 ,
2413 2282 2692 2351 przesentis
2722 2291 2747 2318 ⁸
2782 2282 3003 2336 incurrit
3041 2297 3290 2338 occasum
3316 2324 3331 2349 ,
3363 2293 3419 2338 et
3445 2293 3569 2341 ante
3597 2289 3772 2342 caruit

2191 2373 2298 2426 vita
2327 2386 2486 2440 quam
2515 2371 2721 2425 macula
2752 2387 2766 2436 ;
2817 2372 3070 2440 priusque
3116 2382 3300 2441 raptus
3346 2383 3430 2428 est
3458 2374 3523 2428 ad
3551 2392 3768 2444 prauam

2190 2476 2348 2543 quam
2377 2459 2762 2529 perduceretur
2787 2459 2852 2514 ad
2879 2458 3124 2528 gratiam.
3156 2460 3212 2514 Si
3240 2461 3306 2516 de
3329 2461 3414 2518 his
3441 2462 3645 2518 duobus
3673 2462 3770 2519 ini

2189 2548 2381 2603 dicitur
2408 2556 2689 2619 parentum
2724 2549 3044 2618 negligentia
3091 2551 3334 2606 nocuisse
3359 2591 3376 2616 ,
3422 2551 3628 2607 dicatur
3661 2570 3764 2609 cur

2191 2641 2342 2694 alteri
2375 2649 2595 2709 negatus
2635 2647 2718 2695 est
2745 2641 2930 2694 salutis
2967 2640 3188 2696 eﬁ‘ectus
3209 2682 3224 2706 ,
3264 2642 3349 2697 cui
3392 2658 3492 2698 nec
3517 2645 3776 2700 voluntas’

2189 2731 2426 2800 potuerit
2453 2739 2732 2801 parentum
2777 2730 3031 2800 prodesse
3053 2771 3067 2794 ,
3114 2747 3212 2787 nec
3239 2747 3444 2788 cursus.
3489 2734 3566 2788 An
3594 2737 3764 2789 etiam

2189 2822 2313 2876 huic
2342 2837 2373 2875 a
2400 2823 2512 2876 Deo
2539 2821 2735 2875 dicitur
2761 2821 2924 2876 fuisse
2954 2823 3280 2890 consultum,
3304 2831 3363 2878 ut
3389 2824 3474 2893 qui
3499 2825 3762 2894 praevide-

2189 2913 2345 2966 batur
2372 2913 2529 2984 M7
2560 2914 2766 2967 futurus
2790 2913 3000 2982 impius,
3031 2913 3289 2969 beneﬁcio
3318 2923 3532 2985 putetur
3557 2916 3765 2970 lamen-

2189 3003 2363 3057 tanda:
2391 3003 2581 3072 mortis
2607 3002 2819 3071 adjutus
2843 3003 2869 3055 ἵ
2912 3002 3040 3068 Quis
3069 3002 3175 3057 hoc
3201 3003 3390 3058 dicat?
3425 3005 3609 3073 quisve
3653 3020 3764 3057 non

2187 3092 2367 3147 videat
2413 3091 2556 3164 quod
2594 3092 2716 3146 talis
2745 3092 2922 3146 obitus
2950 3109 3058 3147 non
3086 3093 3415 3148 damnationi
3443 3095 3762 3148 morientem

2191 3182 2471 3251 parvulum
2497 3183 2771 3252 praeripuit
2795 3225 2811 3249 ,
2839 3181 2932 3236 sed
2961 3181 3118 3238 saluti
3144 3184 3167 3236 ?
3213 3183 3298 3237 cui
3325 3199 3432 3238 non
3472 3192 3553 3237 est
3581 3184 3768 3250 utique

2189 3274 2416 3342 levigata
2436 3273 2725 3338 damnatio,
2755 3273 2850 3328 sed
2877 3272 3173 3342 redemptio
3193 3273 3484 3342 denegata;
3513 3289 3612 3327 nec
3632 3289 3768 3326 con~

2187 3363 2382 3417 sedtum
2413 3370 2492 3417 est
2520 3371 2580 3417 ut
2613 3364 2787 3422 minus
2816 3371 3188 3432 torqueretur,
3219 3363 3312 3418 sed
3341 3373 3526 3433 raptus
3571 3373 3653 3418 est
3693 3381 3765 3418 ne

2187 3454 2524 3507 liberaretur.
2575 3453 2762 3508 Nonne
2813 3454 2900 3508 hic
2947 3463 3001 3508 et
3042 3454 3127 3523 pia
3171 3463 3448 3524 parentum
3512 3456 3768 3510 voluntas

2187 3551 2349 3611 atque
2376 3557 2561 3597 cursus
2590 3557 2656 3596 ex
2685 3541 2794 3596 Deo
2828 3542 2954 3606 fuit,
2985 3542 3078 3597 sed
3107 3543 3226 3597 ideo
3257 3559 3362 3597 non
3390 3542 3606 3613 profuit,
3637 3545 3763 3611 quia

2187 3643 2246 3689 ut
2284 3636 2534 3705 parvulus
2570 3636 2930 3705 baptizaretur
2969 3653 3037 3690 ex
3065 3635 3174 3691 Dco
3205 3652 3310 3690 non
3339 3635 3476 3689 fuit?
3514 3637 3603 3703 qui
3631 3651 3769 3704 pro-

2192 3725 2356 3781 frudo
2381 3728 2632 3796 justoque
2665 3726 2866 3795 judicio
2906 3727 3008 3780 illis
3035 3727 3246 3795 quidem
3277 3741 3375 3795 pro
3406 3725 3513 3779 ﬁlio
3541 3725 3766 3793 religio-

2186 3835 2301 3874 sum
2320 3818 2515 3873 inludit
2545 3818 2816 3883 aﬁ‘ectum,
2839 3819 2931 3873 sed
2952 3819 3175 3888 parvulo
3199 3817 3359 3872 vitale
3386 3819 3554 3874 uoluit
3579 3817 3767 3885 largiri

2183 3911 2500 3966 remedium.
2552 3910 2684 3964 Nam
2715 3919 2768 3965 et
2801 3920 2987 3966 sancto
3030 3911 3194 3964 David
3244 3909 3331 3976 (II
3365 3909 3491 3979 Reg.
3525 3925 3672 3974 xvm,
3708 3907 3764 3977 ὅ)

2185 4003 2297 4073 ipse
2323 4003 2519 4056 donum
2547 4004 2781 4057 caritatis
2809 4001 3015 4064 infudit,
3048 4009 3106 4055 ut
3131 3999 3362 4053 Absalon
3393 3998 3501 4051 ﬁlio
3529 4013 3768 4067 parcen-

2183 4089 2306 4143 dum
2337 4075 2668 4160 praeciperet,
2702 4107 2769 4146 ne
2799 4091 2852 4144 in
2880 4105 2975 4145 sua
3007 4090 3278 4159 impietate
3306 4097 3633 4151 moreretur;
3668 4088 3766 4141 sed

2183 4193 2250 4233 ex
2280 4179 2389 4233 Deo
2418 4195 2524 4233 non
2557 4179 2674 4243 fuit,
2705 4187 2763 4233 ut
2796 4179 3028 4233 Absalon
3059 4178 3249 4246 impius
3275 4176 3462 4230 futura:
3490 4176 3768 4245 pmuiten-

2183 4270 2270 4322 tize
2298 4278 2620 4323 servaretur.
2675 4268 2928 4322 Exhibuit
2973 4281 3101 4334 ergo
3146 4266 3289 4335 quod
3317 4266 3498 4320 debuit
3526 4265 3768 4318 hominis

2182 4361 2351 4413 sancti
2378 4359 2625 4414 voluntas
2653 4360 2777 4428 pia;
2825 4357 2919 4413 sed
2966 4365 3188 4427 operata
3233 4354 3482 4423 estquod
3506 4362 3770 4423 oportere

2181 4456 2406 4503 noverat
2439 4447 2616 4502 divina
2647 4449 2869 4517 justitia.

2251 4539 2339 4594 27.
2371 4539 2503 4593 lllud
2525 4540 2683 4594 etiam
2706 4540 2751 4594 si
2771 4540 2890 4610 quis
2914 4539 3001 4608 pia
3025 4545 3204 4592 mente
3232 4537 3552 4602 consideret,
3578 4550 3769 4590 nonne

2180 4633 2321 4688 sicut
2353 4633 2555 4687 divina:
2603 4631 2980 4686 misericordia:
3022 4630 3283 4685 suavitate
3329 4629 3629 4692 mulcetur,
3687 4629 3768 4682 ita

2180 4722 2344 4777 diviti
2380 4721 2567 4790 judicii
2608 4721 2970 4791 profunditate
3008 4720 3328 4775 terrebitur?
3365 4719 3768 4787 Nonnunquam

2177 4813 2319 4868 enim
2347 4822 2401 4869 et
2427 4813 2675 4884 parvulus
2703 4812 2947 4867 ﬁdelibus
2976 4813 3230 4877 nascitur,
3260 4819 3315 4866 et
3343 4811 3466 4874 illis,
3488 4811 3624 4865 sicut
3638 4810 3766 4878 jam

2175 4902 2405 4958 diximus
2427 4944 2442 4968 ,
2493 4919 2591 4973 pro
2620 4902 2989 4972 redemptione
3038 4901 3130 4956 ﬁlii
3177 4902 3264 4970 pia
3293 4900 3395 4955 ﬁde
3423 4901 3768 4967 caritateque

2173 4995 2438 5061 sollicitis,
2469 5004 2594 5049 ante
2622 4995 2848 5048 moritur
2875 5009 3034 5064 quam
3056 5008 3208 5048 sacro
3232 4993 3549 5063 baptismate
3578 4991 3766 5046 dilua—

2175 5091 2280 5137 tur.
2332 5082 2482 5137 Alter
2512 5098 2642 5138 vero
2670 5083 2736 5138 de
2767 5082 3066 5138 inﬁdelibus
3095 5091 3251 5138 natus
3279 5125 3294 5150 ,
3332 5082 3484 5151 cujus
3523 5081 3766 5137 salutem

2175 5181 2424 5243 parentes
2451 5187 2558 5227 non
2586 5175 2771 5228 saltem
2805 5173 2979 5243 lepide
3008 5173 3194 5228 volunt
3214 5214 3230 5238 ,
3271 5172 3367 5226 sed
3395 5172 3613 5226 omnino
3641 5186 3765 5224 non

2177 5261 2381 5326 volunt,
2412 5261 2552 5316 idem
2583 5270 2762 5317 tamen
2793 5263 3047 5332 parvulus
3074 5277 3316 5334 supernae
3341 5260 3770 5331 dispensationis

2175 5349 2367 5405 ordine
2389 5390 2405 5416 ,
2447 5353 2756 5421 parentibus
2785 5361 2875 5406 aut
2903 5353 3164 5408 violenter
3193 5351 3450 5416 aufertur,
3481 5358 3572 5404 aut
3590 5341 3767 5403 'furte

2172 5443 2482 5514 subripitur,
2508 5452 2563 5499 et
2587 5447 2653 5499 ad
2679 5453 2922 5500 sanctum
2951 5445 3212 5515 baptisma
3237 5441 3594 5512 quorumlibet
3616 5439 3766 5494 tide-

2173 5533 2302 5588 lium
2330 5535 2415 5604 pia
2444 5536 2668 5590 caritate
2706 5535 3051 5604 perducitur,
3082 5543 3137 5590 et
3175 5549 3301 5589 mox
3349 5541 3406 5586 ut
3449 5531 3765 5601 baptizatus

2175 5621 2350 5686 fuerit,
2381 5623 2447 5678 de
2471 5625 2571 5679 hac
2599 5623 2705 5676 vita
2735 5623 2976 5678 discedit.
3024 5623 3079 5676 Si
3125 5621 3468 5691 parvulorum
3525 5627 3765 5674 Istorum
