4048 6342
245 365 364 426 ΜΤ

1169 371 1251 426 DE
1290 369 1628 429 VEBITATE
1666 364 2341 423 PR2EDESTINATIONIS
2374 363 2497 420 LIB.
2541 365 2579 420 Ι.

3406 367 3512 424 ωδ

248 453 522 550 originalis
546 477 855 536 attendatur
882 493 1068 546 cauSa,
1102 484 1258 538 ambo
1285 483 1561 552 :cqualiter
1585 485 1714 537 ‘snnt
1743 496 1833 534 irae
1861 485 1911 542 Α
1935 477 2247 533 delectatur.
2281 478 2424 534 Deus
2450 491 2611 546 ergo,
2642 492 2762 533 cum
2793 477 2962 533 salvat
2989 475 3255 542 homines,
3285 481 3512 546 gratiam

249 574 360 642 lilii,
388 574 515 642 quia
543 584 653 628 uno
680 572 838 627 simul
865 573 1139 640 originalis
1177 576 1384 644 peccati
1413 589 1552 630 nexu
1583 581 1832 628 tenentur

251 663 510 717 obstricti.
539 661 667 726 .Ubi
716 674 896 716 autem
942 661 1171 718 duorum
1214 678 1434 734 prorsus
1480 665 1702 734 :equalis
1749 671 1831 718 est

226 793 228 795 ›
253 767 428 816 rausa,
460 769 566 807 non
599 753 783 822 utique
811 763 1035 822 possunt
1064 755 1254 808 merita
1283 754 1618 824 prununtiari
1649 754 1830 822 dispa-

251 845 348 898 ria.
396 843 550 897 Nulla
589 844 751 911 igitur
778 852 861 899 est
901 860 1076 900 causa:
1121 845 1406 902 diversitas
1448 847 1500 899 in
1545 845 1836 900 infantibus

252 951 365 1004 qua:
403 935 566 991 faciat
598 953 762 990 unum
792 937 959 1006 eligi,
1007 939 1232 992 alterum
1272 939 1569 1008 reprobari.
1619 938 1675 992 Si
1705 954 1836 992 vero

250 1035 526 1096 parentum
571 1028 941 1082 consideretur
981 1030 1258 1093 voluntas,
1301 1031 1373 1084 illi
1422 1031 1511 1100 qui
1545 1030 1838 1108 Christiani

251 1128 390 1182 sunt,
416 1128 476 1175 ut
503 1135 691 1175 eorum
721 1120 859 1174 Illius
877 1107 1252 1189 baptizaretur
1277 1122 1504 1176 sollicite
1532 1122 1836 1189 voluerunt,

253 1210 640 1265 instantissime
665 1220 1019 1265 cucurrerunt
1042 1221 1088 1274 ⁸,
1110 1228 1338 1281 quorum
1367 1222 1545 1266 tamen
1574 1213 1711 1267 lilius
1739 1229 1838 1267 an-

254 1312 466 1374 tequam
512 1303 879 1373 baptizaretur
921 1313 1096 1358 morte
1143 1314 1446 1373 praeventus
1471 1347 1485 1371 ,
1516 1305 1732 1359 aeternis
1759 1313 1842 1360 est

254 1395 460 1463 ignibus
488 1393 779 1463 deputatus
803 1411 816 1454 ;
863 1394 952 1447 ille
979 1407 1110 1447 vero
1138 1395 1230 1463 qui
1259 1394 1326 1448 de
1357 1393 1658 1449 inﬁdelibus
1685 1403 1842 1448 natus

251 1493 367 1548 est,
399 1492 588 1539 contra
617 1483 948 1538 voluntatem
980 1491 1260 1552 parentum
1292 1483 1584 1553 perductus
1613 1485 1677 1537 ad
1713 1497 1838 1551 gra-

257 1575 383 1628 tiam
434 1573 725 1643 baptismi,
770 1571 939 1628 factus
986 1582 1065 1627 est
1111 1574 1282 1627 hmrcs
1332 1574 1464 1638 Dei,
1505 1583 1559 1627 ct
1600 1576 1842 1629 cohsercs

189 1719 209 1732 ,
253 1662 477 1736 Christi.
530 1662 668 1728 Quid
708 1664 760 1716 in
802 1664 884 1717 bis
912 1664 1157 1733 prmvidit
1187 1664 1326 1718 Deus
1355 1664 1590 1718 futurum
1616 1706 1632 1729 ,
1668 1672 1724 1718 ut
1751 1665 1839 1719 ttni

252 1755 384 1812 nihil
429 1755 678 1811 conferre
732 1763 912 1824 posset
957 1756 1154 1809 caritas
1204 1756 1534 1825 parentalis,
1583 1764 1639 1810 et
1686 1755 1840 1810 alteri

1935 568 2120 622 tribuit
2147 569 2259 623 suis
2284 569 2537 638 operibus
2561 569 2744 634 bonis;
2789 578 2845 624 et
2870 584 2990 623 cum
3018 572 3172 640 punit
3192 586 3290 640 pro
3319 571 3515 639 iniqui-

1936 657 2133 711 tatibus
2160 667 2498 726 peecatores,
2523 659 2786 728 justitiam
2827 659 3072 713 retribuit
3111 659 3358 716 humanis
3384 677 3520 732 ope-

1885 775 1887 777 ι
1935 748 2084 802 ribus
2104 748 2262 802 malis
2289 766 2302 800 :
2328 749 2379 802 in
2410 749 2512 803 illis
2543 750 2726 820 utique
2757 765 3012 819 reparans
3039 751 3182 819 quod
3207 752 3332 806 facti
3361 763 3513 818 sunt,

1936 839 2030 894 sed
2060 840 2112 892 in
2142 840 2257 895 istis
2275 839 2520 908 judicans
2547 841 2691 910 quod
2716 840 2976 895 fecerunt.
3010 838 3201 896 Omnes
3226 845 3364 897 enim
3393 863 3516 915 pee-

1937 941 2178 985 caverunt
2201 969 2216 996 ,
2247 944 2296 986 et
2323 942 2472 1003 egent
2499 934 2666 1004 gloria
2698 932 2795 986 Dei
2846 932 3040 1001 (Ibid.,
3070 932 3182 1003 23).
3231 934 3367 1001 Quia
3396 948 3453 992 et
3482 940 3517 993 ii

1937 1023 2028 1090 qui
2067 1037 2173 1077 non
2213 1031 2572 1091 peccaverunt
2610 1023 2940 1092 proprietate
2965 1039 3222 1094 operum,
3256 1027 3520 1095 originale

1940 1114 2157 1167 trahunt
2196 1113 2222 1151 δ
2261 1131 2326 1168 ex
2374 1115 2529 1184 primi
2579 1116 2810 1171 hominis
2852 1121 3279 1187 transgressione
3325 1137 3516 1191 pecca-

1940 1213 2071 1259 tum.
2355 1219 2358 1224 ’

2011 1295 2097 1348 50.
2135 1294 2434 1350 Voluntatis
2465 1306 2648 1353 autem
2675 1299 2867 1356 divina:
2896 1312 3182 1372 secretum,
3212 1319 3320 1375 quo
3354 1321 3517 1360 unum
3579 1310 3582 1314 ’

1941 1386 2164 1456 impium
2205 1387 2466 1456 justiﬁeat
2505 1390 2840 1462 alterumque
2865 1393 3228 1462 condemnat,
3261 1411 3368 1451 non
3399 1396 3520 1452 ideo

1940 1477 2266 1532 aestimemus
2293 1477 2546 1547 iniustum
2565 1521 2578 1545 ,
2611 1483 2738 1551 quia
2779 1483 2933 1538 nobis
2963 1484 3202 1540 videmus
3231 1485 3518 1542 abscondi-

1941 1572 2083 1632 tum;
2114 1566 2207 1621 sed
2232 1567 2355 1622 ideo
2385 1567 2621 1623 divinum
2644 1571 2952 1643 justumque
2975 1574 3273 1631 nemoesse
3291 1576 3520 1644 dubitet,

1940 1654 2064 1725 quia
2109 1655 2215 1711 hoc
2240 1655 2516 1712 hominum
2552 1661 2832 1730 quisquam
2864 1663 3187 1734 investigare
3217 1682 3322 1721 non
3351 1669 3514 1724 valet.

1941 1746 2172 1803 Proinde
2212 1751 2388 1806 cordis
2432 1751 2788 1808 humilitatem
2829 1756 3144 1826 simpliciter
3179 1760 3518 1825 exhibentes,

251 1848 481 1903 multum
501 1846 789 1902 crudelitas
810 1846 1089 1916 prodesset
1113 1846 1511 1913 hostilis?Quis
1533 1848 1686 1902 istam
1709 1863 1836 1918 pro-
1873 1856 1915 1916 Β
1943 1839 2363 1896 Misericordia!!!
2416 1852 2471 1898 et
2510 1844 2766 1914 judicium
2816 1849 3040 1905 Domino
3086 1865 3208 1906 cum
3254 1854 3520 1923 propheta

253 1938 571 1996 funditatem
610 1937 936 2008 iudiciorum
985 1937 1080 1992 Dei
1118 1947 1402 2007 penetrare
1449 1939 1665 1993 valeat?
1710 1939 1840 2005 Quis

256 2045 360 2085 non
393 2038 577 2084 tamen
608 2029 716 2094 hic,
741 2035 798 2083 et
827 2027 1246 2084 misericordiam
1277 2029 1520 2097 gratuita:
1549 2029 1838 2097 bonitatis,

257 2128 310 2173 et
332 2118 598 2187 justitiam
643 2117 836 2172 divina:
869 2118 1173 2174 severitatis
1212 2121 1510 2187 agnoscat?
1557 2120 1654 2176 Ubi
1698 2122 1839 2176 enim

257 2209 486 2265 duorum
514 2208 880 2278 parvulorum,
915 2223 1014 2262 nec
1043 2209 1096 2262 in
1125 2209 1332 2263 actibus
1361 2209 1538 2278 aliqua
1570 2220 1694 2266 sunt
1721 2226 1841 2267 me-

256 2299 379 2366 rita,
403 2314 508 2354 nec
530 2299 584 2352 in
614 2299 821 2367 origine
847 2298 1121 2353 dissimilis
1141 2313 1324 2366 causa,
1356 2300 1696 2354 manifestum
1723 2302 1843 2371 qui-

257 2388 378 2444 dem
406 2391 564 2445 nobis
591 2399 674 2445 est
701 2389 847 2459 quod
876 2391 1035 2444 ambo
1073 2389 1269 2444 fuerint
1315 2391 1589 2459 originalis
1635 2393 1842 2462 peccati

259 2479 482 2534 vinculis
502 2480 745 2549 obligati,
767 2479 1036 2534 occultum
1059 2495 1190 2535 vero
1213 2495 1308 2534 cur
1333 2497 1438 2536 non
1464 2482 1623 2537 ambo
1645 2481 1844 2537 fuerint

260 2570 512 2625 absoluti.
798 2561 810 2576 ’

327 2659 458 2714 Csr.
509 2677 622 2716 xnt.
673 2691 744 2700 —
789 2661 876 2717 28.
928 2661 1172 2718 Sciamus
1197 2663 1356 2731 igitur
1385 2663 1843 2733 itnperscrutabile

262 2751 416 2805 nobis
444 2737 566 2804 esse
612 2767 724 2815 cur,
770 2768 878 2807 uno
906 2753 1195 2820 derelicto,
1235 2754 1460 2808 alterum
1488 2753 1628 2810 Deus
1655 2755 1723 2809 ab
1755 2755 1842 2810 illa

261 2841 576 2908 perditiOnis
621 2857 796 2896 massa
843 2845 1009 2911 gratis
1055 2845 1265 2914 eripiat.
1308 2843 1617 2900 Certissime
1664 2853 1845 2900 tamen

261 2931 402 2985 scire
427 2931 686 2987 debemus
739 2934 863 3001 quia
917 2934 1202 2989 miserator
1229 2941 1286 2988 et
1325 2935 1635 2990 misericors
1663 2935 1846 2990 Domi-

265 3037 385 3088 nus,
415 3023 642 3092 patiens,
673 3031 727 3078 et
762 3023 926 3095 “8
964 3024 1189 3080 multum
1215 3026 1549 3091 misericors,
1579 3035 1634 3082 et
1663 3043 1841 3094 verax,

264 3113 342 3167 sic
381 3114 430 3168 ei
457 3129 617 3182 quem
668 3115 859 3169 liberat
906 3116 1322 3171 misericordiam
1369 3119 1570 3183 donat,
1611 3129 1672 3173 ut
1704 3119 1846 3190 apud

1941 1941 2221 1988 cantemus
2264 1934 2444 2003 (Psal.
2485 1953 2547 2004 c,
2587 1937 2648 2008 l)
2685 1957 2697 1990 :
2731 1939 3086 1996 intentionem
3124 1951 3320 1997 nostra:
3365 1959 3519 1999 scru-

1942 2022 2160 2078 tationis
2195 2033 2417 2080 eatenus
2447 2035 2834 2096 temperantes,
2868 2039 2925 2083 ut
2949 2031 3218 2088 discutere
3256 2049 3362 2088 non
3393 2035 3520 2088 veli.

1941 2130 2060 2171 mus
2103 2117 2244 2186 quod
2286 2119 2741 2187 comprehendere
2788 2138 2894 2176 non
2947 2123 3203 2178 valemus.
3255 2125 3520 2180 Admonet

1941 2209 2083 2263 enim
2111 2224 2208 2264 nos
2227 2219 2410 2264 sancta
2436 2210 2709 2281 Scriptura
2733 2213 2915 2268 dicens
2943 2232 2959 2266 :
2992 2215 3192 2269 Altiora
3217 2226 3263 2270 te
3291 2214 3356 2271 ne
3379 2234 3519 2290 qua-

1941 2301 2110 2366 sieris,
2141 2309 2188 2352 et
2219 2302 2436 2370 fortiora
2465 2311 2513 2354 te
2537 2319 2598 2355 ne
2627 2312 2884 2357 scrutatus
2907 2307 3096 2376 fueris;
3126 2307 3220 2361 sed
3243 2323 3356 2378 quis
3382 2326 3520 2377 pra:-

1943 2396 2075 2463 cepit
2103 2395 2192 2447 tibi
2223 2393 2504 2458 Dominus,
2537 2387 2627 2448 illa
2655 2398 2827 2467 cogita
2853 2414 3080 2467 semper,
3128 2409 3178 2454 et
3205 2402 3256 2454 in
3286 2403 3520 2471 plurimis

1943 2484 2180 2552 operibus
2213 2485 2324 2553 ejus
2353 2501 2416 2537 ne
2441 2487 2513 2538 sis
2551 2487 2781 2564 curiosus
2829 2486 3016 2557 (Eccli.
3048 2505 3125 2558 ιιι,
3154 2489 3263 2560 22).
3313 2490 3520 2550 Revera

1943 2574 2085 2627 enim
2114 2572 2307 2627 frustra
2333 2574 2483 2629 labor
2507 2574 2788 2644 superﬂua:
2807 2580 3152 2635 scrutationis
3174 2581 3519 2651 impenditur.

1945 2663 2032 2716 ubi
2065 2663 2206 2717 nulla
2237 2664 2559 2719 inventionis
2587 2667 2740 2736 copia
2771 2667 3116 2737 suffragatur;
3149 2681 3205 2726 et
3237 2672 3394 2727 noxia
3424 2690 3518 2728 cu-

1945 2755 2158 2810 riositas
2201 2756 2253 2810 in
2284 2764 2488 2810 reatum
2517 2758 2757 2825 protinus
2784 2757 3013 2827 labitur,
3061 2761 3272 2829 quando
3305 2763 3518 2818 modum

1945 2861 2100 2901 suum
2122 2849 2352 2902 humana
2383 2848 2661 2905 inﬁrmitas
2691 2865 2796 2904 non
2826 2853 3063 2906 metitur.
3092 2852 3232 2919 Quin
3263 2855 3440 2924 potius
3469 2856 3520 2912 in

1946 2936 2052 2992 hoc
2092 2937 2505 3007 profundissimo
2550 2939 2741 2994 divinae
2788 2941 3088 2999 voluntatis
3135 2959 3334 2999 arcano
3391 2945 3521 3003 nihil

1947 3028 2088 3082 aliud
2118 3036 2315 3083 nostra:
2343 3029 2498 3084 saluti
2528 3045 2822 3099 congruere
2852 3018 3176 3101 noverimus,
3201 3035 3301 3089 nisi
3325 3045 3382 3089 ut
3401 3051 3522 3092 cum

1949 3104 2114 3173 David
2144 3119 2506 3189 unusquisque
2532 3128 2772 3175 nostrum
2802 3121 3077 3178 humiliter
3114 3124 3259 3180 dicat
3300 3142 3313 3177 :
3352 3124 3522 3179 Mira-

263 3218 384 3258 eutn
421 3220 584 3274 quem
623 3206 843 3259 damnat
879 3206 1142 3275 justitiatn
1171 3215 1227 3262 et
1259 3209 1537 3263 veritatem
1569 3210 1711 3264 nulla
1752 3227 1842 3265 ra-
1873 3226 1916 3288 ρ
1949 3208 2066 3262 bilis
2095 3211 2234 3278 facta
2263 3219 2338 3262 est
2365 3210 2580 3262 scientia
2611 3220 2694 3266 tua
2723 3227 2788 3264 ea:
2817 3229 2895 3266 me
2918 3254 2932 3278 ,
2975 3216 3267 3285 confortata
3293 3225 3401 3279 ϐεεν
3434 3232 3522 3270 nec

263 3297 410 3353 tione
456 3308 757 3368 praetereat.
808 3299 1095 3354 Absolutus
1143 3301 1303 3370 igitur
1343 3302 1551 3370 accepit
1595 3302 1838 3371 gratiam,

263 3402 420 3455 quam
459 3375 673 3459 semper
712 3389 923 3455 laudet;
966 3389 1250 3445 damnatus
1288 3407 1418 3446 vero
1458 3392 1658 3446 invenit
1689 3390 1846 3460 justi-

265 3478 392 3532 tiam
415 3519 430 3542 ,
471 3479 528 3533 in
566 3494 668 3547 qua
713 3496 819 3534 non
850 3481 1011 3534 habet
1048 3481 1194 3550 quod
1233 3490 1484 3549 accuset,
1531 3491 1586 3535 ut
1613 3500 1762 3537 omne
1787 3501 1845 3539 os

262 3571 580 3636 obstruetur,
611 3581 659 3624 et
687 3572 918 3625 subditus
946 3573 1042 3642 ﬁat
1069 3573 1235 3626 omnis
1265 3575 1486 3628 ntuudus
1514 3573 1626 3627 Deo
1665 3573 1842 3644 (Rom.

263 3676 337 3722 in,
372 3659 488 3728 l9),
519 3662 734 3730 quando
765 3679 902 3718 unus
931 3664 982 3716 in
1013 3664 1168 3718 bonis
1193 3665 1304 3718 suis
1334 3664 1722 3734 pnecedentem
1750 3665 1844 3720 Dei

263 3754 506 3820 agnoscit
527 3755 770 3821 gratiam,
795 3756 930 3809 alter
955 3755 1006 3808 in
1033 3755 1379 3809 damnatione
1401 3770 1496 3810 sua
1526 3771 1631 3810 non
1660 3753 1845 3810 falsam

260 3842 584 3908 futurorum,
609 3859 726 3914 qua:
756 3861 858 3898 non
891 3853 1008 3899 erat
1037 3844 1291 3907 facturus,
1318 3859 1542 3915 operum
1565 3844 1848 3914 prtescien-

262 3937 423 4000 tiam,
461 3937 554 3990 sed
585 3952 764 3991 veram
795 3937 950 4007 primi
977 3937 1215 4007 parentis
1240 3937 1445 3991 invenit
1470 3938 1703 4007 culpam.

333 4023 420 4079 29.
471 4027 624 4082 Dicet
662 4029 851 4098 aliquis
884 4047 897 4079 :
929 4027 1038 4082 Cur
1074 4045 1181 4083 non
1221 4029 1480 4084 ambobus
1506 4029 1732 4106 largitus
1763 4039 1848 4085 est

261 4118 406 4172 Deus
451 4120 742 4186 gratuitam
797 4121 1258 4185 misericordiam,
1306 4136 1427 4175 cum
1485 4137 1623 4175 unus
1662 4123 1849 4178 ambos

262 4216 443 4261 reatus
466 4210 852 4266 obstrinxerit?
872 4210 989 4276 Cui,
1015 4211 1162 4265 salva
1187 4212 1709 4282 incomprehensibili
1728 4213 1848 4268 alti-

262 4300 447 4354 tudine
458 4301 779 4369 judiciorutn
799 4302 911 4366 Dei,
929 4304 1313 4373 respondemus
1338 4322 1349 4356 :
1373 4304 1498 4358 ideo
1515 4321 1622 4359 non
1644 4314 1850 4359 utrum-

263 4405 371 4458 que
400 4391 686 4446 liberatum
717 4408 864 4456 esse,
900 4393 983 4448 vel
1013 4403 1296 4464 utrumque
1325 4395 1635 4450 damnatum
1661 4413 1674 4461 ;
1720 4397 1848 4465 quia

265 4479 408 4535 Deus
431 4521 447 4547 ,
483 4482 576 4551 qui
617 4485 812 4537 malum
855 4499 954 4538 nec
983 4485 1119 4539 velle
1147 4493 1327 4555 potest
1375 4486 1661 4555 aliquando
1685 4527 1699 4550 ,
1747 4500 1849 4540 nec

1945 3309 2121 3369 potero
2151 3300 2220 3352 ad
2239 3316 2354 3353 eam
2403 3299 2581 3370 (Psal.
2614 3317 2868 3367 cxxxvtn,
2899 3301 2983 3373 6).
3028 3303 3160 3357 Cum
3190 3305 3351 3359 beato
3383 3320 3522 3374 quo-

1944 3403 2048 3458 que
2095 3388 2262 3444 Paulo
2290 3390 2524 3459 religiosi
2570 3390 2730 3460 “9
2763 3393 3012 3447 clamoris
3055 3393 3340 3462 jungamus
3389 3395 3520 3448 effe-

1944 3490 2090 3536 ctum
2124 3493 2146 3520 α
2174 3523 2188 3548 ,
2219 3483 2309 3551 qui
2340 3483 2416 3535 ait
2448 3501 2460 3535 :
2494 3481 2538 3534 0
2569 3483 2787 3538 altitudo
2823 3485 3118 3538 divitiarum
3160 3488 3427 3556 sapientiae
3475 3496 3520 3541 et

1945 3572 2174 3625 scientia:
2212 3571 2346 3626 Dei!
2395 3571 2562 3636 Quom
2603 3574 3138 3642 incomprehensibilia
3181 3587 3296 3631 sunt
3325 3579 3522 3648 judicia

1945 3660 2056 3731 ejus
2079 3700 2092 3725 ,
2125 3671 2174 3713 et
2198 3663 2578 3734 investigabiles
2606 3665 2699 3718 via:
2728 3665 2886 3735 ejus!
2935 3664 3065 3729 Quis
3113 3668 3250 3721 enim
3291 3671 3522 3739 cognorit

1945 3767 2149 3804 sensum
2185 3750 2424 3816 Domini,
2455 3762 2543 3806 aut
2571 3755 2682 3824 quis
2707 3756 3033 3810 consiliarius
3062 3757 3172 3829 ejus
3203 3760 3300 3830 fuit
3347 3759 3520 3830 (Rom.

1949 3856 2022 3908 xl,
2053 3840 2143 3910 '55,
2175 3841 2306 3912 δην
2336 3842 2390 3896 In
2420 3857 2528 3911 quo
2555 3844 2674 3898 loco
2703 3847 3088 3901 convenienter
3113 3846 3137 3884 ά
3169 3849 3356 3904 beatus
3383 3849 3522 3903 Pau-

1948 3930 2066 3998 lus,
2097 3933 2406 4002 priusquam
2446 3933 3004 4004 incomprehensibilia
3035 3937 3130 3993 Dei
3157 3938 3349 4008 judicia
3375 3941 3523 3995 dice-

1947 4032 2048 4086 ret,
2081 4022 2413 4080 altitudinem
2440 4025 2711 4095 sapientiae
2739 4027 2855 4095 ejus
2881 4029 3224 4099 scientiaque
3252 4031 3524 4102 praemisit.

1949 4113 2150 4180 Quibus
2179 4116 2363 4183 utique
2410 4115 2587 4169 verbis
2631 4131 2844 4171 omnem
2894 4120 3173 4187 querulam
3202 4129 3227 4157 ο
3272 4119 3526 4192 justoquo

1949 4205 2046 4261 Dei
2079 4206 2284 4276 judicio
2328 4207 2664 4276 aliquatenus
2693 4207 3024 4264 obniteutcm
3071 4211 3314 4266 humanae
3341 4227 3528 4267 vocem

1903 4309 1906 4312 ‘
1951 4298 2268 4352 temeritatis
2293 4297 2578 4352 obstruxit.
2616 4297 2834 4353 Certum
2862 4301 3005 4354 enim
3034 4311 3117 4356 est
3146 4302 3212 4356 ad
3240 4317 3527 4372 personam

1950 4396 2112 4458 atque
2136 4388 2370 4444 oﬂicium
2396 4389 2590 4458 judicis
2615 4391 2903 4458 pertinere,
2928 4399 2986 4444 ut
3006 4400 3062 4445 et
3085 4393 3137 4445 in
3156 4394 3526 4460 cognoscenda

1949 4494 2110 4533 causa
2138 4479 2416 4534 scientiam
2446 4494 2552 4534 non
2579 4478 2831 4548 negligat,
2857 4489 2914 4535 et
2941 4481 2993 4534 in
3013 4480 3192 4548 judica
3219 4483 3301 4536 .do
3321 4477 3526 4540 rectum

262 4572 440 4624 ﬁcere
466 4614 480 4637 ,
537 4573 605 4625 ab
655 4589 760 4628 uno
801 4573 944 4642 justa
982 4576 1270 4629 severitate
1314 4575 1551 4630 debitum
1597 4576 1849 4645 prmcepit
1876 4594 1924 4653 ο
1950 4569 2226 4638 sapientia:
2274 4569 2542 4622 tramitem
2585 4585 2690 4623 non
2739 4570 3038 4639 relinquat;
3091 4588 3157 4626 ne
3184 4573 3398 4642 quando
3443 4574 3526 4630 vel

261 4661 438 4727 exigi,
467 4661 622 4714 alteri
655 4677 783 4716 vero
813 4665 1046 4730 gratuita
1079 4664 1239 4731 jussit
1266 4664 1505 4717 bonitate
1533 4663 1744 4717 dimitti.
1787 4662 1846 4718 In

260 4747 471 4802 duobus
497 4752 638 4803 enim
671 4754 870 4819 pariter
892 4752 1086 4820 impiis,
1111 4767 1338 4821 quorum
1370 4769 1505 4806 unus
1529 4753 1845 4816 absolvitur,

259 4840 404 4895 alter
427 4839 738 4910 damnatur,
773 4846 824 4899 in
855 4845 1101 4900 absoluto
1127 4847 1470 4914 cognoscitur
1496 4847 1727 4914 gratuita
1755 4847 1851 4901 he-

258 4933 494 5000 nignitas
521 4934 634 4999 Dei,
658 4951 776 5004 quae
798 4946 976 5006 potest
1001 4939 1206 5010 absque
1237 4938 1440 4994 meritis
1465 4937 1585 4991 ullis
1602 4952 1846 5007 operum,

257 5027 429 5095 gratis
455 5044 614 5083 omne
645 5029 886 5084 relaxare
912 5039 1219 5099 peccatum;
1244 5031 1299 5084 in
1328 5045 1394 5084 eo
1422 5045 1552 5085 vero
1579 5030 1669 5100 qui
1699 5029 1851 5084 dam-

254 5126 418 5171 natus
459 5127 577 5185 est,
620 5131 843 5189 apparet
879 5120 1088 5188 justitia
1123 5121 1257 5184 Dei,
1298 5120 1383 5173 cui
1425 5120 1627 5173 nullum
1665 5128 1847 5189 potest

253 5211 550 5280 aliquando
574 5213 789 5281 placere
815 5224 1113 5282 peccatum.
1148 5212 1256 5267 Nec
1279 5212 1582 5266 misericors
1601 5226 1730 5280 ergo
1753 5213 1847 5265 ah-

251 5302 462 5355 solutio
500 5303 782 5374 eulpabilis
823 5312 1002 5373 potest
1043 5319 1166 5359 esse
1193 5346 1206 5370 ,
1247 5318 1346 5357 nec
1380 5303 1575 5370 lnjusta
1617 5303 1844 5372 punitio.

253 5393 506 5446 Absolvit
554 5409 706 5447 reum
754 5395 998 5459 bonitas,
1039 5410 1159 5464 quas
1188 5395 1332 5448 nulla
1363 5394 1692 5462 malignitate
1729 5387 1869 5448 vin-’

249 5485 431 5549 citur;
477 5486 630 5554 punit
660 5501 808 5539 reum
837 5487 1060 5555 mquitas
1084 5530 1101 5554 ,
1131 5501 1250 5556 qua:
1285 5485 1442 5540 nullis
1481 5484 1848 5552 iniquitatibus

329 5651 358 5679 ⁸
385 5643 473 5697 Sic
503 5660 632 5698 mss.
665 5644 790 5699 duo.
821 5644 890 5698 At
912 5645 1060 5710 editi,
1091 5655 1421 5698 curaverunt.-

332 5717 359 5755 δ
390 5712 515 5786 Ples.
547 5717 686 5786 duo,
719 5716 973 5786 originale
1001 5723 1173 5768 cuncti
1204 5716 1429 5768 tralumt.

333 5800 357 5821 «-
390 5782 514 5838 Mss.
547 5785 674 5844 duo,
707 5782 968 5853 aﬂ'e'ctunt.

327 5855 359 5894 τι
385 5857 505 5910 llss.
535 5855 661 5914 duo,
695 5870 794 5906 non
823 5855 1063 5908 inaniter.

500 5947 770 6008 l’sruos.
818 5939 1018 6006 LXV.

1951 4659 2208 4713 adversus
2255 4658 2578 4726 incognitam
2619 4660 2898 4713 veritatem
2928 4662 3274 4716 convincatur
3313 4663 3526 4731 ignarus

1949 4759 2152 4804 temere
2181 4748 2201 4788 ί
2231 4749 2488 4820 judicium
2518 4749 2686 4816 ferre,
2722 4751 2804 4805 vel
2833 4753 3068 4820 aguitam
3097 4753 3528 4823 deprehendatur

1952 4842 2221 4911 insipienti
2252 4843 2603 4912 perversitate
2641 4844 3016 4913 comprimere.
3073 4845 3211 4899 Deus
3242 4846 3399 4914 igitur
3432 4847 3527 4904 nec

1953 4935 2150 4991 inscius
2173 4943 2276 5002 est,
2305 4943 2363 4990 ut
2391 4944 2595 4991 temere
2618 4935 2853 5005 judicet;
2899 4935 2999 4991 nec
3025 4937 3278 5007 insipiens
3298 4978 3313 5002 ,
3347 4947 3404 4994 ut
3432 4941 3527 4994 ali-

1955 5043 2114 5096 quem
2150 5028 2344 5096 injuste
2367 5028 2720 5094 condemnet;
2771 5027 2838 5083 de
2864 5041 2973 5097 quo
3001 5030 3312 5098 prophetica
3339 5031 3530 5088 clamat

1956 5121 2246 5176 auctoritas
2273 5139 2285 5173 :
2308 5119 2487 5174 Justus
2518 5119 2788 5181 Dominus,
2813 5129 2862 5172 ct
2876 5119 3109 5189 justitias
3139 5121 3339 5184 dilexit,
3372 5123 3529 5194 inquii

1948 5221 2106 5266 tatem
2133 5213 2258 5266 vidit
2287 5212 2451 5265 vultus
2476 5211 2584 5280 ejus
2617 5210 2786 5278 (Psal.
2821 5228 2872 5276 χ,
2903 5211 2980 5281 8).

2021 5303 2149 5358 Car.
2183 5317 2291 5356 xtv.
2314 5331 2384 5340 —
2406 5301 2494 5355 5|.
2526 5300 2756 5355 Proinde
2783 5302 2834 5355 in
2865 5303 3112 5356 omnibus
3142 5303 3394 5372 operibus
3420 5304 3531 5358 suis

1949 5403 2148 5446 :eterna
2181 5391 2336 5445 laude
2364 5391 2555 5458 dignus
2579 5398 2662 5445 est
2689 5389 2830 5445 Deus
2863 5409 2876 5444 :
2908 5392 3032 5460 quia
3061 5393 3271 5448 cunctis
3292 5409 3428 5466 quos
3447 5409 3531 5450 δεμ

1949 5485 2182 5538 cundum
2236 5482 2568 5553 propositum
2617 5492 2774 5538 vocat
2823 5484 2983 5552 atque
3023 5483 3316 5552 justilicat,
3366 5488 3532 5556 gratis

2028 5651 2050 5677 ο
2095 5639 2182 5713 Sic
2212 5656 2340 5713 mss.
2361 5681 2389 5713 ,Α
2416 5647 2643 5713 excepto
2671 5639 2894 5713 qtto_tl__in
2929 5640 3085 5694 unico
3114 5640 3307 5713 legitur
3340 5659 3530 5713 queru-

1953 5713 2094 5774 lam;
2127 5712 2178 5763 in
2205 5711 2422 5779 reliquis
2443 5710 2721 5780 querelmu.
2746 5708 2888 5764 Editi
2911 5719 3110 5774 autem,
3135 5708 3375 5767 humandi
3397 5718 3530 5768 roris

1957 5781 2310 5834 temeritatem.
3053 5813 3055 5815 ι

2023 5850 2038 5887 ί
2074 5850 2126 5904 In
2158 5865 2261 5904 uno
2291 5864 2391 5904 nts.
2426 5865 2533 5904 non
2568 5849 2794 5904 habetur
2823 5859 3024 5904 temere.

3090 5940 3170 6004 20
