4064 6358
507 376 612 432 om
1469 415 1474 421 .
1535 371 1590 424 s.
1632 368 1994 439 rutcemu
2035 368 2106 423 El‘

2210 369 2335 426 IOPl
2373 371 2743 429 RUSPENSIS
3676 365 3790 428 κισ

505 489 730 549 remittit
761 490 1122 558 iniquitatem;
1157 489 1207 540 in
1255 487 1502 539 omnibus
1537 494 1716 540 autem
1746 502 1882 554 quos
1909 486 2080 556 punit,
2115 490 2162 549 A
2189 488 2482 545 minatioue
2510 489 2686 546 cordis
2715 489 2932 560 incipit;
2963 498 3017 543 et
3045 487 3276 542 hominis
3307 485 3638 542 voluntatem
3667 501 3781 540 non

510 580 1030 650 irreprehensibilem
1089 576 1285 632 retinet
1339 576 1665 644 :equitatem.
1730 575 1904 630 Causa
1961 592 2091 631 vero
2193 580 2386 636 bonam
2410 583 2613 637 invenit
2641 583 2776 652 ipsa,
2805 580 2897 635 sed
2926 579 3084 646 facit;
3115 589 3275 650 atque
3304 588 3363 634 ut
3386 580 3635 648 eligatur,
3659 579 3780 650 ipsa

510 673 772 742 majorum
821 681 984 740 atque
1029 669 1371 739 parvulorum
1415 678 1439 704 ⁸·
1469 670 1559 737 qui
1607 669 1722 724 sine
1773 671 2093 740 baptismate
2194 673 2340 742 prius
2368 672 2542 742 eligit;
2586 687 2761 742 neque
2789 671 3078 741 suscipitur
3112 678 3204 724 aut
3235 669 3507 735 diligitur,
3541 669 3643 722 nisi
3673 669 3786 725 hoc

507 779 722 818 cursum
750 763 874 816 vita:
917 760 1198 830 praesentis
1246 759 1297 812 in
1335 758 1650 814 inﬁdelitate
1692 771 2090 828 consummant,

465 843 468 845 Α
509 864 764 924 quantum
793 853 985 908 attinet
1013 851 1078 906 ad
1109 851 1542 906 communionem
1567 853 1842 921 originalis
1863 854 2094 923 peccati,

509 961 612 1000 una
643 951 764 1008 est;
787 951 842 997 et
865 958 932 996 ex
961 943 1062 996 hac
1087 942 1302 1010 utrique
1331 941 1483 995 ibunt
1521 941 1572 995 in
1603 942 1777 1010 ignem
1807 951 2091 1005 mternum,

507 1037 596 1103 qui
631 1042 847 1104 paratus
874 1041 957 1087 est
984 1032 1200 1085 diabolo
1229 1039 1283 1085 et
1312 1031 1516 1099 angelis
1542 1030 1658 1099 ejus
1680 1072 1695 1094 .
1743 1033 1867 1100 quia
1917 1033 1971 1086 in
2019 1033 2103 1087 eis

510 1125 953 1196 chirographum,
986 1138 1094 1190 quo
1121 1122 1221 1176 sibi
1251 1136 1348 1175 eos
1373 1121 1675 1189 deceptoris
1706 1122 1941 1189 nequitia
1970 1123 2098 1176 sub-

509 1216 674 1280 didit,
706 1213 1004 1269 Salvatoris
1047 1212 1217 1280 gratia
1269 1226 1374 1264 non
1418 1210 1635 1264 delevit.
1686 1210 1792 1264 Sed
1832 1211 1884 1264 iu
1923 1226 1990 1265 eo
2017 1220 2102 1266 est

2195 763 2307 832 ipsa
2338 763 2389 817 in
2413 761 2577 818 corde
2599 762 2831 816 hominis
2856 769 3127 831 operetur.
3160 758 3303 828 Ergo
3325 766 3381 814 et
3409 759 3678 829 susceptio
3719 767 3782 813 et

2194 853 2514 908 desiderium
2545 853 2729 921 gratia:
2755 867 2892 923 opus
2921 852 3086 921 ipsius
3112 858 3195 906 est
3219 850 3423 920 gratim.
3463 847 3626 903 Istam
3655 863 3784 917 gra-

2197 943 2324 995 tiam
2349 943 2524 996 nullus
2548 943 2825 996 hominum
2841 939 3170 1004 desiderare,
3189 940 3272 994 vel
3289 953 3530 1009 poscere,
3555 938 3652 993 sed
3682 952 3792 992 nec

2197 1049 2523 1102 cognoscere
2551 1035 2768 1104 poterit,
2795 1035 3040 1104 nisicam
3070 1032 3217 1102 prius
3235 1031 3302 1085 ab
3324 1030 3416 1086 illo
3435 1030 3666 1100 accipiat
3687 1030 3791 1098 qui

2198 1139 2317 1180 eam
2348 1124 2956 1194 nullisprmcedentibns
2985 1123 3238 1191 operibus
3284 1130 3377 1175 aut
3413 1121 3792 1175 voluntatibus

2198 1215 2354 1269 bonis
2382 1215 2449 1268 ad
2476 1215 2577 1269 hoc
2604 1215 2824 1284 largitur
2845 1255 2859 1278 ,
2907 1221 2964 1267 ut
2992 1213 3331 1267 voluntatem
3353 1212 3413 1266 in
3431 1227 3535 1280 qua
3563 1225 3789 1281 semper

509 1302 772 1371 majorum
803 1316 962 1356 causa
990 1299 1244 1364 deterior,
1271 1299 1426 1368 quia,
1444 1298 1667 1353 rationis
1694 1299 1904 1352 utendas
1933 1297 2100 1353 facul-

511 1403 621 1450 tate
649 1402 903 1464 percepta
923 1433 942 1458 ,
970 1397 1227 1462 reSpunnt
1253 1398 1346 1444 aut
1383 1389 1657 1460 negligunt
1685 1390 2104 1459 regenerationis

511 1485 748 1538 salutare
773 1482 1072 1538 remedium
1091 1526 1103 1547 ,
1141 1481 1256 1535 sine
1281 1495 1390 1548 quo
1417 1495 1522 1534 non
1546 1481 1718 1536 solum
1748 1495 1916 1548 regno
1942 1481 2104 1550 potiri

514 1575 810 1644 nequibunt
833 1615 848 1639 ,
891 1573 1022 1642 quin
1050 1572 1211 1626 etiam
1255 1571 1590 1639 gravioribus
1617 1572 1889 1642 suppliciis
1925 1571 2104 1640 subja~

515 1668 729 1722 eebunt.
776 1665 934 1719 Tales
962 1664 1103 1719 enim
1134 1671 1545 1718 contemnentes
1574 1663 1956 1732 benignitatem
1988 1663 2100 1727 Dei,

514 1757 808 1814 secundum
836 1757 1085 1812 duritiem
1115 1771 1268 1810 suam
1294 1763 1348 1809 et
1372 1755 1710 1825 impmnitens
1738 1771 1856 1821 cor,
1886 1756 2102 1820 thesaue

2201 1315 2417 1360 maneat
2463 1307 2574 1376 ipsa
2606 1317 2868 1375 pncparet
2891 1347 2906 1370 ,
2945 1306 3056 1374 ipsa
3086 1305 3252 1359 donet
3273 1343 3292 1366 ν
3331 1304 3456 1374 ipsa
3492 1303 3788 1365 illuminet.

2203 1400 2314 1468 ipsa
2345 1400 2578 1465 excitet,
2609 1400 2720 1467 ipsa
2747 1406 3049 1461 conservet,
3085 1409 3107 1436 ο
3140 1397 3252 1466 ipsa
3282 1403 3644 1450 consumet.

2215 1520 2227 1525 -
2274 1490 2400 1544 CAP.
2433 1506 2538 1542 xvi.
2587 1518 2654 1527 -——
2699 1489 2787 1542 δι.
2823 1487 2892 1542 Ut
2923 1501 3052 1555 ergo
3103 1487 3271 1556 gratia
3301 1485 3394 1539 Dei
3414 1492 3796 1553 cognoscatur

2205 1589 2257 1635 et
2283 1582 2551 1648 diligatur,
2579 1580 2909 1633 desideretur
2932 1595 2996 1632 ac
3034 1577 3360 1647 postuletur,
3379 1576 3524 1645 prius
3547 1575 3797 1629 donaer

2207 1669 2408 1723 homi..i
2447 1684 2551 1721 non
2585 1667 2960 1737 cogno'eenti,
2993 1666 3363 1734 not-diligenti
3384 1707 3401 1729 ,
3433 1682 3539 1720 non
3567 1663 3790 1719 deside~
3843 1715 3863 1730 ,

2208 1758 2370 1823 ranti,
2391 1771 2562 1825 neque
2584 1755 2900 1826 postulanti.
2922 1754 3038 1824 Ipsa
3065 1754 3243 1822 itaque
3269 1767 3334 1806 se
3357 1751 3482 1806 facit
3504 1752 3790 1817 cognosci,

517 1848 687 1902 rizant
709 1847 811 1903 sibi
833 1848 966 1902 iram
996 1846 1048 1900 in
1074 1845 1160 1900 die
1189 1846 1282 1899 ira:
1309 1853 1366 1900 et
1393 1845 1738 1900 revelationis
1761 1844 1890 1914 justi
1913 1844 2098 1913 judicii
2135 1847 2175 1905 Β
2202 1847 2344 1916 diligi
2372 1889 2387 1912 ,
2435 1845 2726 1900 desiderari
2751 1885 2772 1909 ,
2805 1845 3084 1915 postulari.
3133 1844 3266 1899 Cum
3313 1844 3456 1898 enim
3501 1843 3792 1906 Dominus,

517 1936 632 2000 Dei,
654 1938 745 2006 qui
771 1935 957 1991 reddet
977 1934 1264 2003 unicuique
1289 1933 1582 1988 secundum
1605 1949 1770 2003 opera
1796 1949 1892 1989 sua
1921 1933 2102 2004 (Rom.

380 2106 397 2123 ς
429 2063 431 2066 ι
519 2045 575 2096 ιι,
609 2027 658 2096 5,
687 2027 740 2097 6)
773 2045 786 2081 :
819 2035 878 2082 ut
904 2042 1009 2080 non
1038 2025 1210 2080 solum
1240 2041 1336 2094 pro
1366 2025 1610 2092 originali
1639 2033 1861 2095 peccato
1887 2025 2104 2079 mternis

520 2119 726 2189 ignibus
754 2119 975 2173 ardeant
998 2159 1014 2184 ,
1051 2117 1246 2185 quibus
1293 2116 1463 2170 arsuri
1491 2124 1618 2170 sunt
1643 2116 1760 2170 sine
1781 2115 2104 2184 baptismate

521 2211 810 2272 morientes
831 2209 993 2263 etiam
1013 2207 1242 2278 parvuli,
1271 2207 1361 2275 qui
1393 2206 1521 2260 nihil
1549 2207 1676 2261 boni
1700 2215 1794 2260 aut
1820 2207 1945 2261 mali
1973 2220 2104 2274 ege-

520 2311 675 2368 runt;
717 2301 812 2357 sed
840 2301 1003 2355 etiam
1032 2315 1131 2369 pro
1160 2314 1256 2352 sua
1286 2298 1561 2353 voluntate
1598 2299 1740 2358 mala
1769 2307 1918 2354 tanto
1947 2299 2102 2353 dete-

522 2393 632 2447 rius
660 2397 1034 2460 torqueantur,
1061 2396 1265 2457 quanto
1290 2387 1519 2457 amplius
1549 2389 1778 2458 propria:
1809 2389 2105 2458 iniquitatis

521 2483 794 2552 adjiciunt.
827 2480 883 2534 In
912 2479 1004 2534 illo
1029 2478 1231 2548 quippe
1256 2477 1502 2546 originali
1532 2487 1760 2548 peccato
1780 2488 2106 2533 morsetcter~

521 2592 588 2630 na
612 2581 865 2642 utrosque
887 2571 1262 2640 complectitur
1287 2566 1307 2622 ε’
1325 2569 1407 2625 his
1436 2578 1614 2624 autem
1643 2579 1740 2640 pro
1770 2554 2107 2624 voluntatum

523 2673 848 2734 actuumque
893 2661 1099 2716 malitia
1146 2675 1304 2729 pinna
1355 2661 1679 2714 cumulatur.
1740 2660 1980 2714 Deterius
2026 2671 2108 2717 est

521 2757 662 2812 enim
691 2754 1074 2824 redemptionis
1119 2749 1435 2806 beneﬁcium
1487 2752 1648 2821 impia
1694 2753 1972 2807 voluntate
2002 2770 2109 2809 non

522 2861 783 2917 qumrere,
813 2860 972 2914 quam
1002 2843 1068 2898 ad
1099 2843 1227 2914 illud
1252 2842 1634 2912 impedimento
1663 2852 1866 2898 tenerae
1890 2861 2110 2913 prorsus

523 2935 697 2990 :ctatis
727 2934 912 2989 venire
958 2948 1068 2988 non
1113 2947 1306 3000 posse;
1353 2934 1672 3001 graviusque
1725 2935 1982 3002 premitur
2019 2940 2110 3002 qui

526 3026 679 3082 oneri
706 3042 774 3082 ex
803 3025 988 3096 primis
1024 3024 1336 3094 parentibus
1373 3032 1589 3094 sumpto
1630 3027 1942 3095 superaddit
1982 3043 2109 3095 pro-

525 3116 732 3187 prium,
758 3130 919 3183 quam
943 3113 1032 3184 qui
1062 3115 1235 3168 solum
1265 3115 1467 3182 bajulat
1495 3115 1748 3169 alienum.

2203 1939 2340 1995 sicut
2381 1955 2476 2008 per
2503 1937 2846 1992 Eteehielem
2869 1936 3188 2006 prophetam
3230 1935 3491 2004 loquitur,
3516 1951 3610 1990 cor
3644 1935 3792 2004 lapio

2201 2031 2360 2085 deum
2405 2028 2580 2084 aufert
2619 2030 2687 2084 ab
2720 2029 3021 2082 hominibus
3043 2065 3058 2089 ,
3092 2035 3145 2082 et
3171 2027 3266 2082 dat
3295 2026 3377 2082 eis
3401 2041 3496 2080 cor
3521 2040 3788 2080 carneum

2205 2121 2420 2191 (Ezeclt.
2447 2137 2524 2188 χι,
2541 2121 2854 2191 l9),utique
2870 2135 2966 2189 per
2989 2119 3177 2187 gratia:
3201 2133 3312 2172 sua:
3335 2117 3788 2173 illuminationem

2205 2222 2374 2268 mutat
2399 2213 2629 2266 hominis
2656 2212 3012 2266 voluntatem.
3034 2207 3157 2264 lict:
3180 2217 3263 2264 est
3288 2208 3513 2263 mutatio
3541 2223 3648 2262 non
3678 2208 3788 2262 hn-

2209 2303 2354 2356 mani
2377 2301 2603 2367 arbitrii,
2642 2301 2734 2356 sed
2757 2299 2992 2354 autem:
3026 2297 3234 2353 Excelsi
3256 2297 3625 2369 (Psal.uxw,
3658 2293 3788 2366 ll);

2206 2410 2303 2465 per
2325 2409 2482 2463 quam
2515 2391 2608 2446 ﬁlii
2652 2391 2928 2445 hominum
2973 2404 3102 2458 grav
3135 2405 3164 2443 s
3207 2388 3368 2443 corde
3394 2429 3412 2455 ,
3439 2389 3529 2458 qui
3557 2387 3789 2455 diligunt

2209 2485 2500 2540 vanitatem
2526 2493 2582 2537 et
2620 2489 2867 2551 quzcrunt
2908 2480 3242 2534 mendacium
3281 2477 3467 2550 (Psal.
3493 2494 3564 2544 tv,
3593 2477 3689 2549 3),
3717 2479 3787 2532 ad

2206 2575 2530 2644 diligendum
2563 2582 2619 2629 et
2645 2573 2984 2642 qumrendam
3014 2562 3292 2625 veritatein
3323 2586 3425 2625 non
3456 2570 3555 2639 ipsi
3586 2569 3788 2624 bonam

2207 2665 2820 2730 voluitatem'aﬁ‘erunt,
2846 2667 2936 2721 sed
2968 2681 2997 2719 a
3025 2664 3252 2718 Domino
3276 2663 3476 2717 donum
3686 2675 3793 2713 vo.

2210 2764 2427 2818 iuntatis
2455 2760 2739 2830 rccipiunt.
2769 2757 3035 2828 Scriptum
3063 2763 3145 2810 est
3173 2753 3342 2817 enim,
3365 2753 3490 2821 quia
3517 2767 3784 2819 prepara-

2211 2865 2294 2907 tur
2316 2855 2552 2908 voluntas
2575 2867 2607 2902 α
2636 2849 2857 2903 Destino
2899 2846 3076 2916 (Prov.
3111 2859 3233 2908 vut,
3262 2841 3352 2906 35,
3382 2857 3484 2895 sec.
3517 2838 3711 2910 LXX).
3745 2839 3787 2900 Α

2213 2961 2339 2998 vero
2368 2943 2513 2998 enim
2551 2940 2751 2995 lumine
2769 2980 2782 3004 ,
2813 2937 2954 3008 quod
2983 2936 3244 2989 illuminat
3271 2947 3486 2986 onmem
3514 2930 3792 2984 hominem

2215 3036 2515 3090 venientem
2542 3033 2593 3086 in
2619 3030 2763 3085 hunc
2788 3027 3062 3091 mundum,
3086 3025 3225 3079 bona
3255 3023 3505 3077 voluntas
3531 3020 3708 3082 datur,
3729 3027 3790 3075 ul

2215 3129 2375 3183 homo
2419 3126 2472 3179 in
2501 3126 2668 3179 Deum
2697 3121 2882 3177 credat
2924 3119 3198 3186 Deumque
3241 3113 3471 3169 ﬁdeliter
3513 3113 3790 3180 diligat“.

596 3204 686 3260 3‘2.
717 3203 824 3259 Eos
850 3219 976 3259 vero
1003 3204 1094 3274 qui
1124 3205 1236 3259 sive
1266 3205 1604 3288 originalium
1651 3207 1762 3261 sive
1792 3208 1950 3260 etiam
1983 3223 2110 3275 pro-
2139 3216 2180 3274 (ζ
2215 3233 2321 3288 quo
2353 3216 2464 3286 ipsa
2492 3214 2740 3268 voluntas
2765 3209 2962 3278 jugiter
2988 3206 3318 3276 gubernatur
3361 3210 3420 3256 et
3449 3200 3693 3269 regitur,
3733 3208 3794 3254 ut

527 3300 764 3369 priorum
793 3306 1062 3352 exuuntur
1086 3296 1248 3370 550
1269 3277 1520 3352 oneribus
1547 3307 1910 3368 peccatorum,
1936 3301 2106 3369 gratia

529 3391 625 3445 Dei
651 3389 956 3460 praweniri,
987 3390 1165 3446 nullus
1189 3388 1350 3445 debet
1379 3389 1650 3459 ambigere
1674 3385 2025 3446 Christianus.
2053 3392 2107 3446 In

527 3480 678 3550 cujus
704 3481 888 3549 gratia:
935 3480 1179 3549 largitate
1209 3480 1448 3551 quidam,
1477 3481 1685 3536 minore
1728 3498 1902 3536 rerum
1933 3483 2110 3536 consi-

528 3572 804 3627 deratione
836 3580 1085 3640 percepta
1107 3610 1122 3635 ,
1155 3586 1262 3626 non
1291 3570 1484 3625 leviter
1510 3579 1714 3633 errant,
1743 3571 2110 3626 existimantes

528 3677 646 3719 eam
675 3662 923 3718 omnibus
948 3661 1252 3716 hominibus
1278 3660 1556 3729 aequaliter
1579 3659 1694 3716 dari
1727 3680 1740 3716 :
1765 3664 1836 3717 ita
1866 3671 1918 3716 ut
1947 3663 2107 3716 etiam

528 3752 608 3808 eis
635 3751 727 3819 qui
756 3749 1012 3805 beneﬁcia
1043 3750 1206 3819 ipsius
1232 3751 1445 3818 gratim,
1479 3758 1729 3820 tanquam
1761 3751 1860 3820 ipsi
1887 3751 1935 3815 ³³,
1967 3751 2105 3806 mul-

530 3852 640 3898 tum
672 3842 943 3898 minorant
967 3882 980 3904 ,
1011 3841 1135 3895 dum
1174 3856 1281 3895 non
1312 3841 1538 3896 credunt
1571 3842 1736 3911 ipsius
1764 3844 1946 3911 gratiae
1973 3858 2110 3911 opus

529 3947 648 3988 esse
691 3940 746 3986 in
793 3931 1011 3988 homine
1034 3971 1047 3994 ,
1082 3939 1138 3984 ut
1183 3931 1354 4000 gratia
1397 3931 1717 4000 suscipiatur
1747 3932 1812 3985 ab
1841 3932 2058 3988 homine
2091 3951 2106 3988 :
2155 3941 2158 3944 ’

529 4036 645 4094 qua:
675 4035 782 4078 non
811 4021 879 4075 ob
908 4019 1048 4075 aliud
1079 4020 1332 4073 divinitus
1361 4020 1536 4083 datur,
1569 4021 1668 4075 nisi
1699 4029 1756 4075 ut
1780 4021 1985 4076 bonam
2015 4037 2109 4076 vo-

529 4111 787 4168 luntatem
818 4111 872 4164 in
901 4110 1120 4166 homine
1151 4110 1396 4178 primitus
1425 4119 1708 4180 operetur;
1749 4120 2004 4180 tantaque
2039 4115 2108 4172 sit

530 4203 583 4258 in
606 4216 930 4272 unoquoque
957 4201 1046 4270 qui
1073 4202 1287 4271 accipit,
1312 4211 1566 4272 quantam
1593 4202 1734 4257 Deus
1754 4205 1980 4271 gratuita
2010 4207 2108 4261 mi-

529 4293 797 4351 seratione
826 4292 974 4348 cordi
1001 4293 1312 4363 accipientis
1340 4292 1588 4348 infundit.

599 4382 730 4437 Car.
758 4398 844 4437 xv.
875 4410 946 4420 ——
974 4381 1064 4436 55.
1098 4382 1322 4452 Dignum
1354 4383 1536 4454 itaque
1569 4393 1681 4449 est,
1709 4384 1968 4440 carissimi
2001 4385 2106 4440 l‘ra-

530 4482 638 4527 tres
658 4512 672 4536 ,
716 4479 775 4524 ut
822 4471 873 4524 in
911 4471 1129 4538 singulis
1156 4471 1453 4542 quibusque
1480 4474 1763 4528 sententiis
1785 4512 1800 4537 ,
1831 4474 1882 4528 in
1913 4476 2106 4543 quibus

2216 3324 2316 3366 nec
2345 3305 2477 3360 ﬁdes
2504 3302 2736 3358 hominis
2765 3298 2981 3355 deﬁciat
3008 3338 3026 3363 ,
3073 3311 3176 3351 nec
3217 3294 3426 3349 caritas,
3455 3290 3816 3358 reiigeseat..

2218 3396 2368 3452 Unde
2407 3395 2656 3450 Salvator
2693 3391 2856 3446 Petro
2895 3389 3022 3444 dicit
3052 3405 3066 3440 :
3101 3385 3213 3457 Ego
3249 3385 3428 3454 rogavi
3464 3398 3556 3453 pro
3591 3389 3640 3433 te
3664 3417 3681 3441 .
3723 3401 3792 3439 ηε

2215 3489 2422 3559 deﬁciat
2447 3486 2576 3557 ﬁdes
2605 3493 2691 3537 tua
2767 3482 2891 3536 Luc.
2926 3495 3054 3545 ut),
3082 3477 3199 3545 52).
3236 3475 3393 3546 451
3426 3473 3580 3527 Fides
3608 3479 3790 3526 autem

2217 3582 2327 3649 ipsa
2376 3589 2457 3633 est
2503 3585 2807 3631 sanctorum
2833 3613 2846 3634 .
2877 3587 2998 3642 quzc
3043 3585 3140 3639 per
3186 3567 3463 3622 caritatem
3513 3571 3791 3634 operatur.

2213 3669 2364 3723 Sicut
2392 3680 2521 3734 ergo
2551 3666 2703 3718 bona:
2741 3660 3030 3716 voluntatis
3059 3658 3262 3712 initium
3300 3671 3457 3710 nemo
3487 3659 3665 3723 potest
3688 3651 3792 3705 has

2214 3761 2369 3821 bere,
2403 3758 2501 3812 nisi
2533 3755 2692 3810 fuerit
2734 3751 3096 3807 misericordia
3127 3749 3220 3802 Dei
3265 3745 3627 3816 prtcveniente
3662 3743 3793 3798 illus

2213 3850 2462 3913 minatus,
2489 3847 2614 3917 quia
2639 3852 2964 3918 praeparatur
2991 3839 3225 3896 voluntas
3255 3855 3284 3890 α
3317 3835 3556 3899 Domino,
3585 3843 3640 3887 et
3667 3849 3792 3887 tur-

2213 3957 2329 3996 sum
2359 3940 2635 4008 .scriptum
2685 3942 2767 3990 est
2807 3952 2820 3986 :
2869 3931 3002 3985 Deus
3052 3946 3226 3993 meus,
3278 3924 3627 3981 misericordia
3675 3921 3799 3992 ejus

2212 4032 2484 4102 praeveniet
2523 4045 2604 4084 me
2644 4025 2823 4097 (Paul.
2857 4039 3010 4083 Lvm,
3044 4020 3099 4072 ll
3130 4033 3144 4087 )
3176 4037 3187 4072 :
3219 4019 3288 4072 ita
3317 4015 3560 4071 eamdem
3591 4013 3790 4068 volun-

2212 4131 2386 4177 tatem
2407 4121 2604 4175 bonam
2631 4133 2787 4172 nemo
2817 4129 2985 4184 usque
3024 4113 3077 4168 in
3108 4109 3265 4166 ﬁnem
3293 4107 3492 4178 poterit
3517 4105 3774 4159 obtinere

2214 4211 2312 4265 nisi
2359 4209 2517 4264 fuerit
2541 4209 2739 4277 jugiter
2777 4204 2966 4260 eadem
3019 4197 3380 4264 misericordia
3426 4195 3794 4262 subsequente

2212 4307 2468 4352 servatus.
2499 4297 2634 4350 Dicit
2661 4295 2802 4352 enim
2833 4294 2944 4348 Deo
2973 4291 3162 4346 beatus
3191 4285 3353 4342 David
3382 4305 3393 4338 :
3425 4283 3804 4342 Misericordia

2212 4401 2295 4444 tua
2329 4389 2652 4460 subsequatur
2681 4404 2761 4441 me
2795 4384 3028 4442 omnibus
3056 4380 3232 4437 diebus
3274 4381 3390 4436 vitae
3427 4393 3552 4432 mea:
3594 4375 3802 4447 (Paci.

2214 4495 2338 4544 un,
2370 4477 2445 4545 6).
2480 4475 2837 4532 Misericordia
2867 4473 3043 4543 igitur,
3067 4486 3185 4540 qua:
3205 4469 3370 4537 gratis
3391 4468 3586 4521 malum
3611 4466 3800 4522 hornis

529 4563 710 4620 nubilo
732 4561 1044 4631 cujusquam
1073 4562 1415 4617 obscuritatis
1434 4564 1769 4633 ambigimus,
1795 4573 2103 4619 sanctorum
2139 4587 2182 4645 ῃ
2209 4585 2329 4624 nem
2362 4568 2616 4638 prmvenit
2637 4609 2652 4633 ,
2680 4574 2736 4620 ut
2765 4573 2998 4620 mutetur
3026 4561 3050 4600 ἀ
3086 4563 3136 4616 in
3161 4561 3376 4626 melius,
3405 4566 3459 4614 et
3483 4559 3597 4627 ipsa
3626 4573 3801 4627 quem

530 4651 746 4708 Patrum
795 4651 1191 4709 deﬁnitionibus
1238 4654 1534 4710 hmreamus
1567 4674 1580 4711 :
1609 4671 1745 4726 quos
1773 4658 2105 4726 praeveniens

529 4743 894 4798 misericordia
924 4743 1018 4797 Dei
1055 4743 1220 4811 gratis
1247 4745 1594 4808 illuminavit,
1625 4753 1682 4800 ut
1710 4746 2020 4814 crederent,
2050 4756 2106 4802 et

529 4851 758 4906 sequens
792 4835 1039 4888 instruxit
1067 4836 1379 4905 spiritaliter
1402 4881 1416 4902 ,
1458 4846 1514 4892 ut
1541 4837 1821 4894 docerent.
1868 4838 1932 4894 Hi
1961 4841 2103 4894 enim

528 4927 837 5000 apostolica:
867 4926 1261 4996 przedicationis
1290 4937 1534 4984 tenentes
1575 4945 1671 4999 per
1699 4931 1878 4985 omnia
1907 4932 2104 4986 verita-

529 5025 655 5081 tem,
675 5017 972 5071 certissime
992 5028 1386 5086 cognoverunt,
1399 5019 1936 5092 cognoscendumque
1956 5023 2106 5078 libris

527 5117 582 5162 ct
629 5106 869 5175 epistolis
919 5108 1288 5176 reliquerunt,
1329 5112 1554 5178 gratiam
1587 5111 1678 5166 Dei
1707 5126 1816 5166 non
1858 5115 2106 5169 omnibus

527 5197 830 5256 hominibus
853 5199 1176 5264 generaliter
1202 5199 1336 5253 dari.
1367 5199 1666 5255 Gratuitum
1689 5201 1886 5271 quippe
1903 5200 2110 5264 donum,

531 5287 623 5351 Dei
653 5294 734 5342 est
761 5287 949 5355 gratia.
999 5285 1222 5356 Pr0pter
1269 5289 1411 5356 quod
1459 5289 1587 5344 dicit
1626 5289 1952 5360 Apostolus,
1982 5291 2108 5359 quia

527 5381 867 5451 unusquisque
893 5381 1158 5452 proprium
1196 5380 1344 5434 habet
1371 5381 1562 5436 donum
1591 5400 1623 5435 a
1651 5381 1762 5438 Deo
1792 5400 1810 5438 :
1839 5384 1972 5438 alius
1997 5387 2111 5459 qui-

528 5469 644 5524 dem
689 5467 797 5534 sic,
840 5472 973 5528 alius
1021 5489 1136 5525 vero
1182 5472 1256 5525 sic
1302 5471 1356 5539 (1
1378 5471 1496 5527 Cor.
1531 5490 1621 5541 vn,
1655 5475 1728 5543 7).
1782 5475 1885 5528 Ista
1915 5478 2106 5544 gratia,

530 5575 689 5631 quam
725 5560 862 5614 Deus
896 5561 1030 5615 vasis
1071 5561 1446 5615 misericordia:
1476 5564 1639 5630 gratis
1668 5553 1865 5628 donat,
1895 5566 1962 5619 ab
1993 5567 2112 5620 illu-

605 5775 626 5798 '
658 5764 745 5816 Sic
775 5780 898 5817 mss.
930 5764 1056 5818 duo.
1091 5766 1155 5817 Αι
1185 5765 1337 5822 mld..
1378 5767 1648 5820 minorum.

602 5834 625 5872 ι»
660 5834 753 5890 .lls.
789 5850 951 5895 unus,
977 5851 1125 5890 quam
1151 5836 1266 5888 insi.
1300 5836 1517 5890 Cmtcri.
1564 5845 1803 5889 lttttaxum
1839 5856 1951 5892 inst.

2209 4658 2406 4712 bonum
2461 4657 2588 4711 facit
2649 4653 3022 4724 subsequendo
3083 4653 3256 4721 regit,
3316 4665 3383 4705 ne
3445 4657 3688 4706 mute-tur
3745 4651 3806 4710 in

2210 4755 2380 4826 pejus.

2279 4843 2367 4899 55.
2392 4841 2562 4898 Omne
2589 4843 2746 4910 igitur
2783 4841 2980 4896 bonum
3011 4836 3295 4892 voluntatis
3343 4844 3398 4891 et
3436 4832 3619 4904 operis
3660 4841 3810 4890 tunc

2213 4939 2386 4992 inesse
2416 4944 2594 5006 potest
2619 4933 2838 4999 homini,
2869 4933 2912 4988 si
2933 4930 3307 5008 praeyenientis
3334 4928 3521 4997 gratim
3540 4927 3815 4993 largitate

2210 5031 2382 5091 detur,
2424 5028 2769 5097 ejusdemque
2808 5025 2989 5094 gratia:
3032 5021 3405 5092 subsequentis
3435 5019 3814 5089 opitulatione

2212 5126 2471 5174 servetur.
2500 5118 2628 5183 Qum
2648 5117 2846 5170 malum
2869 5112 3143 5185 praevenit,
3171 5120 3232 5166 ut
3257 5112 3481 5174 bonam,
3516 5108 3630 5163 Deo
3679 5108 3812 5166 Lara

2211 5209 2420 5277 giente,-
2443 5207 2771 5264 voluntatem
2801 5203 2999 5259 habere
3019 5201 3258 5272 incipiat,
3282 5214 3445 5268 quam
3484 5205 3630 5262 ante,
3662 5199 3820 5265 quia

2213 5312 2309 5366 per
2335 5311 2394 5352 se
2425 5297 2620 5350 habere
2649 5310 2755 5349 non
2797 5300 3028 5362 poterat,
3059 5307 3164 5346 non
3199 5289 3429 5344 habebat
3454 5305 3468 5343 :
3505 5286 3822 5355 subsequi-

2214 5397 2301 5442 tur
2328 5394 2508 5441 autem
2535 5385 2755 5449 bonum,
2789 5392 2848 5438 ut
2874 5390 3183 5453 perseveret
3207 5389 3263 5435 et
3291 5378 3534 5448 proﬁciat
3562 5377 3616 5431 in
3641 5376 3817 5432 bona

2215 5477 2508 5537 voluntate.
2531 5489 2692 5544 quam
2719 5489 2786 5528 ex
2813 5489 2871 5528 se
2899 5473 3098 5528 habere
3127 5485 3231 5526 non
3264 5470 3466 5539 potuit,
3495 5467 3589 5522 sed
3618 5470 3829 5536 gratis

2214 5567 2438 5637 accepit.
2472 5564 2735 5620 Pnevenit
2781 5579 2908 5634 ergo
2948 5562 3221 5631 dirigenda
3256 5577 3351 5615 cor
3395 5557 3627 5613 hominis
3668 5574 3815 5627 pran

2285 5780 2304 5804 τ
2342 5765 2463 5819 llaec
2499 5767 2658 5820 verba
2685 5767 2877 5820 absunt
2904 5767 2970 5819 ab
3002 5765 3158 5819 editis
3207 5762 3472 5818 habentur
3500 5762 3550 5815 in
3588 5738 3736 5821 nias.

2278 5837 2301 5870 *³
2335 5835 2496 5900 Editi,
2528 5846 2702 5889 mutet.
