4064 6358
317 429 412 489 Sil

1231 449 1316 503 DE
1360 451 1698 510 VERITATE
1740 439 2417 521 l’n.-EDESTIN.\TIONIS
2457 467 2585 524 uo.
2629 472 2665 528 t.

3487 489 3599 543 δεῖ

320 564 474 616 ισυιη,
508 547 632 620 quia
659 555 917 625 scriptum
948 553 1031 612 est
1057 578 1068 612 :
1106 559 1294 634 Dirigit
1321 578 1489 620 autent
1526 569 1687 622 corda
1719 568 1900 624 Domi-
1941 583 1976 636 Α
2008 588 2114 627 non
2144 574 2246 629 hoc
2273 577 2438 635 virtus
2467 578 2712 633 humanae
2742 583 3049 653 voluntatis,
3084 591 3176 644 sed
3199 591 3379 652 divina
3420 609 3589 666 gratia

320 656 414 666 η..-
440 639 600 666 In“-..
648 658 736 666 .....
789 645 842 666 μη
907 640 1099 666 ονκιλκκ
1156 651 1188 666 ο-
1382 663 1390 666 Α
1726 659 1758 666 .-
1853 661 1862 666 -
2016 661 2033 666 -
2098 665 2104 666 ,

317 656 414 693 uus
438 639 618 711 (Prov.
648 658 756 709 χιι,
789 645 871 719 2)..
907 640 1260 719 Subsequitur
1307 663 1504 720 autem,
1551 659 1902 714 custodiendo

315 743 618 788 correctum
636 774 652 801 ,
682 737 806 804 quia
833 737 1080 795 similiter
1105 743 1360 814 scriptum
1383 757 1466 802 est
1489 747 1724 802 :Justum
1751 751 1902 821 adju-

314 823 506 878 torium
533 833 700 880 meum
731 845 762 880 a
800 828 1045 900 Domino,
1076 835 1162 905 qui
1192 837 1360 891 salvos
1384 839 1512 908 facit
1550 850 1714 895 rectos
1749 845 1902 896 corde

314 913 489 980 (Psal.
534 932 626 985 vtt,
679 918 786 983 ll).
817 919 1001 977 Gratia
1033 923 1194 991 igitur
1234 927 1285 980 itt
1335 939 1562 997 utroque
1605 941 1896 999 operatur:

310 1007 536 1072 scilicet,
571 1011 701 1064 etin
733 1023 969 1080 etrante,
1003 1023 1059 1069 ut
1089 1027 1365 1074 correctus
1395 1022 1560 1089 vivat,
1591 1031 1646 1076 et
1685 1025 1734 1076 itt
1780 1040 1896 1077 cor-

312 1105 485 1163 recta,
512 1113 579 1152 ne
603 1100 928 1170 depravatus
951 1105 1199 1162 abcedat.

379 1198 511 1254 Car.
546 1218 671 1257 χιιι.
699 1234 770 1245 —-
793 1201 882 1258 '56.
917 1207 1030 1262 Non
1077 1211 1324 1265 omnibus
1363 1221 1540 1266 autem
1576 1214 1730 1269 istam
1771 1233 1896 1286 gra-

309 1286 440 1341 tiam
471 1289 610 1357 dari,
646 1300 701 1346 et
728 1294 921 1362 quibus
958 1295 1134 1362 datur,
1172 1315 1276 1353 non
1326 1304 1573 1359 omnibus
1618 1307 1899 1376 aequaliter

307 1377 445 1442 dari,
476 1382 719 1454 quisquis
742 1385 828 1454 pie
859 1389 1070 1454 quarrit,
1097 1391 1430 1460 cloquiorum
1473 1406 1782 1454 sanctorum
1814 1411 1896 1455 at-

310 1472 608 1527 testatioue
636 1477 931 1542 cognoscit.
959 1477 1091 1544 Quid
1115 1483 1258 1536 enim
1286 1485 1434 1553 prius
1465 1487 1515 1540 in
1547 1489 1762 1544 homine
1792 1492 1892 1545 bo-

307 1573 436 1614 num
483 1571 662 1632 potest
708 1579 854 1631 esse,
890 1583 998 1636 quo
1045 1570 1111 1624 ad
1156 1582 1411 1629 :cternam
1468 1579 1628 1633 vitam
1687 1582 1888 1650 tendat,

304 1664 466 1718 quam
495 1651 636 1708 bona
670 1657 954 1712 voluntas?
992 1659 1059 1715 de
1096 1677 1200 1732 qua
1252 1673 1428 1721 tamen
1481 1669 1532 1722 in
1587 1668 1890 1727 Proverbiis

304 1740 533 1797 dicitur:
568 1744 906 1816 Prteparatur
939 1751 1178 1808 voluntas
1221 1773 1252 1809 a
1301 1756 1521 1814 Domino
1563 1761 1742 1833 (Prov.
1777 1782 1884 1831 vttt,

305 1828 402 1896 35,
431 1833 586 1904 juxta
610 1834 802 1907 LXX).
840 1839 1096 1899 Dominus
1128 1861 1278 1916 ergo,
1308 1851 1398 1918 qui
1430 1850 1481 1905 in
1513 1828 1666 1908 nobis
1690 1828 1883 1910 bonam

2007 661 2134 718 facit
2157 682 2169 717 :
2195 666 2319 733 quia
2347 667 2508 732 Deus,
2539 671 2676 725 sicut
2707 673 3034 731 voluntatem
3059 681 3124 734 ad
3149 685 3471 745 credendum
3497 710 3592 764 per

2005 755 2231 820 gratiam
2261 769 2546 827 praeparat,
2571 762 2647 815 sic
2678 755 2845 832 ipsam
2891 769 3219 826 voluntatem
3249 780 3419 844 gratia
3457 798 3583 855 ope-

2005 851 2158 899 rante
2186 858 2550 915 consummat;
2580 859 2635 906 et
2659 853 2797 909 sicut
2820 854 2977 912 ﬁdem
3007 876 3113 916 non
3137 863 3453 927 habentibus
3474 851 3592 946 ipso

2003 933 2190 1002 donat,
2220 939 2298 993 sic
2335 940 2385 993 in
2419 941 2522 997 illis
2549 945 2712 1000 etiam
2742 950 2832 1016 qui
2872 951 3069 1007 habent
3100 956 3212 1025 ipse
3250 933 3587 1034 multiplicat.

2008 1029 2230 1098 Propter
2245 1032 2387 1101 quod
2411 1033 2462 1087 in
2484 1033 2719 1105 Epistola
2747 1055 2865 1109 qum
2893 1044 2959 1097 ad
2985 1045 3236 1105 l-lebtmos
3257 1063 3338 1108 est
3364 1029 3583 1130 scripta,

2010 1118 2080 1172 sic
2117 1119 2313 1174 dicitur
2345 1141 2356 1174 :
2404 1123 2724 1196 Depoueutes
2754 1133 2913 1201 igitur
2938 1153 3088 1191 omne
3115 1145 3335 1210 pondus,
3378 1158 3432 1202 et
3478 1153 3586 1206 cir-

1999 1218 2260 1264 cumstans
2289 1231 2382 1267 nos
2411 1227 2696 1285 peccatum,
2727 1238 2819 1288 per
2842 1227 3148 1294 patientiam
3176 1248 3442 1291 curramus
3460 1258 3583 1310 pro-

1996 1302 2220 1368 positum
2247 1303 2391 1382 nobis
2429 1317 2704 1374 certamen,
2744 1315 3052 1382 aspicientes
3080 1320 3133 1372 iu
3163 1333 3426 1382 auctorem
3455 1331 3582 1402 ﬁdei

2804 1377 2813 1382 -
3292 1377 3303 1378 ί
3322 1377 3327 1379 ⁷
3344 1377 3424 1382 ’⁷⁷⁷
3455 1377 3581 1402 Ι’“¹’“’⁷

1995 1399 2045 1441 et
2084 1377 2547 1449 consummatorem
2587 1397 2764 1454 Jesum
2796 1403 2984 1470 (Hebr.
3028 1425 3116 1474 xu,
3154 1411 3200 1477 l,
3234 1415 3311 1485 2).
3340 1417 3583 1478 Proinde

1996 1482 2039 1535 si
2063 1499 2129 1538 ex
2160 1501 2218 1538 se
2241 1486 2403 1543 homo
2434 1488 2592 1546 ﬁdem
2626 1495 2805 1562 habet,
2839 1517 2943 1555 non
2974 1512 3056 1557 est
3088 1482 3279 1564 auctor
3316 1512 3442 1572 lidei
3487 1516 3581 1574 Je-

1992 1588 2111 1638 sus;
2136 1585 2192 1629 et
2231 1579 2277 1632 si
2321 1579 2521 1636 viribus
2543 1585 2657 1639 suis
2687 1586 2850 1644 homo
2879 1589 3036 1648 ﬁdem
3069 1598 3295 1667 perﬁcit,
3345 1621 3450 1660 non
3498 1618 3580 1666 est
3646 1596 3654 1608 ’

1993 1679 2398 1726 consummatur
2429 1672 2548 1728 ﬁdei
2589 1675 2746 1733 Jesus
2771 1698 2784 1732 :
2812 1687 3107 1751 apostolica
3138 1698 3318 1747 autem
3346 1701 3578 1755 auctori-

1993 1764 2074 1810 tas
2127 1769 2400 1817 auctorem
2443 1780 3042 1844 consummatoretnque
3079 1777 3111 1831 ﬁ
3136 1781 3201 1836 lei
3244 1795 3442 1849 nostra:
3471 1790 3576 1845 θος
3637 1798 3644 1801 ’

1989 1846 2192 1902 minum
2221 1848 2402 1906 Jesum
2425 1857 2750 1925 conﬁtetur;
2774 1871 2979 1919 certum
3011 1877 3094 1922 est
3135 1871 3294 1939 igitur
3331 1875 3486 1933 ﬁdem
3525 1880 3578 1937 in

304 1923 634 1982 voluntatem
657 1942 943 2001 praeparat,
970 1935 1084 2006 ipse
1113 1939 1268 1994 nobis
1297 1942 1449 1998 bona:
1473 1945 1761 2003 voluntatis
1790 1949 1890 2002 ini-
1927 1934 1965 2021 Β
1994 1937 2148 1992 ηοδίε
2174 1955 2274 1995 nec
2320 1958 2438 1999 esse
2480 1962 2659 2016 P0559.
2685 1967 2786 2006 nec
2833 1970 2926 2009 εἴτε
2955 1972 3103 2025 ceret
3133 1963 3232 2016 ηίεί
3286 1967 3376 2022 me
3416 1970 3574 2025 00b“

304 2015 436 2069 tium
463 2017 649 2074 donat.
686 2022 852 2078 Deum
882 2042 1104 2098 quoque
1141 2031 1191 2085 in
1225 2033 1379 2090 nobis
1411 2040 1621 2106 operari
1650 2056 1756 2096 non
1797 2058 1888 2097 so-

303 2104 412 2160 lum
440 2117 499 2162 ut
530 2110 777 2179 velimus,
807 2130 994 2171 verum
1021 2121 1183 2175 etiam
1215 2133 1272 2177 ut
1299 2127 1441 2194 quod
1471 2127 1608 2184 bene
1647 2131 1889 2189 volumus

301 2195 576 2267 faciamus,
599 2203 886 2274 Apostolus
907 2207 1086 2278 docet,
1118 2213 1300 2271 dicens
1326 2235 1339 2269 :
1367 2215 1492 2273 Cmn
1513 2223 1695 2277 timore
1718 2233 1766 2277 et
1787 2235 1888 2279 tre-

299 2303 444 2343 more
469 2290 689 2346 salutem
733 2305 952 2351 vestram
993 2305 1298 2370 operamini.
1340 2306 1476 2361 Deus
1520 2321 1598 2364 est
1637 2315 1772 2368 enim
1801 2319 1885 2388 qui

298 2389 545 2448 operatur
563 2382 619 2436 in
640 2384 788 2438 nobis
808 2395 858 2440 et
887 2391 1011 2444 relle
1034 2401 1083 2444 et
1113 2396 1378 2465 perﬁcere,
1409 2418 1504 2467 pro
1534 2401 1669 2468 bona
1707 2406 1885 2461 voluit-

299 2477 404 2522 tate
425 2469 646 2543 (Pltilip.
675 2491 732 2540 tt,
766 2477 848 2542 12,
903 2479 1010 2553 15).
1045 2482 1212 2552 Hujus
1253 2487 1406 2543 bona:
1447 2494 1734 2553 voluntatis
1783 2499 1882 2554 ini-

297 2559 429 2613 tium
477 2561 531 2615 in
577 2563 680 2618 ﬁde
735 2569 1052 2640 consistere,
1107 2575 1244 2630 liber
1289 2577 1496 2636 Cantici
1535 2585 1877 2645 Canticorum

298 2647 452 2721 (Cap.
487 2668 556 2718 tv,
589 2652 641 2719 8,
673 2671 774 2736 sec.
805 2657 976 2729 LXX)
1025 2666 1287 2733 ostendit,
1335 2670 1420 2726 tibi
1468 2671 1712 2732 Christus
1751 2680 1880 2736 dicit

294 2735 548 2796 Ecclesiae
578 2761 593 2797 :
625 2734 808 2800 Vénies
833 2747 1214 2820 et'pertrausies
1255 2758 1318 2811 ab
1357 2762 1506 2817 initio
1525 2766 1669 2835 ﬁdei.
1709 2769 1874 2836 Quam

293 2843 476 2888 tamen
509 2836 665 2892 ﬁdem
689 2855 795 2894 non
820 2845 1067 2901 omnibus
1095 2847 1209 2903 dari
1231 2851 1419 2908 beatus
1441 2855 1636 2913 Paulus
1665 2864 1872 2929 asserit,
1900 2928 1905 2932 .

292 2922 515 2980 dicens:
544 2926 670 2983 Non
689 2933 822 2986 enim
847 2938 1073 2992 omnium
1104 2953 1181 2995 est
1200 2944 1334 3011 ﬁdes
1359 2946 1445 3017 (Η
1472 2949 1647 3006 Thess.
1682 2971 1752 3020 ιιι,
1787 2922 1872 3027 2);

291 3021 348 3066 et
376 3031 560 3073 rursus
589 3037 606 3074 :
643 3019 766 3076 Non
793 3041 971 3079 omnes
1014 3029 1257 3085 obediuut
1293 3033 1573 3108 Evangelia
1607 3042 1780 3111 (Rom.

295 3105 406 3173 16).
438 3109 642 3174 Quibus
671 3124 849 3168 autem
878 3117 1053 3183 datur,
1089 3137 1193 3178 non
1224 3105 1502 3195 :equaliter
1522 3105 1657 3200 dari,
1682 3105 1870 3191 eodem

290 3196 517 3254 docente
539 3209 934 3272 cognoscimus,
963 3213 1050 3281 qui
1078 3214 1152 3267 ait
1176 3234 1188 3267 :
1225 3216 1351 3272 Dico
1375 3223 1508 3276 enim
1529 3241 1622 3294 per
1647 3230 1870 3298 gratiam

292 3303 403 3356 qua
429 3289 555 3343 data
572 3304 650 3346 est
673 3296 798 3349 mihi
826 3300 1058 3354 omnibus
1079 3305 1166 3371 qui
1192 3317 1310 3359 sunt
1332 3310 1468 3366 inter
1493 3331 1600 3379 ros,
1630 3334 1730 3372 nou
1755 3319 1868 3388 plus

289 3393 472 3448 sapere
496 3398 649 3452 quam
679 3397 876 3454 oportet
895 3407 1096 3460 sapere,
1121 3397 1211 3448 sed
1231 3415 1410 3469 sapere
1430 3404 1501 3455 ad
1517 3406 1860 3477 sobrietatem,

289 3476 337 3519 et
365 3471 636 3542 unicuique
663 3476 793 3529 sicut
815 3476 954 3534 Deus
996 3484 1170 3539 divisit
1197 3503 1486 3547 mensuram
1531 3497 1656 3566 ﬁdei
1687 3501 1703 3567 (
1713 3498 1859 3555 Rom.

290 3575 397 3625 SI,
427 3560 511 3630 5).

354 3671 446 3724 37.
471 3672 552 3728 Ob
581 3677 683 3733 hoc
714 3679 826 3749 ipsc
854 3686 1218 3752 apostolorum
1247 3692 1461 3760 chorus,
1498 3701 1589 3768 qui
1623 3718 1728 3757 non
1751 3707 1858 3775 spi-

284 3764 445 3817 ritum
489 3766 646 3835 hujus
685 3773 866 3826 mundi
897 3791 1199 3848 acceperat,
1233 3785 1323 3840 sed
1362 3764 1615 3858 Spiritum
1659 3798 1749 3864 qui
1798 3815 1860 3853 ex

283 3851 396 3908 Deo
424 3866 527 3919 est,
559 3867 615 3911 ttt
663 3863 825 3917 sciret
844 3881 963 3934 qua:
992 3884 1022 3922 a
1053 3869 1162 3927 Deo
1185 3875 1378 3931 donata
1407 3880 1566 3954 452
1599 3887 1810 3943 fuerant
1840 3902 1860 3926 -‘

282 3943 328 3996 ei
383 3943 452 4013 (I
481 3945 600 4002 Cor.
635 3965 690 4014 tt,
727 3951 851 4024 1‘2),
901 3958 1077 4015 sciens
1123 3977 1152 4014 a
1199 3963 1428 4024 Domino
1463 3974 1714 4030 collatum
1762 3981 1862 4034 sibi

282 4034 491 4088 initium
525 4035 664 4104 ﬁdei,
698 4042 766 4096 ab
795 4045 910 4113 ipso
937 4049 1036 4103 sibi
1067 4054 1309 4110 eamdem
1342 4064 1600 4128 poscebat
1649 4071 1854 4137 augeri.

282 4122 452 4180 Lucas
482 4129 623 4182 enim
645 4136 968 4203 evangelista
989 4156 1378 4203 commemorat
1407 4151 1634 4210 Domino
1661 4159 1862 4216 dixisse

281 4216 574 4288 discipulos
610 4241 621 4275 :
655 4224 699 4276 υ
735 4225 968 4296 Domine,
1013 4251 1142 4306 auge
1173 4242 1318 4296 nobis
1347 4244 1507 4313 [idem
1540 4249 1688 4317 (Luc.
1732 4272 1858 4322 xm,

280 4306 356 4376 5).
387 4309 554 4379 Cujus
588 4315 632 4368 si
663 4332 729 4372 ex
771 4335 829 4374 se
870 4324 1117 4382 voluntas
1158 4331 1386 4391 hominis
1433 4339 1629 4396 habere
1676 4359 1859 4414 posset

279 4399 511 4466 initium,
537 4419 601 4459 ex
633 4421 691 4461 se
729 4410 971 4478 profecto
999 4422 1313 4489 sumpsisset
1353 4441 1716 4497 augmentum.
1754 4436 1858 4492 Sed

278 4489 423 4545 beati
453 4497 681 4562 apostoli
726 4501 863 4557 unde
885 4521 946 4560 se
986 4510 1225 4568 sciebant
1272 4516 1480 4574 initiu’m
1529 4523 1649 4578 ﬁJei
1700 4543 1856 4582 accc-

275 4582 418 4648 pisse
441 4586 583 4652 quod
614 4604 720 4644 non
753 4592 1042 4665 habebant,
1075 4603 1196 4660 inde
1227 4608 1324 4663 sibi
1344 4610 1584 4678 ejusdem
1605 4633 1859 4688 augmen-

207 4727 212 4730 _
273 4681 389 4726 ιιιιιι
419 4679 714 4744 poscebant
748 4701 760 4736 :
803 4688 925 4756 quia
956 4694 1149 4762 gratia,
1185 4714 1302 4768 quae
1349 4703 1451 4757 illis

267 4779 304 4816 e
327 4767 602 4834 intulerat,
638 4774 748 4841 ipsa
780 4778 830 4831 in
865 4781 942 4835 eis
988 4788 1245 4854 augenda:
1284 4793 1605 4853 desiderium
1635 4805 1858 4859 suscita-

268 4854 385 4908 bat.
419 4854 478 4910 lu
505 4863 614 4928 duo
649 4871 828 4922 tamen
859 4869 1124 4930 desiderio
1168 4878 1292 4934 licet
1331 4883 1442 4950 jam
1501 4887 1670 4945 ﬁfeiis
1718 4907 1860 4950 esset

271 4946 547 5013 voluntas,
591 4955 892 5015 nullatenus
939 4961 1117 5021 tamen
1163 4971 1260 5025 sibi
1291 4975 1576 5046 sufﬁceret,
1623 4985 1723 5038 nisi
1772 4989 1860 5043 ille
1887 4990 1899 5003 ‘

266 5037 367 5104 qui
400 5037 606 5095 initium
637 5045 757 5101 ﬁdei
803 5065 908 5106 nou
938 5061 1280 5124 poscentibus
1308 5064 1547 5134 dederat,
1599 5090 1856 5144 augmen-

267 5130 388 5178 tum
431 5143 647 5201 quoque
683 5144 1028 5205 poscentibus
1068 5149 1292 5220 benigna
1343 5130 1698 5220 miserationi;
1730 5185 1858 5224 con-

267 5213 463 5276 ferret.
502 5220 570 5276 Ut
590 5239 721 5294 ergo
749 5236 980 5300 apostoli
999 5241 1303 5313 crederent,
1335 5250 1583 5309 voluntas
1620 5274 1728 5313 non
1758 5263 1853 5317 de-

262 5302 395 5374 luit,
425 5311 520 5366 sed
551 5313 603 5367 in
625 5317 706 5371 eis
726 5319 894 5389 ipsam
921 5327 1246 5387 voluntatem
1289 5337 1545 5398 Dominus
1583 5362 1853 5418 prrepara-

398 5397 485 5418 ,τίν
593 5413 604 5418 ,
639 5406 652 5418 .

267 5397 368 5450 vit.
395 5397 528 5455 Nam
551 5413 611 5458 ut
638 5406 800 5464 homo
828 5429 934 5470 non
966 5420 1172 5488 credat,
1204 5441 1268 5480 ex
1297 5444 1355 5482 se.
1385 5431 1546 5488 habet
1568 5397 1851 5497 iitﬁdelita-

263 5495 420 5552 tem;
454 5503 512 5546 ut
540 5505 718 5553 autem
741 5502 793 5556 in
821 5503 989 5562 Deum
1013 5513 1217 5584 credat,
1249 5533 1277 5572 a
1311 5520 1421 5577 Deo
1447 5529 1643 5600 accipit
1669 5495 1848 5601 ﬁdem,

263 5587 322 5631 et
350 5583 489 5638 utin
519 5602 587 5640 eo
617 5589 747 5647 ﬁdes
791 5609 1078 5664 augmento
1119 5610 1478 5680 subsequente
1521 5583 1846 5693 perﬁciatur,

340 5766 366 5833 _‘
393 5760 516 5833 MSS.
547 5766 672 5833 duo,
706 5773 900 5829 donata
930 5789 1067 5833 sunt.

333 5826 363 5863 ι.
391 5826 670 5923 ἓξξ..ιιιιρξ
702 5826 1023 5923 Dicitigitur
1051 5852 1182 5923 idem
1211 5864 1489 5923 apostolus.

337 5907 359 5934 ε
397 5899 555 5967 Edili,
591 5905 710 5962 Non
730 5899 909 5976 utique
926 5919 1044 5970 auia
1074 5899 1301 5981 volumus

1490 4705 1697 4763 initium
1735 4711 1858 4769 ﬁdei
1895 4741 1938 4797 Ι)

1993 2039 2111 2079 eam
2168 2029 2384 2095 tribuat,
2444 2036 2698 2091 tributam
2756 2051 2971 2109 augeat,
3032 2059 3242 2106 auctam
3299 2057 3567 2129 perﬁciat,

1991 2131 2149 2184 quem
2180 2129 2456 2177 auctorem
2485 2140 3088 2205 consummatoremque
3119 2140 3240 2196 ﬁdei
3271 2150 3573 2216 apostolica

1993 2203 2275 2272 proﬁtetur
2302 2214 2617 2271 auctoritas.
2651 2217 2878 2290 Propter
2900 2203 3046 2294 quod
3074 2203 3353 2300 apostolus
3381 2203 3573 2297 Paulus

1991 2293 2040 2346 in
2069 2293 2308 2366 Epistula
2331 2316 2492 2370 quam
2533 2306 2598 2358 ad
2621 2305 2891 2377 Ephesios
2922 2293 3171 2387 (scripsit,
3214 2325 3351 2380 sicut
3389 2344 3419 2383 ι

1986 2383 2098 2439 dari
2148 2389 2377 2452 gratiam
2429 2394 2703 2461 prtedicat.
2751 2399 2822 2453 ita
2875 2383 3110 2462 testatur
3158 2383 3271 2466 non
3318 2419 3569 2476 omnibus

1984 2477 2264 2543 arqualiter
2308 2478 2450 2545 dari;
2503 2483 2598 2538 sed
2651 2498 2816 2554 prout
2857 2491 2948 2547 ille
2989 2498 3411 2561 misericorditer
3467 2510 3572 2566 do-~

1985 2577 2116 2634 nat,
2170 2574 2261 2642 qui
2323 2592 2428 2630 non
2487 2593 2605 2633 eam
2651 2599 2749 2656 pro
2797 2589 3004 2645 meritis
3061 2595 3402 2664 retribuere,
3466 2605 3560 2658 sed

1981 2661 2147 2726 gratis
2194 2663 2464 2729 tribuere,
2507 2673 2806 2728 consuevit.
2861 2677 2997 2732 Dicit
3041 2683 3182 2737 enim
3215 2686 3239 2722 δ
3285 2705 3299 2740 :
3347 2687 3561 2745 L'uieui-

1980 2771 2075 2820 que
2130 2768 2360 2813 nostrum
2414 2762 2540 2816 data
2592 2775 2666 2819 est
2714 2773 2884 2838 gratia
2932 2777 3210 2835 secundum
3270 2800 3560 2843 mensuram

1978 2841 2276 2899 donationis
2305 2845 2496 2903 Christi
2543 2851 2756 2924 (Epltes.
2783 2874 2853 2924 tv,
2908 2860 2982 2932 7).
3043 2862 3138 2920 llis
3179 2877 3340 2940 atque
3378 2841 3558 2944 hujus:

1979 2933 2121 2986 modi
2171 2938 2499 2997 testimoniis
2521 2948 2841 3016 ostenditur,
2875 2968 2976 3008 nec
3004 2958 3254 3016 omnibus
3288 2964 3402 3019 dari
3431 2979 3551 3036 gra-

1978 3021 2104 3076 tiam
2126 3066 2142 3092 ,
2183 3041 2282 3082 nec
2309 3031 2504 3098 quibus
2541 3034 2701 3091 datur
2738 3042 3018 3110 aequaliter
3045 3045 3183 3114 dari,
3232 3050 3324 3104 sed
3354 3021 3566 3110 secum-

1974 3108 2099 3164 dum
2145 3128 2450 3173 mensuram
2488 3108 3055 3188 donationistristi.
3106 3108 3242 3194 Hinc
3293 3149 3378 3195 est
3412 3147 3556 3214 quod

1973 3204 2220 3260 eamdem
2261 3208 2450 3267 beatus
2507 3214 2799 3285 Apostolus
2842 3226 3173 3285 concludens
3221 3204 3549 3305 Epistolam,

1975 3306 2182 3360 pacem,
2215 3299 2517 3369 caritatem,
2552 3315 2714 3378 atque
2745 3310 2900 3367 ﬁdem
2925 3315 3179 3376 divinitus
3201 3299 3353 3393 optat
3375 3299 3551 3396 tribui,

1969 3383 2153 3440 (licens
2191 3407 2204 3441 :
2241 3389 2362 3446 Pax
2403 3396 2669 3465 fratribus,
2713 3412 2762 3454 et
2808 3407 3002 3461 caritas
3039 3427 3157 3465 cum
3191 3415 3307 3492 ﬁde
3357 3435 3389 3471 a
3447 3419 3550 3476 Des

1970 3474 2150 3543 Patre,
2181 3490 2230 3534 et
2253 3480 2476 3541 Domino
2502 3487 2628 3542 Iesu
2649 3490 3091 3569 Citristo(Epltes.
3123 3474 3337 3579 “:23).

2038 3564 2167 3622 Car.
2195 3586 2338 3626 svnt.
2367 3607 2438 3616 --
2458 3576 2547 3632 38.
2584 3576 2653 3634 Ut
2681 3597 2808 3652 ergo
2839 3564 2892 3640 in
2914 3564 3080 3646 Deum
3124 3564 3347 3654 credere
3385 3603 3550 3658 velle-

1967 3668 2106 3730 mus,
2158 3657 2247 3712 ille
2283 3662 2448 3718 nobis
2495 3666 2692 3723 bonam
2735 3674 3065 3734 voluntatem
3103 3686 3368 3753 contulit;
3400 3701 3459 3744 ut
3482 3693 3551 3758 ,in

1966 3755 2088 3796 cum
2115 3745 2478 3820 crederemus,
2509 3754 2622 3825 ipse
2650 3758 2806 3816 ﬁdem
2835 3766 2990 3820 nobis
3029 3770 3278 3840 donavit;
3314 3787 3371 3832 ut
3401 3778 3548 3838 illum

1966 3832 2130 3886 etiam
2159 3834 2529 3908 diligeremus,
2564 3845 2704 3901 idem
2736 3853 2934 3907 nostris
2971 3857 3222 3917 cordibus
3262 3832 3355 3934 per
3383 3865 3558 3938 Spiri-~

1966 3930 2078 3976 tum
2109 3935 2352 3982 sanctum
2379 3935 2605 3997 gratiam
2637 3953 2747 3993 sua:
2773 3945 3015 4002 caritatis
3045 3930 3277 4009 inludit.—
3295 3955 3408 4013 Non
3427 3930 3546 4016 vita-

1966 4024 2071 4078 que
2097 4014 2220 4082 quia
2252 4018 2520 4078 voluimus
2554 4035 2576 4064 ο
2606 4029 2834 4093 gratiam
2859 4038 3184 4108 accepimus,
3207 4045 3298 4099 sed
3325 4050 3550 4110 necdum

1966 4102 2269 4164 volentibus
2316 4112 2472 4168 nobis
2505 4119 2672 4183 gratia
2714 4122 2838 4177 data
2861 4135 2962 4181 est.
2990 4102 3181 4196 Quam.
3202 4137 3369 4206 ipsam

3222 4198 3236 4206 .
3390 4198 3546 4218 π..

1965 4198 2191 4263 gratiam
2212 4203 2238 4239 ~'
2265 4203 2462 4263 habere
2492 4215 2782 4286 potuimus,
2808 4229 2866 4274 ut
2894 4227 3119 4290 gratiam
3144 4235 3546 4308 acciperemus;

1966 4289 2060 4344 sed
2083 4291 2384 4354 inﬁdelibus
2409 4303 2562 4359 nobis
2584 4315 2668 4361 est
2695 4289 3056 4372 donataﬁdes
3085 4336 3151 4375 ex

1968 4377 2074 4434 Vas
2115 4380 2395 4442 electionis
2445 4393 2731 4451 manifesto
2771 4407 3003 4457 testatur
3053 4377 3288 4480 eloqiiio,
3332 4377 3546 4474 die‘etts:

1967 4465 2149 4522 Gratia
2174 4474 2304 4528 salvi
2332 4479 2460 4546 facti
2477 4485 2600 4536 estis
2621 4504 2712 4552 per
2738 4489 2927 4558 ﬁdem;
2952 4483 3006 4548 et.
3030 4498 3126 4552 hoc
3154 4465 3257 4557 non
3283 4523 3349 4559 ex
3386 4510 3544 4574 mltis,

1962 4560 2053 4609 sed
2084 4560 2179 4614 Dei
2211 4564 2401 4621 donum
2426 4579 2504 4623 est
2533 4573 2748 4645 (Ep/tes.
2785 4597 2841 4646 tt,
2875 4583 2950 4653 8).
2991 4587 3117 4644 Sola
3166 4592 3327 4661 igitur

1967 4647 2017 4700 in
2048 4651 2200 4706 nobis
2224 4653 2418 4710 bonam
2450 4662 2782 4724 voluntatem
2813 4647 2971 4739 facit,
2996 4679 3110 4734 sola
3141 4647 3297 4738 ﬁdem
3321 4647 3420 4756 ipsi
3449 4705 3543 4742 vo-

1964 4732 2156 4796 luntati
2200 4746 2401 4802 tribuit.
2457 4752 2563 4806 Sed
2616 4775 2736 4812 cum
2795 4763 2938 4819 bona
2993 4770 3239 4828 voluntas
3296 4732 3542 4840 imbuerit

1970 4826 2146 4898 ﬁdem,
2177 4834 2294 4890 sine
2320 4851 2424 4905 qua
2454 4841 2592 4898 bona
2617 4863 2740 4904 esse
2767 4868 2875 4908 non
2908 4866 3105 4936 potest,
3137 4826 3259 4932 quia
3291 4826 3402 4923 is};
3440 4826 3545 4940 [ide

1957 4919 2274 4988 impossibile
2300 4937 2376 4980 est
2403 4931 2607 4997 placere
2630 4937 2742 4995 Deo
2770 4919 2953 5013 (Hebr.
2983 4965 3055 5017 st,
3199 4919 3392 5027 incipit
3409 4919 3528 5030 op;

2778 5009 2785 5013 .
3043 5009 3053 5017 -
3123 5009 3164 5022 ιι
3265 5009 3271 5010 ί
3292 5009 3381 5027 ’I’"
3414 5009 3511 5030 'r'

1960 5009 2067 5061 rari
2097 5009 2327 5083 bonum,
2360 5019 2402 5072 si
2434 5029 2615 5082 tamen
2635 5036 2880 5100 operanti
2917 5040 3104 5106 gratiae
3144 5051 3414 5116 nunquam
3443 5051 3539 5107 der

2670 5096 2685 5100 -
2918 5096 2945 5106 ν
3148 5096 3414 5116 υ---·ι““·“’
3445 5096 3509 5107 “"'

1960 5096 2028 5149 sit
2048 5101 2325 5160 auxilium.
2359 5107 2483 5166 lien
2510 5121 2654 5172 enim
2696 5121 2748 5175 in
2789 5125 2945 5182 nobis
2985 5132 3156 5198 gratia
3203 5135 3296 5191 Dei
3342 5139 3539 5198 bonam

1961 5189 2129 5248 emcit
2159 5198 2510 5272 voluntatem,
2536 5216 2595 5262 ut
2624 5211 2820 5269 habeat
2848 5189 3013 5287 quam
3042 5224 3094 5278 in
3125 5189 3549 5300 ttobisadj'uve-t,‘

1961 5293 2066 5334 non
2093 5284 2271 5340 solum
2299 5292 2590 5362 volentem,
2617 5299 2712 5355 sed
2745 5284 2908 5360 etiam
2939 5323 3280 5382 operantem;
3318 5327 3374 5373 et
3414 5320 3534 5376 ideo

1959 5371 2219 5430 voluntati
2249 5389 2446 5437 nostra:
2469 5385 2670 5445 donum
2713 5371 3046 5457 credulitatis
3087 5403 3335 5474 infundit,
3368 5419 3429 5467 ut
3465 5415 3538 5470 ei-

1957 5460 2078 5516 dem
2105 5467 2373 5528 voluntati
2417 5479 2660 5538 credenti
2693 5493 3052 5563 operantiqne
3097 5513 3206 5553 non
3254 5500 3414 5559 desit.
3465 5505 3532 5561 Ut

1957 5551 2308 5664 egohabeat
2347 5563 2506 5622 ﬁdem
2533 5580 2576 5635 ⁸,
2609 5551 2826 5634 non-ex
2876 5551 2976 5647 se:
3007 5585 3104 5642 sed
3132 5551 3203 5645 es
3241 5551 3538 5664 gratia

1955 5637 2056 5691 sibi
2087 5641 2264 5701 inesse
2295 5657 2504 5710 noverit
2537 5659 2702 5729 ipsam
2733 5667 2852 5724 ﬁdei
2882 5671 3196 5740 largitatem.

2025 5809 2048 5893 (ξ
2083 5812 2240 5893 Editi,
2252 5829 2445 5893 (gratis.

2031 5882 2208 5971 'elss.
2233 5882 2361 5971 duo,
2391 5897 2458 5952 Ut
2487 5918 2609 5971 ergo
2641 5909 2823 5966 habent

2074 5918 2361 5993 ὗὶυῖαἶιυὲῇ
2487 5918 2609 5971 ergo
2641 5918 2823 5966 habent
2857 5918 3090 5976 voluntas
3133 5927 3357 5988 (tunsam:
3399 5935 3529 5993 bona

1960 5962 2137 6005 merita
2167 5974 2257 6024 per
2280 5963 2456 6028 ﬁdem.
