4048 6342
218 396 388 473 ,δεῖ

1208 397 1293 452 os
1332 395 1673 454 VEBl‘l‘ATE
1714 397 2383 456 t'R.£DESTINAttO.\IS
2422 378 2545 455 ue.
2589 398 2631 455 ι.

3449 380 3551 455 oss

289 513 470 585 (Prov.
506 529 654 578 xxxx,
686 512 794 584 l9).
825 513 960 581 Quid
990 490 1073 568 est
1102 524 1306 578 autem,
1342 513 1521 567 Verbis
1569 530 1673 567 non
1703 529 1875 567 emen-
1904 520 1950 577 Α
1978 530 2007 568 a
2038 513 2201 581 malo,
2245 513 2340 569 sed
2366 512 2529 570 etiam
2578 522 2637 568 ut
2662 512 2919 568 faciamus
2946 512 3147 568 bonmn
3172 529 3186 579 ;
3240 527 3344 582 qua
3372 512 3554 582 diliga-

288 604 527 673 dabitur,
539 604 643 659 nisi
669 622 682 657 :
709 604 828 660 solo
850 604 1104 660 mandato
1133 604 1165 659 ι.
1183 605 1288 673 gis,
1312 605 1357 659 si
1386 604 1556 671 gratia
1578 604 1735 669 desit,
1762 621 1870 659 non

287 697 674 752 eonvertetur?
698 695 840 752 Deus
882 695 1026 751 enim
1056 703 1377 751 convertens
1406 694 1638 750 vivilicat
1668 710 1785 759 nos,
1815 701 1873 749 ut

289 784 442 856 plebs
464 784 582 854 ejus
608 776 817 839 laetetur
845 783 897 839 in
927 799 993 839 eo
1015 783 1192 853 (Psal.
1217 799 1434 849 ussrv,
1464 783 1542 855 7).
1570 781 1691 853 Ipse
1715 770 1874 839 nobis

288 879 529 936 ostendit
557 876 980 932 misericordiam
1007 891 1184 941 suam,
1217 884 1271 931 et
1297 875 1533 931 salutare
1571 890 1725 930 suum
1758 875 1873 944 ipse

285 971 378 1027 dat
405 962 562 1035 nobis
591 960 779 1040 (Ibid,
820 970 900 1041 8).
937 969 1006 1026 Ut
1040 983 1171 1039 ergo
1215 984 1326 1025 non
1371 969 1557 1025 credat
1609 971 1661 1025 in
1703 969 1870 1025 Deum

287 1056 471 1125 homo,
504 1077 569 1116 es
606 1061 791 1130 seipso
831 1059 996 1114 habet
1044 1059 1376 1115 inﬁdelitatis
1404 1060 1627 1126 vitium;
1669 1069 1729 1115 ut
1776 1076 1872 1115 au-

286 1162 395 1207 tem
426 1151 612 1207 credat
636 1159 697 1205 et
721 1150 904 1219 diligat
931 1165 1080 1219 eum,
1110 1150 1304 1205 divina:
1332 1150 1593 1220 largitatis
1638 1158 1726 1205 est
1770 1151 1869 1206 do-

287 1260 437 1301 uuln.
504 1243 563 1299 Si
612 1241 756 1298 enim
806 1249 1081 1312 quaeratur
1141 1241 1330 1311 quales
1372 1240 1623 1297 homines
1668 1240 1873 1295 invenit

285 1339 481 1409 gratia,
505 1338 641 1390 tales
662 1334 863 1390 invenit
884 1333 1068 1403 utique
1081 1333 1268 1402 quales
1291 1333 1537 1403 designat
1558 1331 1869 1402 Apostolus,

287 1428 340 1482 id
364 1435 468 1491 est,
501 1424 816 1495 insipientes
854 1429 918 1478 et.
938 1421 1263 1487 incredulos,
1286 1430 1553 1491 errantes,
1573 1421 1872 1478 servientes

286 1518 569 1576 desideriis
592 1525 649 1572 et
676 1515 1039 1587 voluptatibus
1075 1515 1271 1582 variis,
1313 1515 1368 1570 in
1404 1514 1608 1569 malitia
1651 1522 1708 1570 et
1735 1514 1872 1569 invi-

288 1611 374 1665 dia
399 1615 644 1678 agentes,
677 1605 922 1672 odibiles,
956 1604 1203 1661 odientes
1250 1602 1478 1660 invicem
1527 1603 1654 1674 (Tit.
1682 1619 1760 1670 ιιι,
1789 1601 1867 1675 5).

291 1701 367 1757 Bx
426 1700 623 1770 quibus
649 1698 794 1755 vitiis
831 1697 1078 1753 omnibus
1122 1711 1231 1752 non
1269 1696 1624 1768 possibilitate
1670 1704 1874 1751 naturae

291 1805 345 1852 et
383 1794 660 1864 agnitione
685 1791 839 1862 legis,
881 1791 977 1847 sed
1017 1791 1346 1860 benignitate
1378 1790 1676 1847 Salvatoris
1698 1791 1874 1848 nostri

1972 620 2094 662 mus
2121 621 2229 662 non
2258 606 2431 662 solum
2459 605 2759 675 proximos,
2806 604 2901 660 sed
2945 605 3111 660 etiam
3155 603 3402 661 inimicos
3449 621 3552 659 no-

1973 706 2135 761 stros,
2168 704 2223 752 et
2249 696 2347 768 (al.
2374 694 2883 775 ut).benefaciamus
2910 695 2991 751 eis
3035 695 3149 764 qui.
3172 695 3402 751 oderunt
3431 710 3554 762 nos,

1973 798 2031 844 et
2074 803 2290 844 orenms
2334 804 2434 858 pro
2481 788 2928 865 persequentibus
2987 794 3044 843 et
3100 787 3555 844 calumniantibus

1975 895 2073 933 nos
2103 876 2315 948 (Matth.
2348 893 2402 945 v,
2432 876 2521 948 44)
2547 894 2562 943 ;
2605 877 2719 933 haec
2743 891 2873 947 ergo
2902 878 3099 933 caritas
3126 893 3234 933 non
3259 893 3327 933 ex
3371 884 3553 932 nostra

1975 969 2251 1025 voluntate
2280 977 2372 1023 aut
2399 983 2519 1025 esse
2548 968 2754 1039 incipit,
2786 975 2879 1023 aut
2907 970 3101 1023 crescit
3124 968 3177 1023 in
3208 969 3363 1023 nobis
3387 984 3403 1033 ;
3432 967 3550 1033 sed,

1974 1060 2145 1129 gratia
2177 1058 2268 1113 Dei
2308 1058 2561 1128 faciente,
2605 1057 2917 1113 diﬂ'unditur
2960 1059 3013 1112 in
3066 1058 3319 1114 cordibus
3358 1058 3553 1113 nostris

1975 1166 2072 1221 per
2095 1150 2354 1220 Spiritum
2376 1158 2644 1214 sanctum,
2671 1148 2765 1219 qui
2792 1147 2948 1203 datus
2976 1157 3060 1203 est
3087 1149 3261 1203 nobis.

2043 1243 2173 1299 Ctr.
2203 1258 2333 1297 nn.
2359 1272 2431 1282 -—
2458 1240 2546 1295 ιδ.
2578 1238 2830 1309 Quisquis
2860 1240 3021 1307 igitur
3050 1240 3101 1293 in
3134 1240 3350 1294 nomine
3371 1239 3553 1307 gratia:

1975 1350 2082 1389 non
2109 1335 2224 1389 vult
2247 1333 2358 1389 falli
2391 1333 2474 1388 vel
2509 1331 2714 1399 fallere,
2747 1331 2929 1386 audiat
2960 1330 3296 1402 Apostolum,
3329 1332 3552 1387 tumoris

1975 1423 2196 1501 hmani
2246 1421 2574 1493 superbiam,
2614 1435 2735 1491 qua:
2761 1421 2861 1476 sibi
2889 1421 3078 1476 nititur
3105 1420 3379 1491 assignare
3401 1420 3552 1475 home

1928 1587 1937 1594 δ
1975 1512 2267 1569 voluntatis
2300 1511 2533 1576 initium,
2561 1510 2793 1567 sollicite
2821 1510 3291 1580 comprimentem,
3323 1509 3415 1578 qui
3437 1509 3549 1567 ait:

1977 1601 2105 1667 Quis
2133 1603 2271 1656 enim
2306 1612 2353 1656 te
2392 1600 2684 1655 discernit?
2730 1598 2870 1664 Quid
2897 1609 3068 1653 autem
3093 1597 3251 1653 habes
3289 1597 3424 1668 quod
3451 1613 3552 1651 non

1976 1696 2218 1767 accepisti
2238 1696 2265 1749 .’
2293 1694 2354 1750 Si
2381 1705 2550 1749 autem
2578 1695 2844 1766 accepisti,
2875 1694 2998 1762 quid
3017 1693 3262 1766 gloriaris
3283 1693 3431 1766 quasi
3453 1701 3553 1746 nan

1959 1775 2233 1858 acceperis
2260 1785 2316 1858 (1
2345 1785 2465 1842 Cor.
2495 1802 2568 1852 IV,
2598 1785 2696 1856 7)?
2743 1784 2930 1841 Jacobi
2967 1801 3185 1857 quoque
3231 1785 3553 1841 sententiam

291 1886 383 1942 Dei
413 1902 514 1966 nos
537 1882 790 1955 praedicat
815 1897 935 1939 esse
966 1883 1205 1937 salvatos
1230 1881 1419 1953 (lbid.,
1453 1880 1535 1971 «1)ἒ
1579 1882 1742 1953 Cujus
1769 1898 1873 1953 ope
1904 1898 1950 1959 Β
1976 1882 2188 1937 sincera
2218 1880 2396 1935 cordis
2425 1879 2726 1934 humilitate
2754 1885 3011 1941 sectetur,
3033 1893 3141 1947 qua
3164 1894 3262 1932 nos
3283 1877 3352 1931 ab
3370 1891 3554 1971 errore

294 1975 349 2029 lit
387 1986 465 2043 ut,
494 1974 810 2046 abnegantes
837 1974 1148 2045 impietatem
1191 1982 1240 2027 et
1278 1973 1551 2029 stecularia
1591 1973 1870 2038 desideria,

292 2066 476 2130 sobrie,
517 2074 566 2121 et
603 2064 767 2137 juste,
801 2072 855 2119 et
880 2064 963 2135 pie
991 2065 1217 2119 vivamus
1262 2064 1318 2118 in
1372 2064 1465 2119 hoc
1515 2067 1705 2119 secqu
1744 2063 1869 2137 (Tit.

291 2175 358 2222 ιι,
393 2157 506 2227 η).

361 2247 494 2304 Cn.
518 2264 628 2303 ut.
647 2280 719 2290 -—-
732 2246 822 2300 45.
847 2244 960 2302 Hoc
986 2246 1145 2316 igitur
1160 2246 1269 2316 agit
1286 2246 1458 2317 gratia
1476 2244 1569 2301 Dei
1584 2261 1682 2317 per
1696 2244 1874 2303 Domi-

289 2355 418 2396 num
459 2347 702 2394 nostrum
720 2335 902 2393 Jesum
921 2336 1215 2405 Christum,
1236 2344 1293 2392 ut
1314 2353 1380 2393 ex
1405 2336 1775 2407 insipientibus
1794 2351 1876 2390 sa-

292 2433 501 2503 pientes
520 2426 700 2492 faciat,
719 2425 1020 2485 infidelibus
1038 2426 1195 2483 tidem
1217 2427 1434 2491 tribuat,
1452 2434 1696 2483 errantes
1715 2424 1780 2482 ad
1805 2426 1874 2482 vi-

294 2532 401 2577 tam
418 2536 527 2576 non
555 2519 728 2576 solum
743 2527 919 2586 vocet,
949 2517 1042 2573 sed
1069 2518 1232 2572 etiam
1247 2534 1276 2572 a
1297 2518 1474 2588 pravis
1493 2514 1771 2574 desideriis
1789 2533 1874 2572 re-

291 2621 477 2679 vocet;
501 2611 731 2667 terrenis
749 2609 1028 2665 desideriis
1044 2619 1068 2646 ι
1100 2609 1358 2680 expulsis,
1380 2608 1700 2665 desiderium
1723 2608 1872 2677 regni

294 2703 529 2761 caelestis
550 2702 773 2774 inspiret
794 2719 809 2768 ;
831 2700 1009 2757 ablata
1038 2700 1371 2772 voluptatum
1394 2702 1688 2756 carnalium
1717 2702 1870 2770 cupi-

294 2793 482 2858 ditate,
532 2791 733 2847 dorsum
759 2790 1017 2867 spiritalis
1053 2790 1432 2847 delectationis
1475 2807 1541 2846 ac
1583 2791 1872 2846 voluntatis

294 2867 576 2949 lahmdatj
621 2882 880 2952 exstirpet
908 2880 1106 2937 inserta
1134 2882 1376 2954 bonitate
1395 2882 1651 2936 malitiam
1675 2898 1691 2946 ;
1722 2882 1873 2938 beni-

296 2955 515 3048 gnitatis
555 2973 699 3030 dono
730 2974 895 3045 pellat
922 2974 1173 3031 invidiam
1201 2991 1215 3040 ;
1262 2974 1550 3030 odibilibus
1574 2990 1792 3044 quoque
1818 2983 1873 3030 et

296 3064 606 3139 edientibus
640 3063 869 3119 invicem
913 3062 1115 3118 donum
1158 3071 1356 3120 sanctae
1383 3059 1687 3119 dilectionis
1715 3066 1868 3119 attri-

297 3142 426 3212 buat
454 3153 505 3210 ι’.
540 3154 609 3210 Ut
635 3166 764 3222 ergo
790 3170 857 3209 ex
886 3154 1041 3210 malis
1069 3154 1196 3210 boui
1215 3155 1400 3221 simus,
1427 3162 1482 3211 et
1506 3164 1563 3210 ut
1585 3157 1707 3224 igne
1745 3173 1872 3212 sau-
1897 3224 1901 3229 1

1973 1981 2226 2038 revocat,
2259 1980 2315 2027 et
2342 1971 2395 2025 in
2424 1969 2564 2024 viam
2590 1969 2832 2025 veritatis
2860 1968 3092 2033 inducit,
3120 1967 3305 2023 dicens
3332 1984 3344 2021 :
3379 1963 3554 2035 Nolite

1973 2080 2173 2132 errare,
2204 2064 2393 2134 fratres
2414 2061 2513 2115 mei
2551 2075 2570 2114 :
2618 2076 2769 2115 omne
2798 2059 2977 2112 datum
3012 2059 3283 2129 optimum,
3331 2065 3556 2133 etontns

1977 2155 2166 2211 donum
2205 2154 2488 2225 perfectum
2519 2150 2790 2205 desursum
2817 2158 2926 2218 est,
2969 2148 3282 2205 descendens
3324 2165 3358 2201 α
3397 2146 3555 2200 Patre

1973 2248 2227 2303 luminum
2257 2245 2397 2315 (Jac.
2427 2259 2466 2311 ι,
2494 2242 2582 2309 16,
2612 2240 2722 2314 17).
2765 2240 2881 2313 Ipse
2909 2256 3125 2312 quoque
3148 2248 3332 2295 noster
3358 2236 3553 2294 Condi-

1975 2346 2062 2393 tor
2088 2353 2152 2393 ac
2194 2334 2546 2404 Redemptor,
2577 2348 2699 2388 cum
2726 2332 2897 2387 turbis
2925 2331 2978 2386 in
3008 2330 3279 2401 parabolis
3308 2329 3553 2398 loquere-

1975 2438 2078 2494 tur,
2127 2437 2185 2482 ut
2221 2424 2531 2481 ostenderet
2556 2423 2831 2479 interioris
2864 2433 2885 2461 ε
2919 2421 3207 2492 agnitionis
3237 2420 3553 2474 facultatem

1974 2522 2078 2577 illis
2106 2527 2311 2574 tantum
2342 2518 2518 2573 inesse
2552 2515 2748 2587 quibus
2777 2529 2897 2570 eam
2929 2515 3044 2584 ipse
3082 2511 3262 2581 largiri
3291 2501 3553 2571 voluerit,

1971 2610 2242 2681 quiaiyse
2261 2615 2343 2663 est
2367 2607 2451 2678 qui
2473 2605 2618 2660 docet
2645 2605 2902 2659 hominem
2921 2603 3191 2658 scientiam
3210 2598 3378 2672 (Psal.
3406 2614 3554 2664 XCIII,

1976 2703 2086 2774 l0),
2129 2699 2429 2775 dicentibus
2473 2696 2589 2751 sibi
2621 2695 2896 2765 discipulis
2924 2712 2938 2748 :
2966 2691 3138 2758 Quare
3185 2692 3240 2745 in
3289 2688 3551 2762 parabolis

1972 2795 2191 2867 loqueris
2219 2793 2292 2847 eis
2324 2788 2541 2863 (Matth.
2571 2803 2683 2854 xm,
2716 2786 2804 2858 14)
2828 2788 2852 2842 ἲ
2894 2783 3175 2841 manifesta
3201 2781 3553 2854 responsione

1974 2884 2176 2939 donum
2207 2880 2391 2953 gratia:
2437 2879 2675 2936 ctelestis
2720 2878 2950 2950 aperuit,
2991 2877 3214 2933 dicens:
3242 2875 3377 2940 Quia
3413 2873 3554 2930 vobis

1975 2975 2150 3028 datum
2172 2981 2249 3027 est
2278 2986 2427 3025 nosse
2453 2971 2749 3040 mysterium
2789 2969 2935 3040 regni
2973 2967 3069 3023 Dei
3090 3009 3106 3035 ,
3154 2968 3354 3023 steteris
3382 2972 3553 3020 auth

1972 3066 2028 3119 in
2049 3063 2311 3135 parabolis
2335 3060 2483 3134 (Lac.
2524 3076 2579 3127 ιι,
2616 3060 2724 3132 10).
2766 3060 2935 3132 Ipsius
2972 3074 3191 3130 quoque
3231 3057 3298 3113 ad
3339 3055 3554 3113 Patrem

1974 3156 2179 3212 directa
2203 3154 2473 3210 confessio
2500 3152 2782 3209 evidenter
2808 3151 3066 3220 ostendit,
3096 3166 3313 3208 omnem
3339 3150 3551 3228 sapieu;

294 3256 396 3306 σιω
443 3246 687 3302 caritatis
725 3246 1040 3315 ﬂagremus,
1086 3247 1272 3317 gratia:
1316 3248 1570 3317 spiritalis
1607 3264 1774 3318 opere
1816 3250 1870 3304 in
1979 3247 2108 3302 tiam
2136 3247 2382 3300 humana:
2418 3245 2616 3302 mentis
2653 3244 2721 3300 ad
2751 3232 3160 3330 intelligentiam
3187 3242 3385 3298 divinae
3422 3258 3554 3313 pra:-

297 3340 451 3396 nobis
481 3339 787 3406 inchoatur,
820 3337 1043 3408 ejusque
1088 3339 1145 3394 in
1179 3339 1335 3395 nobis
1360 3341 1680 3411 operatione
1709 3340 1871 3412 perli-

220 3418 225 3419 ί
295 3434 465 3499 citur-
486 3431 710 3486 Fructus
755 3430 900 3487 enim
949 3429 1178 3501 Spiritus
1220 3440 1298 3487 est
1342 3433 1556 3497 caritas,
1602 3432 1867 3506 gaudium,

296 3540 418 3595 pax,
436 3523 826 3595 longanimitas,
853 3521 1075 3586 bonitas,
1093 3519 1382 3593 benignitas
1411 3520 1551 3595 (Gal.
1575 3522 1870 3590 “2235‘,

294 3624 350 3671 et
374 3624 593 3679 caetera,
619 3630 740 3684 qua:
770 3613 1064 3685 apostolica
1093 3613 1339 3670 doctrina
1360 3614 1723 3670 commendat.
1756 3613 1872 3671 Hoc

296 3707 348 3762 in
374 3705 533 3762 nobis
558 3705 762 3776 Spiritu
790 3713 1050 3777 operante
1086 3706 1377 3763 salubriter
1404 3706 1650 3763 facienda
1678 3722 1874 3777 cogno-

294 3799 514 3863 scimus,
538 3799 664 3867 quia
693 3798 807 3870 ipse
836 3799 887 3853 in
912 3798 1065 3853 nobis
1092 3808 1369 3869 operatur,
1393 3808 1450 3854 ut
1472 3800 1685 3869 cognita
1706 3799 1870 3856 facia-

294 3903 432 3944 mus.
470 3887 587 3943 Non
617 3887 758 3943 enim
782 3888 1021 3958 spiritum
1049 3889 1205 3959 hujus
1237 3889 1416 3957 mundi
1444 3891 1752 3961 accepimus,
1782 3890 1874 3945 scd

297 3981 550 4052 Spiritum
579 3980 664 4052 qui
692 3997 757 4033 ea:
780 3978 892 4034 Deo
917 3988 1011 4045 est,
1038 3988 1096 4032 ut
1117 3981 1338 4053 sciamus
1359 3995 1473 4049 qua:
1496 3997 1527 4033 a
1550 3979 1659 4035 Deo
1679 3981 1874 4035 donata

295 4084 411 4128 sunt
458 4072 606 4129 nobis
653 4071 707 4145 (Ι
752 4070 873 4128 Cor.
906 4088 966 4140 ιι,
1000 4071 1105 4144 1‘2).
1159 4070 1363 4128 Eodem
1411 4088 1626 4143 quoque
1671 4072 1873 4144 Spiritu

293 4167 522 4238 agimur,
563 4174 623 4220 ut
650 4165 789 4219 bene
828 4172 1050 4233 agentes
1097 4163 1189 4219 lilii
1234 4163 1327 4218 Dei
1373 4164 1559 4219 simus.
1621 4163 1877 4235 Quotquot

293 4257 435 4315 enim
484 4257 685 4328 Spiritu
728 4254 825 4311 Dei
862 4264 1107 4328 aguntur,
1143 4256 1196 4310 hi
1240 4256 1339 4325 ﬁlii
1385 4266 1504 4310 sunt
1554 4255 1649 4312 Dei
1694 4256 1872 4313 (Rom.

224 4412 227 4421 ,
293 4363 402 4413 vin,
440 4346 551 4415 Η).

363 4437 454 4493 «Η.
498 4436 821 4493 leestibus
861 4436 1023 4507 igitur
1048 4436 1362 4492 obedientes
1390 4437 1639 4508 eloquiis,
1682 4436 1876 4494 firmis-

291 4534 426 4589 sime
453 4540 752 4598 teneamus,
780 4532 1018 4587 omnium
1050 4530 1205 4587 nobis
1232 4532 1495 4587 bonorum
1539 4531 1747 4585 initium
1793 4532 1876 4586 di-

1974 3337 2260 3395 dicationis
2297 3336 2604 3402 invalidam,
2652 3336 2752 3394 nisi
2795 3336 2956 3403 Deus,
2993 3335 3093 3405 qui,
3115 3335 3276 3391 docet
3319 3335 3556 3393 exterius

1974 3417 2373 3502 per'hominem
2401 3429 2742 3500 loquentem,
2791 3444 2890 3500 per
2924 3429 3160 3498 seipsum
3191 3427 3416 3484 interius
3450 3427 3547 3484 do-

1972 3539 2123 3592 ecns,
2154 3523 2418 3579 illuminet
2440 3531 2603 3593 atque
2630 3521 2851 3592 adjuvet
2883 3521 3209 3578 audientem.
3251 3519 3340 3575 Ait
3366 3519 3508 3576 enim
3537 3537 3550 3572 :

1972 3615 2235 3686 Conﬁteor
2252 3617 2361 3682 tibi,
2386 3614 2569 3682 Pater,
2594 3599 2814 3672 Domine
2832 3616 2947 3671 coeli
2965 3624 3014 3670 et
3036 3624 3210 3683 term,
3231 3613 3318 3685 qui
3338 3613 3554 3668 abscons

1974 3706 2098 3760 disti
2136 3706 2246 3781 Inus
2283 3722 2315 3759 ιι
2350 3705 2670 3778 sapientibus
2689 3713 2740 3760 et
2760 3705 3116 3776 prudentibus,
3146 3714 3197 3759 et
3223 3704 3461 3761 reretasti
3491 3718 3551 3756 ea

1974 3799 2202 3871 parvulis
2246 3796 2462 3869 (Matth.
2495 3812 2582 3865 XI,
2611 3795 2727 3867 25).
2781 3795 3063 3863 Quomodo
3103 3795 3275 3864 gratia
3305 3794 3550 3849 omnibus

1975 3888 2233 3945 asseritur
2259 3886 2405 3953 data,
2453 3902 2575 3957 quae
2622 3903 2653 3941 a
2702 3887 3036 3958 sapientibus
3078 3894 3135 3940 et
3177 3884 3550 3958 prudentibus.

1976 3987 2113 4036 teste
2141 3978 2259 4051 ipso
2285 3978 2552 4035 donatore
2570 3978 2622 4045 ἀ,
2649 3985 2982 4034 monstratur
3020 3975 3380 4034 abscondita?
3422 3966 3557 4031 Nam

1976 4082 2033 4129 et
2061 4074 2115 4129 in
2140 4072 2596 4143 subsequentibus
2634 4072 2818 4128 verbis
2856 4072 3189 4141 agnitionem
3233 4072 3339 4128 Dei
3356 4088 3463 4127 non
3500 4073 3553 4127 in

1977 4163 2212 4220 humana
2241 4171 2529 4235 potestate,
2560 4164 2654 4219 sed
2680 4163 2735 4218 in
2763 4162 2943 4219 divina
2967 4164 3202 4221 ostendit
3229 4163 3558 4220 revelatione

1977 4257 2294 4323 consistere,
2325 4272 2449 4313 eum
2475 4256 2593 4313 ait:
2639 4254 2976 4314 Nemo‘norit
3001 4255 3197 4314 Filium
3231 4260 3333 4313 nisi
3371 4257 3556 4326 Pater,
3612 4244 3616 4249 ’

1979 4364 2141 4421 neque
2170 4347 2385 4403 Patrem
2409 4347 2525 4420 quis
2555 4348 2692 4404 norit
2713 4348 2814 4403 nisi
2835 4346 2883 4401 F
2885 4348 3025 4413 ilius,
3048 4357 3099 4402 et
3119 4350 3199 4403 cui
3228 4349 3439 4415 voluerit
3461 4347 3555 4402 Fi-

1978 4441 2077 4495 lius
2106 4442 2330 4495 ret-clare
2358 4438 2544 4511 (Ibid.,
2588 4439 2720 4510 27)?
2757 4440 2889 4506 Quis
2929 4439 3018 4495 hic
3043 4454 3150 4495 non
3184 4439 3357 4495 videat
3382 4440 3556 4496 homi-

1980 4545 2103 4586 nem
2133 4531 2200 4586 ab
2229 4531 2449 4586 homine
2477 4531 2736 4586 inutiliter
2769 4546 3075 4587 sermonem
3101 4530 3357 4587 doctrina:
3389 4532 3554 4588 cmic-

292 4626 414 4679 vina
447 4623 695 4692 largitate
729 4622 984 4678 conferri.
1028 4621 1137 4678 Nos
1157 4630 1360 4685 autem,
1391 4629 1450 4675 ut
1474 4622 1871 4686 contineamus,
1905 4645 1953 4705 ο
1978 4621 2078 4676 stis
2107 4620 2311 4682 audire.
2345 4620 2449 4675 nisi
2485 4621 2537 4677 ei
2564 4622 2821 4690 magister
2849 4622 2990 4678 Deus
3019 4621 3311 4678 revelando
3349 4623 3553 4680 miscri-

290 4732 359 4772 ne
381 4714 526 4769 mala
555 4714 835 4778 faciamus,
863 4722 919 4769 et
948 4722 1002 4769 ut
1043 4715 1242 4769 bonum
1282 4713 1599 4782 incipiamus
1626 4711 1760 4766 velle
1791 4712 1877 4766 vel

289 4806 490 4869 facere,
525 4820 625 4861 nec
650 4804 858 4859 initium
899 4820 928 4859 a
980 4805 1134 4860 nobis
1184 4805 1381 4859 habere
1430 4819 1733 4873 possumus,
1777 4817 1877 4857 nec

289 4896 617 4969 profectum.
686 4894 1146 4963 Quemadmodum
1219 4898 1361 4951 enim
1423 4895 1492 4951 de
1548 4894 1878 4950 continentia

287 4988 553 5057 scriptum
584 4995 690 5052 est,
729 4988 855 5057 quia
884 5004 1033 5041 nemo
1063 4986 1230 5059 558
1259 4995 1422 5057 potest
1451 5002 1561 5039 esse
1588 4987 1877 5047 continens,

289 5078 397 5131 nisi
430 5073 568 5130 Deus
590 5077 674 5131 det
698 5075 857 5147 (Sap.
885 5092 993 5144 vui,
1024 5075 1133 5146 il),
1179 5085 1235 5131 et
1274 5077 1563 5147 Apostolus
1591 5092 1709 5131 eam
1741 5077 1880 5130 inter

226 5236 229 5237 ν
288 5170 498 5225 fructus
525 5169 760 5239 Spiritus
782 5180 1064 5226 enumerat
1092 5171 1290 5243 (Galat.
1327 5188 1378 5238 v,
1410 5172 1500 5241 25)
1529 5191 1543 5226 :
1575 5172 1652 5228 sic
1680 5174 1879 5229 caritas

288 5278 417 5333 qua:
441 5279 547 5317 non
578 5264 687 5334 agit
714 5278 985 5333 perperam
1007 5263 1058 5333 (ι
1085 5262 1207 5317 Cor.
1235 5280 1347 5329 xm,
1380 5263 1462 5331 4),
1490 5265 1635 5335 quod
1660 5264 1726 5319 ad
1747 5280 1877 5320 con-

287 5355 580 5411 tinentiam
622 5354 878 5425 pertinet,
922 5362 978 5407 et
1014 5369 1135 5423 qum
1161 5370 1258 5424 per
1285 5355 1425 5409 bona
1456 5371 1620 5425 opera
1652 5356 1878 5426 cooperit

285 5444 675 5501 audtittdinem
723 5444 1050 5515 peccatorum
1082 5444 1135 5513 (I
1171 5444 1315 5499 Patr.
1349 5463 1419 5508 Iv,
1454 5444 1542 5515 3),
1585 5461 1682 5516 per
1715 5462 1875 5514 quam

222 5581 227 5585 .
286 5551 341 5590 ιιι
375 5535 531 5590 nobis
571 5534 712 5590 Deus
740 5528 1087 5605 cooperatur,
1117 5551 1221 5589 non
1247 5536 1420 5601 solum
1461 5546 1518 5590 ut
1546 5536 1878 5592 declinemus

358 5738 385 5763 ⁸·
410 5729 502 5799 Sic
528 5746 656 5785 mss.
684 5722 814 5785 duo.
846 5729 915 5784 At
937 5728 1089 5797 editi,
1119 5729 1291 5799 pravis
1321 5718 1607 5781 desideriis.

360 5799 389 5838 ιθ
421 5797 547 5871 Mss.
579 5799 711 5868 duo,
738 5799 1003 5871 infundat.

371 5880 395 5909 α
428 5868 569 5925 Editi
594 5918 599 5921 .
620 5866 1077 5939 inteltipentioris;
1108 5866 1205 5923 sed
1228 5869 1422 5925 melius
1447 5884 1580 5925 mss.
1609 5876 1718 5927 tres
1743 5919 1756 5932 ,
1796 5868 1880 5921 in-

1979 4710 2212 4766 corditer
2233 4710 2483 4780 loquatur
2509 4711 2564 4765 in
2593 4711 2755 4767 corde
2775 4712 2798 4767 2

2049 4800 2180 4856 Cu.
2211 4816 2362 4856 χχιιι.
2394 4831 2465 4845 -ι
2501 4800 2590 4859 46.
2623 4801 2747 4858 Hac
2774 4811 2953 4858 autem
3006 4805 3264 4860 revelatio
3311 4806 3556 4876 specialis

1980 4901 2066 4949 est
2104 4892 2334 4949 ﬁliorum
2364 4893 2481 4960 Dei,
2512 4910 2617 4966 qua
2656 4910 2765 4950 non
2790 4896 2963 4951 solum
2985 4896 3307 4965 cognitionis
3332 4896 3557 4968 donum,

1983 4984 2087 5055 sed,
2126 4986 2298 5054 etiam
2337 4984 2534 5043 divinae
2581 4987 2883 5044 dilectionis
2928 4988 3213 5064 accipiunt.
3257 4990 3372 5046 Non
3414 4993 3557 5050 enirn

1987 5078 2107 5132 talis
2147 5088 2229 5131 est
2276 5076 2377 5133 ista
2423 5080 2823 5135 revelatiosive
2843 5080 3105 5148 cognitio.
3128 5082 3302 5151 qualis
3350 5083 3561 5140 illorum

1983 5166 2053 5222 de
2079 5166 2276 5236 quibus
2305 5167 2437 5222 dicit
2472 5168 2793 5238 Apostolus,
2816 5170 2941 5240 quia
2974 5170 3111 5242 quod
3136 5179 3312 5226 notum
3356 5180 3432 5227 est
3464 5172 3560 5226 Dei

1982 5260 2318 5330 manifestum
2343 5262 2495 5314 estin
2524 5261 2649 5316 illis.
2674 5260 2814 5317 Deus
2842 5262 3002 5335 557
3045 5265 3182 5319 enim
3213 5265 3315 5319 illis
3335 5268 3541 5337 ntanifr-

1979 5352 2131 5404 stavit
2162 5348 2339 5421 (Rom.
2364 5367 2400 5413 ι,
2441 5351 2548 5421 l9),
2578 5352 2783 5408 scilicet
2802 5363 2858 5407 nt
2879 5355 2983 5408 sint
3003 5354 3377 5410 inexcusabiles
3397 5396 3410 5422 ,
3444 5358 3565 5427 quia

1980 5458 2095 5495 cum
2127 5445 2478 5512 cognovissent
2522 5443 2707 5509 Deum,
2759 5460 2860 5501 non
2890 5448 3022 5501 sicut
3052 5446 3215 5501 Deum
3243 5448 3563 5523 gloriﬁcare

1982 5543 2132 5597 runt,
2156 5542 2245 5587 aut
2274 5535 2481 5603 gratius
2501 5546 2715 5605 egerunt
2747 5536 2937 5607 (Ibid.,
2967 5538 3055 5605 ευ,
3084 5540 3197 5609 2|).
3247 5540 3339 5597 Illa
3385 5543 3563 5614 itaqua

1988 5733 2207 5787 terioris.
2256 5732 2257 5735 “
2660 5782 2664 5787 ,
3311 5758 3314 5762 λ

2058 5803 2082 5840 ά
2114 5802 2209 5859 Sic
2231 5819 2357 5859 mss.
2394 5803 2529 5860 duo.
2554 5802 2693 5862 Editi
2726 5814 2929 5875 autem,
2960 5809 3072 5881 ipso
3102 5812 3347 5868 donante.
