  <div class='ocr_page' id='page_1' title='image "/cluster/home/n/w/nwhite01/storage/ocr_20150623/65/hvd.32044054128558/319.png"; bbox 0 0 4048 6342; ppageno 0'>
   <div class='ocr_carea' id='block_1_1' title="bbox 464 386 564 442">
    <p class='ocr_par' dir='ltr' id='par_1_1' title="bbox 464 386 564 442">
     <span class='ocr_line' id='line_1_1' title="bbox 464 386 564 442; baseline 0.01 -3"><span class='ocrx_word' id='word_1_1' title='bbox 464 386 564 442; x_wconf 71' lang='lat'><strong>6&#39;17</strong></span> 
     </span>
    </p>
   </div>
   <div class='ocr_carea' id='block_1_2' title="bbox 1405 345 2680 446">
    <p class='ocr_par' dir='ltr' id='par_1_2' title="bbox 1405 345 2680 446">
     <span class='ocr_line' id='line_1_2' title="bbox 1405 345 2680 446; baseline 0.004 -5"><span class='ocrx_word' id='word_1_2' title='bbox 1405 416 1412 422; x_wconf 61' lang='lat'><strong><em>~</em></strong></span> <span class='ocrx_word' id='word_1_3' title='bbox 1491 384 1912 442; x_wconf 68' lang='lat' dir='ltr'><strong>S.FL’LGl-3NTI</strong></span> <span class='ocrx_word' id='word_1_4' title='bbox 1971 345 2272 444; x_wconf 57' lang='lat' dir='ltr'><strong>spissae:</strong></span> <span class='ocrx_word' id='word_1_5' title='bbox 2314 385 2680 446; x_wconf 67' lang='lat' dir='ltr'><strong>nusrmsts</strong></span> 
     </span>
    </p>
   </div>
   <div class='ocr_carea' id='block_1_3' title="bbox 3624 393 3726 451">
    <p class='ocr_par' dir='ltr' id='par_1_3' title="bbox 3624 393 3726 451">
     <span class='ocr_line' id='line_1_3' title="bbox 3624 393 3726 451; baseline 0.029 -3"><span class='ocrx_word' id='word_1_6' title='bbox 3624 393 3726 451; x_wconf 69' lang='lat'><strong>038</strong></span> 
     </span>
    </p>
   </div>
   <div class='ocr_carea' id='block_1_4' title="bbox 380 493 3728 578">
    <p class='ocr_par' dir='ltr' id='par_1_4' title="bbox 380 493 3728 578">
     <span class='ocr_line' id='line_1_4' title="bbox 380 493 3728 578; baseline 0.001 -21"><span class='ocrx_word' id='word_1_7' title='bbox 463 505 823 560; x_wconf 84' lang='lat' dir='ltr'><strong>manifestatio</strong></span> <span class='ocrx_word' id='word_1_8' title='bbox 839 493 1327 577; x_wconf 41' lang='lat' dir='ltr'><strong>quacoglioverunt</strong></span> <span class='ocrx_word' id='word_1_9' title='bbox 1344 505 1917 574; x_wconf 87' lang='lat' dir='ltr'><strong>Deum,qnicognitum</strong></span> <span class='ocrx_word' id='word_1_10' title='bbox 1933 521 2036 558; x_wconf 88' lang='lat' dir='ltr'><strong>non</strong></span> <span class='ocrx_word' id='word_1_11' title='bbox 2069 526 2112 578; x_wconf 71' lang='grc' dir='ltr'><strong>Α</strong></span> <span class='ocrx_word' id='word_1_12' title='bbox 2145 503 2348 567; x_wconf 87' lang='lat' dir='ltr'><strong>hulnili,</strong></span> <span class='ocrx_word' id='word_1_13' title='bbox 2379 520 2537 573; x_wconf 85' lang='lat' dir='ltr'><strong>quam</strong></span> <span class='ocrx_word' id='word_1_14' title='bbox 2567 503 2737 572; x_wconf 86' lang='lat' dir='ltr'><strong>gratia</strong></span> <span class='ocrx_word' id='word_1_15' title='bbox 2774 503 3024 572; x_wconf 75' lang='lat' dir='ltr'><strong>spiritalis</strong></span> <span class='ocrx_word' id='word_1_16' title='bbox 3053 502 3238 568; x_wconf 86' lang='lat' dir='ltr'><strong>donat,</strong></span> <span class='ocrx_word' id='word_1_17' title='bbox 3285 504 3385 559; x_wconf 82' lang='lat' dir='ltr'><strong>lide</strong></span> <span class='ocrx_word' id='word_1_18' title='bbox 3415 513 3468 560; x_wconf 87' lang='lat' dir='ltr'><strong>et</strong></span> <span class='ocrx_word' id='word_1_19' title='bbox 3498 509 3728 564; x_wconf 73' lang='lat' dir='ltr'><strong>caritate</strong></span> 
     </span>
    </p>
   </div>
   <div class='ocr_carea' id='block_1_5' title="bbox 462 596 2042 666">
    <p class='ocr_par' dir='ltr' id='par_1_5' title="bbox 462 596 2042 666">
     <span class='ocr_line' id='line_1_5' title="bbox 462 596 2042 666; baseline -0.001 -16"><span class='ocrx_word' id='word_1_20' title='bbox 462 597 788 662; x_wconf 80' lang='lat' dir='ltr'><strong>dilexerunt,</strong></span> <span class='ocrx_word' id='word_1_21' title='bbox 822 598 1045 666; x_wconf 88' lang='lat' dir='ltr'><strong>gratiam</strong></span> <span class='ocrx_word' id='word_1_22' title='bbox 1078 613 1182 650; x_wconf 91' lang='lat' dir='ltr'><strong>non</strong></span> <span class='ocrx_word' id='word_1_23' title='bbox 1215 597 1417 663; x_wconf 97' lang='lat' dir='ltr'><strong>habuit,</strong></span> <span class='ocrx_word' id='word_1_24' title='bbox 1447 611 1550 666; x_wconf 88' lang='lat' dir='ltr'><strong>qua</strong></span> <span class='ocrx_word' id='word_1_25' title='bbox 1584 596 1723 652; x_wconf 83' lang='lat' dir='ltr'><strong>Deus</strong></span> <span class='ocrx_word' id='word_1_26' title='bbox 1745 597 1823 651; x_wconf 87' lang='lat' dir='ltr'><strong>sic</strong></span> <span class='ocrx_word' id='word_1_27' title='bbox 1843 610 2042 663; x_wconf 88' lang='lat' dir='ltr'><strong>cogno-</strong></span> 
     </span>
    </p>
   </div>
   <div class='ocr_carea' id='block_1_6' title="bbox 460 687 2037 757">
    <p class='ocr_par' dir='ltr' id='par_1_6' title="bbox 460 687 2037 757">
     <span class='ocr_line' id='line_1_6' title="bbox 460 687 2037 757; baseline -0.001 -15"><span class='ocrx_word' id='word_1_28' title='bbox 460 689 630 744; x_wconf 86' lang='lat' dir='ltr'><strong>scitur</strong></span> <span class='ocrx_word' id='word_1_29' title='bbox 661 699 717 743; x_wconf 92' lang='lat' dir='ltr'><strong>ut</strong></span> <span class='ocrx_word' id='word_1_30' title='bbox 744 701 971 744; x_wconf 88' lang='lat' dir='ltr'><strong>ametur.</strong></span> <span class='ocrx_word' id='word_1_31' title='bbox 1005 687 1138 754; x_wconf 82' lang='lat' dir='ltr'><strong>Quia</strong></span> <span class='ocrx_word' id='word_1_32' title='bbox 1169 701 1298 755; x_wconf 87' lang='lat' dir='ltr'><strong>ergo</strong></span> <span class='ocrx_word' id='word_1_33' title='bbox 1317 689 1544 756; x_wconf 92' lang='lat' dir='ltr'><strong>gratiam</strong></span> <span class='ocrx_word' id='word_1_34' title='bbox 1569 704 1675 742; x_wconf 92' lang='lat' dir='ltr'><strong>non</strong></span> <span class='ocrx_word' id='word_1_35' title='bbox 1694 697 2037 757; x_wconf 88' lang='lat' dir='ltr'><strong>acceperunt,</strong></span> 
     </span>
    </p>
   </div>
   <div class='ocr_carea' id='block_1_7' title="bbox 463 777 2036 849">
    <p class='ocr_par' dir='ltr' id='par_1_7' title="bbox 463 777 2036 849">
     <span class='ocr_line' id='line_1_7' title="bbox 463 777 2036 849; baseline -0.002 -17"><span class='ocrx_word' id='word_1_36' title='bbox 463 787 749 849; x_wconf 86' lang='lat' dir='ltr'><strong>propterea</strong></span> <span class='ocrx_word' id='word_1_37' title='bbox 786 787 1176 846; x_wconf 64' lang='lat' dir='ltr'><strong>cognoscentes</strong></span> <span class='ocrx_word' id='word_1_38' title='bbox 1208 777 1373 831; x_wconf 92' lang='lat' dir='ltr'><strong>Deum</strong></span> <span class='ocrx_word' id='word_1_39' title='bbox 1403 777 1604 846; x_wconf 88' lang='lat' dir='ltr'><strong>gratias</strong></span> <span class='ocrx_word' id='word_1_40' title='bbox 1633 794 1739 831; x_wconf 91' lang='lat' dir='ltr'><strong>non</strong></span> <span class='ocrx_word' id='word_1_41' title='bbox 1781 787 2036 844; x_wconf 87' lang='lat' dir='ltr'><strong>egerunt;</strong></span> 
     </span>
    </p>
   </div>
   <div class='ocr_carea' id='block_1_8' title="bbox 461 868 2038 940">
    <p class='ocr_par' dir='ltr' id='par_1_8' title="bbox 461 868 2038 940">
     <span class='ocr_line' id='line_1_8' title="bbox 461 868 2038 940; baseline -0.003 -16"><span class='ocrx_word' id='word_1_42' title='bbox 461 879 516 924; x_wconf 87' lang='lat' dir='ltr'><strong>et</strong></span> <span class='ocrx_word' id='word_1_43' title='bbox 543 872 665 940; x_wconf 91' lang='lat' dir='ltr'><strong>quia</strong></span> <span class='ocrx_word' id='word_1_44' title='bbox 698 887 819 924; x_wconf 82' lang='lat' dir='ltr'><strong>vasa</strong></span> <span class='ocrx_word' id='word_1_45' title='bbox 863 871 954 924; x_wconf 83' lang='lat' dir='ltr'><strong>ira:</strong></span> <span class='ocrx_word' id='word_1_46' title='bbox 980 869 1195 924; x_wconf 88' lang='lat' dir='ltr'><strong>fuerunt</strong></span> <span class='ocrx_word' id='word_1_47' title='bbox 1220 877 1398 938; x_wconf 90' lang='lat' dir='ltr'><strong>aptata</strong></span> <span class='ocrx_word' id='word_1_48' title='bbox 1431 869 1482 921; x_wconf 88' lang='lat' dir='ltr'><strong>in</strong></span> <span class='ocrx_word' id='word_1_49' title='bbox 1513 868 1805 938; x_wconf 85' lang='lat' dir='ltr'><strong>interitum,</strong></span> <span class='ocrx_word' id='word_1_50' title='bbox 1855 868 1958 922; x_wconf 90' lang='lat' dir='ltr'><strong>hoc</strong></span> <span class='ocrx_word' id='word_1_51' title='bbox 1986 868 2038 921; x_wconf 88' lang='lat' dir='ltr'><strong>in</strong></span> 
     </span>
    </p>
   </div>
   <div class='ocr_carea' id='block_1_9' title="bbox 460 955 2040 1034">
    <p class='ocr_par' dir='ltr' id='par_1_9' title="bbox 460 955 2040 1034">
     <span class='ocr_line' id='line_1_9' title="bbox 460 955 2040 1034; baseline -0.003 -21"><span class='ocrx_word' id='word_1_52' title='bbox 460 960 541 1014; x_wconf 84' lang='lat' dir='ltr'><strong>eis</strong></span> <span class='ocrx_word' id='word_1_53' title='bbox 574 969 793 1029; x_wconf 83' lang='lat' dir='ltr'><strong>operata</strong></span> <span class='ocrx_word' id='word_1_54' title='bbox 824 968 908 1014; x_wconf 89' lang='lat' dir='ltr'><strong>est</strong></span> <span class='ocrx_word' id='word_1_55' title='bbox 931 958 1018 1012; x_wconf 91' lang='lat' dir='ltr'><strong>illa</strong></span> <span class='ocrx_word' id='word_1_56' title='bbox 1053 957 1414 1012; x_wconf 85' lang='lat' dir='ltr'><strong>manifestatio</strong></span> <span class='ocrx_word' id='word_1_57' title='bbox 1444 973 1547 1025; x_wconf 85' lang='lat' dir='ltr'><strong>qua</strong></span> <span class='ocrx_word' id='word_1_58' title='bbox 1580 955 1743 1010; x_wconf 90' lang='lat' dir='ltr'><strong>Deum</strong></span> <span class='ocrx_word' id='word_1_59' title='bbox 1775 970 2040 1034; x_wconf 76' lang='lat' dir='ltr'><strong>cognove-</strong></span> 
     </span>
    </p>
   </div>
   <div class='ocr_carea' id='block_1_10' title="bbox 467 1048 2037 1120">
    <p class='ocr_par' dir='ltr' id='par_1_10' title="bbox 467 1048 2037 1120">
     <span class='ocr_line' id='line_1_10' title="bbox 467 1048 2037 1120; baseline -0.002 -16"><span class='ocrx_word' id='word_1_60' title='bbox 467 1060 625 1113; x_wconf 89' lang='lat' dir='ltr'><strong>runt,</strong></span> <span class='ocrx_word' id='word_1_61' title='bbox 669 1060 728 1104; x_wconf 90' lang='lat' dir='ltr'><strong>ut</strong></span> <span class='ocrx_word' id='word_1_62' title='bbox 755 1051 1130 1118; x_wconf 87' lang='lat' dir='ltr'><strong>cognoscendo</strong></span> <span class='ocrx_word' id='word_1_63' title='bbox 1157 1049 1526 1120; x_wconf 90' lang='lat' dir='ltr'><strong>superbirent,</strong></span> <span class='ocrx_word' id='word_1_64' title='bbox 1563 1065 1665 1102; x_wconf 92' lang='lat' dir='ltr'><strong>non</strong></span> <span class='ocrx_word' id='word_1_65' title='bbox 1694 1056 1751 1101; x_wconf 90' lang='lat' dir='ltr'><strong>ut</strong></span> <span class='ocrx_word' id='word_1_66' title='bbox 1773 1064 1831 1102; x_wconf 90' lang='lat' dir='ltr'><strong>se</strong></span> <span class='ocrx_word' id='word_1_67' title='bbox 1860 1048 2037 1104; x_wconf 70' lang='lat' dir='ltr'><strong>bumi~</strong></span> 
     </span>
    </p>
   </div>
   <div class='ocr_carea' id='block_1_11' title="bbox 463 1139 2039 1210">
    <p class='ocr_par' dir='ltr' id='par_1_11' title="bbox 463 1139 2039 1210">
     <span class='ocr_line' id='line_1_11' title="bbox 463 1139 2039 1210; baseline -0.003 -14"><span class='ocrx_word' id='word_1_68' title='bbox 463 1141 647 1196; x_wconf 86' lang='lat' dir='ltr'><strong>Iiando</strong></span> <span class='ocrx_word' id='word_1_69' title='bbox 674 1143 955 1210; x_wconf 84' lang='lat' dir='ltr'><strong>diligerent</strong></span> <span class='ocrx_word' id='word_1_70' title='bbox 973 1153 1022 1196; x_wconf 71' lang='grc' dir='ltr'><strong>κ.</strong></span> <span class='ocrx_word' id='word_1_71' title='bbox 1045 1141 1159 1196; x_wconf 88' lang='lat' dir='ltr'><strong>Tali</strong></span> <span class='ocrx_word' id='word_1_72' title='bbox 1182 1156 1309 1210; x_wconf 87' lang='lat' dir='ltr'><strong>ergo</strong></span> <span class='ocrx_word' id='word_1_73' title='bbox 1330 1140 1635 1208; x_wconf 77' lang='lat' dir='ltr'><strong>cognitione</strong></span> <span class='ocrx_word' id='word_1_74' title='bbox 1657 1139 1854 1200; x_wconf 87' lang='lat' dir='ltr'><strong>ablata,</strong></span> <span class='ocrx_word' id='word_1_75' title='bbox 1875 1154 2039 1192; x_wconf 77' lang='lat' dir='ltr'><strong>excu-</strong></span> 
     </span>
    </p>
   </div>
   <div class='ocr_carea' id='block_1_12' title="bbox 457 1229 2036 1299">
    <p class='ocr_par' dir='ltr' id='par_1_12' title="bbox 457 1229 2036 1299">
     <span class='ocr_line' id='line_1_12' title="bbox 457 1229 2036 1299; baseline -0.004 -10"><span class='ocrx_word' id='word_1_76' title='bbox 457 1235 598 1290; x_wconf 81' lang='lat' dir='ltr'><strong>satio</strong></span> <span class='ocrx_word' id='word_1_77' title='bbox 624 1243 724 1299; x_wconf 90' lang='lat' dir='ltr'><strong>est,</strong></span> <span class='ocrx_word' id='word_1_78' title='bbox 758 1251 866 1289; x_wconf 90' lang='lat' dir='ltr'><strong>non</strong></span> <span class='ocrx_word' id='word_1_79' title='bbox 893 1234 1086 1290; x_wconf 88' lang='lat' dir='ltr'><strong>collata</strong></span> <span class='ocrx_word' id='word_1_80' title='bbox 1114 1234 1342 1287; x_wconf 89' lang='lat' dir='ltr'><strong>salvatio</strong></span> <span class='ocrx_word' id='word_1_81' title='bbox 1403 1229 1460 1286; x_wconf 90' lang='lat' dir='ltr'><strong>In</strong></span> <span class='ocrx_word' id='word_1_82' title='bbox 1493 1232 1592 1285; x_wconf 89' lang='lat' dir='ltr'><strong>hac</strong></span> <span class='ocrx_word' id='word_1_83' title='bbox 1621 1239 1801 1284; x_wconf 91' lang='lat' dir='ltr'><strong>autem</strong></span> <span class='ocrx_word' id='word_1_84' title='bbox 1831 1230 2036 1284; x_wconf 82' lang='lat' dir='ltr'><strong>revela-</strong></span> 
     </span>
    </p>
   </div>
   <div class='ocr_carea' id='block_1_13' title="bbox 461 1321 2033 1397">
    <p class='ocr_par' dir='ltr' id='par_1_13' title="bbox 461 1321 2033 1397">
     <span class='ocr_line' id='line_1_13' title="bbox 461 1321 2033 1397; baseline -0.004 -17"><span class='ocrx_word' id='word_1_85' title='bbox 461 1327 804 1397; x_wconf 89' lang='lat' dir='ltr'><strong>tione,qnam</strong></span> <span class='ocrx_word' id='word_1_86' title='bbox 820 1327 990 1395; x_wconf 90' lang='lat' dir='ltr'><strong>gratia</strong></span> <span class='ocrx_word' id='word_1_87' title='bbox 1012 1326 1103 1380; x_wconf 86' lang='lat' dir='ltr'><strong>Dei</strong></span> <span class='ocrx_word' id='word_1_88' title='bbox 1126 1327 1178 1380; x_wconf 92' lang='lat' dir='ltr'><strong>in</strong></span> <span class='ocrx_word' id='word_1_89' title='bbox 1196 1325 1338 1378; x_wconf 86' lang='lat' dir='ltr'><strong>vasis</strong></span> <span class='ocrx_word' id='word_1_90' title='bbox 1360 1321 1740 1378; x_wconf 77' lang='lat' dir='ltr'><strong>misericordia:</strong></span> <span class='ocrx_word' id='word_1_91' title='bbox 1761 1329 2033 1390; x_wconf 86' lang='lat' dir='ltr'><strong>operatur,</strong></span> 
     </span>
    </p>
   </div>
   <div class='ocr_carea' id='block_1_14' title="bbox 457 1414 2032 1487">
    <p class='ocr_par' dir='ltr' id='par_1_14' title="bbox 457 1414 2032 1487">
     <span class='ocr_line' id='line_1_14' title="bbox 457 1414 2032 1487; baseline -0.004 -15"><span class='ocrx_word' id='word_1_92' title='bbox 457 1419 618 1474; x_wconf 78' lang='lat' dir='ltr'><strong>sinml</strong></span> <span class='ocrx_word' id='word_1_93' title='bbox 648 1420 848 1474; x_wconf 83' lang='lat' dir='ltr'><strong>homini</strong></span> <span class='ocrx_word' id='word_1_94' title='bbox 896 1418 1148 1473; x_wconf 86' lang='lat' dir='ltr'><strong>divinitus</strong></span> <span class='ocrx_word' id='word_1_95' title='bbox 1175 1417 1376 1487; x_wconf 84' lang='lat' dir='ltr'><strong>agnitio</strong></span> <span class='ocrx_word' id='word_1_96' title='bbox 1425 1415 1514 1469; x_wconf 86' lang='lat' dir='ltr'><strong>Dei</strong></span> <span class='ocrx_word' id='word_1_97' title='bbox 1546 1414 1872 1481; x_wconf 84' lang='lat' dir='ltr'><strong>dilectioque</strong></span> <span class='ocrx_word' id='word_1_98' title='bbox 1899 1427 2032 1466; x_wconf 89' lang='lat' dir='ltr'><strong>eon-</strong></span> 
     </span>
    </p>
   </div>
   <div class='ocr_carea' id='block_1_15' title="bbox 457 1505 2035 1578">
    <p class='ocr_par' dir='ltr' id='par_1_15' title="bbox 457 1505 2035 1578">
     <span class='ocr_line' id='line_1_15' title="bbox 457 1505 2035 1578; baseline -0.005 -12"><span class='ocrx_word' id='word_1_99' title='bbox 457 1512 644 1566; x_wconf 85' lang='lat' dir='ltr'><strong>fertur.</strong></span> <span class='ocrx_word' id='word_1_100' title='bbox 685 1509 764 1565; x_wconf 90' lang='lat' dir='ltr'><strong>Illi</strong></span> <span class='ocrx_word' id='word_1_101' title='bbox 808 1512 950 1565; x_wconf 89' lang='lat' dir='ltr'><strong>enim</strong></span> <span class='ocrx_word' id='word_1_102' title='bbox 997 1510 1090 1578; x_wconf 85' lang='lat' dir='ltr'><strong>qui</strong></span> <span class='ocrx_word' id='word_1_103' title='bbox 1121 1527 1224 1564; x_wconf 76' lang='lat' dir='ltr'><strong>non</strong></span> <span class='ocrx_word' id='word_1_104' title='bbox 1270 1517 1392 1562; x_wconf 88' lang='lat' dir='ltr'><strong>sunt</strong></span> <span class='ocrx_word' id='word_1_105' title='bbox 1433 1507 1590 1561; x_wconf 80' lang='lat' dir='ltr'><strong>electi</strong></span> <span class='ocrx_word' id='word_1_106' title='bbox 1641 1505 2035 1563; x_wconf 78' lang='lat' dir='ltr'><strong>inexcusabilcs</strong></span> 
     </span>
    </p>
   </div>
   <div class='ocr_carea' id='block_1_16' title="bbox 458 1596 2032 1666">
    <p class='ocr_par' dir='ltr' id='par_1_16' title="bbox 458 1596 2032 1666">
     <span class='ocr_line' id='line_1_16' title="bbox 458 1596 2032 1666; baseline -0.006 -10"><span class='ocrx_word' id='word_1_107' title='bbox 458 1612 602 1666; x_wconf 76' lang='lat' dir='ltr'><strong>sinit,</strong></span> <span class='ocrx_word' id='word_1_108' title='bbox 652 1603 809 1657; x_wconf 88' lang='lat' dir='ltr'><strong>electi</strong></span> <span class='ocrx_word' id='word_1_109' title='bbox 859 1611 1037 1656; x_wconf 91' lang='lat' dir='ltr'><strong>autem</strong></span> <span class='ocrx_word' id='word_1_110' title='bbox 1092 1600 1476 1654; x_wconf 81' lang='lat' dir='ltr'><strong>iaeeusabiles</strong></span> <span class='ocrx_word' id='word_1_111' title='bbox 1523 1599 1674 1652; x_wconf 88' lang='lat' dir='ltr'><strong>liunt.</strong></span> <span class='ocrx_word' id='word_1_112' title='bbox 1715 1597 1860 1650; x_wconf 76' lang='lat' dir='ltr'><strong>Dixit</strong></span> <span class='ocrx_word' id='word_1_113' title='bbox 1894 1596 2032 1649; x_wconf 90' lang='lat' dir='ltr'><strong>enim</strong></span> 
     </span>
    </p>
   </div>
   <div class='ocr_carea' id='block_1_17' title="bbox 458 1687 2034 1764">
    <p class='ocr_par' dir='ltr' id='par_1_17' title="bbox 458 1687 2034 1764">
     <span class='ocr_line' id='line_1_17' title="bbox 458 1687 2034 1764; baseline -0.008 -15"><span class='ocrx_word' id='word_1_114' title='bbox 458 1693 746 1764; x_wconf 74' lang='lat' dir='ltr'><strong>Apostolus</strong></span> <span class='ocrx_word' id='word_1_115' title='bbox 773 1712 784 1745; x_wconf 93' lang='lat'>:</span> <span class='ocrx_word' id='word_1_116' title='bbox 821 1693 948 1756; x_wconf 52' lang='lat' dir='ltr'><strong>Quis</strong></span> <span class='ocrx_word' id='word_1_117' title='bbox 987 1693 1245 1745; x_wconf 73' lang='lat' dir='ltr'><strong>act&#39;usabit</strong></span> <span class='ocrx_word' id='word_1_118' title='bbox 1277 1691 1463 1744; x_wconf 84' lang='lat' dir='ltr'><strong>electos</strong></span> <span class='ocrx_word' id='word_1_119' title='bbox 1497 1689 1638 1743; x_wconf 89' lang='lat' dir='ltr'><strong>Dei?</strong></span> <span class='ocrx_word' id='word_1_120' title='bbox 1666 1688 1800 1741; x_wconf 87' lang='lat' dir='ltr'><strong>Deus</strong></span> <span class='ocrx_word' id='word_1_121' title='bbox 1840 1687 1924 1758; x_wconf 86' lang='lat' dir='ltr'><strong>qui</strong></span> <span class='ocrx_word' id='word_1_122' title='bbox 1947 1687 2034 1756; x_wconf 87' lang='lat' dir='ltr'><strong>ju-</strong></span> 
     </span>
    </p>
   </div>
   <div class='ocr_carea' id='block_1_18' title="bbox 455 1777 2034 1855">
    <p class='ocr_par' dir='ltr' id='par_1_18' title="bbox 455 1777 2034 1855">
     <span class='ocr_line' id='line_1_18' title="bbox 455 1777 2034 1855; baseline -0.007 -15"><span class='ocrx_word' id='word_1_123' title='bbox 455 1787 691 1855; x_wconf 78' lang='lat' dir='ltr'><strong>sti/icat;</strong></span> <span class='ocrx_word' id='word_1_124' title='bbox 733 1785 845 1854; x_wconf 85' lang='lat' dir='ltr'><strong>quis</strong></span> <span class='ocrx_word' id='word_1_125' title='bbox 879 1793 954 1838; x_wconf 84' lang='lat' dir='ltr'><strong>est</strong></span> <span class='ocrx_word' id='word_1_126' title='bbox 987 1784 1071 1854; x_wconf 89' lang='lat' dir='ltr'><strong>qui</strong></span> <span class='ocrx_word' id='word_1_127' title='bbox 1101 1782 1443 1836; x_wconf 78' lang='lat' dir='ltr'><strong>condemnet?</strong></span> <span class='ocrx_word' id='word_1_128' title='bbox 1481 1777 1714 1834; x_wconf 73' lang='lat' dir='ltr'><strong>Christus</strong></span> <span class='ocrx_word' id='word_1_129' title='bbox 1742 1777 1917 1843; x_wconf 84' lang='lat' dir='ltr'><strong>Jesus,</strong></span> <span class='ocrx_word' id='word_1_130' title='bbox 1949 1778 2034 1848; x_wconf 85' lang='lat' dir='ltr'><strong>qui</strong></span> 
     </span>
    </p>
   </div>
   <div class='ocr_carea' id='block_1_19' title="bbox 455 1871 2032 1947">
    <p class='ocr_par' dir='ltr' id='par_1_19' title="bbox 455 1871 2032 1947">
     <span class='ocr_line' id='line_1_19' title="bbox 455 1871 2032 1947; baseline -0.004 -18"><span class='ocrx_word' id='word_1_131' title='bbox 455 1887 682 1931; x_wconf 83' lang='lat' dir='ltr'><strong>mortuus</strong></span> <span class='ocrx_word' id='word_1_132' title='bbox 699 1887 795 1940; x_wconf 79' lang='lat' dir='ltr'><strong>est,</strong></span> <span class='ocrx_word' id='word_1_133' title='bbox 827 1878 928 1930; x_wconf 88' lang='lat' dir='ltr'><strong>imo</strong></span> <span class='ocrx_word' id='word_1_134' title='bbox 951 1877 1033 1947; x_wconf 86' lang='lat' dir='ltr'><strong>qui</strong></span> <span class='ocrx_word' id='word_1_135' title='bbox 1058 1884 1104 1929; x_wconf 92' lang='lat' dir='ltr'><strong>et</strong></span> <span class='ocrx_word' id='word_1_136' title='bbox 1126 1876 1426 1938; x_wconf 76' lang='lat' dir='ltr'><strong>resurrexit,</strong></span> <span class='ocrx_word' id='word_1_137' title='bbox 1457 1874 1542 1944; x_wconf 55' lang='lat' dir='ltr'><strong>qui</strong></span> <span class='ocrx_word' id='word_1_138' title='bbox 1569 1883 1642 1926; x_wconf 85' lang='lat' dir='ltr'><strong>est</strong></span> <span class='ocrx_word' id='word_1_139' title='bbox 1672 1875 1741 1925; x_wconf 78' lang='lat' dir='ltr'><strong>ad</strong></span> <span class='ocrx_word' id='word_1_140' title='bbox 1765 1871 2032 1925; x_wconf 73' lang='lat' dir='ltr'><strong>dexteram</strong></span> 
     </span>
    </p>
   </div>
   <div class='ocr_carea' id='block_1_20' title="bbox 457 1961 1957 2040">
    <p class='ocr_par' dir='ltr' id='par_1_20' title="bbox 457 1961 1957 2040">
     <span class='ocr_line' id='line_1_20' title="bbox 457 1961 1957 2040; baseline -0.003 -22"><span class='ocrx_word' id='word_1_141' title='bbox 457 1967 576 2031; x_wconf 77' lang='lat' dir='ltr'><strong>Dei,</strong></span> <span class='ocrx_word' id='word_1_142' title='bbox 606 1969 690 2040; x_wconf 78' lang='lat' dir='ltr'><strong>qui</strong></span> <span class='ocrx_word' id='word_1_143' title='bbox 713 1970 868 2021; x_wconf 84' lang='lat' dir='ltr'><strong>etiam</strong></span> <span class='ocrx_word' id='word_1_144' title='bbox 897 1967 1186 2036; x_wconf 81' lang='lat' dir='ltr'><strong>interpellat</strong></span> <span class='ocrx_word' id='word_1_145' title='bbox 1208 1983 1300 2035; x_wconf 90' lang='lat' dir='ltr'><strong>pro</strong></span> <span class='ocrx_word' id='word_1_146' title='bbox 1325 1965 1470 2019; x_wconf 82' lang='lat' dir='ltr'><strong>nobis</strong></span> <span class='ocrx_word' id='word_1_147' title='bbox 1496 1963 1672 2034; x_wconf 84' lang='lat' dir='ltr'><strong>(Rom.</strong></span> <span class='ocrx_word' id='word_1_148' title='bbox 1706 1979 1817 2028; x_wconf 67' lang='grc' dir='ltr'><strong>νηί,</strong></span> <span class='ocrx_word' id='word_1_149' title='bbox 1845 1961 1957 2033; x_wconf 75' lang='lat'><strong>53).</strong></span> 
     </span>
    </p>
   </div>
   <div class='ocr_carea' id='block_1_21' title="bbox 531 2055 2035 2126">
    <p class='ocr_par' dir='ltr' id='par_1_21' title="bbox 531 2055 2035 2126">
     <span class='ocr_line' id='line_1_21' title="bbox 531 2055 2035 2126; baseline -0.003 -14"><span class='ocrx_word' id='word_1_150' title='bbox 531 2059 618 2113; x_wconf 56' lang='lat' dir='ltr'><strong>«i7.</strong></span> <span class='ocrx_word' id='word_1_151' title='bbox 659 2059 715 2112; x_wconf 91' lang='lat' dir='ltr'><strong>In</strong></span> <span class='ocrx_word' id='word_1_152' title='bbox 765 2060 904 2114; x_wconf 83' lang='lat' dir='ltr'><strong>vasis</strong></span> <span class='ocrx_word' id='word_1_153' title='bbox 952 2063 1080 2126; x_wconf 88' lang='lat' dir='ltr'><strong>ergo</strong></span> <span class='ocrx_word' id='word_1_154' title='bbox 1126 2057 1505 2112; x_wconf 73' lang='lat' dir='ltr'><strong>misericordia:</strong></span> <span class='ocrx_word' id='word_1_155' title='bbox 1552 2065 1732 2110; x_wconf 90' lang='lat' dir='ltr'><strong>reatus</strong></span> <span class='ocrx_word' id='word_1_156' title='bbox 1773 2055 2035 2108; x_wconf 70' lang='lat' dir='ltr'><strong>natualls</strong></span> 
     </span>
    </p>
   </div>
   <div class='ocr_carea' id='block_1_22' title="bbox 2143 593 3724 662">
    <p class='ocr_par' dir='ltr' id='par_1_22' title="bbox 2143 593 3724 662">
     <span class='ocr_line' id='line_1_22' title="bbox 2143 593 3724 662; baseline 0.003 -16"><span class='ocrx_word' id='word_1_157' title='bbox 2143 593 2398 658; x_wconf 78' lang='lat' dir='ltr'><strong>solvitur;</strong></span> <span class='ocrx_word' id='word_1_158' title='bbox 2427 594 2477 646; x_wconf 92' lang='lat' dir='ltr'><strong>in</strong></span> <span class='ocrx_word' id='word_1_159' title='bbox 2497 594 2638 649; x_wconf 90' lang='lat' dir='ltr'><strong>vasis</strong></span> <span class='ocrx_word' id='word_1_160' title='bbox 2654 600 2831 646; x_wconf 88' lang='lat' dir='ltr'><strong>autem</strong></span> <span class='ocrx_word' id='word_1_161' title='bbox 2857 593 2947 646; x_wconf 76' lang='lat' dir='ltr'><strong>ine</strong></span> <span class='ocrx_word' id='word_1_162' title='bbox 2964 593 3191 662; x_wconf 73' lang='lat' dir='ltr'><strong>superba</strong></span> <span class='ocrx_word' id='word_1_163' title='bbox 3219 595 3525 661; x_wconf 78' lang='lat' dir='ltr'><strong>cognitione</strong></span> <span class='ocrx_word' id='word_1_164' title='bbox 3549 601 3724 652; x_wconf 84' lang='lat' dir='ltr'><strong>nutri-</strong></span> 
     </span>
    </p>
   </div>
   <div class='ocr_carea' id='block_1_23' title="bbox 2145 683 3727 761">
    <p class='ocr_par' dir='ltr' id='par_1_23' title="bbox 2145 683 3727 761">
     <span class='ocr_line' id='line_1_23' title="bbox 2145 683 3727 761; baseline 0.006 -24"><span class='ocrx_word' id='word_1_165' title='bbox 2145 693 2248 738; x_wconf 89' lang='lat' dir='ltr'><strong>tur.</strong></span> <span class='ocrx_word' id='word_1_166' title='bbox 2292 683 2566 739; x_wconf 84' lang='lat' dir='ltr'><strong>Perillam</strong></span> <span class='ocrx_word' id='word_1_167' title='bbox 2597 685 2958 754; x_wconf 74' lang='lat' dir='ltr'><strong>cognitionem</strong></span> <span class='ocrx_word' id='word_1_168' title='bbox 2997 699 3194 740; x_wconf 69' lang='lat' dir='ltr'><strong>caecum</strong></span> <span class='ocrx_word' id='word_1_169' title='bbox 3223 704 3318 742; x_wconf 85' lang='lat' dir='ltr'><strong>cor</strong></span> <span class='ocrx_word' id='word_1_170' title='bbox 3356 703 3387 742; x_wconf 89' lang='lat' dir='ltr'><strong>a</strong></span> <span class='ocrx_word' id='word_1_171' title='bbox 3431 691 3727 761; x_wconf 87' lang='lat' dir='ltr'><strong>semetipso</strong></span> 
     </span>
    </p>
   </div>
   <div class='ocr_carea' id='block_1_24' title="bbox 2145 777 3720 848">
    <p class='ocr_par' dir='ltr' id='par_1_24' title="bbox 2145 777 3720 848">
     <span class='ocr_line' id='line_1_24' title="bbox 2145 777 3720 848; baseline 0.006 -17"><span class='ocrx_word' id='word_1_172' title='bbox 2145 777 2360 832; x_wconf 88' lang='lat' dir='ltr'><strong>inllatur</strong></span> <span class='ocrx_word' id='word_1_173' title='bbox 2382 777 2447 832; x_wconf 91' lang='lat' dir='ltr'><strong>ad</strong></span> <span class='ocrx_word' id='word_1_174' title='bbox 2476 785 2705 832; x_wconf 86' lang='lat' dir='ltr'><strong>mortem</strong></span> <span class='ocrx_word' id='word_1_175' title='bbox 2737 796 2751 844; x_wconf 89' lang='lat'><strong>;</strong></span> <span class='ocrx_word' id='word_1_176' title='bbox 2795 793 2890 848; x_wconf 91' lang='lat' dir='ltr'><strong>per</strong></span> <span class='ocrx_word' id='word_1_177' title='bbox 2921 779 3059 834; x_wconf 89' lang='lat' dir='ltr'><strong>hanc</strong></span> <span class='ocrx_word' id='word_1_178' title='bbox 3087 788 3268 835; x_wconf 88' lang='lat' dir='ltr'><strong>autem</strong></span> <span class='ocrx_word' id='word_1_179' title='bbox 3298 781 3552 838; x_wconf 71' lang='lat' dir='ltr'><strong>divinitus</strong></span> <span class='ocrx_word' id='word_1_180' title='bbox 3591 785 3720 840; x_wconf 87' lang='lat' dir='ltr'><strong>illu-</strong></span> 
     </span>
    </p>
   </div>
   <div class='ocr_carea' id='block_1_25' title="bbox 2142 869 3725 943">
    <p class='ocr_par' dir='ltr' id='par_1_25' title="bbox 2142 869 3725 943">
     <span class='ocr_line' id='line_1_25' title="bbox 2142 869 3725 943; baseline 0.007 -22"><span class='ocrx_word' id='word_1_181' title='bbox 2142 869 2376 923; x_wconf 88' lang='lat' dir='ltr'><strong>minatur</strong></span> <span class='ocrx_word' id='word_1_182' title='bbox 2405 878 2460 922; x_wconf 92' lang='lat' dir='ltr'><strong>et</strong></span> <span class='ocrx_word' id='word_1_183' title='bbox 2503 869 2816 923; x_wconf 89' lang='lat' dir='ltr'><strong>humiliatur</strong></span> <span class='ocrx_word' id='word_1_184' title='bbox 2845 869 2911 923; x_wconf 90' lang='lat' dir='ltr'><strong>ad</strong></span> <span class='ocrx_word' id='word_1_185' title='bbox 2940 870 3126 924; x_wconf 88' lang='lat' dir='ltr'><strong>vitam.</strong></span> <span class='ocrx_word' id='word_1_186' title='bbox 3169 870 3262 925; x_wconf 88' lang='lat' dir='ltr'><strong>Illa</strong></span> <span class='ocrx_word' id='word_1_187' title='bbox 3290 874 3600 943; x_wconf 78' lang='lat' dir='ltr'><strong>cognitione</strong></span> <span class='ocrx_word' id='word_1_188' title='bbox 3625 892 3725 932; x_wconf 90' lang='lat' dir='ltr'><strong>cor</strong></span> 
     </span>
    </p>
   </div>
   <div class='ocr_carea' id='block_1_26' title="bbox 2141 960 3726 1032">
    <p class='ocr_par' dir='ltr' id='par_1_26' title="bbox 2141 960 3726 1032">
     <span class='ocr_line' id='line_1_26' title="bbox 2141 960 3726 1032; baseline 0.006 -18"><span class='ocrx_word' id='word_1_189' title='bbox 2141 961 2464 1016; x_wconf 83' lang='lat' dir='ltr'><strong>obscuratur</strong></span> <span class='ocrx_word' id='word_1_190' title='bbox 2503 960 2780 1030; x_wconf 87' lang='lat' dir='ltr'><strong>insipiens,</strong></span> <span class='ocrx_word' id='word_1_191' title='bbox 2826 961 2950 1015; x_wconf 90' lang='lat' dir='ltr'><strong>dum</strong></span> <span class='ocrx_word' id='word_1_192' title='bbox 3001 962 3144 1032; x_wconf 88' lang='lat' dir='ltr'><strong>quod</strong></span> <span class='ocrx_word' id='word_1_193' title='bbox 3176 963 3268 1018; x_wconf 87' lang='lat' dir='ltr'><strong>Dei</strong></span> <span class='ocrx_word' id='word_1_194' title='bbox 3297 974 3382 1020; x_wconf 81' lang='lat' dir='ltr'><strong>est</strong></span> <span class='ocrx_word' id='word_1_195' title='bbox 3411 967 3572 1024; x_wconf 88' lang='lat' dir='ltr'><strong>homo</strong></span> <span class='ocrx_word' id='word_1_196' title='bbox 3618 969 3726 1026; x_wconf 86' lang='lat' dir='ltr'><strong>sibi</strong></span> 
     </span>
    </p>
   </div>
   <div class='ocr_carea' id='block_1_27' title="bbox 2140 1050 3726 1122">
    <p class='ocr_par' dir='ltr' id='par_1_27' title="bbox 2140 1050 3726 1122">
     <span class='ocr_line' id='line_1_27' title="bbox 2140 1050 3726 1122; baseline 0.006 -16"><span class='ocrx_word' id='word_1_197' title='bbox 2140 1051 2400 1120; x_wconf 86' lang='lat' dir='ltr'><strong>superbus</strong></span> <span class='ocrx_word' id='word_1_198' title='bbox 2429 1050 2666 1118; x_wconf 86' lang='lat' dir='ltr'><strong>assignat</strong></span> <span class='ocrx_word' id='word_1_199' title='bbox 2691 1068 2704 1113; x_wconf 89' lang='lat'>;</span> <span class='ocrx_word' id='word_1_200' title='bbox 2735 1051 2835 1105; x_wconf 90' lang='lat' dir='ltr'><strong>hac</strong></span> <span class='ocrx_word' id='word_1_201' title='bbox 2864 1060 3041 1104; x_wconf 88' lang='lat' dir='ltr'><strong>autem</strong></span> <span class='ocrx_word' id='word_1_202' title='bbox 3071 1052 3268 1122; x_wconf 90' lang='lat' dir='ltr'><strong>accipit</strong></span> <span class='ocrx_word' id='word_1_203' title='bbox 3295 1054 3498 1122; x_wconf 87' lang='lat' dir='ltr'><strong>lumen,</strong></span> <span class='ocrx_word' id='word_1_204' title='bbox 3534 1059 3726 1116; x_wconf 85' lang='lat' dir='ltr'><strong>utboc</strong></span> 
     </span>
    </p>
   </div>
   <div class='ocr_carea' id='block_1_28' title="bbox 2141 1142 3729 1221">
    <p class='ocr_par' dir='ltr' id='par_1_28' title="bbox 2141 1142 3729 1221">
     <span class='ocr_line' id='line_1_28' title="bbox 2141 1142 3729 1221; baseline 0.006 -25"><span class='ocrx_word' id='word_1_205' title='bbox 2141 1142 2312 1212; x_wconf 90' lang='lat' dir='ltr'><strong>ipsum</strong></span> <span class='ocrx_word' id='word_1_206' title='bbox 2341 1142 2486 1211; x_wconf 90' lang='lat' dir='ltr'><strong>quod</strong></span> <span class='ocrx_word' id='word_1_207' title='bbox 2515 1142 2682 1198; x_wconf 89' lang='lat' dir='ltr'><strong>Deum</strong></span> <span class='ocrx_word' id='word_1_208' title='bbox 2722 1144 3000 1212; x_wconf 84' lang='lat' dir='ltr'><strong>cognoscit</strong></span> <span class='ocrx_word' id='word_1_209' title='bbox 3028 1160 3092 1200; x_wconf 89' lang='lat' dir='ltr'><strong>ac</strong></span> <span class='ocrx_word' id='word_1_210' title='bbox 3121 1145 3313 1214; x_wconf 89' lang='lat' dir='ltr'><strong>diligit,</strong></span> <span class='ocrx_word' id='word_1_211' title='bbox 3364 1165 3471 1203; x_wconf 90' lang='lat' dir='ltr'><strong>non</strong></span> <span class='ocrx_word' id='word_1_212' title='bbox 3503 1167 3569 1204; x_wconf 81' lang='lat' dir='ltr'><strong>es</strong></span> <span class='ocrx_word' id='word_1_213' title='bbox 3599 1167 3729 1221; x_wconf 82' lang='lat' dir='ltr'><strong>pos-</strong></span> 
     </span>
    </p>
   </div>
   <div class='ocr_carea' id='block_1_29' title="bbox 2139 1235 3725 1316">
    <p class='ocr_par' dir='ltr' id='par_1_29' title="bbox 2139 1235 3725 1316">
     <span class='ocr_line' id='line_1_29' title="bbox 2139 1235 3725 1316; baseline 0.005 -26"><span class='ocrx_word' id='word_1_214' title='bbox 2139 1235 2394 1290; x_wconf 86' lang='lat' dir='ltr'><strong>sibilitate</strong></span> <span class='ocrx_word' id='word_1_215' title='bbox 2423 1243 2645 1297; x_wconf 88' lang='lat' dir='ltr'><strong>naturae,</strong></span> <span class='ocrx_word' id='word_1_216' title='bbox 2700 1251 2876 1316; x_wconf 82' lang='lat' dir='ltr'><strong>neque</strong></span> <span class='ocrx_word' id='word_1_217' title='bbox 2905 1251 2972 1290; x_wconf 82' lang='lat' dir='ltr'><strong>ex</strong></span> <span class='ocrx_word' id='word_1_218' title='bbox 3000 1236 3184 1291; x_wconf 91' lang='lat' dir='ltr'><strong>auditu</strong></span> <span class='ocrx_word' id='word_1_219' title='bbox 3223 1239 3374 1306; x_wconf 83' lang='lat' dir='ltr'><strong>legis,</strong></span> <span class='ocrx_word' id='word_1_220' title='bbox 3426 1256 3600 1311; x_wconf 86' lang='lat' dir='ltr'><strong>neque</strong></span> <span class='ocrx_word' id='word_1_221' title='bbox 3652 1259 3725 1298; x_wconf 77' lang='lat' dir='ltr'><strong>ex</strong></span> 
     </span>
    </p>
   </div>
   <div class='ocr_carea' id='block_1_30' title="bbox 2139 1327 3725 1392">
    <p class='ocr_par' dir='ltr' id='par_1_30' title="bbox 2139 1327 3725 1392">
     <span class='ocr_line' id='line_1_30' title="bbox 2139 1327 3725 1392; baseline 0.005 -12"><span class='ocrx_word' id='word_1_222' title='bbox 2139 1343 2234 1381; x_wconf 88' lang='lat' dir='ltr'><strong>sua</strong></span> <span class='ocrx_word' id='word_1_223' title='bbox 2266 1328 2562 1392; x_wconf 79' lang='lat' dir='ltr'><strong>voluntate,</strong></span> <span class='ocrx_word' id='word_1_224' title='bbox 2595 1327 2688 1382; x_wconf 83' lang='lat' dir='ltr'><strong>sed</strong></span> <span class='ocrx_word' id='word_1_225' title='bbox 2720 1344 2785 1382; x_wconf 81' lang='lat' dir='ltr'><strong>es</strong></span> <span class='ocrx_word' id='word_1_226' title='bbox 2811 1327 2902 1380; x_wconf 92' lang='lat' dir='ltr'><strong>Dei</strong></span> <span class='ocrx_word' id='word_1_227' title='bbox 2943 1329 3087 1383; x_wconf 91' lang='lat' dir='ltr'><strong>dono</strong></span> <span class='ocrx_word' id='word_1_228' title='bbox 3116 1329 3214 1384; x_wconf 88' lang='lat' dir='ltr'><strong>sibi</strong></span> <span class='ocrx_word' id='word_1_229' title='bbox 3261 1331 3436 1386; x_wconf 88' lang='lat' dir='ltr'><strong>inesse</strong></span> <span class='ocrx_word' id='word_1_230' title='bbox 3463 1349 3570 1387; x_wconf 89' lang='lat' dir='ltr'><strong>non</strong></span> <span class='ocrx_word' id='word_1_231' title='bbox 3601 1349 3725 1388; x_wconf 89' lang='lat' dir='ltr'><strong>am-</strong></span> 
     </span>
    </p>
   </div>
   <div class='ocr_carea' id='block_1_31' title="bbox 2139 1419 3727 1495">
    <p class='ocr_par' dir='ltr' id='par_1_31' title="bbox 2139 1419 3727 1495">
     <span class='ocr_line' id='line_1_31' title="bbox 2139 1419 3727 1495; baseline 0.005 -21"><span class='ocrx_word' id='word_1_232' title='bbox 2139 1419 2285 1486; x_wconf 85' lang='lat' dir='ltr'><strong>bigat</strong></span> <span class='ocrx_word' id='word_1_233' title='bbox 2314 1437 2326 1484; x_wconf 91' lang='lat'><strong>;</strong></span> <span class='ocrx_word' id='word_1_234' title='bbox 2359 1436 2676 1489; x_wconf 84' lang='lat' dir='ltr'><strong>semperque</strong></span> <span class='ocrx_word' id='word_1_235' title='bbox 2704 1419 2919 1473; x_wconf 84' lang='lat' dir='ltr'><strong>humilis</strong></span> <span class='ocrx_word' id='word_1_236' title='bbox 2942 1435 3062 1475; x_wconf 89' lang='lat' dir='ltr'><strong>esse</strong></span> <span class='ocrx_word' id='word_1_237' title='bbox 3091 1422 3409 1488; x_wconf 91' lang='lat' dir='ltr'><strong>meminerit,</strong></span> <span class='ocrx_word' id='word_1_238' title='bbox 3440 1440 3508 1479; x_wconf 91' lang='lat' dir='ltr'><strong>nc</strong></span> <span class='ocrx_word' id='word_1_239' title='bbox 3529 1441 3727 1495; x_wconf 85' lang='lat' dir='ltr'><strong>super-</strong></span> 
     </span>
    </p>
   </div>
   <div class='ocr_carea' id='block_1_32' title="bbox 2138 1511 3726 1584">
    <p class='ocr_par' dir='ltr' id='par_1_32' title="bbox 2138 1511 3726 1584">
     <span class='ocr_line' id='line_1_32' title="bbox 2138 1511 3726 1584; baseline 0.005 -18"><span class='ocrx_word' id='word_1_240' title='bbox 2138 1513 2238 1566; x_wconf 93' lang='lat' dir='ltr'><strong>bus</strong></span> <span class='ocrx_word' id='word_1_241' title='bbox 2265 1513 2478 1566; x_wconf 86' lang='lat' dir='ltr'><strong>amittat</strong></span> <span class='ocrx_word' id='word_1_242' title='bbox 2503 1511 2646 1582; x_wconf 92' lang='lat' dir='ltr'><strong>quod</strong></span> <span class='ocrx_word' id='word_1_243' title='bbox 2675 1511 2918 1580; x_wconf 81' lang='lat' dir='ltr'><strong>indignus</strong></span> <span class='ocrx_word' id='word_1_244' title='bbox 2944 1513 3169 1583; x_wconf 91' lang='lat' dir='ltr'><strong>accepit.</strong></span> <span class='ocrx_word' id='word_1_245' title='bbox 3203 1514 3450 1582; x_wconf 86' lang='lat' dir='ltr'><strong>Cognitio</strong></span> <span class='ocrx_word' id='word_1_246' title='bbox 3473 1532 3603 1584; x_wconf 84' lang='lat' dir='ltr'><strong>ergo</strong></span> <span class='ocrx_word' id='word_1_247' title='bbox 3628 1518 3726 1574; x_wconf 78' lang='lat' dir='ltr'><strong>illa</strong></span> 
     </span>
    </p>
   </div>
   <div class='ocr_carea' id='block_1_33' title="bbox 2139 1604 3727 1675">
    <p class='ocr_par' dir='ltr' id='par_1_33' title="bbox 2139 1604 3727 1675">
     <span class='ocr_line' id='line_1_33' title="bbox 2139 1604 3727 1675; baseline 0.003 -16"><span class='ocrx_word' id='word_1_248' title='bbox 2139 1613 2359 1674; x_wconf 89' lang='lat' dir='ltr'><strong>peccato</strong></span> <span class='ocrx_word' id='word_1_249' title='bbox 2387 1604 2570 1673; x_wconf 87' lang='lat' dir='ltr'><strong>adjicit</strong></span> <span class='ocrx_word' id='word_1_250' title='bbox 2601 1604 3053 1675; x_wconf 73' lang='lat' dir='ltr'><strong>prtevarieationis</strong></span> <span class='ocrx_word' id='word_1_251' title='bbox 3080 1614 3307 1669; x_wconf 85' lang='lat' dir='ltr'><strong>reatum,</strong></span> <span class='ocrx_word' id='word_1_252' title='bbox 3343 1607 3442 1662; x_wconf 86' lang='lat' dir='ltr'><strong>ista</strong></span> <span class='ocrx_word' id='word_1_253' title='bbox 3474 1617 3727 1664; x_wconf 90' lang='lat' dir='ltr'><strong>removet</strong></span> 
     </span>
    </p>
   </div>
   <div class='ocr_carea' id='block_1_34' title="bbox 2137 1694 3727 1767">
    <p class='ocr_par' dir='ltr' id='par_1_34' title="bbox 2137 1694 3727 1767">
     <span class='ocr_line' id='line_1_34' title="bbox 2137 1694 3727 1767; baseline 0.004 -19"><span class='ocrx_word' id='word_1_254' title='bbox 2137 1711 2167 1748; x_wconf 90' lang='lat' dir='ltr'><strong>a</strong></span> <span class='ocrx_word' id='word_1_255' title='bbox 2197 1702 2480 1764; x_wconf 80' lang='lat' dir='ltr'><strong>peccatore</strong></span> <span class='ocrx_word' id='word_1_256' title='bbox 2505 1695 2843 1764; x_wconf 83' lang='lat' dir='ltr'><strong>supplicium.</strong></span> <span class='ocrx_word' id='word_1_257' title='bbox 2877 1694 2968 1748; x_wconf 88' lang='lat' dir='ltr'><strong>Illa</strong></span> <span class='ocrx_word' id='word_1_258' title='bbox 2993 1695 3137 1762; x_wconf 88' lang='lat' dir='ltr'><strong>juste</strong></span> <span class='ocrx_word' id='word_1_259' title='bbox 3160 1695 3398 1762; x_wconf 86' lang='lat' dir='ltr'><strong>damnat,</strong></span> <span class='ocrx_word' id='word_1_260' title='bbox 3429 1698 3530 1752; x_wconf 85' lang='lat' dir='ltr'><strong>ista</strong></span> <span class='ocrx_word' id='word_1_261' title='bbox 3551 1701 3727 1767; x_wconf 80' lang='lat' dir='ltr'><strong>gratis</strong></span> 
     </span>
    </p>
   </div>
   <div class='ocr_carea' id='block_1_35' title="bbox 2134 1785 3724 1858">
    <p class='ocr_par' dir='ltr' id='par_1_35' title="bbox 2134 1785 3724 1858">
     <span class='ocr_line' id='line_1_35' title="bbox 2134 1785 3724 1858; baseline 0.004 -20"><span class='ocrx_word' id='word_1_262' title='bbox 2134 1785 2411 1854; x_wconf 74' lang='lat' dir='ltr'><strong>justiﬁeat.</strong></span> <span class='ocrx_word' id='word_1_263' title='bbox 2443 1785 2555 1840; x_wconf 89' lang='lat' dir='ltr'><strong>Illic</strong></span> <span class='ocrx_word' id='word_1_264' title='bbox 2580 1785 2805 1840; x_wconf 89' lang='lat' dir='ltr'><strong>scicntia</strong></span> <span class='ocrx_word' id='word_1_265' title='bbox 2852 1785 3042 1840; x_wconf 85' lang='lat' dir='ltr'><strong>iullans</strong></span> <span class='ocrx_word' id='word_1_266' title='bbox 3067 1785 3251 1848; x_wconf 88' lang='lat' dir='ltr'><strong>nutrit,</strong></span> <span class='ocrx_word' id='word_1_267' title='bbox 3296 1797 3561 1856; x_wconf 78' lang='lat' dir='ltr'><strong>augetque</strong></span> <span class='ocrx_word' id='word_1_268' title='bbox 3589 1804 3724 1858; x_wconf 84' lang='lat' dir='ltr'><strong>pec-</strong></span> 
     </span>
    </p>
   </div>
   <div class='ocr_carea' id='block_1_36' title="bbox 2137 1874 3724 1944">
    <p class='ocr_par' dir='ltr' id='par_1_36' title="bbox 2137 1874 3724 1944">
     <span class='ocr_line' id='line_1_36' title="bbox 2137 1874 3724 1944; baseline 0.003 -14"><span class='ocrx_word' id='word_1_269' title='bbox 2137 1884 2339 1939; x_wconf 88' lang='lat' dir='ltr'><strong>catum,</strong></span> <span class='ocrx_word' id='word_1_270' title='bbox 2389 1875 2476 1930; x_wconf 90' lang='lat' dir='ltr'><strong>hic</strong></span> <span class='ocrx_word' id='word_1_271' title='bbox 2503 1875 2700 1930; x_wconf 86' lang='lat' dir='ltr'><strong>caritas</strong></span> <span class='ocrx_word' id='word_1_272' title='bbox 2726 1874 2996 1931; x_wconf 65' lang='lat' dir='ltr'><strong>aedilicans</strong></span> <span class='ocrx_word' id='word_1_273' title='bbox 3035 1877 3278 1944; x_wconf 88' lang='lat' dir='ltr'><strong>cooperit</strong></span> <span class='ocrx_word' id='word_1_274' title='bbox 3319 1877 3724 1936; x_wconf 81' lang='lat' dir='ltr'><strong>multitudinem</strong></span> 
     </span>
    </p>
   </div>
   <div class='ocr_carea' id='block_1_37' title="bbox 2139 1963 2580 2035">
    <p class='ocr_par' dir='ltr' id='par_1_37' title="bbox 2139 1963 2580 2035">
     <span class='ocr_line' id='line_1_37' title="bbox 2139 1963 2580 2035; baseline 0.005 -16"><span class='ocrx_word' id='word_1_275' title='bbox 2139 1963 2502 2035; x_wconf 80' lang='lat' dir='ltr'><strong>peecatorum‘.</strong></span> <span class='ocrx_word' id='word_1_276' title='bbox 2577 2017 2580 2020; x_wconf 86' lang='lat'><strong>.</strong></span> 
     </span>
    </p>
   </div>
   <div class='ocr_carea' id='block_1_38' title="bbox 467 2167 2542 2260">
    <p class='ocr_par' dir='ltr' id='par_1_38' title="bbox 467 2167 2542 2260">
     <span class='ocr_line' id='line_1_38' title="bbox 467 2167 2542 2260; baseline -0.003 -16"><span class='ocrx_word' id='word_1_277' title='bbox 467 2167 469 2170; x_wconf 8' lang='lat' dir='ltr'><strong>i</strong></span> <span class='ocrx_word' id='word_1_278' title='bbox 527 2201 550 2228; x_wconf 71' lang='grc' dir='ltr'>η</span> <span class='ocrx_word' id='word_1_279' title='bbox 584 2191 702 2245; x_wconf 66' lang='lat' dir='ltr'><strong>Slss.</strong></span> <span class='ocrx_word' id='word_1_280' title='bbox 737 2191 860 2254; x_wconf 89' lang='lat' dir='ltr'><strong>duo,</strong></span> <span class='ocrx_word' id='word_1_281' title='bbox 894 2200 946 2242; x_wconf 84' lang='lat' dir='ltr'><strong>ut</strong></span> <span class='ocrx_word' id='word_1_282' title='bbox 976 2189 1288 2260; x_wconf 77' lang='lat' dir='ltr'><strong>diligendum</strong></span> <span class='ocrx_word' id='word_1_283' title='bbox 1320 2199 1702 2260; x_wconf 72' lang='lat' dir='ltr'><strong>cognoscerent,</strong></span> <span class='ocrx_word' id='word_1_284' title='bbox 1732 2187 1831 2241; x_wconf 87' lang='lat' dir='ltr'><strong>non</strong></span> <span class='ocrx_word' id='word_1_285' title='bbox 1862 2198 1914 2240; x_wconf 89' lang='lat' dir='ltr'><strong>ut</strong></span> <span class='ocrx_word' id='word_1_286' title='bbox 1936 2187 2195 2256; x_wconf 77' lang='lat' dir='ltr'><strong>cognitum</strong></span> <span class='ocrx_word' id='word_1_287' title='bbox 2223 2186 2542 2240; x_wconf 76' lang='lat' dir='ltr'><strong>dilexissem.</strong></span> 
     </span>
    </p>
   </div>
   <div class='ocr_carea' id='block_1_39' title="bbox 1285 2325 1534 2333">
    <p class='ocr_par' dir='ltr' id='par_1_39' title="bbox 1285 2325 1534 2333">
     <span class='ocr_line' id='line_1_39' title="bbox 1285 2325 1534 2333; baseline 0 -1"><span class='ocrx_word' id='word_1_288' title='bbox 1285 2325 1534 2333; x_wconf 57' lang='grc' dir='ltr'>Μ</span> 
     </span>
    </p>
   </div>
   <div class='ocr_carea' id='block_1_40' title="bbox 1549 2326 1832 2334">
    <p class='ocr_par' dir='ltr' id='par_1_40' title="bbox 1549 2326 1832 2334">
     <span class='ocr_line' id='line_1_40' title="bbox 1549 2326 1832 2334; baseline 0.004 -2"><span class='ocrx_word' id='word_1_289' title='bbox 1549 2326 1832 2334; x_wconf 77' lang='lat'><strong>————.</strong></span> 
     </span>
    </p>
   </div>
   <div class='ocr_carea' id='block_1_41' title="bbox 2519 2327 3679 2345">
    <p class='ocr_par' dir='ltr' id='par_1_41' title="bbox 2519 2327 3679 2345">
     <span class='ocr_line' id='line_1_41' title="bbox 2519 2327 3679 2345; baseline 0.004 -7"><span class='ocrx_word' id='word_1_290' title='bbox 2519 2327 3679 2345; x_wconf 38' lang='lat' dir='ltr'><strong>“mw</strong></span> 
     </span>
    </p>
   </div>
   <div class='ocr_carea' id='block_1_42' title="bbox 1631 2442 2529 2520">
    <p class='ocr_par' dir='ltr' id='par_1_42' title="bbox 1631 2442 2529 2520">
     <span class='ocr_line' id='line_1_42' title="bbox 1631 2442 2529 2520; baseline 0 -2"><span class='ocrx_word' id='word_1_291' title='bbox 1631 2443 1917 2518; x_wconf 80' lang='lat' dir='ltr'><strong>LIBER</strong></span> <span class='ocrx_word' id='word_1_292' title='bbox 1975 2442 2529 2520; x_wconf 88' lang='lat' dir='ltr'><strong>SECUNDUS.</strong></span> 
     </span>
    </p>
   </div>
   <div class='ocr_carea' id='block_1_43' title="bbox 1887 2631 2288 2650">
    <p class='ocr_par' dir='ltr' id='par_1_43' title="bbox 1887 2631 2288 2650">
     <span class='ocr_line' id='line_1_43' title="bbox 1887 2631 2288 2650; baseline 0.005 -2"><span class='ocrx_word' id='word_1_293' title='bbox 1887 2631 2288 2650; x_wconf 65' lang='grc' dir='ltr'><strong>-ι-ι-σ</strong></span> 
     </span>
    </p>
   </div>
   <div class='ocr_carea' id='block_1_44' title="bbox 505 2711 2028 2787">
    <p class='ocr_par' dir='ltr' id='par_1_44' title="bbox 505 2711 2028 2787">
     <span class='ocr_line' id='line_1_44' title="bbox 505 2711 2028 2787; baseline -0.002 -19"><span class='ocrx_word' id='word_1_294' title='bbox 505 2711 862 2787; x_wconf 57' lang='grc' dir='ltr'><strong>ωεελρυτ.</strong></span> <span class='ocrx_word' id='word_1_295' title='bbox 877 2729 912 2768; x_wconf 88' lang='lat' dir='ltr'><strong>l.</strong></span> <span class='ocrx_word' id='word_1_296' title='bbox 932 2745 988 2754; x_wconf 90' lang='lat'><strong>—-</strong></span> <span class='ocrx_word' id='word_1_297' title='bbox 1013 2711 1057 2765; x_wconf 87' lang='grc' dir='ltr'><strong>Ι.</strong></span> <span class='ocrx_word' id='word_1_298' title='bbox 1073 2712 1363 2782; x_wconf 77' lang='lat' dir='ltr'><strong>Superiore</strong></span> <span class='ocrx_word' id='word_1_299' title='bbox 1380 2711 1534 2776; x_wconf 90' lang='lat' dir='ltr'><strong>libro,</strong></span> <span class='ocrx_word' id='word_1_300' title='bbox 1549 2711 1834 2780; x_wconf 82' lang='lat' dir='ltr'><strong>adjuvante</strong></span> <span class='ocrx_word' id='word_1_301' title='bbox 1860 2713 2028 2780; x_wconf 83' lang='lat' dir='ltr'><strong>gratia</strong></span> 
     </span>
    </p>
   </div>
   <div class='ocr_carea' id='block_1_45' title="bbox 459 2802 2036 2876">
    <p class='ocr_par' dir='ltr' id='par_1_45' title="bbox 459 2802 2036 2876">
     <span class='ocr_line' id='line_1_45' title="bbox 459 2802 2036 2876; baseline -0.004 -15"><span class='ocrx_word' id='word_1_302' title='bbox 459 2802 712 2876; x_wconf 75' lang='lat' dir='ltr'><strong>Dei,qute</strong></span> <span class='ocrx_word' id='word_1_303' title='bbox 741 2805 854 2861; x_wconf 88' lang='lat' dir='ltr'><strong>sola</strong></span> <span class='ocrx_word' id='word_1_304' title='bbox 887 2813 1063 2875; x_wconf 77' lang='lat' dir='ltr'><strong>potest</strong></span> <span class='ocrx_word' id='word_1_305' title='bbox 1091 2813 1146 2858; x_wconf 84' lang='lat' dir='ltr'><strong>et</strong></span> <span class='ocrx_word' id='word_1_306' title='bbox 1166 2803 1402 2859; x_wconf 89' lang='lat' dir='ltr'><strong>humano</strong></span> <span class='ocrx_word' id='word_1_307' title='bbox 1428 2803 1577 2858; x_wconf 89' lang='lat' dir='ltr'><strong>cordi</strong></span> <span class='ocrx_word' id='word_1_308' title='bbox 1606 2803 1804 2857; x_wconf 87' lang='lat' dir='ltr'><strong>donum</strong></span> <span class='ocrx_word' id='word_1_309' title='bbox 1828 2811 2036 2858; x_wconf 68' lang='lat' dir='ltr'><strong>sancta:</strong></span> 
     </span>
    </p>
   </div>
   <div class='ocr_carea' id='block_1_46' title="bbox 455 2893 2028 2966">
    <p class='ocr_par' dir='ltr' id='par_1_46' title="bbox 455 2893 2028 2966">
     <span class='ocr_line' id='line_1_46' title="bbox 455 2893 2028 2966; baseline -0.002 -15"><span class='ocrx_word' id='word_1_310' title='bbox 455 2896 794 2966; x_wconf 83' lang='lat' dir='ltr'><strong>cogitationis</strong></span> <span class='ocrx_word' id='word_1_311' title='bbox 824 2905 848 2932; x_wconf 76' lang='grc' dir='ltr'>ι</span> <span class='ocrx_word' id='word_1_312' title='bbox 881 2893 1178 2959; x_wconf 82' lang='lat' dir='ltr'><strong>infundere,</strong></span> <span class='ocrx_word' id='word_1_313' title='bbox 1211 2903 1266 2948; x_wconf 89' lang='lat' dir='ltr'><strong>et</strong></span> <span class='ocrx_word' id='word_1_314' title='bbox 1286 2895 1367 2949; x_wconf 91' lang='lat' dir='ltr'><strong>ori</strong></span> <span class='ocrx_word' id='word_1_315' title='bbox 1407 2902 1608 2948; x_wconf 88' lang='lat' dir='ltr'><strong>rectam</strong></span> <span class='ocrx_word' id='word_1_316' title='bbox 1641 2893 1891 2963; x_wconf 89' lang='lat' dir='ltr'><strong>loquendi</strong></span> <span class='ocrx_word' id='word_1_317' title='bbox 1933 2894 2028 2948; x_wconf 82' lang='lat' dir='ltr'><strong>tri—</strong></span> 
     </span>
    </p>
   </div>
   <div class='ocr_carea' id='block_1_47' title="bbox 454 2985 2028 3055">
    <p class='ocr_par' dir='ltr' id='par_1_47' title="bbox 454 2985 2028 3055">
     <span class='ocr_line' id='line_1_47' title="bbox 454 2985 2028 3055; baseline -0.001 -15"><span class='ocrx_word' id='word_1_318' title='bbox 454 2987 618 3043; x_wconf 69' lang='lat' dir='ltr'><strong>liuere</strong></span> <span class='ocrx_word' id='word_1_319' title='bbox 663 2986 990 3050; x_wconf 77' lang='lat' dir='ltr'><strong>facultatem,</strong></span> <span class='ocrx_word' id='word_1_320' title='bbox 1041 2987 1167 3055; x_wconf 87' lang='lat' dir='ltr'><strong>quia</strong></span> <span class='ocrx_word' id='word_1_321' title='bbox 1197 2986 1248 3039; x_wconf 91' lang='lat' dir='ltr'><strong>in</strong></span> <span class='ocrx_word' id='word_1_322' title='bbox 1281 3001 1439 3040; x_wconf 91' lang='lat' dir='ltr'><strong>manu</strong></span> <span class='ocrx_word' id='word_1_323' title='bbox 1469 2985 1562 3039; x_wconf 89' lang='lat' dir='ltr'><strong>Dei</strong></span> <span class='ocrx_word' id='word_1_324' title='bbox 1598 2993 1724 3039; x_wconf 87' lang='lat' dir='ltr'><strong>sunt</strong></span> <span class='ocrx_word' id='word_1_325' title='bbox 1763 2995 1817 3040; x_wconf 88' lang='lat' dir='ltr'><strong>et</strong></span> <span class='ocrx_word' id='word_1_326' title='bbox 1847 3000 1945 3040; x_wconf 91' lang='lat' dir='ltr'><strong>nos</strong></span> <span class='ocrx_word' id='word_1_327' title='bbox 1973 2993 2028 3039; x_wconf 91' lang='lat' dir='ltr'><strong>et</strong></span> 
     </span>
    </p>
   </div>
   <div class='ocr_carea' id='block_1_48' title="bbox 455 3074 2025 3147">
    <p class='ocr_par' dir='ltr' id='par_1_48' title="bbox 455 3074 2025 3147">
     <span class='ocr_line' id='line_1_48' title="bbox 455 3074 2025 3147; baseline -0.002 -14"><span class='ocrx_word' id='word_1_328' title='bbox 455 3095 733 3134; x_wconf 82' lang='lat' dir='ltr'><strong>sermones</strong></span> <span class='ocrx_word' id='word_1_329' title='bbox 763 3078 951 3141; x_wconf 88' lang='lat' dir='ltr'><strong>nostri,</strong></span> <span class='ocrx_word' id='word_1_330' title='bbox 985 3077 1232 3147; x_wconf 81' lang='lat' dir='ltr'><strong>primitus</strong></span> <span class='ocrx_word' id='word_1_331' title='bbox 1251 3076 1316 3132; x_wconf 89' lang='lat' dir='ltr'><strong>de</strong></span> <span class='ocrx_word' id='word_1_332' title='bbox 1345 3074 1511 3132; x_wconf 70' lang='lat' dir='ltr'><strong>Iacob</strong></span> <span class='ocrx_word' id='word_1_333' title='bbox 1539 3085 1594 3131; x_wconf 91' lang='lat' dir='ltr'><strong>et</strong></span> <span class='ocrx_word' id='word_1_334' title='bbox 1617 3074 1760 3130; x_wconf 85' lang='lat' dir='ltr'><strong>Esau</strong></span> <span class='ocrx_word' id='word_1_335' title='bbox 1783 3077 1913 3130; x_wconf 89' lang='lat' dir='ltr'><strong>satis</strong></span> <span class='ocrx_word' id='word_1_336' title='bbox 1932 3091 2025 3130; x_wconf 89' lang='lat' dir='ltr'><strong>su-</strong></span> 
     </span>
    </p>
   </div>
   <div class='ocr_carea' id='block_1_49' title="bbox 459 3165 2028 3243">
    <p class='ocr_par' dir='ltr' id='par_1_49' title="bbox 459 3165 2028 3243">
     <span class='ocr_line' id='line_1_49' title="bbox 459 3165 2028 3243; baseline -0.004 -16"><span class='ocrx_word' id='word_1_337' title='bbox 459 3185 664 3243; x_wconf 82' lang='lat' dir='ltr'><strong>perque</strong></span> <span class='ocrx_word' id='word_1_338' title='bbox 692 3169 918 3224; x_wconf 77' lang='lat' dir='ltr'><strong>disserui</strong></span> <span class='ocrx_word' id='word_1_339' title='bbox 941 3167 968 3207; x_wconf 66' lang='lat' dir='ltr'><strong>b</strong></span> <span class='ocrx_word' id='word_1_340' title='bbox 997 3185 1011 3221; x_wconf 83' lang='lat'><strong>:</strong></span> <span class='ocrx_word' id='word_1_341' title='bbox 1058 3167 1350 3222; x_wconf 91' lang='lat' dir='ltr'><strong>ostendens</strong></span> <span class='ocrx_word' id='word_1_342' title='bbox 1377 3167 1684 3237; x_wconf 65' lang='lat' dir='ltr'><strong>apostolica:</strong></span> <span class='ocrx_word' id='word_1_343' title='bbox 1703 3165 2028 3221; x_wconf 89' lang='lat' dir='ltr'><strong>documento</strong></span> 
     </span>
    </p>
   </div>
   <div class='ocr_carea' id='block_1_50' title="bbox 2142 2711 3712 2784">
    <p class='ocr_par' dir='ltr' id='par_1_50' title="bbox 2142 2711 3712 2784">
     <span class='ocr_line' id='line_1_50' title="bbox 2142 2711 3712 2784; baseline 0.006 -21"><span class='ocrx_word' id='word_1_344' title='bbox 2142 2712 2224 2765; x_wconf 90' lang='lat' dir='ltr'><strong>lus</strong></span> <span class='ocrx_word' id='word_1_345' title='bbox 2252 2721 2470 2766; x_wconf 82' lang='lat' dir='ltr'><strong>secutus</strong></span> <span class='ocrx_word' id='word_1_346' title='bbox 2492 2711 2768 2781; x_wconf 79' lang='lat' dir='ltr'><strong>adjunsit-z</strong></span> <span class='ocrx_word' id='word_1_347' title='bbox 2797 2712 2918 2767; x_wconf 81' lang='lat' dir='ltr'><strong>Non</strong></span> <span class='ocrx_word' id='word_1_348' title='bbox 2942 2731 3005 2768; x_wconf 84' lang='lat' dir='ltr'><strong>ea:</strong></span> <span class='ocrx_word' id='word_1_349' title='bbox 3024 2714 3285 2784; x_wconf 82' lang='lat' dir='ltr'><strong>operibus,</strong></span> <span class='ocrx_word' id='word_1_350' title='bbox 3305 2716 3395 2774; x_wconf 84' lang='lat' dir='ltr'><strong>sed</strong></span> <span class='ocrx_word' id='word_1_351' title='bbox 3415 2733 3480 2770; x_wconf 78' lang='lat' dir='ltr'><strong>ea:</strong></span> <span class='ocrx_word' id='word_1_352' title='bbox 3502 2729 3712 2773; x_wconf 77' lang='lat' dir='ltr'><strong>roconte</strong></span> 
     </span>
    </p>
   </div>
   <div class='ocr_carea' id='block_1_51' title="bbox 2136 2802 3630 2877">
    <p class='ocr_par' dir='ltr' id='par_1_51' title="bbox 2136 2802 3630 2877">
     <span class='ocr_line' id='line_1_51' title="bbox 2136 2802 3630 2877; baseline 0.005 -23"><span class='ocrx_word' id='word_1_353' title='bbox 2136 2802 2328 2855; x_wconf 83' lang='lat' dir='ltr'><strong>dictum</strong></span> <span class='ocrx_word' id='word_1_354' title='bbox 2357 2813 2433 2856; x_wconf 87' lang='lat' dir='ltr'><strong>est</strong></span> <span class='ocrx_word' id='word_1_355' title='bbox 2459 2805 2527 2870; x_wconf 88' lang='lat' dir='ltr'><strong>ei,</strong></span> <span class='ocrx_word' id='word_1_356' title='bbox 2557 2804 2676 2872; x_wconf 84' lang='lat' dir='ltr'><strong>quia</strong></span> <span class='ocrx_word' id='word_1_357' title='bbox 2700 2804 2868 2874; x_wconf 88' lang='lat' dir='ltr'><strong>major</strong></span> <span class='ocrx_word' id='word_1_358' title='bbox 2889 2807 3070 2859; x_wconf 71' lang='lat' dir='ltr'><strong>serviet</strong></span> <span class='ocrx_word' id='word_1_359' title='bbox 3100 2807 3287 2860; x_wconf 88' lang='lat' dir='ltr'><strong>minori</strong></span> <span class='ocrx_word' id='word_1_360' title='bbox 3316 2805 3495 2877; x_wconf 79' lang='lat' dir='ltr'><strong>(Ibid.,</strong></span> <span class='ocrx_word' id='word_1_361' title='bbox 3524 2807 3630 2877; x_wconf 77' lang='grc'><strong>12).</strong></span> 
     </span>
    </p>
   </div>
   <div class='ocr_carea' id='block_1_52' title="bbox 2203 2891 3710 2966">
    <p class='ocr_par' dir='ltr' id='par_1_52' title="bbox 2203 2891 3710 2966">
     <span class='ocr_line' id='line_1_52' title="bbox 2203 2891 3710 2966; baseline 0.005 -22"><span class='ocrx_word' id='word_1_362' title='bbox 2203 2892 2254 2944; x_wconf 76' lang='grc'><strong>9..</strong></span> <span class='ocrx_word' id='word_1_363' title='bbox 2283 2891 2393 2948; x_wconf 89' lang='lat' dir='ltr'><strong>llac</strong></span> <span class='ocrx_word' id='word_1_364' title='bbox 2421 2894 2613 2961; x_wconf 86' lang='lat' dir='ltr'><strong>igitur,</strong></span> <span class='ocrx_word' id='word_1_365' title='bbox 2657 2894 2708 2948; x_wconf 92' lang='lat' dir='ltr'><strong>in</strong></span> <span class='ocrx_word' id='word_1_366' title='bbox 2738 2903 2998 2964; x_wconf 89' lang='lat' dir='ltr'><strong>quantum</strong></span> <span class='ocrx_word' id='word_1_367' title='bbox 3027 2894 3288 2950; x_wconf 90' lang='lat' dir='ltr'><strong>Dominus</strong></span> <span class='ocrx_word' id='word_1_368' title='bbox 3320 2896 3564 2959; x_wconf 86' lang='lat' dir='ltr'><strong>donavit,</strong></span> <span class='ocrx_word' id='word_1_369' title='bbox 3609 2913 3710 2966; x_wconf 84' lang='lat' dir='ltr'><strong>ge-</strong></span> 
     </span>
    </p>
   </div>
   <div class='ocr_carea' id='block_1_53' title="bbox 2135 2985 3715 3056">
    <p class='ocr_par' dir='ltr' id='par_1_53' title="bbox 2135 2985 3715 3056">
     <span class='ocr_line' id='line_1_53' title="bbox 2135 2985 3715 3056; baseline 0.004 -18"><span class='ocrx_word' id='word_1_370' title='bbox 2135 2985 2401 3039; x_wconf 90' lang='lat' dir='ltr'><strong>minorum</strong></span> <span class='ocrx_word' id='word_1_371' title='bbox 2431 2985 2654 3039; x_wconf 82' lang='lat' dir='ltr'><strong>fratrum</strong></span> <span class='ocrx_word' id='word_1_372' title='bbox 2684 2987 2978 3054; x_wconf 74' lang='lat' dir='ltr'><strong>quaestione</strong></span> <span class='ocrx_word' id='word_1_373' title='bbox 3010 2995 3232 3041; x_wconf 84' lang='lat' dir='ltr'><strong>tractata</strong></span> <span class='ocrx_word' id='word_1_374' title='bbox 3251 3030 3265 3054; x_wconf 93' lang='lat'><strong>,</strong></span> <span class='ocrx_word' id='word_1_375' title='bbox 3309 2987 3613 3056; x_wconf 72' lang='lat' dir='ltr'><strong>generalem</strong></span> <span class='ocrx_word' id='word_1_376' title='bbox 3641 2989 3715 3046; x_wconf 74' lang='lat' dir='ltr'><strong>de</strong></span> 
     </span>
    </p>
   </div>
   <div class='ocr_carea' id='block_1_54' title="bbox 2137 3076 3714 3148">
    <p class='ocr_par' dir='ltr' id='par_1_54' title="bbox 2137 3076 3714 3148">
     <span class='ocr_line' id='line_1_54' title="bbox 2137 3076 3714 3148; baseline 0.002 -19"><span class='ocrx_word' id='word_1_377' title='bbox 2137 3076 2371 3146; x_wconf 81' lang='lat' dir='ltr'><strong>parvulis</strong></span> <span class='ocrx_word' id='word_1_378' title='bbox 2405 3078 2520 3131; x_wconf 87' lang='lat' dir='ltr'><strong>sine</strong></span> <span class='ocrx_word' id='word_1_379' title='bbox 2554 3077 2876 3148; x_wconf 88' lang='lat' dir='ltr'><strong>baptismate</strong></span> <span class='ocrx_word' id='word_1_380' title='bbox 2915 3077 3268 3134; x_wconf 90' lang='lat' dir='ltr'><strong>morientibus</strong></span> <span class='ocrx_word' id='word_1_381' title='bbox 3309 3079 3714 3148; x_wconf 85' lang='lat' dir='ltr'><strong>inquisitionem</strong></span> 
     </span>
    </p>
   </div>
   <div class='ocr_carea' id='block_1_55' title="bbox 2137 3167 3713 3239">
    <p class='ocr_par' dir='ltr' id='par_1_55' title="bbox 2137 3167 3713 3239">
     <span class='ocr_line' id='line_1_55' title="bbox 2137 3167 3713 3239; baseline 0.002 -17"><span class='ocrx_word' id='word_1_382' title='bbox 2137 3168 2371 3237; x_wconf 83' lang='lat' dir='ltr'><strong>suscepti</strong></span> <span class='ocrx_word' id='word_1_383' title='bbox 2401 3168 2582 3237; x_wconf 89' lang='lat' dir='ltr'><strong>operis</strong></span> <span class='ocrx_word' id='word_1_384' title='bbox 2609 3168 2774 3224; x_wconf 89' lang='lat' dir='ltr'><strong>series</strong></span> <span class='ocrx_word' id='word_1_385' title='bbox 2794 3167 3247 3238; x_wconf 87' lang='lat' dir='ltr'><strong>subrogavit.Qua</strong></span> <span class='ocrx_word' id='word_1_386' title='bbox 3273 3169 3580 3239; x_wconf 88' lang='lat' dir='ltr'><strong>diligentius</strong></span> <span class='ocrx_word' id='word_1_387' title='bbox 3601 3170 3713 3225; x_wconf 82' lang='lat' dir='ltr'><strong>dis-</strong></span> 
     </span>
    </p>
   </div>
   <div class='ocr_carea' id='block_1_56' title="bbox 453 3242 3712 3343">
    <p class='ocr_par' dir='ltr' id='par_1_56' title="bbox 453 3242 3712 3343">
     <span class='ocr_line' id='line_1_56' title="bbox 453 3242 3712 3343; baseline 0 -27"><span class='ocrx_word' id='word_1_388' title='bbox 453 3242 766 3323; x_wconf 73' lang='lat' dir='ltr'><strong>sententiae,</strong></span> <span class='ocrx_word' id='word_1_389' title='bbox 825 3259 983 3315; x_wconf 75' lang='lat' dir='ltr'><strong>inullis</strong></span> <span class='ocrx_word' id='word_1_390' title='bbox 1011 3259 1430 3343; x_wconf 78' lang='lat' dir='ltr'><strong>praecedentium</strong></span> <span class='ocrx_word' id='word_1_391' title='bbox 1459 3267 1552 3312; x_wconf 90' lang='lat' dir='ltr'><strong>aut</strong></span> <span class='ocrx_word' id='word_1_392' title='bbox 1589 3257 2027 3328; x_wconf 90' lang='lat' dir='ltr'><strong>subsequentium</strong></span> <span class='ocrx_word' id='word_1_393' title='bbox 2059 3242 2102 3302; x_wconf 62' lang='grc' dir='ltr'><strong>(ἒ</strong></span> <span class='ocrx_word' id='word_1_394' title='bbox 2134 3274 2324 3325; x_wconf 85' lang='lat' dir='ltr'><strong>cussa,</strong></span> <span class='ocrx_word' id='word_1_395' title='bbox 2367 3268 2450 3324; x_wconf 86' lang='lat' dir='ltr'><strong>et,</strong></span> <span class='ocrx_word' id='word_1_396' title='bbox 2482 3268 2741 3328; x_wconf 88' lang='lat' dir='ltr'><strong>quantum</strong></span> <span class='ocrx_word' id='word_1_397' title='bbox 2785 3261 3050 3328; x_wconf 89' lang='lat' dir='ltr'><strong>arbitror,</strong></span> <span class='ocrx_word' id='word_1_398' title='bbox 3098 3261 3396 3316; x_wconf 77' lang='lat' dir='ltr'><strong>evidentius</strong></span> <span class='ocrx_word' id='word_1_399' title='bbox 3440 3262 3712 3325; x_wconf 84' lang='lat' dir='ltr'><strong>absoluta,</strong></span> 
     </span>
    </p>
   </div>
   <div class='ocr_carea' id='block_1_57' title="bbox 456 3349 2034 3422">
    <p class='ocr_par' dir='ltr' id='par_1_57' title="bbox 456 3349 2034 3422">
     <span class='ocr_line' id='line_1_57' title="bbox 456 3349 2034 3422; baseline -0.003 -13"><span class='ocrx_word' id='word_1_400' title='bbox 456 3352 796 3422; x_wconf 75' lang='lat' dir='ltr'><strong>exigentibus</strong></span> <span class='ocrx_word' id='word_1_401' title='bbox 838 3366 1061 3420; x_wconf 87' lang='lat' dir='ltr'><strong>operum</strong></span> <span class='ocrx_word' id='word_1_402' title='bbox 1102 3351 1325 3416; x_wconf 88' lang='lat' dir='ltr'><strong>meritis,</strong></span> <span class='ocrx_word' id='word_1_403' title='bbox 1377 3359 1620 3405; x_wconf 90' lang='lat' dir='ltr'><strong>sanctum</strong></span> <span class='ocrx_word' id='word_1_404' title='bbox 1659 3349 1826 3405; x_wconf 84' lang='lat' dir='ltr'><strong>Jacob</strong></span> <span class='ocrx_word' id='word_1_405' title='bbox 1856 3350 2034 3420; x_wconf 85' lang='lat' dir='ltr'><strong>prius-</strong></span> 
     </span>
    </p>
   </div>
   <div class='ocr_carea' id='block_1_58' title="bbox 455 3431 2035 3516">
    <p class='ocr_par' dir='ltr' id='par_1_58' title="bbox 455 3431 2035 3516">
     <span class='ocr_line' id='line_1_58' title="bbox 455 3431 2035 3516; baseline -0.002 -16"><span class='ocrx_word' id='word_1_406' title='bbox 455 3461 616 3516; x_wconf 83' lang='lat' dir='ltr'><strong>quam</strong></span> <span class='ocrx_word' id='word_1_407' title='bbox 663 3457 980 3501; x_wconf 85' lang='lat' dir='ltr'><strong>nasceretur</strong></span> <span class='ocrx_word' id='word_1_408' title='bbox 1024 3446 1279 3511; x_wconf 83' lang='lat' dir='ltr'><strong>electum,</strong></span> <span class='ocrx_word' id='word_1_409' title='bbox 1306 3445 1400 3500; x_wconf 89' lang='lat' dir='ltr'><strong>sed</strong></span> <span class='ocrx_word' id='word_1_410' title='bbox 1429 3444 1544 3500; x_wconf 90' lang='lat' dir='ltr'><strong>sola</strong></span> <span class='ocrx_word' id='word_1_411' title='bbox 1573 3443 1740 3498; x_wconf 81' lang='lat' dir='ltr'><strong>divini</strong></span> <span class='ocrx_word' id='word_1_412' title='bbox 1771 3431 2035 3513; x_wconf 64' lang='lat' dir='ltr'><strong>propositi</strong></span> 
     </span>
    </p>
   </div>
   <div class='ocr_carea' id='block_1_59' title="bbox 454 3537 2036 3611">
    <p class='ocr_par' dir='ltr' id='par_1_59' title="bbox 454 3537 2036 3611">
     <span class='ocr_line' id='line_1_59' title="bbox 454 3537 2036 3611; baseline -0.003 -13"><span class='ocrx_word' id='word_1_413' title='bbox 454 3540 784 3611; x_wconf 84' lang='lat' dir='ltr'><strong>benignitate</strong></span> <span class='ocrx_word' id='word_1_414' title='bbox 810 3540 1124 3598; x_wconf 84' lang='lat' dir='ltr'><strong>discretum.</strong></span> <span class='ocrx_word' id='word_1_415' title='bbox 1152 3538 1304 3607; x_wconf 84' lang='lat' dir='ltr'><strong>Quod</strong></span> <span class='ocrx_word' id='word_1_416' title='bbox 1329 3538 1608 3594; x_wconf 81' lang='lat' dir='ltr'><strong>evidenter</strong></span> <span class='ocrx_word' id='word_1_417' title='bbox 1629 3540 1821 3594; x_wconf 89' lang='lat' dir='ltr'><strong>beatus</strong></span> <span class='ocrx_word' id='word_1_418' title='bbox 1841 3537 2036 3594; x_wconf 82' lang='lat' dir='ltr'><strong>Paulus</strong></span> 
     </span>
    </p>
   </div>
   <div class='ocr_carea' id='block_1_60' title="bbox 454 3627 2033 3701">
    <p class='ocr_par' dir='ltr' id='par_1_60' title="bbox 454 3627 2033 3701">
     <span class='ocr_line' id='line_1_60' title="bbox 454 3627 2033 3701; baseline -0.003 -15"><span class='ocrx_word' id='word_1_419' title='bbox 454 3632 548 3688; x_wconf 88' lang='lat' dir='ltr'><strong>illo</strong></span> <span class='ocrx_word' id='word_1_420' title='bbox 575 3630 917 3701; x_wconf 84' lang='lat' dir='ltr'><strong>cognoscitur</strong></span> <span class='ocrx_word' id='word_1_421' title='bbox 944 3631 1238 3688; x_wconf 81' lang='lat' dir='ltr'><strong>asSeruisse</strong></span> <span class='ocrx_word' id='word_1_422' title='bbox 1285 3645 1556 3696; x_wconf 89' lang='lat' dir='ltr'><strong>sermone,</strong></span> <span class='ocrx_word' id='word_1_423' title='bbox 1599 3645 1708 3698; x_wconf 90' lang='lat' dir='ltr'><strong>quo</strong></span> <span class='ocrx_word' id='word_1_424' title='bbox 1753 3629 1864 3683; x_wconf 88' lang='lat' dir='ltr'><strong>ait:</strong></span> <span class='ocrx_word' id='word_1_425' title='bbox 1897 3627 2033 3682; x_wconf 89' lang='lat' dir='ltr'><strong>Dum</strong></span> 
     </span>
    </p>
   </div>
   <div class='ocr_carea' id='block_1_61' title="bbox 452 3719 2034 3794">
    <p class='ocr_par' dir='ltr' id='par_1_61' title="bbox 452 3719 2034 3794">
     <span class='ocr_line' id='line_1_61' title="bbox 452 3719 2034 3794; baseline -0.001 -18"><span class='ocrx_word' id='word_1_426' title='bbox 452 3723 592 3776; x_wconf 81' lang='lat' dir='ltr'><strong>enim</strong></span> <span class='ocrx_word' id='word_1_427' title='bbox 621 3723 846 3778; x_wconf 75' lang='lat' dir='ltr'><strong>nendum</strong></span> <span class='ocrx_word' id='word_1_428' title='bbox 877 3723 987 3776; x_wconf 87' lang='lat' dir='ltr'><strong>nati</strong></span> <span class='ocrx_word' id='word_1_429' title='bbox 1018 3725 1234 3794; x_wconf 77' lang='lat' dir='ltr'><strong>fuissent</strong></span> <span class='ocrx_word' id='word_1_430' title='bbox 1261 3731 1348 3774; x_wconf 86' lang='lat' dir='ltr'><strong>aut</strong></span> <span class='ocrx_word' id='word_1_431' title='bbox 1373 3722 1585 3793; x_wconf 82' lang='lat' dir='ltr'><strong>aliquod</strong></span> <span class='ocrx_word' id='word_1_432' title='bbox 1603 3723 1824 3791; x_wconf 78' lang='lat' dir='ltr'><strong>egissent</strong></span> <span class='ocrx_word' id='word_1_433' title='bbox 1847 3719 2034 3774; x_wconf 79' lang='lat' dir='ltr'><strong>bonum</strong></span> 
     </span>
    </p>
   </div>
   <div class='ocr_carea' id='block_1_62' title="bbox 461 3810 2034 3881">
    <p class='ocr_par' dir='ltr' id='par_1_62' title="bbox 461 3810 2034 3881">
     <span class='ocr_line' id='line_1_62' title="bbox 461 3810 2034 3881; baseline 0 -16"><span class='ocrx_word' id='word_1_434' title='bbox 461 3821 554 3866; x_wconf 80' lang='lat' dir='ltr'><strong>aut</strong></span> <span class='ocrx_word' id='word_1_435' title='bbox 589 3815 811 3877; x_wconf 77' lang='lat' dir='ltr'><strong>malum,</strong></span> <span class='ocrx_word' id='word_1_436' title='bbox 855 3821 910 3867; x_wconf 86' lang='lat' dir='ltr'><strong>ut</strong></span> <span class='ocrx_word' id='word_1_437' title='bbox 932 3817 1210 3868; x_wconf 75' lang='lat' dir='ltr'><strong>sertmdum</strong></span> <span class='ocrx_word' id='word_1_438' title='bbox 1237 3813 1534 3866; x_wconf 71' lang='lat' dir='ltr'><strong>electione»:</strong></span> <span class='ocrx_word' id='word_1_439' title='bbox 1580 3813 1894 3881; x_wconf 84' lang='lat' dir='ltr'><strong>propositum</strong></span> <span class='ocrx_word' id='word_1_440' title='bbox 1938 3810 2034 3865; x_wconf 86' lang='lat' dir='ltr'><strong>Dei</strong></span> 
     </span>
    </p>
   </div>
   <div class='ocr_carea' id='block_1_63' title="bbox 453 3902 2032 3975">
    <p class='ocr_par' dir='ltr' id='par_1_63' title="bbox 453 3902 2032 3975">
     <span class='ocr_line' id='line_1_63' title="bbox 453 3902 2032 3975; baseline -0.001 -19"><span class='ocrx_word' id='word_1_441' title='bbox 453 3914 681 3957; x_wconf 76' lang='lat' dir='ltr'><strong>maneret</strong></span> <span class='ocrx_word' id='word_1_442' title='bbox 713 3903 890 3975; x_wconf 84' lang='lat' dir='ltr'><strong>(Rom.</strong></span> <span class='ocrx_word' id='word_1_443' title='bbox 937 3921 1006 3968; x_wconf 74' lang='lat' dir='ltr'><strong>rx,</strong></span> <span class='ocrx_word' id='word_1_444' title='bbox 1058 3903 1167 3973; x_wconf 87' lang='lat' dir='ltr'><strong>ll).</strong></span> <span class='ocrx_word' id='word_1_445' title='bbox 1207 3903 1362 3970; x_wconf 85' lang='lat' dir='ltr'><strong>Quod</strong></span> <span class='ocrx_word' id='word_1_446' title='bbox 1407 3903 1700 3973; x_wconf 83' lang='lat' dir='ltr'><strong>Apostolus</strong></span> <span class='ocrx_word' id='word_1_447' title='bbox 1726 3903 1848 3958; x_wconf 90' lang='lat' dir='ltr'><strong>ideo</strong></span> <span class='ocrx_word' id='word_1_448' title='bbox 1876 3902 2032 3970; x_wconf 78' lang='lat' dir='ltr'><strong>dixit,</strong></span> 
     </span>
    </p>
   </div>
   <div class='ocr_carea' id='block_1_64' title="bbox 454 3993 2032 4060">
    <p class='ocr_par' dir='ltr' id='par_1_64' title="bbox 454 3993 2032 4060">
     <span class='ocr_line' id='line_1_64' title="bbox 454 3993 2032 4060; baseline 0.002 -14"><span class='ocrx_word' id='word_1_449' title='bbox 454 4001 522 4046; x_wconf 89' lang='lat' dir='ltr'><strong>ut-</strong></span> <span class='ocrx_word' id='word_1_450' title='bbox 543 4011 648 4048; x_wconf 92' lang='lat' dir='ltr'><strong>non</strong></span> <span class='ocrx_word' id='word_1_451' title='bbox 679 3995 970 4050; x_wconf 90' lang='lat' dir='ltr'><strong>secundum</strong></span> <span class='ocrx_word' id='word_1_452' title='bbox 999 3995 1251 4060; x_wconf 76' lang='lat' dir='ltr'><strong>hominis,</strong></span> <span class='ocrx_word' id='word_1_453' title='bbox 1281 3993 1373 4050; x_wconf 83' lang='lat' dir='ltr'><strong>sed</strong></span> <span class='ocrx_word' id='word_1_454' title='bbox 1399 3994 1693 4050; x_wconf 79' lang='lat' dir='ltr'><strong>secundum</strong></span> <span class='ocrx_word' id='word_1_455' title='bbox 1714 3994 2032 4050; x_wconf 85' lang='lat' dir='ltr'><strong>electionem</strong></span> 
     </span>
    </p>
   </div>
   <div class='ocr_carea' id='block_1_65' title="bbox 455 4085 2030 4155">
    <p class='ocr_par' dir='ltr' id='par_1_65' title="bbox 455 4085 2030 4155">
     <span class='ocr_line' id='line_1_65' title="bbox 455 4085 2030 4155; baseline 0.004 -21"><span class='ocrx_word' id='word_1_456' title='bbox 455 4085 699 4138; x_wconf 80' lang='lat' dir='ltr'><strong>vocantis</strong></span> <span class='ocrx_word' id='word_1_457' title='bbox 724 4086 1058 4154; x_wconf 90' lang='lat' dir='ltr'><strong>propositum</strong></span> <span class='ocrx_word' id='word_1_458' title='bbox 1090 4086 1348 4140; x_wconf 88' lang='lat' dir='ltr'><strong>mansisse</strong></span> <span class='ocrx_word' id='word_1_459' title='bbox 1369 4092 1697 4140; x_wconf 89' lang='lat' dir='ltr'><strong>monstraret</strong></span> <span class='ocrx_word' id='word_1_460' title='bbox 1721 4103 1735 4151; x_wconf 92' lang='lat'><strong>;</strong></span> <span class='ocrx_word' id='word_1_461' title='bbox 1759 4101 1938 4155; x_wconf 90' lang='lat' dir='ltr'><strong>neque</strong></span> <span class='ocrx_word' id='word_1_462' title='bbox 1965 4100 2030 4140; x_wconf 86' lang='lat' dir='ltr'><strong>es</strong></span> 
     </span>
    </p>
   </div>
   <div class='ocr_carea' id='block_1_66' title="bbox 454 4176 2028 4245">
    <p class='ocr_par' dir='ltr' id='par_1_66' title="bbox 454 4176 2028 4245">
     <span class='ocr_line' id='line_1_66' title="bbox 454 4176 2028 4245; baseline 0.002 -16"><span class='ocrx_word' id='word_1_463' title='bbox 454 4176 707 4230; x_wconf 80' lang='lat' dir='ltr'><strong>nascituri</strong></span> <span class='ocrx_word' id='word_1_464' title='bbox 750 4177 994 4245; x_wconf 89' lang='lat' dir='ltr'><strong>quolibet</strong></span> <span class='ocrx_word' id='word_1_465' title='bbox 1021 4180 1234 4243; x_wconf 91' lang='lat' dir='ltr'><strong>merito,</strong></span> <span class='ocrx_word' id='word_1_466' title='bbox 1272 4178 1366 4233; x_wconf 85' lang='lat' dir='ltr'><strong>sed</strong></span> <span class='ocrx_word' id='word_1_467' title='bbox 1408 4193 1476 4233; x_wconf 78' lang='lat' dir='ltr'><strong>ex</strong></span> <span class='ocrx_word' id='word_1_468' title='bbox 1507 4178 1782 4233; x_wconf 87' lang='lat' dir='ltr'><strong>voluntate</strong></span> <span class='ocrx_word' id='word_1_469' title='bbox 1812 4177 1903 4232; x_wconf 90' lang='lat' dir='ltr'><strong>Dei</strong></span> <span class='ocrx_word' id='word_1_470' title='bbox 1933 4194 2028 4232; x_wconf 49' lang='lat' dir='ltr'><strong>eo.</strong></span> 
     </span>
    </p>
   </div>
   <div class='ocr_carea' id='block_1_67' title="bbox 453 4267 2033 4336">
    <p class='ocr_par' dir='ltr' id='par_1_67' title="bbox 453 4267 2033 4336">
     <span class='ocr_line' id='line_1_67' title="bbox 453 4267 2033 4336; baseline 0.001 -16"><span class='ocrx_word' id='word_1_471' title='bbox 453 4275 804 4336; x_wconf 86' lang='lat' dir='ltr'><strong>gnosceretur</strong></span> <span class='ocrx_word' id='word_1_472' title='bbox 850 4267 1065 4324; x_wconf 84' lang='lat' dir='ltr'><strong>electio.</strong></span> <span class='ocrx_word' id='word_1_473' title='bbox 1116 4269 1322 4324; x_wconf 83' lang='lat' dir='ltr'><strong>Revera</strong></span> <span class='ocrx_word' id='word_1_474' title='bbox 1369 4270 1512 4323; x_wconf 89' lang='lat' dir='ltr'><strong>enim</strong></span> <span class='ocrx_word' id='word_1_475' title='bbox 1560 4269 1774 4324; x_wconf 90' lang='lat' dir='ltr'><strong>vocatio</strong></span> <span class='ocrx_word' id='word_1_476' title='bbox 1820 4269 1914 4323; x_wconf 90' lang='lat' dir='ltr'><strong>Dei</strong></span> <span class='ocrx_word' id='word_1_477' title='bbox 1963 4284 2033 4323; x_wconf 82' lang='lat' dir='ltr'><strong>ex-</strong></span> 
     </span>
    </p>
   </div>
   <div class='ocr_carea' id='block_1_68' title="bbox 452 4357 2026 4428">
    <p class='ocr_par' dir='ltr' id='par_1_68' title="bbox 452 4357 2026 4428">
     <span class='ocr_line' id='line_1_68' title="bbox 452 4357 2026 4428; baseline -0.001 -16"><span class='ocrx_word' id='word_1_478' title='bbox 452 4357 688 4412; x_wconf 86' lang='lat' dir='ltr'><strong>bominis</strong></span> <span class='ocrx_word' id='word_1_479' title='bbox 719 4357 1019 4424; x_wconf 61' lang='lat' dir='ltr'><strong>merito,&#39;et</strong></span> <span class='ocrx_word' id='word_1_480' title='bbox 1045 4375 1151 4414; x_wconf 90' lang='lat' dir='ltr'><strong>non</strong></span> <span class='ocrx_word' id='word_1_481' title='bbox 1177 4375 1244 4414; x_wconf 83' lang='lat' dir='ltr'><strong>ex</strong></span> <span class='ocrx_word' id='word_1_482' title='bbox 1271 4359 1444 4428; x_wconf 86' lang='lat' dir='ltr'><strong>gratia</strong></span> <span class='ocrx_word' id='word_1_483' title='bbox 1471 4358 1565 4413; x_wconf 90' lang='lat' dir='ltr'><strong>Dei</strong></span> <span class='ocrx_word' id='word_1_484' title='bbox 1595 4357 1783 4414; x_wconf 85' lang='lat' dir='ltr'><strong>fuisset</strong></span> <span class='ocrx_word' id='word_1_485' title='bbox 1811 4359 2026 4422; x_wconf 75' lang='lat' dir='ltr'><strong>electio,</strong></span> 
     </span>
    </p>
   </div>
   <div class='ocr_carea' id='block_1_69' title="bbox 451 4447 2028 4521">
    <p class='ocr_par' dir='ltr' id='par_1_69' title="bbox 451 4447 2028 4521">
     <span class='ocr_line' id='line_1_69' title="bbox 451 4447 2028 4521; baseline 0.001 -18"><span class='ocrx_word' id='word_1_486' title='bbox 451 4448 498 4503; x_wconf 84' lang='lat' dir='ltr'><strong>si</strong></span> <span class='ocrx_word' id='word_1_487' title='bbox 529 4447 729 4517; x_wconf 91' lang='lat' dir='ltr'><strong>aliquid</strong></span> <span class='ocrx_word' id='word_1_488' title='bbox 761 4449 914 4502; x_wconf 59' lang='lat' dir='ltr'><strong>bona:</strong></span> <span class='ocrx_word' id='word_1_489' title='bbox 938 4450 1024 4504; x_wconf 87' lang='lat' dir='ltr'><strong>vel</strong></span> <span class='ocrx_word' id='word_1_490' title='bbox 1053 4450 1204 4504; x_wconf 74' lang='lat' dir='ltr'><strong>malte</strong></span> <span class='ocrx_word' id='word_1_491' title='bbox 1229 4449 1458 4505; x_wconf 86' lang='lat' dir='ltr'><strong>actionis</strong></span> <span class='ocrx_word' id='word_1_492' title='bbox 1483 4450 1814 4508; x_wconf 85' lang='lat' dir='ltr'><strong>inveniretur</strong></span> <span class='ocrx_word' id='word_1_493' title='bbox 1835 4450 1886 4504; x_wconf 94' lang='lat' dir='ltr'><strong>in</strong></span> <span class='ocrx_word' id='word_1_494' title='bbox 1907 4466 2028 4521; x_wconf 84' lang='lat' dir='ltr'><strong>par-</strong></span> 
     </span>
    </p>
   </div>
   <div class='ocr_carea' id='block_1_70' title="bbox 451 4537 2024 4610">
    <p class='ocr_par' dir='ltr' id='par_1_70' title="bbox 451 4537 2024 4610">
     <span class='ocr_line' id='line_1_70' title="bbox 451 4537 2024 4610; baseline 0.003 -18"><span class='ocrx_word' id='word_1_495' title='bbox 451 4538 608 4593; x_wconf 86' lang='lat' dir='ltr'><strong>vulis.</strong></span> <span class='ocrx_word' id='word_1_496' title='bbox 637 4537 742 4595; x_wconf 58' lang='lat' dir='ltr'><strong>Sed</strong></span> <span class='ocrx_word' id='word_1_497' title='bbox 764 4539 888 4610; x_wconf 86' lang='lat' dir='ltr'><strong>quia</strong></span> <span class='ocrx_word' id='word_1_498' title='bbox 918 4540 1064 4596; x_wconf 81' lang='lat' dir='ltr'><strong>nulla</strong></span> <span class='ocrx_word' id='word_1_499' title='bbox 1088 4541 1302 4596; x_wconf 85' lang='lat' dir='ltr'><strong>fuerunt</strong></span> <span class='ocrx_word' id='word_1_500' title='bbox 1322 4541 1374 4596; x_wconf 91' lang='lat' dir='ltr'><strong>in</strong></span> <span class='ocrx_word' id='word_1_501' title='bbox 1397 4540 1637 4597; x_wconf 89' lang='lat' dir='ltr'><strong>nondum</strong></span> <span class='ocrx_word' id='word_1_502' title='bbox 1663 4541 2024 4607; x_wconf 86' lang='lat' dir='ltr'><strong>nascentibus,</strong></span> 
     </span>
    </p>
   </div>
   <div class='ocr_carea' id='block_1_71' title="bbox 2139 3351 3714 3426">
    <p class='ocr_par' dir='ltr' id='par_1_71' title="bbox 2139 3351 3714 3426">
     <span class='ocr_line' id='line_1_71' title="bbox 2139 3351 3714 3426; baseline 0.003 -21"><span class='ocrx_word' id='word_1_503' title='bbox 2139 3351 2306 3421; x_wconf 90' lang='lat' dir='ltr'><strong>ipsius</strong></span> <span class='ocrx_word' id='word_1_504' title='bbox 2326 3351 2538 3406; x_wconf 87' lang='lat' dir='ltr'><strong>demum</strong></span> <span class='ocrx_word' id='word_1_505' title='bbox 2555 3353 2740 3421; x_wconf 73' lang='lat' dir='ltr'><strong>gratim</strong></span> <span class='ocrx_word' id='word_1_506' title='bbox 2760 3367 2864 3420; x_wconf 91' lang='lat' dir='ltr'><strong>qua</strong></span> <span class='ocrx_word' id='word_1_507' title='bbox 2891 3355 3058 3422; x_wconf 83' lang='lat' dir='ltr'><strong>gratis</strong></span> <span class='ocrx_word' id='word_1_508' title='bbox 3077 3354 3474 3424; x_wconf 70' lang='lat' dir='ltr'><strong>prmveniuntur</strong></span> <span class='ocrx_word' id='word_1_509' title='bbox 3485 3355 3714 3426; x_wconf 82' lang='lat' dir='ltr'><strong>quicun-</strong></span> 
     </span>
    </p>
   </div>
   <div class='ocr_carea' id='block_1_72' title="bbox 2136 3443 3714 3516">
    <p class='ocr_par' dir='ltr' id='par_1_72' title="bbox 2136 3443 3714 3516">
     <span class='ocr_line' id='line_1_72' title="bbox 2136 3443 3714 3516; baseline 0.003 -20"><span class='ocrx_word' id='word_1_510' title='bbox 2136 3458 2241 3512; x_wconf 86' lang='lat' dir='ltr'><strong>que</strong></span> <span class='ocrx_word' id='word_1_511' title='bbox 2268 3443 2572 3507; x_wconf 89' lang='lat' dir='ltr'><strong>salvantur,</strong></span> <span class='ocrx_word' id='word_1_512' title='bbox 2608 3452 2868 3498; x_wconf 88' lang='lat' dir='ltr'><strong>tractatus</strong></span> <span class='ocrx_word' id='word_1_513' title='bbox 2895 3453 2979 3499; x_wconf 89' lang='lat' dir='ltr'><strong>est</strong></span> <span class='ocrx_word' id='word_1_514' title='bbox 3003 3459 3033 3496; x_wconf 89' lang='lat' dir='ltr'><strong>a</strong></span> <span class='ocrx_word' id='word_1_515' title='bbox 3060 3444 3214 3498; x_wconf 92' lang='lat' dir='ltr'><strong>nobis</strong></span> <span class='ocrx_word' id='word_1_516' title='bbox 3240 3444 3468 3500; x_wconf 84' lang='lat' dir='ltr'><strong>sollicita</strong></span> <span class='ocrx_word' id='word_1_517' title='bbox 3489 3445 3714 3516; x_wconf 77' lang='lat' dir='ltr'><strong>inquisi-</strong></span> 
     </span>
    </p>
   </div>
   <div class='ocr_carea' id='block_1_73' title="bbox 2138 3537 3713 3608">
    <p class='ocr_par' dir='ltr' id='par_1_73' title="bbox 2138 3537 3713 3608">
     <span class='ocr_line' id='line_1_73' title="bbox 2138 3537 3713 3608; baseline 0.001 -18"><span class='ocrx_word' id='word_1_518' title='bbox 2138 3539 2282 3592; x_wconf 89' lang='lat' dir='ltr'><strong>tione</strong></span> <span class='ocrx_word' id='word_1_519' title='bbox 2301 3545 2581 3606; x_wconf 81' lang='lat' dir='ltr'><strong>susceptus</strong></span> <span class='ocrx_word' id='word_1_520' title='bbox 2614 3556 2624 3590; x_wconf 90' lang='lat'>:</span> <span class='ocrx_word' id='word_1_521' title='bbox 2653 3553 2762 3606; x_wconf 89' lang='lat' dir='ltr'><strong>quo</strong></span> <span class='ocrx_word' id='word_1_522' title='bbox 2779 3537 2952 3606; x_wconf 89' lang='lat' dir='ltr'><strong>patuit</strong></span> <span class='ocrx_word' id='word_1_523' title='bbox 2971 3538 3188 3608; x_wconf 83' lang='lat' dir='ltr'><strong>gratiam</strong></span> <span class='ocrx_word' id='word_1_524' title='bbox 3212 3554 3312 3592; x_wconf 85' lang='lat' dir='ltr'><strong>non</strong></span> <span class='ocrx_word' id='word_1_525' title='bbox 3335 3538 3570 3592; x_wconf 82' lang='lat' dir='ltr'><strong>omnibus</strong></span> <span class='ocrx_word' id='word_1_526' title='bbox 3589 3541 3713 3592; x_wconf 78' lang='lat' dir='ltr'><strong>uni-</strong></span> 
     </span>
    </p>
   </div>
   <div class='ocr_carea' id='block_1_74' title="bbox 2135 3627 3713 3699">
    <p class='ocr_par' dir='ltr' id='par_1_74' title="bbox 2135 3627 3713 3699">
     <span class='ocr_line' id='line_1_74' title="bbox 2135 3627 3713 3699; baseline 0.003 -19"><span class='ocrx_word' id='word_1_527' title='bbox 2135 3627 2397 3681; x_wconf 75' lang='lat' dir='ltr'><strong>eersatiter</strong></span> <span class='ocrx_word' id='word_1_528' title='bbox 2425 3627 2567 3691; x_wconf 81' lang='lat' dir='ltr'><strong>dari,</strong></span> <span class='ocrx_word' id='word_1_529' title='bbox 2611 3636 2666 3682; x_wconf 90' lang='lat' dir='ltr'><strong>et</strong></span> <span class='ocrx_word' id='word_1_530' title='bbox 2706 3628 2900 3699; x_wconf 88' lang='lat' dir='ltr'><strong>quibus</strong></span> <span class='ocrx_word' id='word_1_531' title='bbox 2933 3627 3091 3680; x_wconf 89' lang='lat' dir='ltr'><strong>datur</strong></span> <span class='ocrx_word' id='word_1_532' title='bbox 3116 3644 3222 3682; x_wconf 91' lang='lat' dir='ltr'><strong>non</strong></span> <span class='ocrx_word' id='word_1_533' title='bbox 3262 3628 3538 3696; x_wconf 81' lang='lat' dir='ltr'><strong>:equaliter</strong></span> <span class='ocrx_word' id='word_1_534' title='bbox 3571 3628 3713 3684; x_wconf 75' lang='lat' dir='ltr'><strong>dari.</strong></span> 
     </span>
    </p>
   </div>
   <div class='ocr_carea' id='block_1_75' title="bbox 2134 3718 3713 3788">
    <p class='ocr_par' dir='ltr' id='par_1_75' title="bbox 2134 3718 3713 3788">
     <span class='ocr_line' id='line_1_75' title="bbox 2134 3718 3713 3788; baseline 0.001 -16"><span class='ocrx_word' id='word_1_535' title='bbox 2134 3718 2280 3773; x_wconf 89' lang='lat' dir='ltr'><strong>Illius</strong></span> <span class='ocrx_word' id='word_1_536' title='bbox 2308 3728 2392 3774; x_wconf 88' lang='lat' dir='ltr'><strong>est</strong></span> <span class='ocrx_word' id='word_1_537' title='bbox 2420 3719 2587 3782; x_wconf 85' lang='lat' dir='ltr'><strong>enim,</strong></span> <span class='ocrx_word' id='word_1_538' title='bbox 2629 3719 2712 3774; x_wconf 90' lang='lat' dir='ltr'><strong>vel</strong></span> <span class='ocrx_word' id='word_1_539' title='bbox 2742 3719 2936 3788; x_wconf 87' lang='lat' dir='ltr'><strong>quibus</strong></span> <span class='ocrx_word' id='word_1_540' title='bbox 2964 3733 3081 3772; x_wconf 89' lang='lat' dir='ltr'><strong>eam</strong></span> <span class='ocrx_word' id='word_1_541' title='bbox 3101 3760 3115 3786; x_wconf 93' lang='lat'><strong>,</strong></span> <span class='ocrx_word' id='word_1_542' title='bbox 3149 3718 3233 3772; x_wconf 88' lang='lat' dir='ltr'><strong>vel</strong></span> <span class='ocrx_word' id='word_1_543' title='bbox 3262 3727 3517 3786; x_wconf 87' lang='lat' dir='ltr'><strong>quautam</strong></span> <span class='ocrx_word' id='word_1_544' title='bbox 3557 3718 3713 3783; x_wconf 64' lang='lat' dir='ltr'><strong>dare,</strong></span> 
     </span>
    </p>
   </div>
   <div class='ocr_carea' id='block_1_76' title="bbox 2134 3808 3716 3880">
    <p class='ocr_par' dir='ltr' id='par_1_76' title="bbox 2134 3808 3716 3880">
     <span class='ocr_line' id='line_1_76' title="bbox 2134 3808 3716 3880; baseline -0.003 -14"><span class='ocrx_word' id='word_1_545' title='bbox 2134 3812 2225 3880; x_wconf 90' lang='lat' dir='ltr'><strong>qui</strong></span> <span class='ocrx_word' id='word_1_546' title='bbox 2257 3829 2362 3866; x_wconf 93' lang='lat' dir='ltr'><strong>non</strong></span> <span class='ocrx_word' id='word_1_547' title='bbox 2387 3827 2505 3865; x_wconf 90' lang='lat' dir='ltr'><strong>eam</strong></span> <span class='ocrx_word' id='word_1_548' title='bbox 2536 3811 2783 3865; x_wconf 85' lang='lat' dir='ltr'><strong>humanis</strong></span> <span class='ocrx_word' id='word_1_549' title='bbox 2810 3809 3204 3874; x_wconf 90' lang='lat' dir='ltr'><strong>voluntatibus,</strong></span> <span class='ocrx_word' id='word_1_550' title='bbox 3223 3817 3316 3862; x_wconf 93' lang='lat' dir='ltr'><strong>aut</strong></span> <span class='ocrx_word' id='word_1_551' title='bbox 3335 3809 3588 3878; x_wconf 70' lang='lat' dir='ltr'><strong>operhus</strong></span> <span class='ocrx_word' id='word_1_552' title='bbox 3616 3808 3716 3862; x_wconf 80' lang='lat' dir='ltr'><strong>de-</strong></span> 
     </span>
    </p>
   </div>
   <div class='ocr_carea' id='block_1_77' title="bbox 2133 3898 3716 3970">
    <p class='ocr_par' dir='ltr' id='par_1_77' title="bbox 2133 3898 3716 3970">
     <span class='ocr_line' id='line_1_77' title="bbox 2133 3898 3716 3970; baseline -0.003 -12"><span class='ocrx_word' id='word_1_553' title='bbox 2133 3904 2297 3958; x_wconf 88' lang='lat' dir='ltr'><strong>bitam</strong></span> <span class='ocrx_word' id='word_1_554' title='bbox 2321 3903 2599 3969; x_wconf 88' lang='lat' dir='ltr'><strong>retribuit,</strong></span> <span class='ocrx_word' id='word_1_555' title='bbox 2631 3901 2728 3957; x_wconf 87' lang='lat' dir='ltr'><strong>sed</strong></span> <span class='ocrx_word' id='word_1_556' title='bbox 2752 3901 3038 3970; x_wconf 81' lang='lat' dir='ltr'><strong>gratuitam</strong></span> <span class='ocrx_word' id='word_1_557' title='bbox 3066 3898 3428 3954; x_wconf 74' lang='lat' dir='ltr'><strong>illuminanilis</strong></span> <span class='ocrx_word' id='word_1_558' title='bbox 3459 3898 3716 3953; x_wconf 85' lang='lat' dir='ltr'><strong>cordibus</strong></span> 
     </span>
    </p>
   </div>
   <div class='ocr_carea' id='block_1_78' title="bbox 2133 3987 3718 4061">
    <p class='ocr_par' dir='ltr' id='par_1_78' title="bbox 2133 3987 3718 4061">
     <span class='ocr_line' id='line_1_78' title="bbox 2133 3987 3718 4061; baseline -0.005 -12"><span class='ocrx_word' id='word_1_559' title='bbox 2133 3994 2440 4050; x_wconf 87' lang='lat' dir='ltr'><strong>misericors</strong></span> <span class='ocrx_word' id='word_1_560' title='bbox 2461 4008 2524 4048; x_wconf 92' lang='lat' dir='ltr'><strong>ac</strong></span> <span class='ocrx_word' id='word_1_561' title='bbox 2545 3993 2808 4061; x_wconf 88' lang='lat' dir='ltr'><strong>benignus</strong></span> <span class='ocrx_word' id='word_1_562' title='bbox 2837 3991 3085 4046; x_wconf 90' lang='lat' dir='ltr'><strong>infundit.</strong></span> <span class='ocrx_word' id='word_1_563' title='bbox 3112 3989 3178 4042; x_wconf 87' lang='lat' dir='ltr'><strong>Et</strong></span> <span class='ocrx_word' id='word_1_564' title='bbox 3205 3988 3329 4043; x_wconf 89' lang='lat' dir='ltr'><strong>ideo</strong></span> <span class='ocrx_word' id='word_1_565' title='bbox 3350 3988 3433 4043; x_wconf 91' lang='lat' dir='ltr'><strong>cui</strong></span> <span class='ocrx_word' id='word_1_566' title='bbox 3457 3987 3718 4054; x_wconf 84' lang='lat' dir='ltr'><strong>voluerit,</strong></span> 
     </span>
    </p>
   </div>
   <div class='ocr_carea' id='block_1_79' title="bbox 2132 4079 3718 4154">
    <p class='ocr_par' dir='ltr' id='par_1_79' title="bbox 2132 4079 3718 4154">
     <span class='ocr_line' id='line_1_79' title="bbox 2132 4079 3718 4154; baseline -0.004 -13"><span class='ocrx_word' id='word_1_567' title='bbox 2132 4095 2188 4141; x_wconf 89' lang='lat' dir='ltr'><strong>et</strong></span> <span class='ocrx_word' id='word_1_568' title='bbox 2210 4095 2464 4154; x_wconf 87' lang='lat' dir='ltr'><strong>quantam</strong></span> <span class='ocrx_word' id='word_1_569' title='bbox 2481 4085 2712 4139; x_wconf 89' lang='lat' dir='ltr'><strong>voluerit</strong></span> <span class='ocrx_word' id='word_1_570' title='bbox 2736 4082 2976 4154; x_wconf 87' lang='lat' dir='ltr'><strong>profecto</strong></span> <span class='ocrx_word' id='word_1_571' title='bbox 3000 4083 3240 4152; x_wconf 85' lang='lat' dir='ltr'><strong>largitur,</strong></span> <span class='ocrx_word' id='word_1_572' title='bbox 3261 4080 3386 4150; x_wconf 87' lang='lat' dir='ltr'><strong>quia</strong></span> <span class='ocrx_word' id='word_1_573' title='bbox 3403 4094 3577 4149; x_wconf 85' lang='lat' dir='ltr'><strong>neque</strong></span> <span class='ocrx_word' id='word_1_574' title='bbox 3601 4079 3718 4134; x_wconf 86' lang='lat' dir='ltr'><strong>ullo</strong></span> 
     </span>
    </p>
   </div>
   <div class='ocr_carea' id='block_1_80' title="bbox 2132 4166 3718 4245">
    <p class='ocr_par' dir='ltr' id='par_1_80' title="bbox 2132 4166 3718 4245">
     <span class='ocr_line' id='line_1_80' title="bbox 2132 4166 3718 4245; baseline -0.004 -13"><span class='ocrx_word' id='word_1_575' title='bbox 2132 4179 2286 4232; x_wconf 60' lang='lat' dir='ltr'><strong>bona?</strong></span> <span class='ocrx_word' id='word_1_576' title='bbox 2320 4177 2613 4232; x_wconf 88' lang='lat' dir='ltr'><strong>voluntatis</strong></span> <span class='ocrx_word' id='word_1_577' title='bbox 2649 4183 2841 4230; x_wconf 79' lang='lat' dir='ltr'><strong>exortu</strong></span> <span class='ocrx_word' id='word_1_578' title='bbox 2869 4218 2884 4244; x_wconf 94' lang='lat'><strong>,</strong></span> <span class='ocrx_word' id='word_1_579' title='bbox 2937 4189 3112 4245; x_wconf 87' lang='lat' dir='ltr'><strong>neque</strong></span> <span class='ocrx_word' id='word_1_580' title='bbox 3155 4173 3348 4227; x_wconf 81' lang='lat' dir='ltr'><strong>elfectu</strong></span> <span class='ocrx_word' id='word_1_581' title='bbox 3396 4166 3718 4240; x_wconf 74' lang='lat' dir='ltr'><strong>cujusquam</strong></span> 
     </span>
    </p>
   </div>
   <div class='ocr_carea' id='block_1_81' title="bbox 2131 4263 3638 4337">
    <p class='ocr_par' dir='ltr' id='par_1_81' title="bbox 2131 4263 3638 4337">
     <span class='ocr_line' id='line_1_81' title="bbox 2131 4263 3638 4337; baseline -0.005 -15"><span class='ocrx_word' id='word_1_582' title='bbox 2131 4267 2259 4322; x_wconf 91' lang='lat' dir='ltr'><strong>boni</strong></span> <span class='ocrx_word' id='word_1_583' title='bbox 2290 4268 2489 4337; x_wconf 89' lang='lat' dir='ltr'><strong>operis,</strong></span> <span class='ocrx_word' id='word_1_584' title='bbox 2523 4267 2832 4336; x_wconf 88' lang='lat' dir='ltr'><strong>priusquam</strong></span> <span class='ocrx_word' id='word_1_585' title='bbox 2861 4265 3086 4333; x_wconf 84' lang='lat' dir='ltr'><strong>gratiam</strong></span> <span class='ocrx_word' id='word_1_586' title='bbox 3111 4264 3330 4326; x_wconf 89' lang='lat' dir='ltr'><strong>tribuat,</strong></span> <span class='ocrx_word' id='word_1_587' title='bbox 3362 4263 3638 4317; x_wconf 90' lang='lat' dir='ltr'><strong>invitatur.</strong></span> 
     </span>
    </p>
   </div>
   <div class='ocr_carea' id='block_1_82' title="bbox 2203 4355 3718 4426">
    <p class='ocr_par' dir='ltr' id='par_1_82' title="bbox 2203 4355 3718 4426">
     <span class='ocr_line' id='line_1_82' title="bbox 2203 4355 3718 4426; baseline -0.002 -15"><span class='ocrx_word' id='word_1_588' title='bbox 2203 4355 2332 4412; x_wconf 66' lang='grc' dir='ltr'><strong>ΟΜ».</strong></span> <span class='ocrx_word' id='word_1_589' title='bbox 2364 4373 2417 4410; x_wconf 86' lang='grc' dir='ltr'><strong>ιι.</strong></span> <span class='ocrx_word' id='word_1_590' title='bbox 2437 4390 2506 4398; x_wconf 93' lang='lat'><strong>—</strong></span> <span class='ocrx_word' id='word_1_591' title='bbox 2524 4357 2576 4411; x_wconf 83' lang='grc'><strong>5.</strong></span> <span class='ocrx_word' id='word_1_592' title='bbox 2601 4357 2978 4412; x_wconf 83' lang='lat' dir='ltr'><strong>Verumtamen</strong></span> <span class='ocrx_word' id='word_1_593' title='bbox 3001 4356 3124 4426; x_wconf 91' lang='lat' dir='ltr'><strong>quia</strong></span> <span class='ocrx_word' id='word_1_594' title='bbox 3154 4355 3439 4425; x_wconf 88' lang='lat' dir='ltr'><strong>plerosque</strong></span> <span class='ocrx_word' id='word_1_595' title='bbox 3464 4355 3718 4408; x_wconf 84' lang='lat' dir='ltr'><strong>novimus</strong></span> 
     </span>
    </p>
   </div>
   <div class='ocr_carea' id='block_1_83' title="bbox 2133 4447 3718 4520">
    <p class='ocr_par' dir='ltr' id='par_1_83' title="bbox 2133 4447 3718 4520">
     <span class='ocr_line' id='line_1_83' title="bbox 2133 4447 3718 4520; baseline -0.002 -16"><span class='ocrx_word' id='word_1_596' title='bbox 2133 4450 2186 4504; x_wconf 92' lang='lat' dir='ltr'><strong>in</strong></span> <span class='ocrx_word' id='word_1_597' title='bbox 2217 4451 2512 4520; x_wconf 65' lang='lat' dir='ltr'><strong>quaestione</strong></span> <span class='ocrx_word' id='word_1_598' title='bbox 2536 4449 2722 4517; x_wconf 74' lang='lat' dir='ltr'><strong>gratia:</strong></span> <span class='ocrx_word' id='word_1_599' title='bbox 2738 4448 2832 4503; x_wconf 91' lang='lat' dir='ltr'><strong>Dei</strong></span> <span class='ocrx_word' id='word_1_600' title='bbox 2847 4457 2903 4502; x_wconf 90' lang='lat' dir='ltr'><strong>et</strong></span> <span class='ocrx_word' id='word_1_601' title='bbox 2922 4447 3143 4502; x_wconf 91' lang='lat' dir='ltr'><strong>humani</strong></span> <span class='ocrx_word' id='word_1_602' title='bbox 3165 4447 3370 4501; x_wconf 90' lang='lat' dir='ltr'><strong>arbitrii</strong></span> <span class='ocrx_word' id='word_1_603' title='bbox 3400 4463 3508 4500; x_wconf 94' lang='lat' dir='ltr'><strong>non</strong></span> <span class='ocrx_word' id='word_1_604' title='bbox 3526 4457 3718 4501; x_wconf 77' lang='lat' dir='ltr'><strong>tenere</strong></span> 
     </span>
    </p>
   </div>
   <div class='ocr_carea' id='block_1_84' title="bbox 2132 4541 3717 4609">
    <p class='ocr_par' dir='ltr' id='par_1_84' title="bbox 2132 4541 3717 4609">
     <span class='ocr_line' id='line_1_84' title="bbox 2132 4541 3717 4609; baseline -0.002 -12"><span class='ocrx_word' id='word_1_605' title='bbox 2132 4542 2532 4609; x_wconf 88' lang='lat' dir='ltr'><strong>discretionem,</strong></span> <span class='ocrx_word' id='word_1_606' title='bbox 2561 4543 2653 4596; x_wconf 83' lang='lat' dir='ltr'><strong>sed</strong></span> <span class='ocrx_word' id='word_1_607' title='bbox 2686 4543 2758 4596; x_wconf 88' lang='lat' dir='ltr'><strong>ita</strong></span> <span class='ocrx_word' id='word_1_608' title='bbox 2794 4559 2957 4596; x_wconf 88' lang='lat' dir='ltr'><strong>unum</strong></span> <span class='ocrx_word' id='word_1_609' title='bbox 2986 4557 3251 4608; x_wconf 88' lang='lat' dir='ltr'><strong>asserere,</strong></span> <span class='ocrx_word' id='word_1_610' title='bbox 3279 4549 3337 4595; x_wconf 89' lang='lat' dir='ltr'><strong>ut</strong></span> <span class='ocrx_word' id='word_1_611' title='bbox 3365 4541 3590 4595; x_wconf 90' lang='lat' dir='ltr'><strong>alterum</strong></span> <span class='ocrx_word' id='word_1_612' title='bbox 3631 4543 3717 4595; x_wconf 87' lang='lat' dir='ltr'><strong>ni-</strong></span> 
     </span>
    </p>
   </div>
   <div class='ocr_carea' id='block_1_85' title="bbox 451 4620 3715 4705">
    <p class='ocr_par' dir='ltr' id='par_1_85' title="bbox 451 4620 3715 4705">
     <span class='ocr_line' id='line_1_85' title="bbox 451 4620 3715 4705; baseline 0.001 -21"><span class='ocrx_word' id='word_1_613' title='bbox 451 4646 521 4685; x_wconf 73' lang='grc' dir='ltr'><strong>ει</strong></span> <span class='ocrx_word' id='word_1_614' title='bbox 553 4647 660 4686; x_wconf 92' lang='lat' dir='ltr'><strong>uno</strong></span> <span class='ocrx_word' id='word_1_615' title='bbox 689 4631 977 4687; x_wconf 82' lang='lat' dir='ltr'><strong>concubitu</strong></span> <span class='ocrx_word' id='word_1_616' title='bbox 1005 4633 1540 4704; x_wconf 82' lang='lat' dir='ltr'><strong>conceptis,operum</strong></span> <span class='ocrx_word' id='word_1_617' title='bbox 1558 4634 1749 4688; x_wconf 89' lang='lat' dir='ltr'><strong>merita</strong></span> <span class='ocrx_word' id='word_1_618' title='bbox 1778 4635 2027 4705; x_wconf 75' lang='lat' dir='ltr'><strong>proprio—</strong></span> <span class='ocrx_word' id='word_1_619' title='bbox 2058 4620 2104 4678; x_wconf 82' lang='grc' dir='ltr'>υ</span> <span class='ocrx_word' id='word_1_620' title='bbox 2132 4643 2313 4690; x_wconf 90' lang='lat' dir='ltr'><strong>tantur</strong></span> <span class='ocrx_word' id='word_1_621' title='bbox 2341 4633 2576 4700; x_wconf 77' lang='lat' dir='ltr'><strong>auferre;</strong></span> <span class='ocrx_word' id='word_1_622' title='bbox 2614 4645 2631 4672; x_wconf 84' lang='lat'><em>=</em></span> <span class='ocrx_word' id='word_1_623' title='bbox 2659 4635 2742 4687; x_wconf 87' lang='lat' dir='ltr'><strong>vel</strong></span> <span class='ocrx_word' id='word_1_624' title='bbox 2771 4650 2893 4689; x_wconf 91' lang='lat' dir='ltr'><strong>cum</strong></span> <span class='ocrx_word' id='word_1_625' title='bbox 2923 4650 3086 4688; x_wconf 90' lang='lat' dir='ltr'><strong>unum</strong></span> <span class='ocrx_word' id='word_1_626' title='bbox 3109 4634 3330 4688; x_wconf 89' lang='lat' dir='ltr'><strong>audiunt</strong></span> <span class='ocrx_word' id='word_1_627' title='bbox 3349 4632 3540 4700; x_wconf 89' lang='lat' dir='ltr'><strong>asseri,</strong></span> <span class='ocrx_word' id='word_1_628' title='bbox 3570 4633 3715 4689; x_wconf 87' lang='lat' dir='ltr'><strong>alte-</strong></span> 
     </span>
    </p>
   </div>
   <div class='ocr_carea' id='block_1_86' title="bbox 450 4720 2030 4793">
    <p class='ocr_par' dir='ltr' id='par_1_86' title="bbox 450 4720 2030 4793">
     <span class='ocr_line' id='line_1_86' title="bbox 450 4720 2030 4793; baseline 0.003 -20"><span class='ocrx_word' id='word_1_629' title='bbox 450 4735 588 4786; x_wconf 88' lang='lat' dir='ltr'><strong>rum,</strong></span> <span class='ocrx_word' id='word_1_630' title='bbox 609 4735 728 4790; x_wconf 76' lang='lat' dir='ltr'><strong>qua:</strong></span> <span class='ocrx_word' id='word_1_631' title='bbox 752 4720 1063 4777; x_wconf 87' lang='lat' dir='ltr'><strong>diversitate</strong></span> <span class='ocrx_word' id='word_1_632' title='bbox 1082 4723 1165 4776; x_wconf 91' lang='lat' dir='ltr'><strong>sui</strong></span> <span class='ocrx_word' id='word_1_633' title='bbox 1191 4738 1352 4778; x_wconf 75' lang='lat' dir='ltr'><strong>unum</strong></span> <span class='ocrx_word' id='word_1_634' title='bbox 1376 4721 1612 4780; x_wconf 87' lang='lat' dir='ltr'><strong>facerent</strong></span> <span class='ocrx_word' id='word_1_635' title='bbox 1633 4724 1778 4793; x_wconf 85' lang='lat' dir='ltr'><strong>eligi,</strong></span> <span class='ocrx_word' id='word_1_636' title='bbox 1795 4723 2030 4780; x_wconf 87' lang='lat' dir='ltr'><strong>alterum-</strong></span> 
     </span>
    </p>
   </div>
   <div class='ocr_carea' id='block_1_87' title="bbox 449 4809 2020 4884">
    <p class='ocr_par' dir='ltr' id='par_1_87' title="bbox 449 4809 2020 4884">
     <span class='ocr_line' id='line_1_87' title="bbox 449 4809 2020 4884; baseline 0.003 -20"><span class='ocrx_word' id='word_1_637' title='bbox 449 4809 726 4879; x_wconf 75' lang='lat' dir='ltr'><strong>reprobari</strong></span> <span class='ocrx_word' id='word_1_638' title='bbox 759 4810 905 4882; x_wconf 91' lang='lat' dir='ltr'><strong>(quia</strong></span> <span class='ocrx_word' id='word_1_639' title='bbox 934 4812 978 4867; x_wconf 87' lang='lat' dir='ltr'><strong>si</strong></span> <span class='ocrx_word' id='word_1_640' title='bbox 1009 4821 1213 4878; x_wconf 88' lang='lat' dir='ltr'><strong>essent,</strong></span> <span class='ocrx_word' id='word_1_641' title='bbox 1253 4829 1361 4868; x_wconf 90' lang='lat' dir='ltr'><strong>non</strong></span> <span class='ocrx_word' id='word_1_642' title='bbox 1392 4815 1576 4884; x_wconf 86' lang='lat' dir='ltr'><strong>utique</strong></span> <span class='ocrx_word' id='word_1_643' title='bbox 1604 4814 1896 4869; x_wconf 88' lang='lat' dir='ltr'><strong>secundum</strong></span> <span class='ocrx_word' id='word_1_644' title='bbox 1926 4813 2020 4869; x_wconf 89' lang='lat' dir='ltr'><strong>Dei</strong></span> 
     </span>
    </p>
   </div>
   <div class='ocr_carea' id='block_1_88' title="bbox 451 4901 2020 4976">
    <p class='ocr_par' dir='ltr' id='par_1_88' title="bbox 451 4901 2020 4976">
     <span class='ocr_line' id='line_1_88' title="bbox 451 4901 2020 4976; baseline 0.003 -20"><span class='ocrx_word' id='word_1_645' title='bbox 451 4901 786 4967; x_wconf 85' lang='lat' dir='ltr'><strong>electionem,</strong></span> <span class='ocrx_word' id='word_1_646' title='bbox 813 4902 906 4958; x_wconf 80' lang='lat' dir='ltr'><strong>sed</strong></span> <span class='ocrx_word' id='word_1_647' title='bbox 930 4904 1229 4959; x_wconf 85' lang='lat' dir='ltr'><strong>secundum</strong></span> <span class='ocrx_word' id='word_1_648' title='bbox 1250 4905 1482 4959; x_wconf 75' lang='lat' dir='ltr'><strong>humana</strong></span> <span class='ocrx_word' id='word_1_649' title='bbox 1504 4920 1665 4976; x_wconf 85' lang='lat' dir='ltr'><strong>opera</strong></span> <span class='ocrx_word' id='word_1_650' title='bbox 1686 4907 2020 4976; x_wconf 83' lang='lat' dir='ltr'><strong>propositum</strong></span> 
     </span>
    </p>
   </div>
   <div class='ocr_carea' id='block_1_89' title="bbox 449 4991 2022 5064">
    <p class='ocr_par' dir='ltr' id='par_1_89' title="bbox 449 4991 2022 5064">
     <span class='ocr_line' id='line_1_89' title="bbox 449 4991 2022 5064; baseline 0.004 -16"><span class='ocrx_word' id='word_1_651' title='bbox 449 4993 544 5049; x_wconf 89' lang='lat' dir='ltr'><strong>Dei</strong></span> <span class='ocrx_word' id='word_1_652' title='bbox 565 4991 832 5064; x_wconf 89' lang='lat' dir='ltr'><strong>maneret)</strong></span> <span class='ocrx_word' id='word_1_653' title='bbox 857 5010 872 5057; x_wconf 87' lang='lat'><strong>;</strong></span> <span class='ocrx_word' id='word_1_654' title='bbox 919 4994 1043 5063; x_wconf 82' lang='lat' dir='ltr'><strong>quia</strong></span> <span class='ocrx_word' id='word_1_655' title='bbox 1071 5008 1201 5063; x_wconf 87' lang='lat' dir='ltr'><strong>ergo</strong></span> <span class='ocrx_word' id='word_1_656' title='bbox 1226 4995 1370 5050; x_wconf 81' lang='lat' dir='ltr'><strong>nulla</strong></span> <span class='ocrx_word' id='word_1_657' title='bbox 1416 4995 1516 5050; x_wconf 87' lang='lat' dir='ltr'><strong>fuit</strong></span> <span class='ocrx_word' id='word_1_658' title='bbox 1555 4997 1607 5050; x_wconf 91' lang='lat' dir='ltr'><strong>in</strong></span> <span class='ocrx_word' id='word_1_659' title='bbox 1637 4995 1742 5052; x_wconf 87' lang='lat' dir='ltr'><strong>illis</strong></span> <span class='ocrx_word' id='word_1_660' title='bbox 1771 4998 2022 5054; x_wconf 83' lang='lat' dir='ltr'><strong>fratribus</strong></span> 
     </span>
    </p>
   </div>
   <div class='ocr_carea' id='block_1_90' title="bbox 447 5083 2023 5156">
    <p class='ocr_par' dir='ltr' id='par_1_90' title="bbox 447 5083 2023 5156">
     <span class='ocr_line' id='line_1_90' title="bbox 447 5083 2023 5156; baseline 0.003 -17"><span class='ocrx_word' id='word_1_661' title='bbox 447 5084 732 5140; x_wconf 84' lang='lat' dir='ltr'><strong>diversitas</strong></span> <span class='ocrx_word' id='word_1_662' title='bbox 761 5083 965 5153; x_wconf 86' lang='lat' dir='ltr'><strong>proprii</strong></span> <span class='ocrx_word' id='word_1_663' title='bbox 993 5085 1174 5155; x_wconf 90' lang='lat' dir='ltr'><strong>operis</strong></span> <span class='ocrx_word' id='word_1_664' title='bbox 1203 5084 1331 5140; x_wconf 88' lang='lat' dir='ltr'><strong>boni</strong></span> <span class='ocrx_word' id='word_1_665' title='bbox 1357 5086 1444 5141; x_wconf 81' lang='lat' dir='ltr'><strong>vel</strong></span> <span class='ocrx_word' id='word_1_666' title='bbox 1473 5087 1621 5154; x_wconf 90' lang='lat' dir='ltr'><strong>mali,</strong></span> <span class='ocrx_word' id='word_1_667' title='bbox 1647 5102 1765 5156; x_wconf 74' lang='lat' dir='ltr'><strong>qua:</strong></span> <span class='ocrx_word' id='word_1_668' title='bbox 1793 5089 1882 5142; x_wconf 90' lang='lat' dir='ltr'><strong>uni</strong></span> <span class='ocrx_word' id='word_1_669' title='bbox 1911 5089 2023 5144; x_wconf 85' lang='lat' dir='ltr'><strong>ele-</strong></span> 
     </span>
    </p>
   </div>
   <div class='ocr_carea' id='block_1_91' title="bbox 446 5171 2022 5244">
    <p class='ocr_par' dir='ltr' id='par_1_91' title="bbox 446 5171 2022 5244">
     <span class='ocr_line' id='line_1_91' title="bbox 446 5171 2022 5244; baseline 0.002 -15"><span class='ocrx_word' id='word_1_670' title='bbox 446 5175 642 5232; x_wconf 84' lang='lat' dir='ltr'><strong>ctionis</strong></span> <span class='ocrx_word' id='word_1_671' title='bbox 672 5171 947 5229; x_wconf 87' lang='lat' dir='ltr'><strong>conferret</strong></span> <span class='ocrx_word' id='word_1_672' title='bbox 971 5175 1247 5244; x_wconf 86' lang='lat' dir='ltr'><strong>meritum,</strong></span> <span class='ocrx_word' id='word_1_673' title='bbox 1288 5176 1441 5232; x_wconf 83' lang='lat' dir='ltr'><strong>alteri</strong></span> <span class='ocrx_word' id='word_1_674' title='bbox 1469 5176 1831 5233; x_wconf 86' lang='lat' dir='ltr'><strong>damnationis</strong></span> <span class='ocrx_word' id='word_1_675' title='bbox 1860 5178 2022 5234; x_wconf 89' lang='lat' dir='ltr'><strong>infer-</strong></span> 
     </span>
    </p>
   </div>
   <div class='ocr_carea' id='block_1_92' title="bbox 447 5265 2028 5336">
    <p class='ocr_par' dir='ltr' id='par_1_92' title="bbox 447 5265 2028 5336">
     <span class='ocr_line' id='line_1_92' title="bbox 447 5265 2028 5336; baseline 0.001 -13"><span class='ocrx_word' id='word_1_676' title='bbox 447 5277 531 5324; x_wconf 88' lang='lat' dir='ltr'><strong>ret</strong></span> <span class='ocrx_word' id='word_1_677' title='bbox 550 5265 871 5336; x_wconf 79' lang='lat' dir='ltr'><strong>supplicium</strong></span> <span class='ocrx_word' id='word_1_678' title='bbox 897 5283 911 5331; x_wconf 89' lang='lat'><strong>;</strong></span> <span class='ocrx_word' id='word_1_679' title='bbox 943 5275 1229 5336; x_wconf 84' lang='lat' dir='ltr'><strong>propterea</strong></span> <span class='ocrx_word' id='word_1_680' title='bbox 1259 5267 1556 5324; x_wconf 82' lang='lat' dir='ltr'><strong>secundum</strong></span> <span class='ocrx_word' id='word_1_681' title='bbox 1579 5269 1898 5324; x_wconf 88' lang='lat' dir='ltr'><strong>electionem</strong></span> <span class='ocrx_word' id='word_1_682' title='bbox 1929 5268 2028 5324; x_wconf 88' lang='lat' dir='ltr'><strong>fuit</strong></span> 
     </span>
    </p>
   </div>
   <div class='ocr_carea' id='block_1_93' title="bbox 444 5357 2025 5428">
    <p class='ocr_par' dir='ltr' id='par_1_93' title="bbox 444 5357 2025 5428">
     <span class='ocr_line' id='line_1_93' title="bbox 444 5357 2025 5428; baseline 0.001 -16"><span class='ocrx_word' id='word_1_683' title='bbox 444 5358 782 5428; x_wconf 47' lang='lat' dir='ltr'><strong>propositum</strong></span> <span class='ocrx_word' id='word_1_684' title='bbox 817 5357 933 5422; x_wconf 91' lang='lat' dir='ltr'><strong>Dei,</strong></span> <span class='ocrx_word' id='word_1_685' title='bbox 963 5357 1086 5427; x_wconf 89' lang='lat' dir='ltr'><strong>quia</strong></span> <span class='ocrx_word' id='word_1_686' title='bbox 1117 5372 1227 5412; x_wconf 91' lang='lat' dir='ltr'><strong>non</strong></span> <span class='ocrx_word' id='word_1_687' title='bbox 1254 5374 1319 5413; x_wconf 83' lang='lat' dir='ltr'><strong>es</strong></span> <span class='ocrx_word' id='word_1_688' title='bbox 1353 5359 1547 5414; x_wconf 85' lang='lat' dir='ltr'><strong>merito</strong></span> <span class='ocrx_word' id='word_1_689' title='bbox 1574 5358 1803 5427; x_wconf 84' lang='lat' dir='ltr'><strong>eligendi</strong></span> <span class='ocrx_word' id='word_1_690' title='bbox 1834 5361 2025 5414; x_wconf 86' lang='lat' dir='ltr'><strong>volun-</strong></span> 
     </span>
    </p>
   </div>
   <div class='ocr_carea' id='block_1_94' title="bbox 448 5447 2027 5522">
    <p class='ocr_par' dir='ltr' id='par_1_94' title="bbox 448 5447 2027 5522">
     <span class='ocr_line' id='line_1_94' title="bbox 448 5447 2027 5522; baseline 0.003 -20"><span class='ocrx_word' id='word_1_691' title='bbox 448 5455 532 5502; x_wconf 86' lang='lat' dir='ltr'><strong>tas</strong></span> <span class='ocrx_word' id='word_1_692' title='bbox 561 5448 810 5515; x_wconf 89' lang='lat' dir='ltr'><strong>eligentis</strong></span> <span class='ocrx_word' id='word_1_693' title='bbox 838 5449 1061 5515; x_wconf 90' lang='lat' dir='ltr'><strong>mansit,</strong></span> <span class='ocrx_word' id='word_1_694' title='bbox 1108 5447 1205 5503; x_wconf 88' lang='lat' dir='ltr'><strong>sed</strong></span> <span class='ocrx_word' id='word_1_695' title='bbox 1230 5463 1295 5502; x_wconf 76' lang='lat' dir='ltr'><strong>ex</strong></span> <span class='ocrx_word' id='word_1_696' title='bbox 1321 5449 1567 5515; x_wconf 85' lang='lat' dir='ltr'><strong>eligentis</strong></span> <span class='ocrx_word' id='word_1_697' title='bbox 1597 5451 1876 5522; x_wconf 78' lang='lat' dir='ltr'><strong>proposito</strong></span> <span class='ocrx_word' id='word_1_698' title='bbox 1902 5466 2027 5521; x_wconf 83' lang='lat' dir='ltr'><strong>gra-</strong></span> 
     </span>
    </p>
   </div>
   <div class='ocr_carea' id='block_1_95' title="bbox 445 5539 2029 5613">
    <p class='ocr_par' dir='ltr' id='par_1_95' title="bbox 445 5539 2029 5613">
     <span class='ocr_line' id='line_1_95' title="bbox 445 5539 2029 5613; baseline 0.003 -21"><span class='ocrx_word' id='word_1_699' title='bbox 445 5539 578 5594; x_wconf 87' lang='lat' dir='ltr'><strong>tuita</strong></span> <span class='ocrx_word' id='word_1_700' title='bbox 603 5539 765 5612; x_wconf 60' lang='lat'><strong>559</strong></span> <span class='ocrx_word' id='word_1_701' title='bbox 781 5539 880 5595; x_wconf 88' lang='lat' dir='ltr'><strong>fuit</strong></span> <span class='ocrx_word' id='word_1_702' title='bbox 906 5541 1061 5596; x_wconf 83' lang='lat' dir='ltr'><strong>electi</strong></span> <span class='ocrx_word' id='word_1_703' title='bbox 1091 5540 1361 5596; x_wconf 89' lang='lat' dir='ltr'><strong>discretio.</strong></span> <span class='ocrx_word' id='word_1_704' title='bbox 1393 5539 1615 5613; x_wconf 82' lang='lat' dir='ltr'><strong>Propter</strong></span> <span class='ocrx_word' id='word_1_705' title='bbox 1635 5543 1776 5612; x_wconf 81' lang='lat' dir='ltr'><strong>quod</strong></span> <span class='ocrx_word' id='word_1_706' title='bbox 1799 5545 2029 5613; x_wconf 82' lang='lat' dir='ltr'><strong>Aposto-</strong></span> 
     </span>
    </p>
   </div>
   <div class='ocr_carea' id='block_1_96' title="bbox 521 5720 1092 5790">
    <p class='ocr_par' dir='ltr' id='par_1_96' title="bbox 521 5720 1092 5790">
     <span class='ocr_line' id='line_1_96' title="bbox 521 5720 1092 5790; baseline 0 -14"><span class='ocrx_word' id='word_1_707' title='bbox 521 5732 545 5760; x_wconf 80' lang='grc'><strong>⁸</strong></span> <span class='ocrx_word' id='word_1_708' title='bbox 576 5720 737 5783; x_wconf 79' lang='lat' dir='ltr'><strong>Edd.,</strong></span> <span class='ocrx_word' id='word_1_709' title='bbox 762 5721 1092 5790; x_wconf 84' lang='lat' dir='ltr'><strong>cognitionis.</strong></span> 
     </span>
    </p>
   </div>
   <div class='ocr_carea' id='block_1_97' title="bbox 519 5790 2027 5862">
    <p class='ocr_par' dir='ltr' id='par_1_97' title="bbox 519 5790 2027 5862">
     <span class='ocr_line' id='line_1_97' title="bbox 519 5790 2027 5862; baseline -0.001 -16"><span class='ocrx_word' id='word_1_710' title='bbox 519 5791 544 5830; x_wconf 73' lang='grc' dir='ltr'>δ</span> <span class='ocrx_word' id='word_1_711' title='bbox 573 5791 665 5862; x_wconf 89' lang='lat' dir='ltr'><strong>Sic</strong></span> <span class='ocrx_word' id='word_1_712' title='bbox 693 5805 818 5862; x_wconf 81' lang='lat' dir='ltr'><strong>mss.</strong></span> <span class='ocrx_word' id='word_1_713' title='bbox 848 5791 987 5862; x_wconf 69' lang='lat' dir='ltr'><strong>duo.</strong></span> <span class='ocrx_word' id='word_1_714' title='bbox 1004 5791 1080 5862; x_wconf 78' lang='lat' dir='ltr'><strong>At</strong></span> <span class='ocrx_word' id='word_1_715' title='bbox 1091 5790 1242 5856; x_wconf 89' lang='lat' dir='ltr'><strong>editi,</strong></span> <span class='ocrx_word' id='word_1_716' title='bbox 1263 5791 1390 5844; x_wconf 82' lang='lat' dir='ltr'><strong>satis</strong></span> <span class='ocrx_word' id='word_1_717' title='bbox 1412 5808 1657 5862; x_wconf 67' lang='lat' dir='ltr'><strong>superqve</strong></span> <span class='ocrx_word' id='word_1_718' title='bbox 1677 5791 2027 5855; x_wconf 64' lang='lat' dir='ltr'><strong>oste-adiutus;</strong></span> 
     </span>
    </p>
   </div>
   <div class='ocr_carea' id='block_1_98' title="bbox 451 5859 1695 5936">
    <p class='ocr_par' dir='ltr' id='par_1_98' title="bbox 451 5859 1695 5936">
     <span class='ocr_line' id='line_1_98' title="bbox 451 5859 1695 5936; baseline -0.003 -16"><span class='ocrx_word' id='word_1_719' title='bbox 451 5862 542 5920; x_wconf 83' lang='lat' dir='ltr'><strong>sed</strong></span> <span class='ocrx_word' id='word_1_720' title='bbox 572 5861 722 5936; x_wconf 89' lang='lat' dir='ltr'><strong>prior</strong></span> <span class='ocrx_word' id='word_1_721' title='bbox 751 5859 909 5916; x_wconf 87' lang='lat' dir='ltr'><strong>lectio</strong></span> <span class='ocrx_word' id='word_1_722' title='bbox 941 5860 1150 5930; x_wconf 89' lang='lat' dir='ltr'><strong>plenior</strong></span> <span class='ocrx_word' id='word_1_723' title='bbox 1177 5868 1260 5914; x_wconf 90' lang='lat' dir='ltr'><strong>est</strong></span> <span class='ocrx_word' id='word_1_724' title='bbox 1289 5868 1342 5914; x_wconf 93' lang='lat' dir='ltr'><strong>et</strong></span> <span class='ocrx_word' id='word_1_725' title='bbox 1369 5859 1695 5917; x_wconf 84' lang='lat' dir='ltr'><strong>concinnior.</strong></span> 
     </span>
    </p>
   </div>
   <div class='ocr_carea' id='block_1_99' title="bbox 2131 4722 3716 4794">
    <p class='ocr_par' dir='ltr' id='par_1_99' title="bbox 2131 4722 3716 4794">
     <span class='ocr_line' id='line_1_99' title="bbox 2131 4722 3716 4794; baseline 0.002 -17"><span class='ocrx_word' id='word_1_726' title='bbox 2131 4739 2248 4778; x_wconf 91' lang='lat' dir='ltr'><strong>rum</strong></span> <span class='ocrx_word' id='word_1_727' title='bbox 2272 4723 2599 4778; x_wconf 88' lang='lat' dir='ltr'><strong>arbitrentur</strong></span> <span class='ocrx_word' id='word_1_728' title='bbox 2623 4722 2855 4790; x_wconf 89' lang='lat' dir='ltr'><strong>auferri;</strong></span> <span class='ocrx_word' id='word_1_729' title='bbox 2887 4740 3007 4779; x_wconf 88' lang='lat' dir='ltr'><strong>cum</strong></span> <span class='ocrx_word' id='word_1_730' title='bbox 3031 4725 3200 4793; x_wconf 88' lang='lat' dir='ltr'><strong>gratia</strong></span> <span class='ocrx_word' id='word_1_731' title='bbox 3222 4724 3437 4794; x_wconf 88' lang='lat' dir='ltr'><strong>pietatis</strong></span> <span class='ocrx_word' id='word_1_732' title='bbox 3460 4733 3716 4780; x_wconf 84' lang='lat' dir='ltr'><strong>neutrum</strong></span> 
     </span>
    </p>
   </div>
   <div class='ocr_carea' id='block_1_100' title="bbox 2134 4813 3718 4882">
    <p class='ocr_par' dir='ltr' id='par_1_100' title="bbox 2134 4813 3718 4882">
     <span class='ocr_line' id='line_1_100' title="bbox 2134 4813 3718 4882; baseline 0 -14"><span class='ocrx_word' id='word_1_733' title='bbox 2134 4813 2318 4882; x_wconf 88' lang='lat' dir='ltr'><strong>negari</strong></span> <span class='ocrx_word' id='word_1_734' title='bbox 2339 4814 2498 4879; x_wconf 88' lang='lat' dir='ltr'><strong>sinat,</strong></span> <span class='ocrx_word' id='word_1_735' title='bbox 2523 4815 2616 4868; x_wconf 91' lang='lat' dir='ltr'><strong>sed</strong></span> <span class='ocrx_word' id='word_1_736' title='bbox 2646 4814 2890 4868; x_wconf 84' lang='lat' dir='ltr'><strong>ordinem</strong></span> <span class='ocrx_word' id='word_1_737' title='bbox 2918 4814 3174 4870; x_wconf 90' lang='lat' dir='ltr'><strong>custodiri</strong></span> <span class='ocrx_word' id='word_1_738' title='bbox 3205 4815 3256 4868; x_wconf 93' lang='lat' dir='ltr'><strong>in</strong></span> <span class='ocrx_word' id='word_1_739' title='bbox 3281 4814 3557 4882; x_wconf 89' lang='lat' dir='ltr'><strong>utriusque</strong></span> <span class='ocrx_word' id='word_1_740' title='bbox 3579 4829 3718 4869; x_wconf 85' lang='lat' dir='ltr'><strong>con-</strong></span> 
     </span>
    </p>
   </div>
   <div class='ocr_carea' id='block_1_101' title="bbox 2133 4904 3720 4976">
    <p class='ocr_par' dir='ltr' id='par_1_101' title="bbox 2133 4904 3720 4976">
     <span class='ocr_line' id='line_1_101' title="bbox 2133 4904 3720 4976; baseline -0.001 -16"><span class='ocrx_word' id='word_1_741' title='bbox 2133 4907 2365 4962; x_wconf 87' lang='lat' dir='ltr'><strong>fessione</strong></span> <span class='ocrx_word' id='word_1_742' title='bbox 2387 4907 2660 4976; x_wconf 74' lang='lat' dir='ltr'><strong>prtccipiat</strong></span> <span class='ocrx_word' id='word_1_743' title='bbox 2693 4923 2706 4958; x_wconf 88' lang='lat'><strong>:</strong></span> <span class='ocrx_word' id='word_1_744' title='bbox 2741 4922 2839 4960; x_wconf 91' lang='lat' dir='ltr'><strong>nos</strong></span> <span class='ocrx_word' id='word_1_745' title='bbox 2861 4907 3044 4973; x_wconf 68' lang='lat' dir='ltr'><strong>gratiae</strong></span> <span class='ocrx_word' id='word_1_746' title='bbox 3072 4905 3265 4960; x_wconf 76' lang='lat' dir='ltr'><strong>divina:</strong></span> <span class='ocrx_word' id='word_1_747' title='bbox 3297 4905 3411 4958; x_wconf 80' lang='lat' dir='ltr'><strong>fulti</strong></span> <span class='ocrx_word' id='word_1_748' title='bbox 3441 4904 3720 4973; x_wconf 77' lang='lat' dir='ltr'><strong>prtcsidio,</strong></span> 
     </span>
    </p>
   </div>
   <div class='ocr_carea' id='block_1_102' title="bbox 2131 4993 3720 5065">
    <p class='ocr_par' dir='ltr' id='par_1_102' title="bbox 2131 4993 3720 5065">
     <span class='ocr_line' id='line_1_102' title="bbox 2131 4993 3720 5065; baseline -0.002 -15"><span class='ocrx_word' id='word_1_749' title='bbox 2131 5010 2241 5065; x_wconf 91' lang='lat' dir='ltr'><strong>quo</strong></span> <span class='ocrx_word' id='word_1_750' title='bbox 2262 4996 2554 5050; x_wconf 90' lang='lat' dir='ltr'><strong>humanum</strong></span> <span class='ocrx_word' id='word_1_751' title='bbox 2576 5003 2633 5050; x_wconf 91' lang='lat' dir='ltr'><strong>et</strong></span> <span class='ocrx_word' id='word_1_752' title='bbox 2655 4994 2984 5050; x_wconf 89' lang='lat' dir='ltr'><strong>illuminatur</strong></span> <span class='ocrx_word' id='word_1_753' title='bbox 2999 5005 3053 5049; x_wconf 91' lang='lat' dir='ltr'><strong>et</strong></span> <span class='ocrx_word' id='word_1_754' title='bbox 3071 4995 3398 5062; x_wconf 88' lang='lat' dir='ltr'><strong>gubernatur</strong></span> <span class='ocrx_word' id='word_1_755' title='bbox 3409 4993 3720 5059; x_wconf 87' lang='lat' dir='ltr'><strong>arbitrium,</strong></span> 
     </span>
    </p>
   </div>
   <div class='ocr_carea' id='block_1_103' title="bbox 2136 5084 3720 5154">
    <p class='ocr_par' dir='ltr' id='par_1_103' title="bbox 2136 5084 3720 5154">
     <span class='ocr_line' id='line_1_103' title="bbox 2136 5084 3720 5154; baseline -0.002 -12"><span class='ocrx_word' id='word_1_756' title='bbox 2136 5089 2187 5143; x_wconf 92' lang='lat' dir='ltr'><strong>in</strong></span> <span class='ocrx_word' id='word_1_757' title='bbox 2203 5088 2304 5142; x_wconf 91' lang='lat' dir='ltr'><strong>hoc</strong></span> <span class='ocrx_word' id='word_1_758' title='bbox 2321 5086 2561 5142; x_wconf 89' lang='lat' dir='ltr'><strong>secundo</strong></span> <span class='ocrx_word' id='word_1_759' title='bbox 2575 5087 2757 5142; x_wconf 86' lang='lat' dir='ltr'><strong>libello</strong></span> <span class='ocrx_word' id='word_1_760' title='bbox 2769 5087 3074 5142; x_wconf 89' lang='lat' dir='ltr'><strong>curavimus</strong></span> <span class='ocrx_word' id='word_1_761' title='bbox 3095 5094 3149 5141; x_wconf 91' lang='lat' dir='ltr'><strong>et</strong></span> <span class='ocrx_word' id='word_1_762' title='bbox 3163 5086 3388 5154; x_wconf 89' lang='lat' dir='ltr'><strong>gratiam</strong></span> <span class='ocrx_word' id='word_1_763' title='bbox 3399 5084 3493 5140; x_wconf 89' lang='lat' dir='ltr'><strong>Dei</strong></span> <span class='ocrx_word' id='word_1_764' title='bbox 3503 5085 3720 5139; x_wconf 88' lang='lat' dir='ltr'><strong>etarbi-</strong></span> 
     </span>
    </p>
   </div>
   <div class='ocr_carea' id='block_1_104' title="bbox 2133 5174 3718 5245">
    <p class='ocr_par' dir='ltr' id='par_1_104' title="bbox 2133 5174 3718 5245">
     <span class='ocr_line' id='line_1_104' title="bbox 2133 5174 3718 5245; baseline -0.003 -12"><span class='ocrx_word' id='word_1_765' title='bbox 2133 5179 2292 5234; x_wconf 92' lang='lat' dir='ltr'><strong>trium</strong></span> <span class='ocrx_word' id='word_1_766' title='bbox 2311 5179 2544 5234; x_wconf 88' lang='lat' dir='ltr'><strong>hominis</strong></span> <span class='ocrx_word' id='word_1_767' title='bbox 2564 5179 2642 5234; x_wconf 89' lang='lat' dir='ltr'><strong>sic</strong></span> <span class='ocrx_word' id='word_1_768' title='bbox 2663 5193 2928 5245; x_wconf 88' lang='lat' dir='ltr'><strong>asserere,</strong></span> <span class='ocrx_word' id='word_1_769' title='bbox 2945 5185 3003 5232; x_wconf 91' lang='lat' dir='ltr'><strong>ut</strong></span> <span class='ocrx_word' id='word_1_770' title='bbox 3022 5185 3269 5234; x_wconf 89' lang='lat' dir='ltr'><strong>neutrum</strong></span> <span class='ocrx_word' id='word_1_771' title='bbox 3295 5177 3564 5239; x_wconf 87' lang='lat' dir='ltr'><strong>tollamus,</strong></span> <span class='ocrx_word' id='word_1_772' title='bbox 3585 5174 3718 5230; x_wconf 89' lang='lat' dir='ltr'><strong>dum</strong></span> 
     </span>
    </p>
   </div>
   <div class='ocr_carea' id='block_1_105' title="bbox 2134 5267 3719 5341">
    <p class='ocr_par' dir='ltr' id='par_1_105' title="bbox 2134 5267 3719 5341">
     <span class='ocr_line' id='line_1_105' title="bbox 2134 5267 3719 5341; baseline -0.004 -14"><span class='ocrx_word' id='word_1_773' title='bbox 2134 5281 2422 5341; x_wconf 90' lang='lat' dir='ltr'><strong>utrumque</strong></span> <span class='ocrx_word' id='word_1_774' title='bbox 2442 5272 2814 5335; x_wconf 89' lang='lat' dir='ltr'><strong>defendimus;</strong></span> <span class='ocrx_word' id='word_1_775' title='bbox 2865 5271 2960 5327; x_wconf 89' lang='lat' dir='ltr'><strong>sed</strong></span> <span class='ocrx_word' id='word_1_776' title='bbox 2989 5270 3334 5326; x_wconf 85' lang='lat' dir='ltr'><strong>ostendamus</strong></span> <span class='ocrx_word' id='word_1_777' title='bbox 3361 5267 3490 5340; x_wconf 89' lang='lat' dir='ltr'><strong>quid</strong></span> <span class='ocrx_word' id='word_1_778' title='bbox 3516 5267 3719 5322; x_wconf 83' lang='lat' dir='ltr'><strong>borum</strong></span> 
     </span>
    </p>
   </div>
   <div class='ocr_carea' id='block_1_106' title="bbox 2133 5359 3716 5434">
    <p class='ocr_par' dir='ltr' id='par_1_106' title="bbox 2133 5359 3716 5434">
     <span class='ocr_line' id='line_1_106' title="bbox 2133 5359 3716 5434; baseline -0.004 -16"><span class='ocrx_word' id='word_1_779' title='bbox 2133 5365 2203 5419; x_wconf 87' lang='lat' dir='ltr'><strong>sit</strong></span> <span class='ocrx_word' id='word_1_780' title='bbox 2239 5364 2383 5433; x_wconf 90' lang='lat' dir='ltr'><strong>quod</strong></span> <span class='ocrx_word' id='word_1_781' title='bbox 2422 5365 2594 5419; x_wconf 86' lang='lat' dir='ltr'><strong>altero</strong></span> <span class='ocrx_word' id='word_1_782' title='bbox 2615 5372 2791 5432; x_wconf 79' lang='lat' dir='ltr'><strong>egeat,</strong></span> <span class='ocrx_word' id='word_1_783' title='bbox 2827 5373 2882 5417; x_wconf 89' lang='lat' dir='ltr'><strong>ct</strong></span> <span class='ocrx_word' id='word_1_784' title='bbox 2911 5363 3038 5434; x_wconf 88' lang='lat' dir='ltr'><strong>quid</strong></span> <span class='ocrx_word' id='word_1_785' title='bbox 3067 5377 3125 5418; x_wconf 89' lang='lat' dir='ltr'><strong>se</strong></span> <span class='ocrx_word' id='word_1_786' title='bbox 3151 5361 3303 5415; x_wconf 87' lang='lat' dir='ltr'><strong>alteri</strong></span> <span class='ocrx_word' id='word_1_787' title='bbox 3332 5359 3565 5430; x_wconf 88' lang='lat' dir='ltr'><strong>gratuito</strong></span> <span class='ocrx_word' id='word_1_788' title='bbox 3588 5373 3684 5412; x_wconf 86' lang='lat' dir='ltr'><strong>tnn</strong></span> <span class='ocrx_word' id='word_1_789' title='bbox 3713 5395 3716 5398; x_wconf 62' lang='grc' dir='ltr'><em>η</em></span> 
     </span>
    </p>
   </div>
   <div class='ocr_carea' id='block_1_107' title="bbox 2134 5450 3720 5526">
    <p class='ocr_par' dir='ltr' id='par_1_107' title="bbox 2134 5450 3720 5526">
     <span class='ocr_line' id='line_1_107' title="bbox 2134 5450 3720 5526; baseline -0.003 -17"><span class='ocrx_word' id='word_1_790' title='bbox 2134 5471 2262 5510; x_wconf 74' lang='lat' dir='ltr'><strong>nere</strong></span> <span class='ocrx_word' id='word_1_791' title='bbox 2288 5455 2541 5509; x_wconf 88' lang='lat' dir='ltr'><strong>bonitatis</strong></span> <span class='ocrx_word' id='word_1_792' title='bbox 2571 5455 2864 5526; x_wconf 87' lang='lat' dir='ltr'><strong>impendat;</strong></span> <span class='ocrx_word' id='word_1_793' title='bbox 2887 5454 3014 5524; x_wconf 90' lang='lat' dir='ltr'><strong>quid</strong></span> <span class='ocrx_word' id='word_1_794' title='bbox 3035 5455 3105 5508; x_wconf 92' lang='lat' dir='ltr'><strong>sit</strong></span> <span class='ocrx_word' id='word_1_795' title='bbox 3124 5452 3268 5524; x_wconf 88' lang='lat' dir='ltr'><strong>quod</strong></span> <span class='ocrx_word' id='word_1_796' title='bbox 3289 5450 3550 5506; x_wconf 86' lang='lat' dir='ltr'><strong>medelam</strong></span> <span class='ocrx_word' id='word_1_797' title='bbox 3576 5461 3720 5504; x_wconf 73' lang='lat' dir='ltr'><strong>sau-</strong></span> 
     </span>
    </p>
   </div>
   <div class='ocr_carea' id='block_1_108' title="bbox 2134 5540 3717 5614">
    <p class='ocr_par' dir='ltr' id='par_1_108' title="bbox 2134 5540 3717 5614">
     <span class='ocr_line' id='line_1_108' title="bbox 2134 5540 3717 5614; baseline -0.002 -17"><span class='ocrx_word' id='word_1_798' title='bbox 2134 5559 2230 5612; x_wconf 84' lang='lat' dir='ltr'><strong>per</strong></span> <span class='ocrx_word' id='word_1_799' title='bbox 2258 5553 2562 5614; x_wconf 67' lang='lat' dir='ltr'><strong>exspectet,</strong></span> <span class='ocrx_word' id='word_1_800' title='bbox 2599 5553 2651 5598; x_wconf 84' lang='lat' dir='ltr'><strong>et</strong></span> <span class='ocrx_word' id='word_1_801' title='bbox 2689 5545 2828 5598; x_wconf 85' lang='lat' dir='ltr'><strong>unde</strong></span> <span class='ocrx_word' id='word_1_802' title='bbox 2857 5543 3173 5600; x_wconf 78' lang='lat' dir='ltr'><strong>beneﬁcium</strong></span> <span class='ocrx_word' id='word_1_803' title='bbox 3202 5543 3478 5598; x_wconf 71' lang='lat' dir='ltr'><strong>medicinm</strong></span> <span class='ocrx_word' id='word_1_804' title='bbox 3509 5540 3717 5595; x_wconf 81' lang='lat' dir='ltr'><strong>indesi-</strong></span> 
     </span>
    </p>
   </div>
   <div class='ocr_carea' id='block_1_109' title="bbox 2209 5719 3716 5791">
    <p class='ocr_par' dir='ltr' id='par_1_109' title="bbox 2209 5719 3716 5791">
     <span class='ocr_line' id='line_1_109' title="bbox 2209 5719 3716 5791; baseline 0.003 -18"><span class='ocrx_word' id='word_1_805' title='bbox 2209 5733 2228 5758; x_wconf 68' lang='grc' dir='ltr'><em>τ</em></span> <span class='ocrx_word' id='word_1_806' title='bbox 2277 5719 2400 5778; x_wconf 74' lang='grc' dir='ltr'><strong>Ιῐςρε</strong></span> <span class='ocrx_word' id='word_1_807' title='bbox 2427 5722 2712 5777; x_wconf 82' lang='lat' dir='ltr'><strong>habuimus</strong></span> <span class='ocrx_word' id='word_1_808' title='bbox 2741 5739 2805 5778; x_wconf 80' lang='lat' dir='ltr'><strong>ex</strong></span> <span class='ocrx_word' id='word_1_809' title='bbox 2833 5739 2962 5778; x_wconf 84' lang='lat' dir='ltr'><strong>mss.</strong></span> <span class='ocrx_word' id='word_1_810' title='bbox 2996 5723 3242 5791; x_wconf 76' lang='lat' dir='ltr'><strong>duobus,</strong></span> <span class='ocrx_word' id='word_1_811' title='bbox 3281 5737 3449 5791; x_wconf 85' lang='lat' dir='ltr'><strong>usque</strong></span> <span class='ocrx_word' id='word_1_812' title='bbox 3490 5721 3554 5776; x_wconf 89' lang='lat' dir='ltr'><strong>ad</strong></span> <span class='ocrx_word' id='word_1_813' title='bbox 3595 5719 3716 5778; x_wconf 67' lang='lat' dir='ltr'><strong>btet:</strong></span> 
     </span>
    </p>
   </div>
   <div class='ocr_carea' id='block_1_110' title="bbox 2135 5791 2901 5866">
    <p class='ocr_par' dir='ltr' id='par_1_110' title="bbox 2135 5791 2901 5866">
     <span class='ocr_line' id='line_1_110' title="bbox 2135 5791 2901 5866; baseline 0.001 -21"><span class='ocrx_word' id='word_1_814' title='bbox 2135 5793 2324 5859; x_wconf 77' lang='lat' dir='ltr'><strong>verba,</strong></span> <span class='ocrx_word' id='word_1_815' title='bbox 2350 5791 2661 5848; x_wconf 67' lang='lat' dir='ltr'><strong>arbitrentur</strong></span> <span class='ocrx_word' id='word_1_816' title='bbox 2684 5794 2901 5866; x_wconf 72' lang='lat' dir='ltr'><strong>auferri.</strong></span> 
     </span>
    </p>
   </div>
  </div>
