4048 6342
265 361 372 418 639

1183 363 1266 418 DE
1305 359 1646 418 VERITATE
1685 354 2356 413 l'llJ-lDESTINATI'ENIS
2383 355 2506 412 LIB.
2547 357 2609 414 ll.

3421 357 3527 411 630

268 483 460 531 neuter
503 484 783 529 exuberet.
835 473 974 531 Dicit
1023 478 1166 531 enim
1217 477 1444 532 Creator
1493 475 1846 545 Salvatorque
1877 478 1920 532 Α
1952 475 2088 530 citer
2115 477 2481 533 exclamaret:
2517 477 2629 550 Ego
2654 478 2793 543 dixi,
2829 477 3078 546 Domine,
3105 481 3342 533 miserere
3382 482 3480 533 mei
3509 495 3523 540 ;

265 567 576 623 mortalium
600 581 707 620 non
739 581 856 622 esse
883 567 1247 624 necessarium
1276 566 1422 622 sanis
1447 565 1736 630 tnedicum,
1756 563 1850 619 sed

250 658 408 716 male
437 656 778 722 habentibus,
800 670 972 725 neque
995 672 1053 712 se
1080 656 1296 712 venisse
1323 667 1383 710 ut
1411 663 1630 710 voearet
1651 654 1846 724 justos,

266 747 358 802 sed
389 753 708 816 peccatores
736 744 803 799 ad
831 746 1200 815 paenitentiam
1235 745 1448 816 (Matth.
1479 761 1551 810 ix,
1580 745 1690 814 15).
1715 743 1850 800 Hinc

267 839 454 906 itaque
490 835 834 906 cognoscitur
877 835 1006 905 quid
1053 835 1193 890 idem
1245 835 1488 890 medicus
1533 835 1586 889 in
1629 833 1850 890 inﬁrmis

267 929 536 993 inveniat,
586 936 640 983 et
668 926 794 996 quid
836 927 952 998 ipse
998 927 1253 983 sanandis
1299 927 1597 996 impendat.
1645 924 1852 990 Invenit

269 1020 497 1075 liberum
527 1017 760 1075 hominis
781 1018 1079 1082 arbitrium,
1108 1019 1160 1072 in
1183 1033 1246 1074 ea
1272 1018 1533 1094 duntaxat
1551 1025 1709 1072 aetate
1733 1033 1851 1088 qua:

271 1111 388 1166 usui
413 1111 527 1179 jam
555 1120 734 1180 potest
759 1110 965 1164 servire
993 1109 1250 1174 rationis,
1279 1118 1370 1163 aut
1398 1125 1510 1163 sua:
1531 1108 1852 1164 inﬁrmitatis

267 1201 494 1256 omnino
525 1201 798 1263 nescium,
848 1206 942 1252 aut
980 1198 1170 1253 morbo
1197 1199 1372 1253 noxia:
1399 1198 1742 1266 cogitationis
1772 1197 1851 1252 in-

269 1290 456 1345 ﬂatum
483 1309 496 1344 :
520 1290 648 1345 dum
667 1290 871 1346 scilicet
890 1297 984 1344 aut
1002 1289 1127 1358 quid
1149 1288 1448 1344 faciendum
1465 1290 1535 1344 sit
1554 1290 1744 1358 nescit,
1761 1299 1853 1344 aut

267 1381 419 1451 quod
442 1381 744 1437 faciendum
772 1382 982 1445 scierit,
1013 1381 1125 1436 suis
1151 1396 1210 1436 se
1238 1382 1439 1438 viribus
1468 1382 1690 1452 implere
1718 1399 1850 1437 con-

274 1472 387 1526 lidit
414 1489 428 1525 :
454 1486 519 1526 ac
542 1471 638 1533 sic,
671 1478 762 1524 aut
782 1471 944 1526 homo
971 1470 1186 1526 nescius
1214 1471 1460 1526 morbum
1489 1471 1848 1542 amplectitur,

271 1574 362 1621 aut
389 1565 513 1636 plus
535 1572 792 1634 aegrotat,
821 1563 947 1619 dum
972 1580 1080 1619 non
1109 1564 1366 1619 amedico
1395 1563 1587 1634 poscit,
1615 1564 1708 1618 sed
1740 1564 1852 1633 ipse

272 1655 598 1721 sibi_nititur
633 1653 887 1708 adhibere
934 1652 1254 1708 remedium.
1314 1650 1468 1708 Unde
1515 1668 1852 1722 consequens

273 1753 353 1800 est
374 1753 452 1810 ut,
479 1742 662 1799 letbali
691 1743 877 1798 morbo
891 1743 978 1799 vel
1001 1742 1315 1813 ignorantiae
1337 1742 1423 1799 vel
1443 1744 1705 1813 superbia:
1721 1760 1852 1814 pra:-

272 1841 544 1901 gravatus,
573 1847 676 1887 nec
704 1831 970 1887 medicum
999 1831 1269 1900 requirat,
1303 1845 1402 1886 nec
1430 1831 1482 1884 in
1513 1847 1571 1886 se
1603 1830 1850 1886 effectum

273 1937 412 1976 verte
434 1921 679 1976 sanitatis
705 1920 962 1976 inveniat.
992 1919 1176 1990 Neque
1203 1927 1383 1974 tamen
1415 1919 1580 1974 libera
1603 1920 1853 1976 voluntas

274 2011 392 2066 ideo
423 2026 533 2065 non
565 2018 647 2066 est
680 2010 734 2065 in
766 2010 984 2065 homine
1009 2047 1024 2072 ,
1083 2010 1392 2079 priusquam
1438 2018 1656 2064 sanetur
1689 2025 1853 2080 opere

276 2101 467 2155 divina:
496 2099 886 2166 conversionis,
937 2099 1062 2170 quia
1087 2098 1274 2154 morbo
1302 2099 1472 2168 magis
1507 2099 1620 2153 vult
1641 2100 1851 2155 obtem-

276 2205 463 2259 perare
491 2205 651 2260 quam
684 2189 896 2245 medico
927 2207 940 2242 :
975 2205 1095 2244 cum
1116 2205 1183 2244 eo
1203 2190 1320 2258 ipso
1349 2189 1492 2259 quod
1517 2191 1852 2260 obtemperat

277 2277 463 2344 homo,
502 2279 587 2335 vel
617 2295 721 2334 non
751 2281 1120 2350 obtemperat,
1166 2280 1394 2336 liberum
1425 2281 1524 2336 sibi
1557 2282 1732 2338 inesse
1761 2300 1850 2337 ar-

277 2367 494 2438 bitrium
522 2368 801 2424 evidenter
830 2369 1100 2425 ostendat.
1833 2435 1836 2440 _

343 2461 472 2518 Car.
508 2479 586 2517 ιιι.
618 2496 688 2505 -
735 2449 786 2518 ιζ
819 2461 913 2518 Est
941 2479 1070 2533 ergo
1100 2479 1208 2518 non
1236 2464 1409 2519 solum
1453 2466 1504 2520 in
1549 2465 1852 2522 hominibus

278 2551 439 2621 iustis,
457 2568 643 2606 verum
659 2553 820 2607 etiam
847 2552 899 2607 in
917 2552 1268 2624 impiism
1288 2553 1514 2607 liberum
1535 2554 1813 2608 arbitrium
1835 2573 1847 2608 :

279 2639 364 2694 sed
394 2639 448 2694 in
492 2639 607 2694 istis
635 2639 876 2694 bonitate
919 2639 1014 2694 Dei
1055 2639 1412 2711 redemptoris
1439 2641 1660 2709 erigitur
1688 2650 1849 2710 atque

280 2727 554 2797 dirigitur;
607 2728 658 2782 in
690 2728 793 2782 illis
819 2737 998 2782 autem
1025 2727 1118 2784 Dei
1149 2729 1455 2786 ulciscentis
1476 2731 1726 2800 aequitate
1751 2732 1837 2786 de-

278 2815 470 2870 teritur
493 2825 550 2870 et
580 2816 817 2886 punitur.
867 2815 942 2871 Ac
980 2817 1057 2872 sic
1085 2817 1137 2871 in
1186 2817 1268 2872 his
1295 2833 1401 2872 non
1439 2819 1612 2873 solum
1652 2835 1844 2890 cogno-

279 2906 504 2971 scendo,
539 2906 632 2962 sed
657 2907 816 2961 etiam
845 2906 1112 2977 diligendo
1143 2907 1367 2962 inlueret
1396 2907 1637 2974 veritati;
1670 2909 1723 2962 in
1753 2909 1856 2964 illis

278 3009 401 3049 vero
430 3003 521 3048 aut
549 2995 758 3062 ignorat
779 2994 1104 3059 mandatum,
1129 2994 1254 3048 etin
1277 3004 1498 3065 peccato
1517 3012 1614 3052 suo
1641 3012 1747 3051 non
1771 3006 1853 3052 est

277 3086 319 3141 ei
343 3085 549 3156 peccati
569 3085 834 3153 cognitio;
868 3093 959 3140 aut
983 3085 1049 3139 ad
1085 3086 1187 3141 hoc
1214 3095 1393 3157 potest
1425 3097 1705 3158 peccatum
1734 3089 1851 3144 abs-

277 3191 376 3246 que
420 3174 690 3244 adjutorio
710 3175 895 3243 gratiae
927 3175 1018 3230 Dei
1041 3189 1386 3244 cognoscere,
1415 3187 1472 3232 ut
1493 3177 1616 3232 dum
1636 3194 1694 3235 se
1715 3195 1850 3249 prac-

277 3267 433 3320 tumit
446 3282 543 3337 per
560 3265 905 3336 semetipsum
929 3267 1119 3321 divina:
1141 3268 1431 3323 voluntatis
1454 3268 1677 3339 implere
1692 3287 1850 3342 posse

274 3361 558 3424 mandata,
613 3376 718 3414 non
767 3359 1102 3430 obtemperet
1140 3360 1411 3415 humiliter
1439 3362 1702 3417 voluntati
1732 3363 1847 3428 Dei,

273 3450 364 3506 sed
386 3451 586 3505 bonum
609 3450 750 3504 male
772 3447 971 3504 faciens
997 3466 1096 3505 suo
1124 3451 1302 3520 potius
1329 3451 1616 3505 famuletur
1641 3453 1846 3506 errori:

273 3542 395 3597 dum
424 3541 631 3598 scilicet
661 3541 912 3610 ignorans
961 3540 1050 3596 Dei
1075 3540 1355 3609 justitiam,
1388 3551 1442 3596 et
1475 3558 1624 3596 suam
1665 3543 1851 3598 volens

275 3637 618 3698 constituere,
645 3633 864 3704 justitire
887 3633 980 3687 Dei
1009 3650 1114 3688 non
1145 3644 1227 3689 est
1255 3634 1554 3701 subjectum
1580 3634 1756 3705 (Rom.
1796 3653 1845 3701 ι,

274 3726 360 3796 3):
386 3725 600 3796 quando
623 3725 740 3778 ﬁnis
758 3726 887 3790 legis
910 3741 1016 3778 non
1036 3725 1133 3779 nisi
1157 3724 1398 3780 Christus
1423 3725 1488 3779 sil
1507 3725 1572 3778 ad
1590 3724 1848 3794 justitiam

274 3819 416 3872 omni
442 3817 685 3873 credenti
716 3816 899 3889 (lbid.,
926 3815 1002 3888 4).
1527 3819 1529 3821 ’

344 3908 392 3961 ’i.
427 3909 664 3964 Medicus
704 3909 885 3976 itaque
915 3917 1096 3962 noster
1126 3909 1328 3980 peritus
1362 3919 1412 3962 et
1443 3909 1643 3976 bonus,
1688 3911 1852 3977 gratis

273 4000 336 4055 ad
367 4000 533 4053 vitam
561 3999 876 4053 reducturus
905 4007 1164 4063 mortuos,
1217 4015 1279 4053 ac
1307 3999 1519 4054 sanitati
1549 4001 1852 4054 redditurus

274 4099 524 4155 regrotos,
552 4090 665 4158 ipse
686 4089 1049 4156 languentium
1081 4090 1245 4153 salus,
1274 4098 1328 4144 et
1357 4092 1681 4145 resurrectio
1703 4107 1848 4144 mor-

273 4189 508 4243 tuorum,
543 4179 595 4232 in
625 4194 691 4233 eo
723 4177 1053 4233 vivilicandis
1081 4195 1144 4233 ac
1171 4179 1422 4234 sanandis
1444 4181 1748 4235 hominibus
1779 4182 1855 4235 iu-

272 4269 564 4339 superabili
605 4268 848 4323 bonitate
888 4269 1185 4331 consuluit,
1219 4269 1270 4322 in
1301 4261 1408 4339 quo
1438 4270 1760 4326 medicinam
1792 4288 1851 4328 se

272 4360 427 4414 nobis
458 4359 596 4414 idem
629 4359 865 4413 medicus
893 4357 1038 4412 fecit.
1071 4357 1176 4413 Sed
1205 4367 1262 4412 ut
1290 4358 1533 4413 ordinem
1560 4376 1669 4414 sua:
1690 4377 1849 4415 cura-

271 4451 437 4506 tionis
476 4449 752 4518 Sapientia
795 4449 884 4503 Dei
914 4450 1186 4518 sapienter
1209 4449 1486 4518 expleret,
1537 4451 1684 4520 prius
1714 4468 1850 4522 pne-

268 4555 488 4614 ceptum
512 4546 662 4600 dedit
691 4563 784 4614 per
807 4545 977 4614 legem
1003 4543 1241 4613 justitiac,
1266 4560 1373 4612 quo
1398 4560 1548 4598 suam
1573 4543 1850 4598 inﬁrmita-

269 4647 381 4691 tem
410 4646 644 4707 zcgrotus
672 4643 1005 4706 agnosceret,
1032 4636 1252 4692 daturus
1273 4635 1521 4690 aﬂ'ectum
1553 4646 1577 4674 ι
1609 4652 1704 4706 per
1733 4652 1852 4707 grao

267 4729 402 4781 tiam
423 4767 436 4791 ,
478 4744 586 4798 quo
629 4727 869 4783 inﬁrmus
899 4745 1009 4782 sua:
1052 4727 1377 4783 inﬁrmitatis
1405 4726 1690 4782 salubriter
1722 4742 1852 4782 eon-

263 4823 436 4882 scius,
482 4838 588 4876 non
615 4822 724 4895 jam
755 4820 1032 4890 conﬁdens
1076 4821 1127 4874 in
1157 4820 1358 4874 virtute
1385 4835 1479 4873 sua
1509 4826 1851 4884 tumesceret,

262 4912 364 4966 sed
385 4912 555 4981 ipsum
580 4910 780 4965 fontem
805 4912 925 4965 vita:
947 4911 1242 4979 salutisque
1265 4925 1618 4980 cognoscens,
1649 4909 1715 4962 ab
1738 4909 1852 4978 ipso

187 5025 189 5030 ·
262 5004 372 5058 sibi
389 5004 635 5058 sanitatis
652 5002 967 5058 beneﬁcium
991 5001 1288 5073 postularet
1317 5020 1327 5054 :
1355 5016 1454 5056 nec
1474 5017 1624 5054 suam
1644 4999 1854 5068 jactaus

262 5094 504 5162 superbo
535 5081 700 5148 corde
723 5093 982 5161 justitiam
1007 5135 1022 5158 ,
1072 5094 1148 5147 sic
1186 5109 1244 5146 se
1290 5100 1506 5162 putaret
1545 5091 1776 5146 alienum
1819 5111 1848 5146 a

264 5182 484 5248 morbo,
509 5192 761 5252 t::nquam
793 5198 899 5236 non
929 5193 1111 5250 egeret
1140 5182 1434 5236 curationis
1459 5183 1656 5236 auxilio
1689 5182 1854 5254 [mule

265 5275 360 5328 iila
393 5289 494 5327 vox
529 5273 780 5328 Pharisaei
813 5281 895 5328 est
937 5291 950 5326 :
989 5272 1162 5335 Deus,
1206 5273 1403 5343 gratias
1437 5271 1526 5325 tibi
1556 5289 1687 5343 ago,
1736 5274 1856 5344 quia

261 5381 372 5417 non
396 5381 507 5418 sum
533 5365 662 5417 sicut
685 5365 857 5418 rwteri
887 5363 1139 5428 homines,
1173 5372 1404 5431 raptores
1424 5401 1437 5425 ,
1471 5363 1672 5433 injusti,
1706 5363 1856 5416 adul-

258 5455 382 5518 teri,
410 5463 615 5524 scatet
646 5454 947 5523 publicanus
977 5455 1071 5507 iste
1095 5451 1414 5522 (ἔλλαχε-ιιι,
1433 5455 1448 5506 l
1468 5451 1582 5524 l)];
1614 5452 1709 5507 sed
1735 5455 1851 5508 vul-

1951 581 2080 618 sana
2103 567 2331 620 animam
2353 582 2536 631 meam,
2561 568 2681 637 quia
2702 569 2905 636 peccari
2923 567 3011 622 tibi
3035 568 3205 640 (l’sal.
3227 584 3311 631 .\L,
3329 566 3404 638 ὅ).
3422 567 3519 622 Net

1953 664 2135 710 tamen
2183 655 2422 718 medicus
2468 656 2556 711 ille
2603 655 2837 712 cmlcstis
2881 666 3117 712 nostram
3169 656 3528 712 inlirmitatem

1953 755 2170 802 sanaret
2195 748 2504 820 cognitione
2533 747 2888 802 dilectioncve
2913 747 3171 812 mandati,
3198 747 3304 820 nisi.
3329 745 3525 800 bomitu

1941 839 2179 896 .liberum
2207 839 2443 916 dedisset
2472 841 2750 911 arbitrium
2777 858 2790 905 ;
2835 841 2928 895 sed
2959 840 3310 910 multiplicata
3340 834 3422 892 est
3451 838 3528 890 in»

1955 925 2179 981 ﬁrmitas
2208 927 2322 982 sola
2351 929 2658 996 cognitione
2687 929 2952 994 mandati,
2989 937 3045 982 ut
3074 944 3170 997 per
3194 927 3419 996 gratiam
3451 925 3530 980 in-

1953 1017 2158 1086 ciperet
2184 1019 2386 1074 sanitas
2417 1019 2536 1074 ﬁdei
2562 1037 2626 1076 ac
2671 1021 2974 1077 dilectionis
3019 1020 3293 1076 constitui.
3335 1019 3531 1086 Cogni-

1957 1105 2101 1161 tionc
2131 1107 2309 1177 itaque
2351 1110 2587 1164 mandati
2637 1111 2703 1165 ad
2736 1111 2886 1166 'bcne
2921 1111 3250 1186 Operandum
3299 1109 3529 1164 hominis

1955 1197 2179 1252 liberum
2221 1200 2499 1255 arbitrium
2527 1202 2894 1258 convenitur:
2940 1219 3042 1257 non
3090 1203 3214 1273 quia
3257 1186 3552 1274 voluntate.

1957 1295 2182 1352 tantum,
2211 1289 2292 1344 vel
2322 1289 2519 1345 virtute
2549 1298 2755 1345 tantum
2784 1307 2879 1346 sua
2907 1301 3084 1361 potest
3125 1293 3286 1348 homo
3313 1291 3536 1363 implere

1955 1375 2095 1464 quod
2116 1378 2272 1464 c‘lcx
2301 1377 2480 1464 jubet,
2509 1378 2605 1434 sed
2635 1388 2694 1434 ut
2722 1395 2819 1450 per
2844 1381 3076 1434 tuandati
3109 1381 3353 1434 notitiam
3384 1381 3533 1435 iulir«

1956 1460 2170 1514 mitatis'
2187 1478 2296 1515 sua:
2325 1463 2425 1516 sibi
2469 1464 2716 1519 conscius
2761 1463 2870 1530 ﬁat,
2903 1475 2959 1520 et
2997 1466 3318 1534 adjutorium
3349 1467 3534 1533 gratiae

1957 1550 2292 1606 medicinalis
2308 1563 2587 1622 exposcat.
2603 1556 2715 1621 Qua
2740 1543 3020 1626 percepta,
3035 1565 3213 1626 potest
3236 1565 3289 1611 et
3315 1557 3534 1624 diligere

1955 1641 2096 1710 quod
2123 1641 2366 1708 jubctur,
2390 1643 2677 1710 etfacere,
2712 1654 2766 1699 et
2795 1660 3107 1714 agnoscere,
3142 1647 3224 1700 vel
3253 1647 3376 1714 quid
3408 1664 3532 1716 pos-

1957 1733 2044 1796 sit,
2070 1732 2152 1785 vel
2176 1733 2304 1803 quid
2329 1750 2436 1788 non
2464 1736 2721 1804 possit,et
2747 1745 2802 1790 ut
2828 1737 2996 1806 possit
3023 1727 3334 1806 exposcere,
3360 1747 3414 1791 et
3433 1737 3531 1790 sibi

1889 1858 1930 1915 Β
1958 1841 2066 1879 sua:
2095 1826 2423 1882 inﬁrmitatis
2449 1828 2714 1898 imputare
2740 1829 3036 1893 miseriam,
3068 1837 3120 1883 ct
3151 1831 3394 1884 sanitatis
3415 1843 3530 1898 gra-

1959 1919 2084 1972 tiam
2113 1919 2386 1973 bcueﬁciis
2413 1919 2815 1974 medicinalibus
2843 1921 3136 1989 assignare.

2025 2010 2152 2064 CAP.
2185 2027 2253 2064 ιγ.
2279 2042 2349 2050 —
2377 2013 2428 2064 (ι.
2463 2008 2586 2064 Hice
2616 2010 2794 2065 omnia
2825 2026 2942 2080 qua:
2970 2011 3216 2079 superius
3237 2007 3531 2077 posuimus.

1954 2101 2169 2169 dignum
2223 2111 2308 2155 est
2355 2110 2413 2154 ut
2460 2101 2764 2155 cwlestibus
2795 2099 3021 2168 eloquiis
3062 2113 3384 2152 asscramns.
3434 2095 3530 2150 Per

1953 2189 2144 2244 Isaiam
2175 2191 2250 2244 sic
2282 2190 2517 2259 loquitur
2544 2189 2685 2244 Deus
2718 2208 2730 2242 :
2764 2189 2823 2244 Si
2868 2190 3149 2253 volueritis,
3181 2197 3228 2241 ct
3263 2187 3532 2266 audieritis

1954 2297 2062 2347 me,
2093 2279 2225 2334 bona
2259 2291 2410 2334 terra:
2441 2279 2762 2345 comedetis;
2798 2281 2844 2334 si
2891 2289 3057 2332 autent
3089 2279 3389 2341 nolueritis,
3446 2295 3533 2330 nec

1960 2370 2292 2425 obaudierilis
2313 2388 2412 2436 me,
2439 2372 2642 2442 gladius
2665 2370 2930 2426 devorabit
2949 2387 3034 2426 ros
3065 2370 3218 2436 (Issi.
3247 2385 3284 2436 ι,
3309 2369 3414 2436 l9).
3442 2366 3532 2422 lliv

1955 2463 2132 2518 verbis
2160 2465 2354 2532 quibus
2384 2463 2598 2530 dicitur,
2631 2464 2686 2517 Si
2713 2463 3008 2525 volueritis,
3042 2472 3097 2516 ct
3137 2461 3192 2515 Si
3234 2460 3533 2518 nolueritis.

1957 2553 2142 2624 procul
2198 2554 2360 2609 dubio
2411 2554 2634 2608 libertas
2681 2552 2899 2607 humani
2954 2551 3258 2606 declaratur
3305 2549 3530 2604 arbitrii.

1962 2645 2110 2700 Velle
2153 2647 2295 2700 enim
2333 2655 2389 2700 et
2418 2646 2560 2700 nolle
2602 2645 2892 2698 voluntatis
2921 2659 3039 2698 esse
3088 2643 3266 2698 nullus
3307 2643 3530 2710 ignorat.

1957 2735 2109 2802 Quod
2152 2753 2280 2805 ergo
2321 2752 2418 2807 per
2455 2736 2772 2807 prophetam
2802 2735 3028 2803 dicitur,
3077 2735 3137 2789 Si
3179 2735 3438 2790 volueritis
3486 2743 3531 2787 et

1957 2832 2227 2886 audieritis
2258 2849 2354 2897 me,
2382 2842 2564 2886 nostra
2596 2832 2914 2888 convenitur
2941 2831 3100 2905 461
3130 2833 3400 2898 voluntas,
3428 2847 3530 2900 qua
3599 2901 3605 2911 .

1958 2923 2213 2978 debemus
2240 2931 2294 2978 et
2320 2940 2533 2993 semper
2561 2923 2758 2977 bonum
2790 2923 2925 2978 velle
2944 2961 2958 2987 ,
3013 2939 3076 2977 ac
3102 2924 3256 2977 bouis
3284 2923 3531 2992 operibus

1959 3012 2322 3067 indesinenter
2349 3029 2411 3067 ac
2440 3014 2670 3066 libenter
2691 3012 2955 3067 insistere.
2989 3011 3122 3067 Cum
3147 3028 3275 3067 vero
3306 3012 3532 3082 Aposto-

1958 3102 2038 3155 lus
2063 3101 2190 3155 dicit
2218 3103 2340 3172 quia
2374 3101 2513 3155 Deus
2544 3111 2618 3155 est
2645 3104 2726 3173 qui
2751 3111 2994 3172 operatur
3017 3103 3068 3155 in
3100 3100 3243 3156 nobis
3265 3111 3314 3155 et
3340 3101 3461 3155 relle
3485 3109 3533 3155 et

1879 3230 1924 3291 Ο
1957 3193 2226 3262 perﬁcere,
2252 3209 2346 3262 pro
2369 3191 2502 3246 bona
2525 3192 2782 3246 roluntate
2823 3190 3043 3258 (Philip.
3065 3209 3118 3255 ll,
3153 3191 3258 3261 l5),
3302 3190 3533 3246 ostendit

1959 3287 2140 3355 utique
2171 3285 2335 3352 ipsam
2363 3284 2597 3339 hominis
2627 3284 2978 3348 voluntatem,
3011 3291 3064 3338 et
3093 3283 3158 3336 ad
3181 3284 3318 3338 bene
3348 3282 3532 3336 volen-

1955 3377 2080 3430 dum
2111 3391 2218 3429 nou
2251 3375 2350 3428 uisi
2378 3374 2561 3428 divino
2587 3389 2810 3427 munere
2835 3373 3008 3442 dirigi,
3046 3382 3100 3426 et
3139 3371 3206 3427 ad
3235 3372 3372 3425 bene
3399 3387 3532 3440 ope-

1954 3466 2177 3520 randum
2208 3463 2464 3519 divinitus
2493 3463 2750 3532 adjuvari.
2785 3462 2918 3517 Dum
2950 3477 3078 3530 ergo
3102 3463 3408 3532 praecipitur
3435 3473 3532 3516 n‘o-

1954 3558 2035 3612 bis
2077 3565 2134 3611 ut
2165 3557 2422 3620 velimus,
2473 3555 2774 3609 ostenditur
2801 3555 2928 3624 quid
2962 3555 3160 3607 habere
3199 3552 3529 3616 debeamus;

1953 3649 2048 3703 sed
2077 3649 2200 3717 quia
2227 3648 2275 3702 id
2307 3664 2372 3701 cx
2403 3647 2557 3701 nobis
2581 3647 2778 3701 habere
2805 3662 2911 3700 non
2938 3660 3242 3716 possumus,
3273 3645 3529 3700 admone-

1956 3753 2072 3793 mur
2094 3747 2151 3792 ut
2178 3755 2207 3792 a
2237 3754 2344 3806 quo
2373 3737 2525 3792 nobis
2553 3737 2711 3791 datur
2740 3745 3095 3806 praeceptum,
3139 3735 3207 3790 ab
3239 3737 3353 3804 ipso
3382 3742 3529 3805 peta-

1954 3845 2071 3884 mus
2109 3828 2385 3882 auxilium.
2436 3825 2588 3893 Quod
2631 3833 2808 3880 tamen
2839 3841 2944 3880 non
2978 3840 3257 3895 possumus
3287 3839 3528 3894 poscere,

1956 3920 2055 3974 nisi
2087 3920 2225 3974 Deus
2256 3920 2306 3973 in
2339 3918 2492 3973 nobis
2520 3927 2774 3987 operetur
2801 3927 2855 3972 et
2889 3917 3046 3972 velle.
3098 3915 3360 3970 Voluntas
3387 3914 3528 3969 enim

1953 4027 2070 4080 qua:
2100 4011 2152 4064 in
2184 4010 2338 4064 nobis
2366 4010 2506 4063 bona
2535 4007 2563 4046 ι’
2609 4008 2754 4063 dono
2797 4007 2889 4062 Dei
2941 4006 3245 4062 miserantis
3279 4004 3526 4065 efﬁcitur,

1955 4104 2067 4171 ipsa
2092 4102 2144 4156 in
2172 4101 2344 4164 nobis,
2367 4109 2424 4154 ut
2451 4101 2591 4155 bene
2613 4100 2825 4170 operari
2851 4098 3045 4161 valeat,
3079 4096 3378 4166 adjuvatur.
3403 4095 3530 4162 Qua:

1954 4192 2020 4248 de
2051 4192 2206 4248 malis
2235 4191 2287 4246 in
2314 4191 2507 4261 quibus
2533 4197 2658 4245 ante
2683 4187 3123 4258 justiﬁeatiouem
3165 4187 3330 4257 jacet,
3382 4196 3438 4240 et
3480 4186 3532 4239 in

1954 4283 2036 4339 eis
2059 4299 2180 4338 cum
2209 4283 2569 4338 delectatione
2592 4280 2798 4349 deﬁcit,
2831 4298 2936 4336 non
2967 4296 3060 4336 sua
3081 4281 3300 4344 virtute,
3323 4277 3416 4333 sed
3438 4276 3531 4334 Dei

1957 4374 2330 4445 praevenientis
2351 4375 2668 4442 operatione
2695 4372 2971 4440 consurgit
3000 4389 3011 4423 :
3038 4379 3090 4425 et
3113 4380 3395 4439 postquam
3417 4383 3531 4422 sur-

1957 4466 2177 4533 rexerit,
2207 4473 2262 4520 ut
2293 4481 2401 4520 non
2432 4465 2610 4531 cadat,
2641 4465 2754 4518 sola
2781 4455 2878 4517 sibi
2908 4479 3014 4516 non
3040 4469 3216 4530 potest
3247 4457 3532 4524 sufﬁcere;

1957 4553 2051 4607 sed
2076 4554 2215 4608 sicut
2244 4551 2310 4607 ad
2340 4551 2664 4621 surgendum
2688 4551 2950 4605 beneﬁcio
2992 4547 3370 4603 misericordia:
3394 4562 3530 4616 pra:-

1959 4643 2218 4698 venientis
2239 4643 2480 4710 erigitur,
2506 4644 2580 4697 sic
2596 4642 2660 4696 ad
2683 4640 3134 4712 perseverandum
3157 4637 3531 4695 misericordia:

1955 4731 2332 4802 subsequentis
2357 4731 2630 4800 juvamine
2665 4732 2983 4800 custoditur.

2025 4819 2154 4876 Car.
2185 4839 2236 4874 ν.
2265 4855 2335 4865 -
2367 4821 2415 4874 7.
2449 4821 2645 4877 Beatus
2672 4822 2850 4891 itaque
2880 4820 3067 4884 David,
3099 4829 3156 4876 et
3185 4819 3401 4874 humani
3445 4835 3531 4873 ar-

1958 4913 2099 4968 bitrii
2132 4912 2493 4978 voluntatem,
2545 4923 2599 4968 et
2626 4913 2877 4968 virtutem
2922 4912 3116 4966 divinae
3143 4911 3327 4980 gratim
3373 4925 3531 4966 reco-

1955 5019 2236 5072 gnoscens,
2263 5006 2514 5059 convenit
2541 4989 2755 5074 quidem
2786 5019 2903 5068 nos,
2929 5012 2984 5057 ut
3011 4999 3267 5058 faciamus
3295 5001 3492 5054 bonum
3517 5005 3540 5063 ς’

1959 5083 2225 5168 sedquod
2269 5112 2298 5151 a
2339 5097 2492 5152 nobis
2524 5097 2751 5167 imperat
2793 5095 2936 5158 ﬁeri,
2987 5095 3110 5149 bule
3157 5093 3310 5148 nobis
3339 5091 3530 5162 poscit,

1962 5187 2100 5243 unde
2129 5204 2228 5243 nos
2258 5171 2454 5242 habere
2483 5203 2638 5259 posse
2667 5202 2773 5240 non
2817 5186 3055 5252 ambigil.
3106 5183 3405 5238 Humanum
3437 5181 3530 5248 igi-

1960 5289 2046 5334 tur
2074 5279 2353 5335 arbitrium
2399 5278 2466 5344 ad
2507 5279 2913 5334 conversionem
2945 5291 3242 5344 provocans
3266 5314 3280 5336 ,
3333 5272 3541 5326 salubri

1958 5371 2335 5442 praedicatione
2366 5379 2550 5432 terret,
2583 5371 2767 5425 dicens
2796 5387 2808 5422 :
2842 5367 2963 5422 Nisi
2994 5366 3354 5422 convertamini
3374 5405 3390 5431 ,
3421 5363 3531 5435 gla-

1958 5459 2098 5512 dium
2127 5477 2271 5513 suum
2297 5459 2507 5512 ribrarit
2531 5501 2545 5525 ,
2592 5476 2767 5512 arcum
2797 5475 2942 5512 suum
2971 5456 3220 5521 tetendit,
3249 5465 3296 5507 et
3323 5453 3529 5523 paravit

261 5559 396 5596 nera
430 5559 523 5598 sua
557 5543 771 5597 contriti
804 5542 983 5598 cordis
1014 5543 1318 5627 humilitate
1341 5544 1666 5614 respiciens,
1699 5560 1851 5597 vera-
1954 5547 2097 5600 illum
2129 5547 2298 5617 (Psal.
2333 5564 2419 5610 vn,
2450 5543 2555 5615 l5).
2598 5547 2702 5600 Sed
2735 5545 3115 5600 utosteuderct
3143 5541 3282 5612 quod
3311 5541 3525 5611 operari

342 5755 364 5777 ³·
398 5745 483 5798 Sic
514 5761 641 5797 mss.
674 5760 799 5797 uno.
833 5742 987 5806 Filth
1023 5745 1283 5811 eﬁ'ectum.

341 5815 366 5853 ιι
399 5813 516 5869 ιιως
551 5833 671 5876 vox,
701 5814 852 5880 beata,
883 5805 1075 5882 legitur
1103 5815 1151 5866 in
1185 5830 1314 5868 mss.
1341 5811 1571 5875 duobus,
1597 5807 1702 5872 non
1721 5825 1854 5864 vero
1884 5811 1936 5868 in
1971 5805 2149 5861 editis.-
