4048 6342
511 392 607 447 651

1554 393 1611 450 s.
1654 392 2013 448 remearn
2043 386 2341 450 EPls..6l'l
2384 386 2754 450 ltUSl'I-INSIS
2830 378 2835 383 ’

3666 396 3788 453 σεξ

512 508 1289 580 ιιι-ιεείιιιιιιιιι,(ιωιγοιυεὶοιιθιιι
1310 524 1470 578 quam
1487 509 1641 563 nobis
1651 509 1926 578 praedicat,
1945 508 2085 563 dono

2193 509 2447 578 assignet,
2479 507 2719 564 ostendit
2757 507 2894 564 liber
2920 506 3146 563 Aetnam
3176 506 3566 580 apostolorum,
3594 511 3663 566 ad
3686 527 3792 567 re-

511 615 758 670 supermc
784 600 1114 671 operationis
1141 600 1394 669 assignat,
1422 599 1604 654 dicens
1636 615 1650 652 :
1687 598 1844 663 Deus,
1877 609 1927 651 tu
1959 617 2085 654 con-

512 700 706 748 uertens
719 693 998 764 viriﬁcabis
1018 709 1134 760 nos,
1154 700 1205 746 et
1223 690 1366 762 plebs
1385 699 1476 745 tua
1501 690 1761 746 (relabitur
1775 694 1829 747 in
1848 702 1897 747 te
1912 691 2083 761 (Psal.

511 796 727 844 txxxrv.
764 783 839 853 7).
874 781 942 836 Ut
969 783 1130 837 etiam
1161 798 1269 837 sum
1304 784 1495 837 animm
1520 784 1890 854 unusquisque‘
1923 785 2085 839 misc-

512 885 713 941 reatur,
745 883 799 928 et
829 875 940 929 Deo
959 875 1496 945 placcat,humanum
1527 861 1707 931 divino
1730 892 1981 932 sermone
2009 878 2088 932 sic

510 966 830 1020 admonetur
862 967 1141 1021 arbitrium
1175 985 1189 1020 :
1225 965 1469 1023 Miserere
1496 970 1688 1024 animae
1716 979 1847 1034 tute,
1879 970 2087 1040 placens

511 1055 625 1110 Deo
654 1055 841 1127 (Eccli.
876 1073 1000 1121 xxx,
1033 1056 1147 1125 24).
1173 1058 1309 1125 Quia
1339 1074 1467 1114 vero
1495 1075 1654 1115 nemo
1683 1068 1859 1130 potest
1896 1062 2087 1116 anima:

508 1161 618 1200 sua:
658 1146 947 1215 misereri,
984 1148 1083 1202 nisi
1113 1149 1203 1219 qui
1237 1149 1336 1205 Dei
1373 1150 1735 1205 misericordia
1780 1161 2086 1221 pncventus

511 1235 780 1306 acceperit
800 1247 858 1291 ut
883 1238 1188 1293 misericors
1213 1239 1300 1303 sit,
1328 1239 1439 1309 ipse
1461 1240 1840 1295 misericordia:
1867 1241 2090 1310 largitor

508 1327 744 1383 edocens
755 1327 887 1383 dicit
908 1346 927 1383 :
948 1327 1001 1381 Dl
1008 1328 1232 1384 iserebor
1247 1330 1328 1383 cui
1343 1330 1603 1394 misereor,
1619 1338 1667 1384 et
1681 1330 2087 1385 misericordiam

511 1420 768 1489 pra'stabo
797 1421 944 1492 cujus
973 1420 1249 1477 misert‘bor
1279 1421 1473 1494 (Exod.
1508 1437 1694 1486 xsxnt,
1719 1421 2004 1493 l9).ddeo
2032 1431 2089 1478 et

509 1514 700 1568 beatus
722 1511 885 1566 David
907 1511 1039 1567 dicit
1062 1528 1075 1565 :
1100 1510 1240 1565 Deus
1265 1526 1424 1576 meus,
1449 1511 1800 1566 misericordia
1828 1510 1941 1583 ejus
1960 1528 2091 1582 prtu-

510 1604 675 1659 veniet
703 1619 784 1657 me
813 1602 986 1664 (Psal.
1018 1617 1160 1668 Lvnt,
1190 1602 1298 1674 ll).
1333 1599 1400 1656 Et
1427 1601 1552 1673 quia
1588 1603 1698 1657 Deo
1725 1617 1884 1656 nemo
1911 1609 2089 1672 potest

512 1693 750 1766 placere,
779 1692 875 1747 nisi
898 1692 952 1747 in
976 1707 1042 1747 eo
1063 1692 1205 1747 Deus
1225 1699 1480 1763 operetur
1500 1691 1642 1763 quod
1672 1691 1884 1762 placeat
1905 1708 2085 1747 coram

508 1798 590 1850 se,
613 1783 665 1838 in
688 1781 927 1855 Epistola
941 1795 1060 1852 qua:
1080 1781 1145 1837 ad
1174 1780 1427 1837 Hebrxeos
1447 1790 1529 1836 est
1556 1782 1677 1850 seri,
1699 1789 1772 1845 ta,
1806 1780 2088 1838 maniszte

2187 599 2492 668 cipiendum
2521 598 2840 676 Christiana:
2869 599 3265 669 praedicationis
3293 601 3519 656 verbunt
3566 618 3630 658 os
3666 602 3786 657 bu-

2188 690 2330 744 mani
2351 688 2530 745 cordis
2552 690 2799 757 largitate
2820 689 2985 745 divini
3011 691 3250 746 muneris
3276 692 3495 761 aperiri.
3531 692 3605 748 lbi
3626 693 3787 749 enim

2187 782 2444 852 scriptum
2469 781 2641 836 estde
2667 782 2902 850 quadam
2942 783 3167 839 muliere
3204 784 3421 839 nomine
3450 782 3616 855 Lydia
3639 800 3786 856 pur-

2188 875 2400 945 puraria
2449 891 2460 926 :
2511 875 2668 944 Cujus
2700 874 2951 929 Dominus
3001 875 3205 944 aperuit
3252 892 3341 930 cur
3386 876 3658 931 intendere
3709 879 3786 931 iis

2186 982 2297 1039 quae
2328 966 2631 1020 dicebantur
2657 983 2690 1019 ιι
2730 965 2898 1021 ΡαιιΙο
2928 968 3066 1038 (Act.
3098 966 3357 1037 “1.14).
3404 964 3604 1023 lterum
3633 970 3787 1026 seris

2188 1065 2337 1126 ptum
2365 1065 2466 1120 est,
2494 1056 2618 1125 quia
2648 1057 2906 1127 sapientia
2935 1058 3138 1128 aperuit
3162 1074 3220 1110 os
3249 1067 3460 1123 mutum,
3491 1068 3541 1111 et
3561 1055 3789 1130 linguas

2186 1146 2466 1218 infantium
2491 1148 2608 1218 fecit
2636 1147 2862 1201 disertos
2908 1148 3071 1219 (Sap.
3105 1162 3158 1213 ι,
3194 1146 3318 1219 2f).
3353 1146 3578 1219 Aperuit
3613 1146 3783 1223 enim

2187 1253 2249 1293 os
2278 1245 2504 1303 mutum,
2533 1244 2590 1291 ut
2613 1236 2871 1291 increduli
2898 1237 3222 1315 crederent;
3272 1237 3613 1311 disertasque
3642 1239 3787 1295 fecit

2188 1328 2468 1384 infantium
2495 1328 2701 1396 linguas
2719 1366 2735 1393 ,
2766 1335 2825 1382 ut
2845 1327 2990 1397 quod
3010 1320 3352 1385 crediderant
3380 1329 3781 1400 ptmdicarent.

2190 1417 2341 1474 Unde
2353 1435 2461 1473 non
2486 1418 2753 1473 immerito
2769 1418 3144 1473 credulitatem
3158 1419 3596 1490 locutionemque
3614 1436 3785 1475 suam

2186 1513 2358 1569 sancti
2387 1509 2617 1582 Spiritus
2653 1510 2797 1567 dono
2840 1509 3037 1568 Paulus
3083 1511 3343 1577 ascribit,
3382 1512 3570 1567 dicens
3601 1529 3615 1566 :
3648 1511 3783 1567 Ha-

2189 1601 2365 1656 bentes
2387 1609 2559 1655 autem
2583 1600 2812 1654 eumdem
2859 1599 3115 1671 Spiritum
3142 1600 3299 1671 ﬁdei,
3347 1601 3480 1655 sicut
3519 1602 3782 1673 scriptum

2186 1700 2283 1756 est,
2314 1689 2552 1755 Credidi,
2584 1698 2792 1759 propter
2818 1688 2953 1759 quod
2982 1689 3179 1743 locutus
3208 1706 3359 1754 sum;
3389 1699 3438 1744 et
3481 1707 3577 1745 nos
3602 1692 3782 1745 orali-

2189 1798 2322 1847 mus,
2352 1791 2562 1853 propter
2581 1782 2727 1851 ‘quod
2754 1791 2804 1835 et
2832 1780 3088 1852 loquimur
3112 1779 3213 1850 (11
3242 1782 3360 1837 Cor.
3389 1798 3459 1846 tv,
3491 1781 3610 1851 l5).
3659 1781 3781 1837 va—

511 1875 742 1944 positum
773 1881 873 1928 est.
921 1871 996 1927 lbi
1026 1872 1225 1942 quippe
1249 1871 1445 1926 dicitur
1489 1888 1502 1924 :
1552 1870 1692 1926 Deus
1718 1881 1889 1925 autem
1917 1872 2083 1943 pacis,
2120 1890 2158 1947 Β
2188 1873 2417 1929 luntarie
2438 1875 2601 1929 homo
2622 1872 2813 1938 credit,
2841 1879 2897 1928 et
2923 1872 3224 1929 voluntarie
3247 1872 3515 1943 loquitur;
3542 1874 3637 1929 sed
3664 1874 3781 1931 hoc

509 1964 597 2035 qui
623 1963 801 2017 eduxit
825 1962 889 2016 de
909 1962 1123 2015 mortuis
1144 1969 1403 2030 pastorem
1422 1976 1669 2032 magnum
1689 1961 1857 2016 ovium
1880 1961 1932 2015 in
1961 1977 2085 2015 san-

511 2055 665 2126 guine
695 2052 737 2106 Τ
739 2053 1007 2107 estamenti
1053 2053 1263 2116 interni,
1320 2051 1592 2105 Dominum
1635 2060 1867 2109 nostrum
1905 2051 2085 2107 Iesum

511 2143 790 2208 Chrisfum,
821 2151 960 2213 aptet
982 2158 1066 2196 ros
1094 2142 1148 2194 in
1174 2142 1312 2195 omni
1342 2140 1504 2209 bono,
1533 2149 1588 2194 ut
1616 2141 1824 2212 faciatis
1849 2141 2085 2196 volunta-

512 2247 613 2290 tem
631 2236 770 2307 ejus,
795 2234 989 2305 faciens
1009 2232 1063 2286 in
1085 2231 1222 2286 vobis
1250 2232 1384 2305 quod
1404 2232 1791 2304 placeatcoram
1817 2247 1872 2286 se
1893 2218 2078 2304 (llcbr.

512 2342 625 2394 xm,
655 2324 870 2393 20,20.

579 2416 634 2473 8.
678 2416 790 2473 Deo
818 2416 977 2487 igitur
1007 2434 1113 2471 nou
1141 2417 1414 2486 placemus
1444 2415 1543 2470 nisi
1573 2415 1831 2482 velimus;
1884 2416 1977 2471 sed
2015 2416 2082 2471 ab

519 2506 637 2575 ipso
657 2506 814 2561 nobis
844 2506 1093 2560 tribuitur
1118 2514 1174 2560 ut
1199 2506 1453 2571 velimus,
1499 2521 1528 2558 a
1558 2520 1666 2576 quo
1708 2504 1809 2560 nisi
1839 2504 2084 2560 voluntas

508 2598 739 2653 hominis
766 2605 1001 2653 mutetur
1023 2604 1081 2652 ut
1108 2597 1247 2653 bona
1274 2596 1364 2664 sit,
1388 2603 1480 2650 aut
1507 2609 1722 2666 semper
1741 2597 1945 2665 appetit
1972 2610 2084 2650 ma-

518 2696 755 2745 unn.aut
785 2704 1055 2758 nunquam
1084 2688 1222 2743 bene
1250 2687 1451 2757 appetit
1480 2686 1680 2742 bonum
1706 2704 1720 2753 ;
1762 2701 1826 2742 ac
1852 2687 1929 2741 sic
1956 2685 2081 2741 dum

512 2776 748 2839 inrebus
773 2779 930 2834 bonis
959 2785 1165 2833 rectum
1195 2777 1437 2833 ordinem
1469 2792 1575 2831 non
1603 2784 1781 2842 tenet,
1812 2775 1926 2831 Deo
1953 2791 2084 2832 vero

515 2878 566 2932 ιι
594 2871 738 2929 bono
763 2871 1069 2927 nullatenus
1106 2872 1303 2943 placet.
1337 2871 1446 2926 Deo
1484 2885 1616 2940 ergo
1642 2887 1750 2926 non
1787 2871 2080 2942 placemus,

517 2959 612 3016 sisi
641 2960 693 3014 in
723 2958 999 3014 voluntate
1027 2960 1167 3015 bona
1192 2977 1208 3026 ;
1248 2959 1343 3015 sed
1376 2967 1433 3013 ut
1461 2960 1511 3014 ei
1541 2959 1849 3030 placeamus
1878 2971 1900 2995 "
1920 3000 1936 3026 ,
1968 2960 2083 3030 ipse

515 3064 611 3105 nos
638 3057 786 3119 aptat
825 3050 877 3103 in
905 3051 1057 3105 omni
1077 3050 1241 3105 bono.
1273 3049 1619 3104 Voluntatem
1662 3064 1879 3119 quoque
1922 3049 2082 3123 5.62

512 3141 628 3212 ejus
655 3158 775 3199 cum
806 3142 1052 3211 facimus,
1083 3143 1326 3199 volentes
1356 3143 1611 3209 facimus;
1654 3145 1747 3200 sed
1771 3153 1826 3199 ut
1852 3158 1972 3198 eam
2000 3143 2082 3197 fa-

2184 1980 2249 2021 ex
2273 1980 2333 2021 se
2362 1965 2610 2021 voluntas
2632 1964 2867 2019 hominis
2893 1963 3093 2019 habere
3124 1979 3230 2018 non
3260 1972 3459 2035 potest,
3493 1964 3593 2020 nisi
3625 1965 3783 2022 Deus

2183 2056 2275 2112 det
2317 2075 2329 2109 :
2360 2055 2486 2127 quia
2511 2062 2570 2111 ut
2594 2052 2824 2110 inﬁdelis
2851 2051 2877 2092 ἀ
2908 2053 3119 2117 credat,
3166 2053 3439 2124 Sapientia
3470 2069 3531 2110 os
3555 2062 3777 2110 mutum

2183 2144 2357 2219 aperit
2381 2164 2409 2215 ;.
2446 2154 2501 2203 et
2530 2154 2589 2203 ut
2628 2145 2858 2202 credens
2903 2143 3190 2214 loquatur,
3234 2145 3443 2215 linguas
3477 2144 3775 2202 infantium

2181 2238 2412 2296 disertas
2442 2237 2587 2295 facit.
3088 2245 3095 2251 '

2254 2328 2342 2385 10.
2397 2326 2669 2399 Praecepta
2701 2325 2861 2398 igitur
2888 2324 3082 2398 quibus
3123 2343 3217 2398 per
3262 2326 3555 2400 prophetas
3598 2337 3779 2399 atque

2181 2421 2458 2493 apostolos
2480 2420 2835 2476 admonemur
2857 2419 2988 2490 quid
3009 2419 3304 2476 debeamus
3331 2429 3607 2491 appetere,
3632 2420 3773 2491 quid

2182 2513 2381 2578 vitare,
2411 2510 2742 2566 conveniunt
2770 2498 3011 2566 nostrum
3033 2510 3313 2565 arbitrium
3334 2551 3350 2577 ,
3382 2519 3441 2565 ut
3468 2509 3775 2568 Dominicis

2176 2599 2340 2672 jussis
2368 2600 2671 2657 voluntarie
2709 2600 3026 2657 serviamus.
3058 2598 3164 2656 Sed
3193 2615 3313 2657 cum
3353 2600 3453 2672 ipsi
3482 2602 3771 2673 propheta!

2181 2703 2239 2750 et
2279 2692 2533 2765 apostoli,
2579 2692 2672 2763 qui
2700 2691 2903 2763 Spiritu
2931 2701 3122 2747 sancto
3149 2690 3344 2763 repleti
3372 2701 3558 2748 sancte
3606 2695 3773 2751 vixe-

2182 2791 2340 2851 runt,
2371 2791 2665 2854 sanctaque
2693 2768 3029 2848 docuerunt,
3071 2797 3344 2852 nunquam
3383 2782 3693 2838 destiterint
3736 2800 3774 2840 ε

2182 2875 2548 2948 postulatione
2570 2874 2733 2930 divini
2758 2873 3049 2945 juvaminis
3097 2868 3439 2944 (quippe'ad
3489 2874 3774 2946 implenda

2182 2982 2301 3038 quze
2342 2967 2482 3023 Deus
2523 2964 2758 3035 iubebat,
2791 2965 2858 3019 ab
2896 2964 3014 3034 ipso
3042 2962 3300 3019 auxilium
3340 2963 3768 3034 requirebant);

2181 3059 2369 3130 procul
2397 3058 2561 3113 dubio
2589 3057 2729 3113 sicut
2759 3072 2865 3111 non
2894 3042 3162 3125 negabant
3189 3055 3366 3110 inesse
3395 3055 3598 3110 homini
3628 3056 3765 3112 libe-

2184 3165 2300 3204 rum
2345 3147 2635 3203 voluntatis
2675 3146 2999 3214 arbitrium,
3046 3147 3125 3201 sic
3170 3145 3297 3200 illud
3346 3146 3461 3201 sine
3487 3145 3765 3221 juvamiua

510 3233 733 3297 ciamus,
767 3232 880 3303 ipse
926 3232 1053 3287 facit
1100 3233 1152 3286 in
1203 3233 1355 3288 nobis
1383 3232 1525 3304 quod
1554 3235 1763 3304 placeat
1788 3250 1971 3289 coram
2000 3248 2078 3288 se.
2109 3261 2156 3326 ο
2185 3239 2369 3311 gratim
2391 3238 2506 3303 Dei,
2542 3236 2612 3293 ad
2634 3253 2700 3293 ea
2729 3252 2848 3309 qua:
2884 3245 3074 3293 sancta
3103 3246 3229 3291 sum
3261 3253 3366 3291 non
3397 3237 3573 3292 solum
3601 3253 3767 3306 age...

513 3322 675 3377 David
706 3323 848 3378 enim
878 3323 1009 3378 dicit
1032 3340 1045 3375 :
1068 3322 1144 3377 'Ut
1173 3325 1364 3391 faciam
1388 3325 1696 3377 voluntatem
1737 3334 1876 3378 tuam
1896 3363 1911 3389 ,
1942 3322 2084 3377 Deus
2124 3322 2155 3326 “
2186 3330 2287 3398 da,
2312 3329 2406 3387 sed
2433 3330 2593 3384 etiam
2623 3328 2909 3397 cogitanda
2937 3327 3264 3384 insuflicicns
3289 3330 3450 3400 atque
3469 3328 3770 3385 invalidum

512 3431 675 3478 utens,
706 3415 841 3470 colui
881 3414 1054 3488 (Psal.
1087 3430 1274 3483 unus,
1305 3414 1382 3487 9).
1414 3415 1517 3471 Sel
1544 3415 1610 3470 ad
1636 3417 1806 3487 ipsam
1833 3415 2084 3471 volunta-
2185 3420 2539 3476 testabantur.
2591 3416 2744 3473 Unde
2793 3426 3012 3474 sanctus
3051 3416 3341 3488 Apostolus
3377 3419 3669 3474 ostentens
3711 3424 3768 3475 in

512 3514 616 3557 tem
647 3502 940 3558 faciendam
969 3503 1152 3571 gratia:
1190 3503 1445 3572 spiritalis
1471 3503 1640 3573 poscit
1665 3503 1941 3569 auxilium,
1974 3519 2079 3573 qua
2183 3510 2344 3584 563
2371 3509 2589 3565 homine
2633 3508 2858 3567 liberum
2885 3508 3174 3564 voluntatis
3212 3509 3510 3574 arbitrium,
3557 3511 3767 3593 Philip:

508 3596 772 3660 doceatur
810 3603 867 3649 ut
894 3594 1047 3662 sciat,
1094 3602 1152 3651 et
1178 3594 1438 3662 dirigatur
1466 3603 1524 3649 ιιι
1551 3595 1730 3651 faciat.
1764 3593 1917 3651 Unde
1946 3604 2002 3652 et
2027 3596 2084 3651 in
2189 3615 2380 3672 penses
2407 3600 2474 3654 ad
2502 3615 2563 3655 ea
2593 3614 2713 3669 qua:
2740 3608 2924 3654 sancta
2964 3606 3019 3652 et
3044 3598 3184 3669 justa
3214 3608 3337 3657 sunt
3367 3600 3645 3669 cogitanda
3672 3610 3769 3655 at-

510 3685 617 3739 alio
646 3685 768 3740 loco
795 3685 874 3740 sic
901 3695 1021 3740 orat
1048 3684 1074 3724 ιι
1118 3704 1131 3740 :
1179 3685 1317 3741 Doce
1351 3703 1433 3740 me
1459 3695 1515 3739 ut
1544 3687 1735 3758 faciam
1774 3685 2086 3741 voluntatem
2187 3707 2292 3763 que
2317 3679 2525 3762 agenda
2558 3690 2840 3762 praeceptis
2868 3689 3190 3747 salutaribus
3217 3692 3484 3759 hortatur,
3531 3693 3719 3748 dicens
3746 3676 3765 3747 ἐ

512 3783 670 3839 aram,
697 3777 818 3846 quia
849 3786 901 3828 tu
921 3792 977 3830 es
1004 3775 1145 3831 Deus
1174 3792 1314 3831 meus
1337 3774 1512 3847 (Psal.
1543 3791 1704 3843 csut,
1730 3774 1853 3847 10);
1885 3776 2090 3831 statim—
2190 3781 2520 3856 Qmecunque
2541 3791 2661 3837 sunt
2688 3800 2827 3851 vera,
2869 3800 3180 3856 quaecunque
3210 3786 3415 3855 pudica,
3452 3802 3770 3857 qumque

510 3879 617 3932 que
640 3864 869 3933 subjecit
903 3884 915 3920 :
949 3864 1176 3936 Spiritus
1205 3876 1320 3922 tuus
1350 3865 1512 3922 bonus
1542 3866 1755 3922 deducet
1777 3884 1860 3922 me
1876 3868 1930 3922 in
1952 3868 2087 3921 viam
2189 3882 2393 3940 uncta,
2424 3890 2735 3946 quiscunque
2773 3874 2941 3944 jusla,
2970 3891 3281 3947 qmecunqne
3327 3873 3472 3930 bona:
3512 3878 3690 3948 [αιτιοι.
3720 3895 3775 3935 ει

509 3964 703 4009 rectam
723 3954 934 4028 (Ibid).
980 3957 1113 4013 Item
1138 3958 1300 4013 Isaias
1320 3959 1580 4030 praecipit,
1604 3960 1791 4015 dicens
1814 3977 1827 4013 :
1857 3957 2089 4014 Derelin-
2189 3983 2287 4038 qua
2308 3967 2485 4029 virtus,
2515 3967 2559 4019 si
2588 3983 2687 4037 qua
2713 3966 2850 4033 laus,
2891 3967 2998 4021 ’td’C
3025 3968 3248 4039 cogitate
3277 3984 3390 4040 qua:
3414 3968 3690 4036 didicistis,
3718 3980 3774 4025 et

511 4058 634 4119 quat
654 4049 836 4118 impius
854 4051 988 4104 riam
1003 4067 1171 4115 suam,
1197 4059 1248 4104 et
1271 4052 1346 4105 vir
1366 4051 1568 4123 iniquus
1588 4052 1924 4122 cogitationes
1942 4067 2085 4114 suas,
2187 4056 2473 4126 accepistis,
2501 4065 2551 4109 et
2575 4055 2816 4120 audistis,
2847 4066 2896 4109 et
2921 4056 3119 4111 vidistis
3143 4058 3196 4110 in
3226 4075 3323 4112 me.
3354 4056 3484 4113 "(130
3524 4062 3683 4131 agite,
3717 4070 3771 4114 et

511 4145 561 4190 et
580 4146 902 4193 concertator
922 4140 993 4192 ad
1020 4139 1299 4196 Dominum
1334 4140 1489 4207 (lsal.
1517 4156 1608 4207 LV,
1639 4140 1715 4212 7).
1740 4139 1936 4195 Paulus
1959 4154 2090 4209 quo-
2189 4145 2325 4200 Dens
2358 4148 2499 4218 pacis
2537 4148 2635 4201 erit
2664 4146 2919 4201 robiscum
2945 4146 3165 4218 (Philip.
3193 4166 3265 4214 iv,
3296 4148 3351 4217 8,
3382 4147 3458 4219 9).
3490 4149 3682 4206 Nonne
3713 4141 3773 4205 et

512 4245 616 4298 que
643 4230 918 4299 apostolus
961 4231 1207 4285 hortatur
1236 4238 1294 4285 ut
1320 4246 1646 4288 renovemur
1671 4231 1861 4301 spiritu
1891 4230 2086 4286 mentis
2188 4248 2246 4294 υι
2271 4240 2525 4308 cogitem,
2556 4248 2611 4294 ει
2643 4248 2699 4294 ui
2744 4247 2909 4308 agam
2935 4256 3053 4311 qua:
3081 4250 3266 4296 saucia
3294 4248 3435 4303 sum,
3479 4249 3535 4295 ei
3563 4257 3773 4310 pm.

511 4326 736 4380 nosme,
755 4326 809 4373 et
830 4318 1112 4375 lnduamus
1137 4335 1332 4376 novum
1359 4321 1652 4384 hominem,
1676 4320 1767 4390 qui
1789 4320 2085 4377 'sccundum
2186 4328 2287 4399 pit,
2315 4337 2369 4383 et
2420 4338 2596 4383 tamen
2642 4336 2749 4383 tam
2788 4329 3059 4398 cogitandi
3106 4345 3265 4399 quam
3296 4331 3487 4399 agendi
3537 4329 3775 4387 facultas

516 4406 683 4461 Deum
710 4414 922 4462 creatus
950 4416 1033 4463 est
1080 4408 1132 4463 in
1175 4407 1381 4479 justllia
1423 4420 1479 4465 et
1519 4409 1803 4465 sanctitate
1843 4410 2086 4467 veritatis
2186 4417 2328 4473 unde
2354 4418 2506 4475 nobis
2533 4418 2767 4476 donetur
2790 4421 3072 4477 evidenter
3118 4424 3391 4478 ostendit?
3438 4424 3511 4478 De
3557 4424 3774 4493 cogita-

513 4496 728 4569 (‘Ephem
762 4515 833 4565 tv,
860 4498 949 4567 25,
979 4499 1089 4571 2i).
1470 4538 1481 4545 -
2188 4508 2334 4564 tisne
2361 4509 2574 4579 quidem
2603 4510 2731 4565 dicit
2762 4529 2774 4563 :
2799 4509 2919 4566 Non
2948 4512 3084 4585 quod
3104 4513 3410 4582 sufﬁcientes
3441 4515 3601 4567 sinitis
3624 4516 3773 4581 cogi-

582 4588 710 4688 (ξιιμ.
742 4607 814 4646 vt.
835 4590 984 4688 —-9.
1012 4593 1391 4688 Verumtamen
1421 4611 1489 4649 ne
1507 4598 1787 4688 conversio
1811 4598 1893 4653 vel
1921 4615 2081 4657 reno-
2111 4626 2163 4688 D
2187 4608 2298 4654 tare
2325 4599 2523 4672 aliquid
2548 4618 2579 4653 a
2607 4601 2752 4655 nobis
2794 4602 2943 4671 quasi
2982 4619 3047 4657 ex
3074 4602 3219 4657 nobis
3252 4603 3270 4671 (
3296 4601 3358 4657 ιι
3397 4601 3519 4658 Cor.
3561 4619 3639 4668 ιιι,
3669 4602 3770 4672 5).

510 4680 656 4734 vatio
682 4689 865 4735 nostra
905 4682 1140 4736 humano
1168 4683 1468 4752 assignetur
1495 4685 1753 4752 arbitrio,
1799 4694 2081 4760 utramque
2113 4680 2152 4688 ’⁷
2185 4690 2324 4763 Quid
2346 4699 2429 4747 est
2454 4692 2598 4762 quod
2622 4691 2775 4759 dicit,
2799 4692 2874 4747 Ex
2909 4695 3081 4759 nobis,
3112 4694 3232 4759 nisi,
3267 4710 3333 4748 ex
3372 4692 3543 4747 libero
3569 4694 3773 4748 volun-

511 4769 666 4823 notus
694 4783 726 4823 a
746 4770 971 4825 Domino
991 4780 1206 4828 smictus
1230 4771 1489 4830 Jeremias
1508 4775 1751 4845 deposcit
1768 4776 1852 4833 his
1866 4779 2079 4836 verbis:
2187 4783 2312 4839 tatis
2352 4781 2611 4837 arbitrio?
2656 4781 2805 4838 Unde
2827 4798 2955 4852 ergo
2984 4791 3087 4851 est,
3129 4783 3174 4838 si
3202 4800 3266 4838 ex
3309 4783 3464 4839 nobis
3494 4800 3599 4837 non
3646 4778 3775 4837 est?

509 4855 756 4913 Converte
792 4876 887 4915 nos
916 4860 985 4912 ad
1014 4869 1088 4926 te,
1120 4872 1170 4915 et
1206 4871 1555 4919 convertentur
1579 4904 1595 4919 .
1632 4883 1816 4922 renovo
1846 4868 1956 4924 dies
1984 4885 2081 4925 no-
2189 4873 2296 4929 Sed
2322 4874 2644 4946 sufficientia,
2675 4874 2863 4944 inquit,
2899 4884 3073 4929 nostra
3102 4890 3166 4928 ea:
3197 4872 3304 4928 Deo
3322 4882 3399 4926 es!
3430 4871 3645 4944 (lbid.).
3685 4871 3775 4927 Ad

508 4960 662 5016 siros,
693 4952 829 5021 sicut
852 4960 1012 5010 antea.
1038 4952 1253 5024 (Thren.
1284 4971 1344 5021 v,
1375 4954 1491 5024 2|).
1516 4956 1719 5013 ltursus
1746 4958 2026 5015 Psalmista
2058 4971 2082 5001 °
2189 4963 2449 5032 agendum
2479 4978 2714 5035 quoque,
2736 4962 2937 5033 Spiritu
2968 4963 3060 5017 Dei
3100 4979 3200 5017 nos
3227 4962 3309 5029 agi
3340 4961 3417 5017 sic
3461 4961 3717 5031 prxdicat
3757 4980 3772 5015 :

508 5040 640 5095 dicit
668 5040 865 5110 :Aperi
888 5058 946 5095 os
975 5050 1146 5109 tuum,
1183 5051 1233 5096 et
1253 5042 1545 5114 adimplebo
1569 5046 1703 5100 illud
1724 5046 1897 5117 (Psal.
1918 5064 2081 5113 Lux,
2193 5048 2612 5122 Quotquot‘enim
2659 5049 2859 5121 Spiritu
2890 5049 2987 5104 Dei
3016 5057 3257 5122 aguntur,
3291 5050 3345 5102 1ιὶ
3370 5048 3469 5119 [illi
3510 5060 3627 5103 sunt
3671 5049 3772 5102 Dei

511 5130 624 5202 it).
667 5127 767 5186 Ubi
796 5129 1140 5198 intelligimus
1167 5147 1229 5187 os
1256 5132 1434 5188 cordis
1458 5134 1778 5205 signiﬁcari,
1828 5153 1935 5193 non
1964 5153 2086 5195 eor-
2189 5140 2367 5213 (ﬂant.
2409 5157 2517 5207 vnt,
2554 5140 2662 5207 l4).

509 5222 677 5292 poris.
704 5219 781 5275 De
800 5234 909 5289 quo
934 5236 1030 5275 ore
1050 5220 1155 5275 alio
1184 5221 1306 5278 loco
1326 5222 1457 5278 dicit
1482 5242 1494 5276 :
1528 5222 1595 5279 In
1617 5228 1957 5285 conuertenda
1972 5228 2083 5286 De-
2257 5230 2387 5286 Cse.
2422 5248 2513 5289 vu.
2545 5260 2614 5272 --
2646 5231 2727 5287 ll.
2774 5230 2895 5287 Haec
2921 5231 3085 5301 igitur
3109 5231 3249 5287 inter
3296 5231 3527 5286 litteram
3563 5229 3774 5299 juben—

508 5313 685 5367 minus
708 5311 1059 5381 captivitatem
1083 5309 1231 5378 Sion,
1283 5314 1415 5384 facti
1447 5331 1624 5370 sumus
1647 5318 1782 5371 sicut
1805 5320 2081 5376 consolati.
2188 5329 2300 5379 tem
2325 5330 2380 5379 et
2406 5322 2649 5392 spiritum
2676 5321 3058 5389 viviﬁcantem,
3084 5321 3135 5376 id
3174 5331 3256 5377 est
3280 5322 3418 5377 inter
3446 5322 3614 5390 legem
3643 5334 3773 5388 εω-

511 5401 655 5456 Tune
682 5406 929 5475 repletum
951 5410 1027 5456 est
1052 5400 1244 5474 gaudio
1272 5420 1330 5458 os
1357 5414 1592 5460 nostrum
1633 5406 1808 5478 (Psal.
1837 5409 2082 5479 cxxv,-l,
2188 5413 2427 5487 tiamque
2451 5411 2700 5472 distantia
2727 5420 2837 5478 est,
2868 5412 2993 5482 quia
3014 5410 3099 5467 lex
3128 5412 3408 5477 convenit,
3439 5410 3606 5481 gratia
3629 5424 3771 5466 oon-

504 5495 583 5565 2).
617 5493 684 5552 Et
721 5503 901 5550 tamen
928 5509 997 5550 ne
1024 5495 1146 5565 quis
1183 5494 1288 5550 sibi
1313 5504 1424 5552 oris
1460 5499 1794 5569 apertiouem
1822 5502 2085 5573 superbus
2189 5503 2348 5559 vertit
2393 5503 2624 5563 hominis
2653 5504 2986 5563 voluntatem
3024 5522 3036 5556 :
3081 5510 3138 5559 ut
3166 5503 3363 5558 bonum
3394 5501 3641 5569 velimus,
3672 5498 3772 5555 illa

2183 5720 2447 5785 facultatis
2472 5725 2750 5774 auctorem.

2257 5758 2832 5861 ξ’ριἒῖέιιῖἷιῖἑῖὶῑέῗηι
2852 5791 3123 5861 propheta.

2258 5859 2281 5898 δ
2314 5857 2474 5924 Editi,
2498 5870 2552 5914 ut
2570 5859 2762 5931 fidelis.

581 5727 608 5755 ι
635 5718 868 5774 Aberant
896 5721 962 5775 ab
982 5720 1141 5776 editis
1169 5721 1304 5788 haec,
1333 5720 1425 5791 sed
1443 5728 1498 5773 ut
1526 5723 1575 5774 ei
1602 5721 1895 5791 placeamus
1990 5762 2005 5778 .
2023 5761 2036 5775 .
2057 5760 2070 5773 .

506 5793 617 5862 ipse
638 5791 792 5862 facit;
816 5792 1174 5862 habenturex
1205 5807 1330 5845 mss.
1360 5790 1585 5845 duobus.

578 5860 604 5902 ι’
631 5858 756 5917 Mss.
797 5860 904 5923 duo
934 5860 1018 5913 bie
1046 5859 1282 5924 addunt,
1332 5862 1405 5914 sic
1434 5870 1548 5914 orat
1576 5862 1741 5931 ipsum
1767 5862 1998 5916 scientiis
2029 5869 2079 5916 et
