4048 6342
250 403 356 460 635

1153 406 1237 462 DE
1277 405 1618 464 \‘EBtTATE
1659 403 2338 472 PRIEDESTINATIONIS
2376 413 2502 470 ΗΒ.
2547 418 2610 474 ll.

3407 431 3511 489 651

207 539 220 613 ι
250 523 471 587 clamat,
518 537 631 576 tunc
669 521 867 587 donat;
912 523 1020 579 illic
1057 524 1319 579 voluntati
1359 527 1593 582 hominis
1639 529 1828 583 incutit
1855 534 1907 592 Α
1932 545 2060 586 cens
2091 550 2105 586 :
2139 533 2327 590 Munus
2372 545 2472 590 tute
2515 539 2740 607 feceramt
2779 557 2857 594 me
2896 551 2945 596 et
2973 546 3354 612 plusmacerunt
3383 565 3462 603 me
3492 566 3522 603 :.

249 613 456 685 Iustitia
483 613 684 692 .divina
732 622 1012 679 terrorem,
1058 615 1146 670 hic
1189 615 1416 670 infundit
1467 617 1830 688 misericordia

248 701 534 762 caritatan
566 723 579 758 :
611 718 707 775 per
741 703 886 760 illam
915 706 1109 775 accipit
1139 715 1164 743 ι
1182 707 1432 763 voluntas
1461 708 1705 777 spiritum
1727 723 1835 762 ser-

249 799 456 853 vitutis;
487 798 540 852 in
587 797 814 865 timore,
841 813 939 866 per
966 799 1120 854 istam
1168 801 1364 869 accipit
1407 801 1652 870 spiritum
1703 801 1835 855 ado-

248 889 456 960 ptionis
486 888 800 952 liliorum,in
827 902 937 957 quo
961 889 1256 944 clamamus
1274 907 1286 942 :
1306 891 1476 954 Abba,
1507 889 1683 945 Pater.
1709 889 1833 946 llmc

247 992 387 1045 ergo
416 979 470 1034 in
493 977 648 1032 nobis
675 977 842 1032 libera
867 978 1119 1034 voluntas
1143 994 1265 1034 eam
1299 981 1350 1034 in
1380 995 1440 1036 se
1485 981 1646 1035 habet
1675 989 1832 1034 natu-

249 1067 456 1122 raliter
487 1066 827 1136 qualitatem,
858 1074 915 1121 ut
954 1076 1209 1137 appetere
1248 1079 1440 1139 sponte
1483 1070 1652 1139 possit
1692 1069 1833 1125 bona

248 1157 339 1211 vel
385 1155 555 1222 mala;
599 1157 695 1212 sed
733 1157 874 1211 bona
917 1155 1244 1226 proﬁciendo
1272 1159 1492 1229 appetit,
1526 1160 1663 1214 mala
1704 1175 1833 1215 vero

248 1243 576 1302 deiicienda.
632 1245 700 1302 Ut
745 1253 923 1302 autem
950 1245 1183 1312 delitiat,
1233 1258 1410 1320 potest
1439 1251 1551 1321 ipsa
1580 1252 1693 1306 sola
1730 1253 1830 1308 sibi

248 1336 538 1404 sullicere;
588 1346 647 1394 ut
672 1339 919 1410 proticiat
944 1354 1093 1407 vero,
1144 1338 1344 1409 indiget
1387 1357 1601 1412 semper
1641 1343 1834 1399 divina:

249 1429 623 1486 miserationis
651 1429 872 1485 auxilio.
895 1429 1005 1484 Nisi
1033 1431 1176 1485 enim
1196 1433 1366 1500 gratia
1386 1435 1744 1503 praeveniente
1765 1435 1835 1489 le-

247 1529 434 1586 vetur,
481 1519 782 1576 nullatenus
812 1521 1010 1588 surgit,
1052 1522 1177 1590 quia
1221 1522 1473 1577 Dominus
1500 1525 1652 1596 erigit
1678 1527 1832 1580 elisos

247 1609 432 1680 (Psal.
464 1626 623 1676 cxu,
651 1610 742 1676 8);
772 1610 874 1664 nisi
903 1627 966 1666 ea
997 1611 1297 1667 dcducente
1335 1613 1571 1682 juvetur,
1603 1616 1832 1669 nullate-

249 1716 355 1756 nus
382 1701 584 1767 currit,
619 1701 741 1770 quia
777 1700 844 1756 de
883 1700 996 1756 Deo
1026 1704 1282 1772 scriptum
1319 1713 1402 1759 est
1440 1722 1454 1758 :
1491 1705 1714 1759 Deduxit
1753 1723 1834 1759 me

249 1809 410 1862 super
431 1793 641 1847 seruitus
653 1792 877 1862 justitite
902 1803 1110 1864 propter
1133 1812 1316 1849 nomen
1344 1813 1490 1850 suum
1517 1796 1685 1863 (Psal.
1702 1814 1828 1863 xm,

1939 620 2007 673 da
2035 623 2160 676 mihi
2205 625 2538 693 intellectum,
2580 637 2637 681 ut
2679 627 2873 684 discam
2902 634 3149 687 mandata
3191 645 3276 689 tua
3319 636 3509 706 (Psal.

1935 726 2116 772 csvtn,
2149 712 2260 781 75).
2297 713 2586 771 Proverbia
2633 735 2853 788 quoque
2883 733 3148 780 testantur
3183 728 3306 797 quia
3337 726 3512 783 Domi-

1935 819 2031 856 nus
2058 803 2147 858 dat
2187 809 2520 877 sapientiam,
2550 819 2601 864 et
2628 827 2660 865 α
2689 815 2825 883 [acie
2854 815 2967 885 ejus
3004 820 3219 873 scientia
3244 828 3293 874 et
3322 822 3526 876 intellev

1935 902 2045 983 ctus
2071 898 2303 964 procedit
2329 897 2508 967 (Prov.
2543 917 2601 968 ιι,
2632 902 2709 974 6).
2743 903 2810 958 Et
2831 909 3107 976 apostolus
3133 909 3364 968 Jacobns
3385 929 3512 983 pm:-

1933 981 2062 1073 cipit
2091 992 2150 1036 ut
2183 987 2228 1038 si
2259 988 2372 1058 quis
2405 989 2602 1060 indiget
2633 992 2908 1061 sapientia,
2941 998 3160 1065 postulet
3181 1017 3212 1052 a
3247 981 3399 1066 Deo;
3427 1006 3512 1073 qui

1934 1072 2025 1126 dat
2059 1075 2294 1130 omnibus
2315 1078 2600 1147 afﬂuenter,
2624 1091 2672 1134 et
2698 1099 2800 1136 non
2833 1086 3146 1154 improperat
3169 1089 3186 1158 (
3207 1089 3323 1143 Jac.
3352 1106 3386 1153 ι,
3421 1072 3510 1157 5).

1935 1161 2005 1217 Ut
2027 1174 2206 1219 autem
2234 1167 2401 1238 ipsam
2428 1185 2642 1240 quoque
2671 1173 3000 1229 voluntatem
3045 1179 3346 1246 postulandi
3377 1181 3511 1236 divi-

1934 1253 2078 1309 nitus
2107 1257 2416 1312 ostenderet
2438 1259 2574 1324 dari,
2597 1261 2792 1329 adjecit
2817 1281 2829 1314 :
2851 1262 3083 1319 Postulet
3111 1279 3278 1322 autem
3300 1272 3352 1323 in
3382 1271 3522 1339 ﬁde,

1933 1343 2063 1397 nihil
2090 1344 2334 1399 ltarsitans
2367 1345 2552 1416 (Ibid.,
2587 1348 2664 1418 6).
2689 1349 2816 1405 Sine
2839 1350 2940 1407 fide
2966 1365 3143 1409 autem
3173 1357 3338 1412 Deum
3369 1361 3510 1414 invo-

1931 1431 2044 1486 cari
2075 1447 2192 1486 non
2211 1449 2388 1502 posse,
2421 1434 2620 1492 Paulus
2647 1441 2936 1496 ostendens
2959 1445 3067 1498 ait:
3098 1444 3362 1509 Quomodo
3391 1467 3512 1521 ergo

1931 1524 2238 1614 invocabant
2285 1528 2336 1580 in
2382 1545 2528 1598 quem
2558 1548 2660 1585 non
2706 1533 3032 1590 crediderunt
3074 1538 3261 1608 (llam.
3296 1557 3348 1606 ι,
3375 1540 3512 1614 ΗΠ

1932 1611 2068 1677 Quia
2097 1613 2259 1682 igitur
2279 1616 2455 1670 nullus
2485 1617 2702 1673 invocat
2723 1622 3031 1691 priusquam
3053 1626 3258 1694 credat,
3291 1644 3389 1684 nec
3415 1611 3511 1684 ali-

1932 1705 2053 1773 quis
2083 1705 2136 1759 in
2161 1706 2326 1760 Deum
2349 1709 2542 1776 credit,
2573 1711 2671 1765 nisi
2696 1711 2851 1767 tidem
2875 1717 3176 1785 acceperit;
3209 1728 3414 1776 eertum
3431 1731 3512 1776 est

1933 1796 2185 1863 quoniam
2217 1798 2305 1852 ille
2351 1814 2449 1854 nos
2488 1801 2687 1856 excitt
2715 1812 2772 1856 ut
2815 1807 3130 1875 sapientiam
3163 1812 3512 1879 postulemus,

248 1877 337 1953 5);
366 1891 425 1937 et
453 1882 555 1950 ipsi
583 1881 778 1937 dicitur
806 1901 818 1936 :
843 1883 1082 1952 Domine,
1119 1886 1282 1939 deduc
1310 1903 1391 1940 me
1428 1888 1480 1940 in
1501 1888 1707 1958 justitiu
1745 1899 1833 1943 tua
1867 1901 1912 1960 ιι
1937 1887 2028 1956 qui
2053 1903 2151 1941 nos
2179 1887 2442 1943 illuminat
2469 1899 2525 1944 ut
2545 1891 2843 1949 credamus.

249 1982 466 2043 propter
492 1974 725 2028 inimicos
754 1990 890 2029 meos
919 1973 1088 2044 (Psal.
1124 1991 1176 2044 v,
1207 1975 1283 2044 9).
1315 1974 1425 2030 Nisi
1453 1977 1624 2045 gratia
1653 1986 1838 2032 custo-

249 2065 438 2120 dicate
484 2066 1168 2136 perducatur,.nullatenus
1193 2071 1470 2138 pervenit;
1520 2070 1648 2125 dicit
1693 2072 1835 2126 enim

249 2165 476 2212 sanctus
511 2155 676 2211 David
703 2176 715 2210 :
742 2157 932 2212 Emitte
951 2158 1112 2212 lucem
1135 2169 1273 2212 tuam
1302 2167 1352 2213 et
1382 2163 1641 2215 veritatem
1673 2172 1831 2228 tuam,

250 2252 368 2317 ipa:
397 2265 480 2302 nte
500 2247 883 2303 deduxeruntct
912 2249 1261 2318 perduxerunt
1279 2251 1332 2304 in
1351 2261 1574 2305 montem
1601 2263 1834 2306 sanctum

250 2350 421 2407 tuum,
459 2349 510 2392 et
545 2341 599 2394 in
641 2340 972 2393 tabernacula
1020 2350 1107 2394 tua
1152 2341 1339 2411 (l’sal.
1370 2359 1495 2408 xui,
1527 2343 1561 2397 5
1583 2345 1623 2415 ).
1655 2345 1835 2415 Neque

251 2434 456 2501 spretis
484 2433 637 2486 malis
659 2434 909 2487 voluntas
939 2434 1170 2488 humana
1198 2435 1281 2489 vel
1323 2436 1520 2504 eligere
1549 2437 1686 2490 bona
1716 2452 1835 2506 qua:

251 2525 459 2580 ducunt
487 2526 552 2579 ad
583 2527 768 2588 vitam,
801 2526 886 2580 vel
934 2527 1156 2597 diligere
1202 2529 1421 2597 poterit,
1469 2530 1569 2584 nisi
1609 2532 1834 2600 gratiam

252 2617 598 2672 discretionis
626 2634 656 2671 a
686 2617 797 2672 Deo
827 2626 878 2686 et
911 2619 1150 2672 caritatis
1178 2620 1464 2689 acceperit.
1497 2619 1835 2690 Spiritalibus

251 2710 399 2762 enim
423 2709 583 2762 donis
610 2707 989 2771 discretionem
1036 2711 1224 2766 beatus
1255 2710 1450 2768 Paulus
1478 2714 1719 2781 inseruit,
1747 2715 1832 2768 di-

252 2817 385 2856 cens
403 2819 415 2854 :
435 2802 540 2855 Alii
569 2802 770 2873 quidem
790 2803 942 2856 datur
960 2821 1052 2873 per
1077 2804 1328 2874 Spiritum
1351 2822 1517 2860 sermo
1543 2807 1831 2877 sapientia',

253 2894 350 2946 alii
369 2904 541 2946 aufem
565 2911 729 2947 sermo
756 2895 982 2948 scicntia:
1000 2896 1275 2949 secundum
1297 2896 1528 2950 eumdem
1559 2897 1830 2968 Spiritum,

255 2987 408 3039 alteri
431 2985 564 3052 ﬁdes
586 2985 637 3038 in
677 2985 854 3038 eodem
902 2985 1123 3056 Spiritu,
1149 2987 1238 3040 alii
1261 2989 1432 3058 gratia
1471 2991 1752 3043 sanitatum
1778 2992 1832 3044 in

252 3093 358 3131 uno
400 3077 625 3144 Spiritu,
665 3078 754 3130 alii
793 3078 1022 3146 operatio
1061 3079 1319 3139 virtutum.
1363 3080 1455 3132 alii
1490 3081 1829 3150 praphetatio,

255 3167 348 3220 alii
377 3167 620 3220 discretio
640 3167 908 3236 spirituum
937 3166 989 3237 (l
1017 3168 1137 3221 Cor.
1171 3184 1261 3230 χιι,
1294 3167 1346 3233 8,
1376 3168 1425 3230 9,
1455 3169 1562 3238 10).
1597 3171 1832 3236 Quorum

1949 2009 1952 2012 η
2005 1974 2134 2030 CAP.
2178 1993 2249 2031 ιι.
2301 2009 2373 2019 -
2447 1979 2531 2032 15.
2583 1977 2758 2036 Homo
2814 1984 2973 2050 igitur
3018 1986 3217 2042 bonum
3269 1991 3374 2043 vnlt
3429 2007 3511 2043 vo-

1937 2065 2160 2135 luntate,
2190 2068 2390 2122 bonum
2420 2070 2544 2125 facit
2574 2072 2871 2138 voluntate,
2903 2075 2998 2130 sed
3025 2079 3141 2132 sine
3170 2079 3312 2134 dono
3349 2092 3514 2150 atque

1935 2157 2202 2225 adjutorio
2237 2158 2332 2214 Dei
2376 2166 2647 2230 nominant
2675 2173 2846 2233 potest
2880 2166 3080 2221 bonum
3111 2172 3248 2225 velle
3302 2174 3383 2225 vel
3431 2176 3513 2226 la-

1934 2265 2077 2305 cere.
2130 2251 2390 2320 Equidem
2437 2257 2757 2311 convenitur
2802 2267 2857 2311 ut
2903 2259 3056 2326 sciat,
3106 2261 3430 2319 admonetur
3458 2276 3513 2321 ut

1935 2337 2115 2407 faciat,
2143 2345 2267 2412 quia
2315 2345 2540 2400 liberum
2571 2347 2733 2402 habet
2777 2364 2990 2420 semper
3016 2353 3294 2409 arbitrium
3324 2359 3512 2411 volun-

1935 2432 2060 2486 tatis
2094 2420 2110 2484 :V
2137 2433 2231 2486 sed
2260 2449 2435 2502 neque
2477 2434 2753 2490 scientiam
2783 2449 3024 2494 sanetam
3053 2452 3232 2512 potest
3271 2446 3470 2502 habere
3494 2486 3512 2512 ,

1935 2523 2036 2579 nisi
2065 2525 2208 2579 dono
2231 2527 2416 2594 gratia:
2445 2528 2677 2598 desuper
2705 2533 2970 2600 acceperit
2997 2549 3026 2586 a
3051 2532 3208 2589 Patre
3232 2536 3508 2603 luminum,

1933 2629 1963 2666 a
1988 2631 2096 2685 quo
2123 2625 2206 2669 est
2227 2632 2387 2673 omne
2412 2618 2594 2674 datum
2619 2623 2880 2691 optimum
2918 2632 2972 2679 et
2993 2641 3152 2680 omne
3175 2627 3374 2682 donum
3398 2646 3511 2699 pcr-

1933 2703 2130 2759 {ectum
2156 2705 2293 2777 (Jac.
2326 2723 2364 2774 t,
2397 2709 2485 2777 l7)
2521 2727 2534 2761 :
2566 2718 2622 2764 et
2648 2711 2824 2767 sciens
2853 2720 2946 2767 aut
2975 2730 3084 2768 non
3115 2715 3244 2770 facit
3268 2719 3411 2785 quod
3443 2719 3512 2773 l‘a-

1933 2793 2180 2849 ciendum
2209 2811 2328 2852 esse
2351 2797 2462 2865 jatn
2493 2799 2778 2863 novit,.aut
2800 2800 2928 2855 dum
2952 2819 3016 2858 ea
3035 2804 3146 2872 sibi.
3169 2805 3354 2860 nititur
3375 2808 3509 2860 assi-

1934 2898 2102 2953 gnare
2127 2901 2245 2955 quze
2271 2886 2418 2952 facit,
2447 2890 2649 2959 proprii
2675 2893 2901 2946 tumoris
2947 2893 3187 2963 pondere
3217 2911 3514 2966 pncgras'ac-

1937 2984 2040 3030 tur.
2083 2977 2208 3033 Ideo
2237 2995 2364 3034 vero
2393 2989 2630 3036 sanctam
2653 2983 2930 3038 scientiam
2956 2987 3198 3056 superius
3227 2987 3359 3054 dixi,
3389 2988 3516 3058 quia

1935 3075 2019 3122 est
2042 3069 2266 3123 scientia
2297 3087 2402 3125 non
2431 3082 2646 3138 sancta,
2670 3074 2758 3128 illa
2781 3076 2988 3132 scilicet
3011 3092 3130 3146 qua:
3163 3076 3312 3132 inﬂat
3336 3079 3514 3134 humi-

1937 3175 2078 3226 lem,
2094 3177 2210 3232 qua:
2231 3162 2584 3220 aediﬁcantem
2608 3183 2714 3222 non
2731 3168 2892 3224 habet
2913 3170 3212 3226 caritatem.
3233 3171 3321 3226 llla
3344 3173 3516 3228 SClCtl~

257 3266 438 3311 autem
461 3255 718 3312 discretio
747 3257 1024 3333 spirituum
1053 3258 1276 3327 spiritali
1309 3259 1550 3329 largitate
1579 3261 1830 3330 donatur,
1856 3277 1905 3342 α
2039 3251 2254 3321 ⁴1¹¹ίά³¹η
2281 3263 2668 3322 cognoscentes
2693 3255 2879 3324 Deum,
2911 3275 3017 3314 "0"
3039 3262 3176 3316 δίευι
3203 3262 3370 3316 Deum
3399 3265 3516 3332 810·

257 3349 357 3401 nisi
379 3348 646 3402 bonorum
679 3364 741 3402 ac
770 3347 1072 3403 malorum?
1097 3359 1154 3403 ut
1182 3349 1404 3417 scilicet,
1438 3351 1717 3405 illnminati
1749 3361 1832 3405 at-

257 3455 361 3508 que
391 3437 563 3507 adjut'i
603 3439 772 3505 gratia
819 3438 1051 3507 Spiritus
1096 3441 1289 3503 sancti,
1339 3442 1646 3496 noverimus
1675 3451 1834 3510 atque

256 3532 528 3603 possimus
557 3540 614 3586 et:
635 3531 775 3586 dona
803 3533 972 3586 sancti
1005 3531 1235 3601 Spiritus
1259 3549 1379 3588 cum
1424 3534 1616 3588 timore
1644 3543 1698 3589 et
1727 3545 1829 3589 tre-

257 3637 409 3678 more
443 3638 682 3686 servare,
716 3630 770 3676 et
791 3622 1164 3691 suggestiones
1189 3623 1464 3678 diabolica:
1493 3625 1836 3692 malignitatis

256 3714 455 3770 salubri
484 3714 812 3769 discretione
837 3714 1115 3784 repellere.
1149 3714 1300 3779 Quod
1333 3731 1430 3769 nos
1460 3717 1645 3770 beatus
1673 3715 1836 3770 Joan-

256 3821 350 3860 nes
369 3805 653 3875 apostolus
675 3805 959 3859 observare
984 3805 1242 3874 pnecipit,
1273 3805 1456 3861 dicens
1493 3824 1505 3859 :
1537 3805 1830 3869 Carissimi,

256 3897 414 3950 nolite
439 3896 581 3950 omni
611 3895 816 3966 spiritui
837 3895 1060 3958 credere,
1095 3895 1184 3948 sed
1204 3894 1416 3967 probate
1445 3897 1676 3966 spiritus,
1703 3898 1746 3949 si
1768 3913 1832 3949 ex

257 3983 364 4039 Deo
384 3994 507 4039 sunt
543 3983 592 4053 ll
618 3983 774 4039 Joan.
806 4001 876 4050 IV,
912 3984 981 4054 l).

319 4075 454 4132 Car.
480 4093 590 4131 vni.
618 4110 686 4118 —-
712 4076 796 4131 1‘2.
843 4075 910 4132 Ut
951 4085 1129 4131 autem
1181 4077 1408 4131 sciamus
1455 4093 1573 4146 qua:
1623 4077 1774 4132 nobis
1802 4095 1830 4131 a

256 4167 363 4223 Deo
393 4166 688 4229 donantur,
731 4182 835 4220 non
867 4167 918 4220 in
949 4167 1102 4222 nobis
1130 4167 1292 4238 484,
1336 4176 1591 4238 operatur
1619 4168 1834 4238 spiritus

255 4257 460 4323 mundi,
489 4255 584 4311 sed
618 4255 730 4322 Dei,
765 4256 816 4310 id
844 4265 946 4319 est,
976 4273 1080 4311 non
1106 4258 1325 4326 spiritus
1354 4274 1515 4328 quem
1545 4259 1707 4313 homo
1747 4258 1838 4312 ha—

255 4347 340 4403 bet
369 4360 430 4402 ut
461 4355 715 4402 nascatur
755 4347 806 4401 in
839 4333 1069 4412 (mundo,
1099 4347 1191 4402 sed
1220 4363 1378 4418 quem
1411 4349 1620 4418 accepit
1649 4357 1704 4403 ut
1749 4365 1824 4405 re-

254 4446 509 4493 nascatur
539 4437 650 4492 Deo
679 4456 692 4490 :
719 4435 861 4506 quod
889 4436 1177 4506 Apostolus
1202 4439 1477 4492 evidenter
1504 4439 1713 4503 edocet,
1752 4440 1832 4494 di-

255 4543 376 4583 cens
413 4545 425 4579 :
461 4524 576 4605 os
606 4534 774 4580 autem
798 4543 900 4581 non
929 4527 1165 4611 spiritum
1194 4527 1369 4580 mundi
1408 4530 1718 4598 accepimus,
1742 4529 1832 4583 sed

1938 3339 2300 3406 rilicaverunt,
2331 3346 2638 3412 autgratias
2663 3357 2904 3414 egerunt.
2930 3349 3042 3405 llac
3069 3351 3294 3406 scientia
3331 3354 3374 3406 si
3402 3355 3516 3424 quis

1937 3451 1992 3486 se
2011 3443 2157 3502 putat
2180 3436 2313 3488 scire
2333 3437 2549 3506 aliquid,
2580 3438 2809 3492 nondum
2830 3443 3066 3511 cognorit
3095 3443 3516 3512 quemadmodum

1937 3536 2169 3594 oporteat
2210 3543 2324 3580 eum
2354 3529 2486 3580 scire
2515 3529 2532 3596 (
2550 3526 2574 3580 l
2602 3527 2723 3582 Cor.
2755 3545 2866 3594 vin,
2896 3527 2980 3600 9.).

2009 3616 2096 3668 Η.
2137 3616 2301 3684 lgitur
2329 3618 2398 3670 ad
2429 3617 2554 3672 bene
2582 3620 2850 3674 vivendum
2886 3637 3156 3692 nunquam
3187 3623 3382 3680 suﬂicit
3403 3626 3514 3680 cni~

1935 3721 2095 3777 quam
2141 3708 2366 3762 scientia
2417 3709 2688 3779 praecepti,
2735 3710 2835 3764 nisi
2864 3711 3081 3769 dilectio
3131 3711 3290 3768 fuerit
3337 3723 3515 3772 custos

1935 3794 2192 3860 mandati,
2217 3803 2271 3849 et
2298 3802 2354 3849 ut
2382 3795 2586 3865 diligat,
2619 3812 2726 3852 non
2760 3798 2859 3852 nisi
2886 3814 2982 3853 sua
3011 3799 3288 3856 voluntate
3321 3802 3514 3871 diligit.

1936 3884 2000 3938 Et
2022 3886 2141 3940 ideo
2165 3885 2256 3939 Dei
2284 3887 2592 3955 et-proximi
2614 3887 2830 3942 dilectio
2859 3890 3144 3958 unicuique
3173 3899 3414 3948 nostrum
3442 3893 3513 3949 ita

1937 3977 2090 4046 legali
2121 3994 2368 4033 sermone
2409 3978 2691 4034 mandatur
2721 3998 2733 4032 :
2768 3979 2966 4052 Diliges
3008 3981 3288 4037 Dominum
3345 3982 3509 4038 Deum

1935 4078 2074 4122 tuum
2102 4087 2166 4123 ea:
2196 4079 2299 4123 toto
2321 4069 2474 4123 corde
2502 4079 2608 4134 tuo,
2635 4080 2683 4124 et
2706 4085 2770 4125 ex
2795 4080 2901 4126 tota
2930 4075 3105 4126 anima
3129 4085 3234 4140 tua,
3258 4084 3306 4129 et
3327 4092 3390 4130 ea:
3409 4084 3516 4131 tota

1926 4160 2107 4214 tuente
2133 4170 2250 4225 tua;
2283 4169 2330 4214 et
2373 4163 2668 4231 proximum
2699 4167 2838 4216 tuum
2867 4164 2999 4217 sicut
3025 4166 3239 4235 teipsum
3281 4164 3513 4236 (Matth.

1936 4267 2065 4314 xxii,
2097 4250 2185 4314 57,
2213 4250 2326 4320 38).
2375 4251 2432 4306 ln
2473 4251 2669 4324 quibus
2712 4251 2920 4307 duobus
2967 4255 3243 4323 prmceptis
3270 4254 3518 4310 Salvator

1937 4350 2120 4398 noster
2146 4351 2312 4397 totam
2344 4343 2515 4410 legem
2552 4343 2680 4398 dicit
2724 4344 3122 4414 prophetasque
3160 4345 3413 4414 pendere.
3450 4344 3514 4401 Ut

1934 4443 2113 4487 autem
2140 4433 2423 4499 diligamus
2467 4433 2631 4487 Deutn
2663 4449 2728 4486 ex
2763 4441 2878 4488 toto
2918 4435 3080 4488 corde
3109 4443 3315 4500 nostro,
3348 4437 3514 4504 ipsam

1931 4525 2271 4579 dilectionem
2298 4541 2402 4577 non
2425 4525 2683 4578 habemus
2697 4523 2856 4594 465
2876 4540 2941 4578 ex
2967 4524 3129 4578 corde
3150 4533 3354 4588 nostro,
3377 4526 3470 4579 sed
3487 4526 3514 4564 ιι

253 4620 488 4687 spiritum
511 4618 597 4686 qui
625 4635 688 4670 ex
719 4615 826 4671 Deo
857 4627 950 4682 est,
969 4628 1026 4670 ut
1053 4620 1276 4672 sciamus
1302 4636 1414 4690 qua:
1444 4637 1475 4672 a
1505 4618 1613 4672 Deo
1635 4619 1829 4674 donata
1856 4649 1910 4709 υ
1935 4619 2191 4672 habemus
2231 4635 2296 4672 ex
2341 4618 2469 4672 Deo.
2525 4618 2734 4672 Caritas
2781 4619 2923 4673 enim
2966 4619 3059 4672 Dei
3097 4617 3286 4672 dill'usa
3333 4627 3416 4672 est
3459 4619 3513 4674 in

254 4720 367 4761 sunt
394 4708 545 4761 nobis
575 4707 628 4777 (l
657 4707 778 4762 Cor.
822 4725 877 4775 ιι,
915 4708 1033 4776 l2);
1067 4724 1240 4778 neque
1284 4709 1457 4763 solum
1489 4718 1546 4762 ut
1573 4709 1823 4776 sciamus,

253 4797 341 4850 sed
365 4797 530 4851 etiam
561 4805 617 4850 ut
647 4798 1002 4864 intelligamus
1047 4797 1210 4852 divini
1240 4799 1474 4852 muneris
1509 4813 1648 4866 esse,
1682 4799 1825 4869 Apo-

252 4888 419 4942 stolus
442 4897 685 4952 testatur,
715 4889 792 4944 sic
820 4887 1104 4944 Timotheo
1142 4890 1381 4944 scribens
1410 4907 1422 4942 :
1455 4889 1689 4963 Intellige
1715 4909 1827 4964 qua:

257 4979 372 5031 dico
397 4977 485 5048 (II
522 4978 650 5032 Tim.
686 4995 742 5045 ll,
769 4979 843 5043 7).
875 4978 992 5045 Quo
1019 4996 1269 5035 sermone
1305 4982 1592 5036 humanum
1642 4985 1826 5054 utique

253 5075 324 5128 ad
352 5075 749 5144 intelligendum
774 5076 1024 5131 convenit
1039 5076 1344 5141 arbitrium;
1369 5078 1511 5146 quod
1535 5079 1631 5132 nisi
1663 5078 1824 5132 homo

253 5169 494 5237 haberet,
523 5171 820 5239 intelligere
843 5186 960 5240 qutc
993 5169 1245 5225 dicuntur
1272 5171 1574 5226 nullatenus
1620 5181 1822 5241 posset.

252 5262 359 5318 Sed
382 5273 439 5318 ut
467 5262 782 5318 ostenderet
807 5262 944 5318 unde
971 5264 1274 5319 intellectus
1296 5263 1531 5317 humano
1553 5265 1710 5318 detur
1737 5281 1826 5319 ar-

254 5353 428 5419 bitrio,
453 5370 572 5410 cum
600 5355 825 5410 dixisset
848 5373 859 5408 :
887 5354 1126 5423 lntellige
1147 5371 1261 5426 qua:
1289 5355 1828 5425 dico,sub-cquentcr

255 5444 444 5512 adjecit
472 5464 485 5498 :
525 5443 676 5499 Dabit
695 5448 829 5500 enim
861 5447 951 5499 tibi
987 5445 1238 5500 Dominus
1279 5448 1331 5500 in
1364 5446 1596 5499 omnibus
1623 5447 1825 5501 intelle-

255 5545 387 5591 ctum
427 5538 636 5608 (lbid.).
697 5539 861 5594 David
910 5553 1130 5610 quoque,
1167 5539 1552 5603 sanctissimus,
1588 5546 1644 5592 ut
1673 5554 1825 5592 mau-

257 5627 375 5682 data
407 5629 498 5684 Dci
530 5629 722 5697 discat,
755 5646 786 5685 a
815 5629 926 5687 Deo
968 5631 1069 5686 sibi
1099 5631 1337 5700 postulat
1373 5630 1723 5696 intellectum,
1747 5630 1828 5684 di-

329 5813 350 5838 "
391 5803 480 5887 Sic
509 5824 610 5863 ms.
642 5825 798 5876 unus,
831 5809 915 5865 hic
945 5818 1000 5865 et
1028 5811 1188 5882 paulo
1235 5820 1374 5883 post.
1418 5810 1612 5866 Cameri
1644 5810 1825 5876 codd.,

255 5887 462 5950 arrepit.

1935 4709 2184 4764 cordibus
2205 4709 2402 4763 nostris
2432 4725 2526 4777 per
2554 4709 2812 4779 Spiritum
2842 4718 3105 4774 sanctum,
3135 4709 3227 4778 qui
3249 4708 3404 4764 datus
3431 4718 3512 4766 est

1936 4801 2110 4853 nobis.
2144 4799 2210 4852 Et
2237 4808 2291 4852 ut
2337 4799 2640 4866 diligamus
2666 4801 2917 4870 invicem,
2961 4800 3102 4856 Deus
3143 4801 3298 4856 nobis
3328 4801 3511 4856 tribuit

1934 4892 2233 4947 caritatem.
2269 4891 2353 4944 Ait
2383 4892 2523 4945 enim
2563 4893 2752 4946 beatus
2778 4893 3012 4948 Joannes
3040 4912 3052 4947 :
3077 4891 3363 4960 Carissimi,
3388 4894 3510 4948 dili-

1933 4999 2113 5054 gamus
2142 4983 2392 5046 invicem;
2431 4983 2674 5052 quoniam
2703 4984 2898 5037 caritas
2925 5000 2991 5038 es:
3011 4983 3122 5039 Deo
3157 4993 3252 5048 est,
3277 4993 3325 5039 et
3343 4986 3511 5040 omnis

1933 5076 2018 5146 qui
2062 5075 2232 5144 diligit
2277 5076 2489 5146 fratrem
2521 5093 2583 5128 ex
2611 5073 2720 5129 Deo
2762 5085 2913 5131 natus
2934 5085 3031 5145 est,
3053 5087 3104 5132 et
3142 5078 3280 5132 novit
3324 5073 3506 5132 Deum.

1935 5165 2035 5230 Qui
2075 5175 2243 5220 autem
2271 5183 2372 5219 non
2403 5166 2592 5238 diligit,
2623 5169 2828 5236 ignorat
2875 5167 3063 5233 Deum,
3109 5171 3228 5239 quia
3261 5168 3396 5224 Deus
3422 5185 3510 5222 ca-

1933 5261 2059 5313 ritas
2080 5269 2160 5312 est
2186 5257 2240 5329 (l
2269 5258 2426 5312 Joan.
2460 5274 2533 5324 tv,
2564 5257 2612 5321 7,
2646 5257 2722 5328 8).

2005 5351 2090 5404 15.
2130 5348 2394 5415 Quoniam
2427 5349 2588 5418 igitur
2614 5350 2780 5405 Deum
2811 5353 3090 5406 caritatem
3146 5367 3264 5407 esse
3313 5351 3510 5408 divinis

1929 5442 2097 5496 claret
2124 5439 2372 5509 eloquiis,
2405 5437 3010 5510 profectomanil‘estum
3057 5449 3142 5497 est
3183 5443 3328 5510 quod
3348 5458 3508 5499 neruo

1932 5532 2099 5586 Deum
2121 5531 2322 5586 habere
2343 5531 2534 5600 possit,
2568 5531 2614 5587 si
2640 5548 2698 5586 se
2725 5532 2930 5586 homini
2959 5531 3098 5587 Deus
3122 5532 3236 5602 ipse
3277 5549 3385 5588 non
3413 5533 3510 5589 deo

1931 5623 2088 5679 derit.
2121 5621 2177 5676 In
2207 5637 2274 5676 eo
2303 5636 2434 5692 ergo
2464 5621 2689 5677 liberum
2717 5623 2995 5679 arbitrium
3018 5631 3258 5679 nostrum
3288 5624 3356 5680 ad
3383 5623 3508 5681 dili-

2005 5804 2030 5842 δ’
2074 5803 2196 5858 Ilaec
2228 5805 2419 5870 verba,
2453 5821 2552 5859 non
2583 5803 2824 5858 habemus
2872 5824 2936 5862 ex
2981 5808 3137 5866 corde
3178 5821 3355 5868 nostra
3393 5813 3504 5869 sed.

1937 5893 2043 5933 non
2075 5875 2321 5944 leguntur
2353 5875 2406 5929 in
2431 5875 2606 5932 editis.
2640 5876 2886 5947 leguntur
2917 5878 2968 5934 in
2997 5895 3122 5936 mss.
3153 5881 3401 5940 duobus;
