4048 6342
527 398 638 453 635

1535 392 1593 446 S.
1638 390 2000 447 FULGENTII
2042 386 2346 445 Et’lSCOl’I
2385 387 2758 445 ιιιξδιιεδδιε

3692 387 3794 444 636

523 509 756 576 gendum
808 508 973 563 Deum
1019 517 1075 562 et
1103 505 1402 576 proximum
1452 503 1704 558 idotteum
1754 503 2014 564 elﬁeitur.
2051 504 2102 556 in
2135 511 2175 563 Α
2207 502 2472 569 proprium
2499 501 2780 554 mercedem
2829 503 3044 571 accipiet
3065 501 3346 556 secundum
3388 520 3542 556 suum
3562 504 3796 561 laborem

523 614 634 668 quo
673 599 724 652 ei
777 600 976 654 caritas
1001 597 1255 652 divinitus
1279 595 1456 649 datur.
1489 595 1617 650 Siue
1662 597 1887 649 caritate
1937 597 2100 660 enim,

527 703 630 746 nec
655 690 796 746 Deus
817 691 965 759 diligi
993 697 1190 760 potest,
1217 703 1316 741 nec
1338 687 1632 756 proximus.
1667 685 1736 740 Ut
1765 697 1944 741 autent
1965 686 2114 742 Deus.

522 782 674 852 diligi
701 783 889 852 possit,
917 781 1032 850 ipse
1051 795 1108 835 se
1130 779 1318 833 tribuit
1343 797 1354 831 :
1387 779 1510 847 quia
1529 779 1670 834 Deus
1698 781 1896 835 caritas
1914 789 2018 845 est,
2049 788 2114 834 et

527 871 696 926 Deum
724 886 830 925 non
873 871 974 923 nisi
999 870 1228 924 caritate
1282 869 1572 937 diligimus.
1607 869 1720 924 Nisi
1763 884 1894 936 ergo
1940 871 2114 926 Deum.

528 958 873 1027 accipiamus,
900 957 1068 1012 Deum
1097 958 1318 1026 diligere
1347 973 1454 1012 non
1488 959 1746 1013 valemus.
1774 959 1952 1013 Posita
1981 969 2114 1015 sunt

523 1063 742 1119 quoque
770 1057 896 1104 ante
922 1048 1198 1104 hominem
1230 1049 1366 1117 ignis
1393 1057 1449 1103 et
1477 1065 1637 1118 aqua,
1667 1050 1776 1104 vita
1828 1060 1884 1104 et
1935 1067 2112 1118 mors,

525 1147 583 1194 ut
611 1155 718 1210 quo
747 1139 860 1194 vult
883 1156 1098 1194 manum
1121 1156 1274 1194 suam
1322 1139 1492 1195 libero
1521 1141 1760 1210 porrigat
1816 1142 2107 1196 voluntatis

524 1231 748 1286 arbitrio
775 1229 964 1301 (Eccli.
997 1248 1086 1293 xv,
1114 1231 1199 1295 l7,
1235 1229 1326 1299 18)
1360 1232 1443 1285 :si
1488 1232 1632 1287 enim
1676 1232 1816 1287 desit.
1857 1234 2110 1288 voluntas

524 1321 712 1385 libera,
739 1339 930 1377 manus
956 1338 1227 1392 quoquam
1260 1337 1366 1376 non
1392 1324 1713 1392 porrigitur;
1745 1324 1839 1379 sed
1860 1325 2104 1380 eamdem

524 1427 754 1472 manum,
775 1413 841 1467 ad
869 1413 1030 1473 vitam
1056 1428 1326 1483 nunquam
1349 1414 1577 1482 porrigit
1622 1414 1808 1483 homo,
1842 1416 1942 1470 nisi
1984 1432 2112 1472 eam;

523 1502 665 1558 Deus
693 1505 924 1572 gratuita
955 1504 1198 1558 bonitate
1224 1504 1477 1558 tenuerit.
1513 1503 1743 1573 Propter
1768 1506 1911 1572 quod
1941 1506 1992 1560 ei
2021 1507 2102 1560 di-

520 1595 663 1650 citur
686 1604 744 1650 et
771 1612 800 1650 a
831 1597 1092 1666 propheta
1118 1614 1130 1648 :
1158 1591 1390 1650 Tenuis'ti
1410 1611 1619 1648 manum
1640 1595 1867 1650 dextera:
1893 1614 2038 1661 metu,
2057 1608 2108 1652 et

517 1686 575 1741 in
619 1687 876 1742 voluntate
906 1689 994 1740 tua
1026 1689 1282 1742 deduxisti
1315 1704 1391 1740 me
1423 1687 1599 1758 (Psal.
1647 1703 1812 1754 usu,
1841 1687 1954 1739 24³.
1988 1687 2108 1742 Alio

520 1793 738 1848 quoque
768 1779 888 1834 loco
919 1780 1088 1849 ipsam
1119 1794 1334 1833 manum
1389 1777 1626 1831 dextera:
1679 1784 1879 1831 uostm
1926 1776 2104 1830 divina

2210 593 2260 660 (Ι
2292 595 2411 648 Cor.
2470 611 2544 657 In.
2571 595 2656 662 8);
2709 604 2802 649 et:
2835 593 3042 648 Laboro
3092 605 3147 648 ut
3193 595 3355 650 bonus
3405 598 3552 665 miles
3601 598 3828 662 Chrisr'r

2205 683 2327 738 Jesu
2363 684 2447 752 (ll
2499 685 2632 739 Tim.
2680 702 2737 750 ιι,
2762 686 2848 755 3);
2897 694 2954 738 et
2995 685 3102 739 alio
3154 685 3312 741 loco:
3345 685 3550 758 Itaque,
3581 691 3792 760 fratres.

2205 775 2413 829 stabiles
2457 783 2638 840 estote,
2671 786 2721 828 et
2750 774 3057 839 immobiles,
3083 775 3503 848 abundantesque
3543 780 3598 832 in
3639 797 3792 850 opere

2209 864 2421 919 Domini
2450 883 2692 932 semper;
2721 867 2940 924 scientes
2985 866 3123 936 quod
3163 866 3312 921 labor
3366 879 3528 923 rester
3564 887 3666 924 non
3711 883 3792 926 est

2207 957 2380 1010 inanis
2432 959 2485 1010 in
2537 956 2758 1012 Domino
2790 957 2843 1029 (I
2873 958 2991 1012 Cor.
3026 975 3115 1024 xv,
3141 957 3252 1028 58).
3295 960 3373 1014 Ad
3401 976 3560 1029 quem
3609 971 3792 1019 tamen

2208 1049 2446 1102 laborem
2477 1049 2528 1102 in
2552 1048 2840 1118 Sapientiae
2874 1050 3008 1103 libro
3031 1051 3130 1104 sibi
3159 1051 3334 1120 poscit
3378 1053 3594 1120 quidam
3637 1057 3791 1110 auxi-

2207 1138 2354 1202 lium,
2387 1139 2573 1195 dicens
2620 1155 2684 1194 ex
2719 1140 2847 1195 totis
2893 1141 3202 1208 praecordiis
3249 1142 3396 1195 suis:
3430 1141 3571 1197 Deus
3597 1162 3788 1212 paren-

2207 1240 2313 1283 tum
2339 1241 2653 1298 nostrorum,
2683 1241 2731 1285 ct
2778 1231 2999 1286 Domine
3043 1233 3411 1288 misericordia:
3447 1243 3570 1301 tute,
3595 1238 3682 1306 qui
3711 1241 3791 1306 {e-

2205 1323 2320 1375 cisti
2341 1325 2515 1377 omnia
2539 1323 2687 1378 rerbo
2717 1335 2820 1388 tuo,
2845 1334 2897 1378 et
2937 1326 3194 1393 sapientia
3225 1334 3313 1378 tua
3357 1329 3667 1380 constituisti
3693 1328 3788 1381 ho-

2205 1413 2409 1472 minem.
2435 1424 2488 1466 ut
2528 1413 2821 1468 dominetur
2857 1424 3110 1468 creaturae
3150 1431 3264 1486 quia
3305 1434 3337 1469 ιι
3363 1426 3410 1469 te
3431 1421 3569 1487 facta
3615 1428 3710 1482 est,
3739 1430 3790 1472 et

2206 1501 2445 1570 disponat
2473 1503 2643 1557 orbem
2675 1514 2822 1558 terra:
2848 1507 2911 1557 in
2947 1507 3208 1575 (equitate,
3259 1515 3306 1558 et
3329 1507 3557 1575 jnstitia,
3604 1518 3654 1560 et
3708 1509 3787 1560 di-

2206 1595 2429 1647 rectione
2449 1595 2610 1647 animi
2621 1595 2874 1664 judicium
2897 1595 3132 1664 judicet:
3161 1597 3228 1648 da
3256 1598 3380 1650 mihi
3419 1600 3618 1651 sedium
3671 1609 3784 1652 tua-

2207 1700 2320 1736 runt
2377 1685 2692 1738 assistricem
2739 1687 3047 1755 sapientiam
3092 1685 3246 1756 (Sap.
3286 1703 3356 1750 Ix,
3392 1687 3412 1739 i
3447 1699 3497 1740 et
3537 1693 3707 1759 seq.);
3735 1697 3788 1743 et

2206 1775 2526 1844 paulopost
2561 1793 2572 1829 :
2604 1775 2755 1830 Mitte
2803 1776 2948 1829 illuni
2979 1777 3043 1829 dc
3071 1778 3210 1831 carlis
3256 1780 3447 1831 sanctis
3477 1780 3606 1844 tuis,
3639 1791 3690 1833 et
3729 1783 3788 1835 de

519 1869 652 1925 dicit
675 1871 1010 1938 protectione
1032 1869 1246 1923 salvari.
1274 1868 1527 1921 Ait'cnim
1563 1885 1574 1920 :
1602 1867 1858 1922 Dominus
1879 1868 2101 1922 custodit
2136 1885 2176 1940 [ς
2203 1865 2323 1918 sede
2345 1865 2717 1935 magnitudinis
2743 1876 2863 1932 tua»,
2909 1876 2965 1918 ut
2997 1883 3190 1920 mecum
3220 1869 3305 1930 sit,
3333 1879 3382 1920 et
3411 1885 3608 1922 mecum
3640 1871 3786 1923 tabo-

520 1967 588 2019 te.
623 1959 876 2013 Dominus
904 1962 1152 2030 protectio
1183 1969 1269 2012 tua
1293 1975 1446 2028 super
1466 1975 1676 2012 manum
1698 1959 1924 2012 dexteris
1945 1967 2046 2012 tua:
2076 1968 2101 1995 η

521 2047 698 2117 (Psal.
730 2065 853 2114 cxx,
882 2049 959 2118 5).
992 2048 1112 2118 Ipse
1139 2048 1316 2102 denuo
1365 2056 1507 2113 orat,
1535 2056 1595 2100 ut
1636 2063 1800 2116 opera
1850 2064 2102 2101 manuum

521 2148 848 2205 nostrarum,
873 2155 1131 2196 concessa
1160 2154 1325 2208 super
1347 2154 1445 2192 nos
1475 2137 1891 2201 illuminatione,
1927 2138 2103 2192 Domi-

521 2247 622 2287 nus
641 2232 855 2300 dirigat.
885 2230 1010 2287 lleo
1036 2232 1112 2286 ait
1151 2250 1162 2284 :
1193 2229 1276 2286 Sit
1305 2231 1552 2300 splendor
1579 2229 1788 2284 Domini
1825 2229 1916 2283 Dei
1940 2230 2104 2283 nostri

521 2335 805 2390 supernos,
843 2331 893 2374 et
939 2338 1097 2391 opera
1145 2333 1388 2373 manuum
1428 2329 1721 2374 nostrarum
1761 2320 1926 2391 dirige
1952 2337 2104 2390 super

520 2427 613 2465 nos
636 2411 807 2482 (Psal.
842 2428 1058 2476 Lxxxtx,
1093 2411 1201 2478 l7).

586 2501 716 2556 Car.
750 2519 802 2556 χ.
844 2534 913 2542 -
947 2502 1030 2554 lﬁ.
1084 2501 1178 2555 llis
1204 2509 1368 2570 atque
1407 2500 1709 2570 huiusmodi
1759 2501 2097 2561 testimoniis.

517 2593 710 2662 quibus
737 2602 844 2647 tam
870 2593 1078 2648 Novum
1098 2607 1258 2661 quam
1287 2592 1454 2647 Vetus
1506 2593 1760 2648 refertum
1803 2602 1884 2646 est
1913 2593 2101 2648 Testa-

518 2689 776 2747 mentum,
803 2682 909 2736 tale
947 2697 1067 2737 esse
1096 2681 1330 2736 hominis
1359 2681 1757 2735 demonstratur
1795 2681 2097 2751 arbitrium,

520 2779 579 2826 ut
601 2771 714 2828 sive
736 2772 803 2827 ad
832 2772 1130 2828 inchoanda
1157 2787 1276 2841 quze
1304 2773 1442 2826 bona
1465 2782 1588 2826 sunt
1617 2771 1747 2826 nihil
1771 2772 1968 2842 possit,
1999 2772 2099 2829 nisi

519 2862 690 2932 ipsum
715 2864 886 2932 gratia
907 2863 1090 2917 divina
1138 2863 1475 2932 prtevcnerit,
1508 2864 1620 2918 sive
1666 2863 1732 2918 ad
1777 2863 2098 2934 perlicienda

517 2950 823 3006 nullatenus
851 2952 954 3007 sibi
983 2951 1231 3008 suflicere
1254 2951 1449 3016 valeat,
1481 2953 1581 3007 nisi
1610 2953 1782 3021 gratia
1822 2969 1927 3022 qua
1958 2969 2096 3024 prte-

519 3042 751 3110 venitur,
784 3043 970 3098 eadem
998 3043 1198 3113 jugiter
1249 3042 1551 3112 adjuvetur.
1604 3041 1716 3098 Nec
1747 3052 1926 3098 tamen
1971 3045 2095 3114 quia

517 3133 722 3204 indiget
765 3135 1063 3205 juvamine,
1097 3131 1218 3190 ideo
1243 3135 1528 3191 dicendum
1569 3144 1787 3190 estnon
1818 3151 1965 3200 esse;
2000 3153 2098 3193 nec

516 3227 640 3295 quia
669 3234 785 3294 est,
835 3225 957 3280 ideo
980 3225 1128 3281 credi
1150 3225 1311 3280 debet
1339 3226 1402 3279 ad
1433 3225 1644 3279 initium
1666 3225 1753 3280 vel
1796 3225 2094 3295 profectum
2125 3254 2169 3314 ρ

514 3315 639 3370 boni
661 3315 760 3373 sibi
785 3331 946 3386 posse
973 3314 1241 3371 sufﬁcere.
1277 3314 1506 3370 Proinde
1535 3315 1579 3370 si
1608 3315 1675 3369 ad
1720 3316 1932 3385 eloquia
1961 3315 2094 3370 divi-

515 3425 580 3464 na
626 3408 841 3464 humilis
879 3424 942 3463 ac
989 3408 1132 3462 mitis
1182 3408 1471 3464 accesserit
1517 3408 1726 3462 animus
1755 3407 1920 3476 (quod
1971 3416 2096 3464 tunc

514 3508 717 3572 potest,
741 3499 785 3554 si
811 3499 861 3553 ei
893 3499 1207 3553 humilitatis
1239 3507 1293 3554 et
1323 3497 1749 3554 mansuetudinis
1793 3498 1993 3553 donum
2015 3499 2094 3552 di-

513 3594 708 3648 vinitus
748 3590 1120 3661 conferatur),
1180 3591 1361 3645 ablato
1405 3591 1673 3646 velamine
1718 3607 1825 3660 quo
1874 3593 2096 3646 interior

514 3684 608 3755 (al.
643 3683 1048 3752 intelligentiur)
1080 3692 1240 3752 atque
1269 3682 1537 3737 excelsior
1557 3682 1860 3738 intellectus
1885 3684 2090 3752 obtegi-

511 3786 620 3839 tur,
652 3777 800 3833 cordi
825 3777 1060 3831 contrito
1099 3784 1153 3830 et
1179 3775 1463 3830 humiliato
1488 3775 1746 3844 sapientia
1775 3784 1829 3829 et
1870 3776 2091 3830 scicntia

510 3868 840 3924 conceditur.
895 3867 1162 3937 Scriptum
1191 3876 1273 3922 est
1298 3867 1440 3922 enim
1469 3867 1592 3935 quia
1621 3865 1875 3921 Dominus
1898 3867 1988 3919 dat
2007 3883 2093 3919 sa-

510 3963 773 4031 pientiam,
805 3971 853 4016 et
908 3980 938 4015 a
969 3963 1102 4033 facie
1127 3962 1239 4032 ejus
1265 3962 1478 4014 scientia
1519 3970 1568 4012 et
1598 3959 2090 4030 intellectus‘proce-

509 4053 582 4106 dit
613 4053 790 4122 (Prov.
816 4069 872 4115 tt,
899 4051 972 4122 ﬁ).

581 4147 665 4201 17.
697 4146 962 4213 Quoniam
1009 4144 1169 4212 igitur
1199 4133 1315 4196 uon'
1351 4149 1435 4196 est
1483 4141 1701 4209 aliquod
1733 4147 2085 4210 prmceptmn,

507 4239 648 4311 quod
672 4255 778 4294 non
805 4238 926 4293 ideo
957 4237 1096 4290 Deus
1122 4233 1576 4298 dederithomini,
1607 4240 1664 4286 ut
1693 4231 1864 4300 prosit
1895 4231 2088 4292 volun-

506 4333 642 4388 tarie
673 4337 834 4400 atque
857 4327 1135 4382 humiliter
1155 4324 1434 4394 operanti;
1462 4323 1712 4377 voluntas
1743 4329 1922 4375 autem
1948 4321 2086 4375 bona

509 4439 615 4484 non
643 4422 742 4476 nisi
773 4420 876 4474 ﬁde
931 4418 1232 4482 inchoatur,
1259 4423 1312 4469 et
1341 4416 1568 4470 caritate
1617 4413 1921 4483 perﬁcitur;
1956 4412 2090 4467 ﬁdes

507 4527 634 4568 vero
658 4520 712 4566 et
741 4511 935 4565 caritas
963 4509 1157 4562 divina:
1185 4513 1309 4560 sunt
1333 4520 1554 4558 munera
1583 4501 1875 4557 voluntatis
1898 4502 1945 4564 δ,
1970 4518 2088 4572 qua:

506 4603 606 4666 nisi
653 4599 952 4656 voluntarie
1003 4599 1165 4651 homo
1206 4595 1304 4649 sibi
1356 4594 1556 4648 donata
1613 4593 1940 4662 susciperet,
1989 4608 2088 4648 nec
2121 4617 2164 4675 υ

506 4696 742 4750 inessent
769 4689 992 4753 homini,
1027 4703 1127 4743 nec
1146 4685 1463 4756 prodessent
1489 4684 1653 4755 466
1679 4682 1767 4754 (ad
1798 4684 1898 4738 hoc
1943 4683 2084 4738 enim

505 4787 647 4842 Deus
671 4785 1002 4839 voluntatem
1026 4780 1258 4834 hominis
1277 4786 1558 4848 pneparat,
1585 4785 1644 4831 ut
1671 4777 1740 4831 sit
1768 4776 1854 4830 cui
1883 4775 2083 4830 donum

505 4877 627 4933 ﬁdei
673 4884 726 4930 et
756 4873 999 4930 caritatis
1039 4869 1325 4939 infundat),
1361 4877 1646 4940 propterea
1676 4867 1946 4921 fatendum
2003 4874 2086 4921 est

504 4985 692 5028 verum
723 4983 842 5023 esse
872 4965 1015 5035 quod
1046 4963 1247 5020 sanctis
1271 4962 1529 5017 docemur
1556 4961 1804 5030 eloquiis,
1828 4960 1942 5014 sola
1988 4959 2083 5014 Dei

501 5058 870 5120 misericordia
920 5056 1116 5110 salvari
1163 5054 1455 5115 hominem,
1485 5052 1607 5120 quia
1649 5051 1920 5119 scriptum
1953 5057 2037 5104 est
2069 5067 2080 5102 :

504 5153 664 5212 Salva
689 5167 768 5204 me
795 5149 849 5201 in
872 5156 958 5200 tua
995 5140 1542 5211 misericordiaU’sal.
1590 5155 1717 5202 xxx,
1739 5138 1855 5209 l7);
1885 5145 1940 5192 et
1984 5138 2082 5191 ho-

501 5246 698 5300 minem
721 5242 932 5295 ratione
965 5243 1204 5292 utentem
1239 5243 1365 5290 tune
1395 5232 1460 5285 ad
1491 5232 1716 5285 salutem
1770 5239 2085 5303 perpetuam

499 5337 802 5410 pervenire,
829 5333 873 5388 si
897 5345 991 5385 sua
1025 5328 1322 5384 cucurrerit
1351 5334 1513 5394 atque
1549 5325 1873 5380 laboraverit
1895 5323 2083 5378 volun-

501 5433 632 5482 tate.
668 5425 782 5479 Non
834 5423 977 5478 enim
1010 5419 1205 5472 frustra
1236 5417 1365 5473 dicit
1409 5417 1696 5487 Apostolus
1728 5415 1857 5471 :Sic
1895 5416 2084 5470 currite

498 5526 554 5572 ιη
598 5510 1051 5581 comprehendatis
1096 5506 1150 5577 (1
1191 5507 1308 5560 Cor.
1350 5523 1422 5566 ix,
1453 5505 1574 5575 25);
1603 5514 1656 5561 et
1690 5525 1700 5557 :
1733 5505 2086 5575 Unusquisque

571 5727 594 5754 ⁸
627 5717 858 5771 Deerant
914 5716 965 5770 iu
1008 5713 1193 5778 editis,
1227 5729 1382 5784 super
1423 5727 1632 5764 manum
1681 5712 1907 5763 dextera'
1947 5713 2066 5759 truc.

502 5784 861 5847 Restituimus-
878 5803 946 5842 ex
968 5799 1098 5839 mss.
1123 5783 1350 5839 duobus.

571 5865 595 5903 ι’
627 5857 755 5915 MSS.
778 5855 906 5921 duo,
937 5869 1150 5907 munera
1175 5852 1436 5907 bonitatis.

2204 1965 2301 2019 ret,
2331 1965 2385 2008 ut
2416 1957 2577 2011 sciam
2607 1956 2729 2026 quid
2765 1967 3029 2027 acceptum
3077 1960 3146 2010 sit
3175 1975 3352 2012 coram
3381 1969 3445 2012 te.
3500 1960 3615 2014 Scit
3653 1963 3788 2015 enim

2201 2049 2295 2102 i'lla
2324 2049 2524 2114 omnia,
2551 2057 2596 2102 et
2619 2050 2882 2120 intelligit,
2915 2059 2962 2102 et
2987 2049 3200 2105 deducet
3231 2068 3310 2104 me
3329 2053 3381 2104 in
3403 2053 3644 2120 operibus
3667 2056 3788 2106 meis

2202 2138 2387 2203 sobrie,
2421 2148 2470 2193 et
2502 2140 2753 2194 custodiet
2799 2157 2880 2194 me
2926 2141 2979 2193 in
3010 2156 3106 2194 sua
3132 2143 3378 2211 po:entia,
3422 2151 3472 2192 et
3511 2150 3664 2194 erunt
3705 2159 3786 2193 ac-

2203 2238 2348 2301 cepta
2368 2245 2525 2300 opera
2546 2246 2659 2282 mea
2683 2228 2870 2300 (Ibid.,
2904 2228 3012 2299 10).

2274 2320 2402 2375 Car.
2437 2337 2508 2374 st.
2541 2352 2611 2361 —
2643 2319 2726 2373 l8.
2789 2320 3170 2376 Verumtamen
3222 2336 3288 2374 ne
3336 2321 3620 2390 quisquam
3669 2323 3788 2377 huic

2204 2413 2375 2482 ipsum
2398 2413 2588 2466 saltem
2619 2411 2808 2467 orandi
2849 2412 3117 2478 allectum,
3159 2427 3268 2480 quo
3314 2411 3414 2464 sibi
3464 2412 3786 2480 sapientiam

2203 2507 2472 2570 posceret,
2501 2516 2609 2555 non
2634 2501 2891 2556 diVinitus
2944 2500 3299 2554 arbitraretur
3329 2500 3558 2554 infusum
3579 2541 3593 2564 ,
3629 2503 3786 2570 paulo

2201 2591 2444 2661 superius
2465 2592 2560 2658 ait,
2591 2606 2650 2646 se
2671 2591 2839 2646 scisse
2858 2592 3110 2660 quoniam
3143 2592 3298 2645 aliter
3321 2607 3425 2644 non
3459 2601 3644 2661 potest
3671 2608 3787 2650 σεδῆ

2202 2683 2484 2738 continens
2513 2684 2611 2738 nisi
2637 2683 2774 2738 Deus
2794 2683 2885 2739 det
2909 2683 3062 2753 (Sap.
3096 2669 3206 2758 vui,
3239 2683 3366 2752 2|);
3397 2692 3449 2738 et
3478 2684 3584 2739 hoc
3614 2685 3783 2753 ipsum

2202 2775 2716 2844 tae-.cusapicntiam
2737 2790 2856 2830 esse
2899 2774 3027 2828 dicit
3049 2775 3208 2843 scire,
3236 2773 3389 2842 cujus
3431 2774 3535 2828 hoc
3582 2774 3781 2829 donum

2199 2873 2358 2920 esset.
2393 2863 2542 2920 Unde
2572 2865 2733 2934 igitur
2757 2874 2841 2920 est
2870 2865 3160 2920 instructus
3208 2874 3265 2918 ut
3300 2866 3492 2929 sciret,
3529 2865 3656 2920 inde
3707 2875 3786 2920 est

2199 2956 2464 3010 excitatus
2494 2964 2550 3010 ut
2580 2964 2779 3010 oraret.
2809 2955 2920 3011 Nec
2945 2964 3122 3010 tamen
3156 2957 3252 3025 (al.
3297 2955 3515 3026 iterum)
3540 2956 3643 3010 nisi
3690 2973 3779 3011 vo-

2201 3046 2430 3100 luntarie
2457 3046 2631 3112 scivit,
2664 3063 2766 3102 nec
2788 3047 2889 3101 nisi
2922 3047 3221 3107 voluntarie
3243 3047 3446 3111 oravit;
3477 3048 3601 3117 quia
3631 3057 3688 3103 et
3715 3049 3778 3102 aJ

2199 3139 2496 3204 sciendum,
2520 3149 2575 3194 et
2593 3141 2658 3193 ad
2681 3139 3099 3209 deprecandum,
3123 3137 3318 3193 Christi
3344 3140 3516 3208 gratia
3540 3140 3776 3206 ignarum

2199 3239 2254 3285 et
2283 3230 2548 3300 torpitlum
2581 3231 2810 3285 hominis
2839 3231 3168 3299 prteveniens
3199 3230 3451 3284 instruxit
3477 3239 3638 3298 atque
3684 3246 3776 3284 ex-

2201 3321 2385 3375 citavit
2420 3333 2441 3357 ο
2470 3319 2767 3374 arbitrium.
2802 3303 3184 3373 Misericordiae
3215 3319 3374 3386 igitur
3398 3317 3594 3372 divina:
3615 3327 3702 3373 est
3730 3329 3778 3373 ut

2198 3411 2429 3467 hominis
2457 3411 2682 3466 liberum
2738 3410 3066 3464 illuminctur
3115 3409 3430 3474 arbitrium,
3461 3423 3571 3478 quo
3625 3409 3687 3463 ﬁt
3727 3418 3778 3465 ut

2196 3503 2359 3557 homo
2385 3509 2438 3556 et
2460 3516 2524 3555 ea
2553 3515 2673 3570 qua:
2693 3500 2890 3570 placita
2915 3509 3040 3560 sunt
3069 3499 3183 3554 Deo
3203 3507 3517 3567 cognoscat,
3552 3509 3608 3554 et
3632 3499 3778 3568 adju-

2198 3593 2341 3647 vanti
2372 3592 2555 3660 gratia:
2581 3590 2818 3646 ofﬁcium
2842 3590 2925 3644 sui
2949 3589 3147 3644 laboris
3169 3589 3469 3644 voluntaria
3494 3589 3780 3645 devotione

2195 3685 2500 3754 subjungat.
2534 3683 2614 3736 Ad
2637 3682 3042 3738 illuminandum
3064 3682 3296 3737 hominis
3338 3683 3619 3737 arbitrium
3650 3681 3780 3737 dici-

2195 3787 2327 3836 tur:
2363 3775 2499 3829 Deus
2546 3791 2714 3838 meus,
2773 3773 3134 3828 misericordia
3189 3773 3300 3843 ejus
3356 3774 3632 3842 pra’reniet
3705 3791 3784 3827 me

2195 3867 2366 3938 (l‘sal.
2393 3882 2538 3930 Lvut,
2567 3865 2690 3935 H);
2723 3867 2790 3918 ad
2814 3862 3170 3932 atljuvandum
3199 3863 3429 3917 reicitur
3450 3882 3461 3915 :
3479 3862 3781 3917 Misericor-

2192 3960 2279 4010 dia
2309 3966 2396 4010 tua
2423 3955 2752 4025 subsequetur
2772 3970 2852 4007 me
2872 3952 3108 4008 omnibus
3130 3953 3304 4011 diebus
3326 3954 3443 4006 uiue
3459 3970 3592 4008 mete
3606 3953 3781 4023 (Psal.

2193 4064 2324 4115 χχιι,
2351 4047 2428 4117 6).
2463 4046 2581 4101 Νοη
2635 4053 2815 4098 autem
2865 4031 3245 4113 praeveniendo
3267 4035 3704 4108 ‘illuminarctur,
3734 4042 3779 4095 si

2193 4155 2298 4192 uon
2323 4146 2500 4203 esset;
2533 4153 2635 4192 nec
2663 4135 3040 4207 subsequendo
3087 4135 3454 4204 adjuvaretur,
3484 4135 3530 4189 si
3575 4135 3778 4196 illumi-

2193 4239 2375 4285 natum
2404 4231 2471 4285 ad
2499 4229 2700 4298 aliquid
2729 4229 2830 4290 sibi
2875 4228 3031 4283 bona:
3059 4228 3404 4297 cogitationis
3451 4235 3546 4283 aut
3593 4230 3782 4298 operis

2191 4335 2310 4375 esse
2341 4328 2525 4390 posset
2555 4317 2827 4374 idoneum.
2879 4317 3030 4372 Hanc
3078 4317 3562 4387 impossibilitatem
3596 4334 3784 4373 sermo

2190 4411 2403 4466 divinus
2425 4409 2681 4475 ostendit,
2713 4408 2804 4463 ubi
2830 4409 2904 4461 ait
2931 4423 2944 4461 :
2979 4406 3108 4471 Quis
3137 4407 3400 4462 hominum
3423 4409 3615 4478 poterit
3651 4409 3786 4463 scire

2191 4501 2463 4557 consilium
2490 4499 2622 4554 Dei?
2644 4509 2733 4553 aut
2761 4500 2874 4570 quis
2904 4499 3090 4567 poterit
3117 4498 3354 4569 cogitare
3374 4498 3496 4566 quid
3516 4499 3639 4551 velit
3669 4498 3789 4554 Do-

2191 4594 2400 4648 minus?
2430 4591 2782 4663 Cogitationes
2835 4591 2970 4642 enint
3021 4589 3317 4643 mortalium
3371 4589 3590 4656 timidae,
3618 4599 3672 4642 et
3705 4593 3792 4645 in-

2192 4695 2346 4739 certa
2370 4683 2702 4754 prouidentiae
2743 4690 2937 4735 nostra:
2989 4682 3143 4753 (Sap.
3198 4697 3270 4746 ix,
3297 4681 3383 4745 l3,
3420 4679 3528 4740 ll).
3555 4679 3791 4737 Timidze

2189 4777 2331 4831 enim
2359 4782 2483 4832 sunt
2507 4773 2864 4841 cogitationes
2885 4771 3212 4837 mortalium,
3243 4787 3350 4826 non
3401 4771 3660 4825 laudabili
3715 4773 3789 4825 ti-

2192 4882 2366 4930 more,
2389 4864 2483 4921 sed
2514 4859 2871 4934 vituperabili,
2903 4879 3010 4918 non
3039 4863 3205 4930 bono,
3233 4861 3327 4917 sed
3360 4862 3521 4916 malo.
3575 4862 3622 4915 Α
3674 4878 3793 4932 quo

2194 4971 2293 5010 nos
2317 4956 2512 5010 timore
2540 4953 2786 5008 liberavit
2839 4953 2948 5019 ille,
2979 4952 3069 5022 qui
3100 4967 3196 5022 per
3250 4960 3479 5007 mortem
3506 4951 3794 5008 destruxit

2193 5063 2316 5102 eum
2339 5046 2430 5117 qui
2460 5046 2648 5100 mortis
2676 5045 2908 5100 habebat
2936 5043 3240 5114 imperium,
3268 5042 3319 5098 id
3347 5051 3450 5105 est,
3477 5042 3795 5112 diabolum,

2195 5148 2252 5192 ut
2284 5139 2536 5194 liberaret
2565 5153 2660 5193 eos
2706 5136 2797 5208 qui
2824 5137 3018 5205 timore
3046 5137 3236 5191 mortis
3261 5151 3358 5206 per
3389 5143 3555 5190 totam
3605 5137 3792 5192 vitam

2191 5230 2409 5286 obnoxii
2434 5239 2590 5286 erant
2608 5230 2852 5285 servituti
2881 5229 3066 5302 (llebr.
3095 5246 3150 5296 ιι,
3179 5227 3286 5300 lt).

2260 5321 2416 5394 ιϐ’]
2443 5319 2572 5376 CAP.
2593 5337 2686 5376 xu.
2712 5349 2774 5359 —-
2809 5319 3034 5390 18(bis).
3062 5318 3213 5376 lianc
3237 5318 3550 5382 servitutem
3574 5316 3646 5372 de
3678 5335 3796 5391 qua

2191 5428 2291 5467 nos
2310 5412 2530 5483 eripuit,
2545 5421 2704 5480 atque
2730 5410 3033 5465 libertatem
3049 5425 3210 5481 quam
3234 5409 3390 5463 nobis
3411 5407 3578 5478 gratis
3591 5417 3794 5464 contu-

2187 5505 2276 5569 lit,
2304 5505 2634 5574 Redemptor
2656 5511 2836 5557 noster
2861 5501 3138 5556 evidenter
3166 5499 3421 5562 ostendit,
3451 5497 3640 5554 dicens
3681 5517 3695 5552 :
3734 5500 3797 5556 Si

2262 5720 2281 5744 τ
2317 5706 2525 5761 Absunt
2549 5707 2617 5760 ab
2646 5705 2770 5760 cdd.
2804 5713 2954 5775 atque
2996 5703 3258 5756 excitarit.
3297 5698 3402 5754 Sed
3445 5698 3640 5754 melius
3693 5703 3800 5757 ha-

2193 5778 2386 5841 bentur
2415 5778 2466 5830 in
2490 5793 2614 5832 mss.
2649 5776 2873 5830 duobus.
3055 5845 3057 5847 ι
3778 5781 3786 5787 ‘
