4064 6358
237 361 338 417 63']

1138 354 1226 409 DF.
1269 353 1604 414 γΕιιιτλτε
1646 351 2322 410 νιιῑυιιδτιλλτιοδιδ
2365 353 2484 410 LIB.
2532 352 2591 412 ll.

3404 369 3506 425 658

237 474 532 528 manseritis
568 472 620 525 in
646 470 794 526 rerbo
827 488 956 534 meo,
999 487 1112 523 rere
1153 471 1392 538 discipuli
1427 472 1523 523 mei
1562 473 1728 533 eritis,
1775 480 1822 524 et
1857 478 1895 531 Α
1927 470 2010 540 qui
2037 470 2087 522 iu
2109 470 2258 523 terris
2280 478 2419 534 sunt,
2451 480 2498 523 et
2523 485 2637 540 qua:
2672 471 2760 522 tibi
2782 472 2987 540 placent
3025 476 3314 532 didicerunt
3341 481 3506 536 Itami-

236 565 557 637 cognoscetis
574 564 865 624 ueritatem,
913 570 961 614 et
1005 562 1189 614 ueritus
1225 561 1462 615 liberabit
1504 579 1588 616 ros
1619 561 1816 633 (Joun.

237 670 349 716 vnt,
382 651 601 721 51,52).
637 651 1209 722 Respondentibusque
1234 650 1430 706 Judaeis
1471 653 1614 721 quod
1635 667 1819 708 semen

180 785 185 789 -
237 744 468 799 Abrahae
503 753 705 809 essent,
732 757 830 797 nec
859 744 1106 810 cuiquam
1135 759 1368 812 unquam
1390 744 1712 807 servissent,
1745 761 1824 796 re-

236 835 532 905 sponsione
555 849 669 898 sua,
701 833 858 887 simul
887 841 942 888 et
969 833 1244 887 servitutis
1275 849 1462 888 eorum
1492 834 1819 888 mortiferam

235 925 624 987 conditionem,
656 932 712 978 et
741 924 1001 978 libertatis
1028 939 1188 993 quam
1231 925 1345 994 ipse
1369 925 1478 978 suis
1507 924 1681 979 fuerat
1709 926 1820 980 cul-

236 1013 448 1069 laturus
475 1014 713 1069 ostendit
739 1015 986 1084 protinus
1014 1015 1315 1076 veritatem,
1349 1013 1534 1068 dicens
1581 1032 1593 1066 :
1637 1015 1822 1082 Amen,

235 1121 389 1157 auten
421 1104 536 1156 diro
565 1102 724 1168 robis,
751 1103 838 1174 qui
868 1103 993 1174 facit
1013 1111 1480 1172 peccatum,servus
1502 1113 1575 1156 est
1604 1105 1820 1173 peccati.

239 1194 434 1248 Serrtts
464 1211 564 1248 non
593 1203 767 1248 manet
803 1195 858 1247 in
887 1193 1039 1247 domo
1067 1194 1116 1246 in
1149 1203 1426 1256 teternum;
1477 1195 1616 1263 ﬁlius
1654 1201 1824 1246 autem

238 1294 412 1338 manet
429 1286 483 1338 in
512 1293 780 1339 a'termtm.
817 1282 879 1337 Si
904 1300 1025 1353 ergo
1057 1281 1224 1336 Filius
1253 1300 1337 1337 vos
1369 1282 1678 1345 liberat-erit,
1713 1301 1826 1338 rere

235 1377 387 1431 liberi
415 1379 562 1431 eritis
595 1377 612 1446 (
647 1375 810 1441 lbid.,
845 1375 933 1440 54,
980 1374 1069 1437 55,
1120 1375 1187 1428 56
1208 1375 1250 1444 ).
1301 1375 1668 1443 Cogitationes
1695 1391 1825 1443 ergo

235 1467 550 1522 mortalium
570 1465 778 1520 .timidte
807 1465 910 1518 illae
935 1465 1118 1533 utique
1146 1464 1518 1530 designantur,
1543 1479 1546 1482 ’
1569 1479 1665 1534 per
1691 1479 1826 1534 quas

235 1563 468 1627 peccato
496 1556 760 1621 serviunt,
791 1555 882 1623 qui
913 1569 1008 1623 per
1037 1562 1204 1608 totam
1236 1555 1397 1607 vitam
1442 1554 1660 1610 obnoxii
1702 1564 1823 1608 sunt

234 1645 508 1708 servituti.
564 1645 639 1699 De
664 1660 770 1713 qua
797 1645 1057 1700 servitute
1108 1662 1205 1699 nos
1253 1645 1344 1699 Dei
1371 1646 1541 1720 gratia
1571 1645 1825 1700 liberatos

235 1735 439 1790 Paulus
469 1735 662 1790 edocet
688 1736 874 1791 dicens
901 1753 913 1788 :
946 1734 1072 1790 Cum
1094 1739 1229 1789 enim
1250 1738 1379 1789 serui
1405 1737 1583 1789 essetis
1603 1738 1821 1805 peccati,

1926 576 2034 621 nes,
2065 567 2115 611 et
2159 577 2250 629 per
2294 561 2604 629 sapientiam
2651 563 2822 624 sanati
2865 573 2982 616 sunt
3013 563 3218 635 (Ibid.,
3251 567 3337 636 17,
3376 569 3440 625 l8
3464 574 3503 640 ).

1924 649 2058 716 Quid
2086 660 2183 714 est,
2220 651 2529 718 didicerunt,
2547 661 2598 705 et
2620 655 2792 706 sanati
2813 659 2966 710 sunt?
2989 656 3124 723 Quid
3148 645 3244 728 per
3263 672 3507 718 sanctum

1925 737 2206 808 Spiritum,
2237 748 2294 794 et
2343 756 2440 809 per
2467 736 2796 810 Sapientiam
2828 744 2944 810 Dei,
2975 757 3094 814 quae
3125 750 3308 821 utique
3350 752 3506 809 Chri-

1925 840 2039 882 stus
2072 835 2177 895 est,
2221 828 2528 884 hominibus
2575 831 2706 886 dicit
2751 848 2868 886 esse
2897 835 3182 912 collatum,
3235 841 3336 895 nisi
3384 845 3509 910 quia

1927 925 2052 971 tunc
2071 917 2359 972 salubriter
2379 919 2632 974 discimus
2647 923 2812 996 468
2839 924 2964 992 quid
2985 924 3162 996 facere
3191 927 3503 993 debeamus,

1925 1007 2139 1076 quando
2197 996 2294 1062 nos
2349 1009 2716 1064 misericordia
2767 1014 3100 1080 prtevcnieus
3139 1016 3422 1082 illuminat,
3457 1029 3512 1074 et

1924 1112 2198 1165 sanamur,
2231 1106 2288 1151 ut
2313 1099 2454 1167 quod
2481 1100 2567 1152 illa
2599 1103 2958 1169 praeveniente
2999 1093 3272 1175 discimus,
3321 1109 3510 1164 eadem

1924 1187 2286 1258 subsequente
2319 1189 2612 1245 faciamus?
2639 1191 2904 1248 Przevcuit
2934 1196 3074 1250 enim
3099 1213 3214 1264 nos,
3239 1200 3363 1253 dum
3393 1216 3511 1270 pro-

1925 1283 2086 1352 pilius
2109 1282 2170 1335 fit
2184 1284 2441 1338 Dominus
2462 1287 2708 1340 omnibus
2731 1288 3099 1357 iniquitatibus
3115 1293 3312 1348 nostris
3336 1293 3506 1364 (I’sul.

1925 1389 2016 1440 cn,
2047 1373 2131 1444 5);
2163 1375 2507 1444 subsequitur
2536 1393 2652 1442 nos,
2685 1377 2810 1431 dum
2832 1387 2986 1433 sanat
3016 1396 3204 1436 omnes
3227 1381 3511 1451 languores

1927 1470 2167 1528 nostros;
2211 1465 2469 1533 prteveuit
2498 1466 2864 1522 misericordia
2897 1469 3118 1525 liberum
3169 1473 3398 1527 hominis
3426 1490 3510 1528 ara

1925 1551 2160 1618 hitrium,
2191 1552 2317 1609 dum
2352 1555 2403 1608 in
2436 1556 2668 1610 nondum
2699 1558 2837 1614 bene
2860 1560 3074 1616 volente
3114 1563 3226 1617 sola
3255 1573 3510 1634 operatur

1925 1645 2203 1700 exordium
2249 1648 2404 1702 bona:
2433 1649 2752 1716 voluntatis;
2805 1653 3166 1722 subsequitur,
3219 1654 3343 1709 dum
3373 1657 3514 1712 bene

1925 1736 2124 1790 volenti
2155 1737 2524 1792 subministrat
2545 1741 2824 1805 auxilium,
2852 1751 2908 1796 ut
2934 1743 3072 1798 bene
3102 1743 3378 1815 operando
3398 1763 3509 1816 per-

235 1827 386 1880 Rberi
434 1827 607 1896 fuistis
644 1827 884 1897 justitiaz.
936 1823 1095 1889 Quem
1134 1843 1256 1896 ergo
1305 1828 1526 1896 fructum
1572 1824 1825 1878 habuistis
1860 1837 1899 1893 υ
1930 1827 2110 1881 veniat
2137 1827 2203 1882 ad
2245 1829 2400 1883 bona:
2427 1831 2718 1888 voluntatis
2747 1832 3016 1891 effectum.

235 1927 382 1979 tunc,
435 1919 486 1969 in
535 1917 715 1988 quibus
760 1932 896 1969 nunc
932 1916 1265 1970 erubescitis?
1299 1913 1437 1968 Nam
1467 1916 1600 1984 linis
1619 1915 1828 1968 illorum

234 2026 377 2064 mors
407 2018 506 2064 est.
546 2007 703 2061 Nunc
741 2025 857 2062 uero
895 2008 1098 2061 liberati
1139 2024 1170 2059 a
1218 2016 1446 2078 peccato,
1483 2007 1615 2060 serri
1657 2017 1826 2059 autem

234 2103 368 2174 facti
401 2099 509 2155 Deo
535 2099 731 2153 habetis
753 2101 976 2170 fructum
1001 2107 1218 2152 vestrum
1261 2098 1312 2150 in
1340 2098 1823 2166 sanctiﬁcatiouem,

234 2192 395 2260 tinent
425 2207 540 2244 rero
564 2190 719 2242 ritum
742 2197 990 2242 aeternam
1021 2186 1197 2261 (Rom.
1230 2189 1299 2249 vt,
1329 2185 1396 2239 20
1423 2196 1473 2240 et
1493 2185 1644 2256 seq.).

307 2283 402 2339 l9.
444 2280 588 2338 Ecce
616 2281 745 2352 quid
792 2279 949 2335 nobis
975 2279 1146 2348 gratia
1191 2277 1284 2331 Dei
1317 2277 1562 2332 contulit.
1589 2275 1830 2330 Timidus

232 2375 506 2441 liberavit,
534 2373 599 2429 de
627 2373 822 2443 quibus
841 2371 1116 2440 Scriptura
1133 2370 1287 2423 dicit:
1315 2367 1666 2438 Cogitationes
1690 2383 1826 2419 mor-

232 2468 420 2521 talium
453 2465 644 2519 timida:
675 2463 830 2534 (Sap.
856 2479 934 2529 ιχ,
962 2460 1051 2528 M)
1085 2479 1097 2514 :
1131 2460 1203 2513 illi
1236 2457 1423 2528 procul
1453 2457 1616 2512 dubio
1648 2456 1826 2509 timori

230 2557 517 2626 subjectae,
566 2554 924 2610 eui’subditos
965 2550 1225 2620 quosdam
1279 2563 1455 2604 sermo
1501 2547 1711 2600 divinus
1750 2548 1827 2601 sic

232 2650 438 2720 arguit,
479 2649 664 2704 dicens
695 2665 707 2700 :
754 2645 872 2700 Illic
909 2646 1188 2699 timuerunt
1220 2643 1420 2706 timore,
1451 2639 1537 2693 ubi
1573 2655 1676 2692 non
1715 2645 1826 2690 erat

231 2745 392 2797 timor
414 2739 588 2814 (Psal.
623 2756 734 2805 xm,
779 2737 854 2810 5).
897 2736 996 2792 llic
1024 2745 1106 2791 est
1149 2737 1311 2790 timor
1337 2748 1496 2804 quem
1524 2730 1702 2786 seculi
1731 2746 1828 2786 cu-

231 2833 436 2904 piditas
468 2831 533 2886 ad
574 2838 782 2886 reatum
813 2829 999 2898 injicit,
1049 2827 1115 2882 ad
1144 2826 1464 2897 supplicium
1509 2823 1694 2878 nutrit.
1725 2821 1827 2877 Iste

232 2927 402 2980 timor
435 2924 556 2980 illos
595 2923 840 2993 captivos
886 2920 1146 2992 possidet,
1197 2935 1425 2988 quorum
1474 2916 1829 2985 cogitationes

230 3020 402 3074 rebus
451 3015 738 3086 implicitas
786 3013 1006 3068 incertis
1053 3020 1216 3080 atque
1265 3007 1600 3064 instabilibus
1654 3015 1825 3061 tenet.

231 3107 472 3176 Propter
497 3104 642 3176 quod
666 3114 722 3159 et
744 3103 831 3158 ille
858 3103 950 3172 qui
975 3103 1111 3157 dixit
1128 3120 1139 3154 :
1157 3100 1510 3172 Cogitationes
1533 3097 1826 3151 mortalium

1983 1918 2072 1973 21.
2090 1918 2448 1974 Misericordia
2467 1920 2626 1989 igitur
2638 1926 2970 1991 praeveniens
2985 1935 3393 1996 c00peraturam
3412 1928 3511 1982 sibi

1927 2003 2159 2062 hominis
2175 2009 2504 2064 voluntatem
2531 2012 2644 2065 sola
2669 2023 2962 2081 prwparat;
2982 2015 3312 2083 subsequens
3331 2023 3512 2070 autem

1927 2109 2313 2170 cooperantem
2330 2102 2429 2156 sibi
2446 2104 2780 2157 voluntatem
2795 2103 2964 2172 juvat.
2980 2105 3164 2176 itaque
3185 2107 3514 2176 praeveniens

1930 2187 1982 2242 in
2016 2189 2256 2244 tenebris
2285 2191 2556 2246 hominem
2580 2193 2929 2248 constitutum
2952 2195 3120 2262 gratis
3141 2196 3319 2250 educit
3343 2195 3410 2251 ad
3433 2195 3515 2251 lu~

1928 2294 2065 2344 cem,
2095 2297 2204 2335 non
2235 2281 2409 2335 solum
2441 2282 2782 2337 admonendo
2824 2284 3178 2349 extrinsecus,
3211 2284 3304 2340 sed
3347 2291 3400 2339 et
3431 2287 3506 2340 in-

1929 2372 2192 2427 trinsecus
2223 2373 2628 2427 illuminatiouis
2674 2374 2900 2440 gratiam
2933 2374 3226 2444 largiendo.
3261 2375 3516 2430 Dominus

1928 2463 2069 2516 enim
2103 2462 2363 2516 illuminat
2409 2478 2602 2530 caecos,
2654 2463 2853 2521 faciens
2895 2465 3101 2519 scilicet
3125 2480 3190 2519 ex
3221 2464 3421 2519 infideli
3463 2466 3515 2517 li-

1927 2553 2126 2621 delem,
2163 2570 2231 2608 ex
2273 2555 2506 2624 superbo
2551 2555 2826 2623 humilem,
2854 2571 2922 2610 ex
2951 2572 3146 2626 aspero
3193 2551 3400 2626 mitem,
3446 2573 3515 2614 ex

1929 2641 2256 2699 fornicatore
2277 2653 2504 2710 castum,
2535 2661 2600 2699 ex
2622 2645 2858 2714 maligno
2893 2633 3212 2702 benevolum
3243 2657 3289 2714 λ,
3315 2663 3382 2703 ex
3403 2657 3516 2703 tru-

1928 2740 2146 2795 culento
2175 2739 2462 2809 placidum,
2489 2756 2557 2795 ex
2599 2750 2843 2796 amatore
2873 2742 3056 2796 mundi
3095 2752 3392 2798 amatorem
3419 2742 3515 2798 Dei

1925 2839 1985 2886 .et
2028 2830 2278 2900 proximi,
2327 2847 2395 2885 ex
2443 2840 2660 2899 raptore
2704 2847 2882 2886 rerum
2936 2831 3249 2898 alienarum,
3296 2846 3516 2887 suarum

1931 2920 2218 2992 postmodo
2259 2921 2592 2990 largitorem.
2625 2919 2713 2975 Sic
2761 2919 3134 2974 misericordia
3177 2920 3272 2974 Dei
3313 2935 3517 2991 praeve-

1934 3013 2135 3076 niente,
2163 3021 2218 3068 et
2248 3013 2299 3068 in
2330 3013 2495 3068 corde
2525 3013 2758 3068 hominis
2787 3013 3102 3067 mirabiliter
3122 3019 3400 3083 operante,
3426 3011 3518 3082 qui

1932 3105 2135 3160 divitiis
2165 3106 2551 3176 temporalibus
2595 3099 2886 3162 carnaliter
2915 3105 3179 3175 superbus
3219 3103 3518 3159 extolleba-

228 3195 458 3254 timide.
494 3194 675 3249 statim
711 3191 942 3260 subjecit
974 3208 986 3244 :
1017 3189 1084 3244 Et
1112 3191 1327 3244 incerta:
1359 3187 1691 3259 prouidentia:
1732 3202 1827 3238 no-
1854 3198 1897 3258 ς
1933 3204 2042 3264 tur,
2071 3196 2287 3254 humilis
2317 3196 2371 3251 in
2397 3196 2592 3251 umore
2620 3195 2956 3266 Deimauper
2975 3194 3166 3265 ερῖτίιιι
3185 3193 3418 3248 tabente,
3443 3191 3524 3248 ef.

229 3295 367 3338 εει-ω
400 3283 551 3353 (Sap.
577 3297 652 3346 ιχ,
681 3279 792 3350 14).
832 3278 1038 3334 Incerta
1061 3285 1144 3332 est
1169 3276 1310 3332 enim
1343 3273 1680 3345 providentia
1708 3288 1826 3343 qua!

229 3377 468 3431 incertis
511 3374 670 3430 rebus
719 3372 1062 3442 impenditur,
1114 3379 1171 3426 et
1210 3371 1430 3424 incerta:
1467 3384 1553 3422 res
1599 3383 1825 3437 quarmn

228 3475 387 3521 certa
418 3465 689 3538 possessio
719 3479 828 3518 non
871 3471 1103 3517 tenetur.
1135 3459 1385 3528 Quotidie
1432 3474 1714 3528 possumus
1744 3459 1827 3512 in-

227 3558 327 3612 viti
360 3557 614 3611 amittere
643 3554 784 3624 quod
833 3555 884 3608 in
912 3562 1172 3608 teternum
1205 3567 1311 3606 non
1342 3565 1626 3620 possumus
1653 3549 1828 3618 possi-

228 3649 386 3705 dere.
413 3648 567 3703 Tunc
589 3662 719 3716 ergo
746 3654 876 3701 sunt
896 3646 1110 3700 incertte
1126 3642 1476 3714 providentia:
1499 3642 1843 3706 mortalium,

225 3741 457 3812 quando
479 3756 666 3795 earum
692 3755 871 3794 rerum
901 3754 1084 3794 amore
1105 3738 1314 3791 animus
1336 3743 1551 3790 tenetur
1579 3736 1827 3798 innexus,

224 3850 468 3904 quarum
493 3842 585 3887 aut
613 3833 884 3904 possessio
913 3830 1210 3902 possessori
1242 3829 1409 3884 invito
1435 3837 1614 3898 potest
1643 3827 1828 3892 adimi,

223 3933 326 3979 aut
358 3923 694 3994 possessioni
721 3923 1206 3990 nolens'possessor
1227 3918 1446 3973 auferri.
1476 3917 1626 3972 Unde
1649 3926 1829 3971 autem

222 4014 460 4072 incerte
518 4014 869 4084 providentite
927 4014 1090 4068 insint.
1139 4011 1382 4076 homini,
1441 4008 1832 4079 subsequenter

223 4118 518 4162 ostensum
557 4114 660 4171 est,
688 4105 900 4159 dicente
938 4103 1216 4172 Scriptura
1243 4119 1256 4154 :
1289 4100 1487 4172 Corpus
1516 4102 1654 4154 enim
1697 4100 1832 4172 quod

222 4195 589 4264 corrumpitur
617 4203 866 4264 aggravet
893 4193 1142 4256 animum,
1168 4198 1218 4243 et
1251 4189 1492 4258 deprimit
1521 4198 1724 4242 terrena
1751 4189 1832 4242 in-

222 4278 496 4338 habitatio
517 4300 719 4338 sensum
752 4284 912 4336 multa
943 4283 1270 4352 cogitantem,
1303 4289 1352 4333 et
1376 4280 1579 4349 difﬁcile
1601 4279 1830 4332 (exima-

219 4391 343 4430 mus
369 4391 494 4446 qua:
523 4376 573 4427 in
605 4384 741 4427 terra
784 4381 922 4439 sunt,
948 4381 996 4425 et
1025 4389 1138 4442 qua:
1165 4373 1218 4424 in
1249 4381 1518 4441 prospectu
1550 4380 1668 4424 sunt
1691 4373 1832 4423 iure.

219 4470 410 4520 nimus
436 4482 554 4518 cum
595 4463 772 4518 labore
802 4462 944 4534 (Ibid
973 4503 988 4526 ,
1032 4461 1112 4526 l5,
1150 4461 1261 4530 16).

295 4557 444 4612 Car.
478 4572 589 4610 xm.
621 4589 689 4598 ——
720 4554 808 4608 20.
853 4553 1141 4623 Postquam
1191 4567 1320 4620 ergo
1362 4559 1557 4604 nostne
1588 4551 1831 4604 mortali-

1933 3287 2133 3354 lleitur;
2160 3296 2216 3344 et
2245 3288 2335 3357 qui
2360 3303 2520 3358 asper
2543 3287 2567 3324 ι’
2597 3279 2651 3343 et
2677 3287 2992 3345 inobediens
3012 3285 3207 3342 divinis
3233 3295 3392 3341 antea
3407 3290 3520 3341 'ser-

1934 3377 2181 3431 monibus
2229 3377 2575 3446 repugnavit,
2629 3376 2696 3431 ad
2745 3375 3072 3431 audiendum
3097 3375 3318 3431 verbum
3357 3383 3521 3444 atque

1933 3467 2288 3522 ohediendum
2320 3478 2341 3506 ο
2375 3468 2521 3522 mitis
2549 3475 2603 3521 et
2625 3468 2838 3537 quietus
2867 3466 3101 3529 accedit;
3126 3472 3179 3520 et
3201 3466 3291 3534 qui
3320 3465 3518 3520 dudm:

1933 3557 2206 3625 injustitize
2251 3556 2624 3612 crudelitatem
2673 3555 2935 3625 indigesta
2965 3555 3274 3625 crapulatus
3303 3571 3520 3625 perver-

1933 3645 2092 3703 sitate
2116 3647 2365 3713 ructavit,
2401 3647 2644 3702 esuriens
2675 3655 2728 3701 et
2753 3647 2942 3702 sitiens
2971 3645 3275 3700 satietatem
3301 3644 3520 3712 justititu

1934 3736 2283 3805 concupiscit.
2331 3734 2406 3789 lta
2453 3734 2511 3788 fit
2541 3743 2597 3789 ut
2644 3750 2743 3805 pro
2771 3733 3009 3804 peccatis
3048 3733 3210 3788 etiam
3241 3733 3440 3802 lugeat,
3467 3734 3520 3788 in

1932 3827 2126 3895 quibus
2153 3835 2310 3880 antea
2338 3823 2613 3880 mortifera
2645 3824 3005 3879 delectatione
3053 3823 3356 3892 gaudebat:
3391 3839 3521 3893 ope-

1937 3918 2080 3971 ribus
2100 3915 2294 3970 deinde
2316 3914 2696 3969 misericordia:
2720 3913 3083 3968 indesinenter
3112 3911 3382 3978 insistens,
3408 3911 3522 3983 ipse

1934 4023 2150 4078 quoque
2170 4015 2536 4076 consequatur
2563 4005 3010 4071 misericordiam,
3046 4020 3141 4076 per
3166 4020 3325 4074 quam
3343 4020 3523 4074 perve-

1938 4099 2050 4154 niat
2088 4099 2156 4153 ad
2202 4112 2494 4163 coronam;
2539 4096 2644 4151 fide
2693 4110 2909 4166 quoque
2955 4109 3053 4164 per
3079 4095 3358 4148 caritatem
3403 4109 3523 4162 quas

1935 4199 2118 4246 sancta
2146 4197 2272 4245 sunt
2297 4189 2642 4243 laudabiliter
2667 4185 3034 4254 operante,ad
3047 4185 3334 4240 videndum
3358 4184 3524 4239 Deum

1937 4281 2251 4336 munditiam
2282 4279 2526 4348 acquirat
2547 4277 2744 4343 cordis,
2765 4279 2855 4348 qui
2879 4278 3298 4346 cogitationibus
3318 4275 3523 4347 pridem

1936 4373 2188 4429 sordebat
2217 4372 2484 4426 obscenis.
2655 4396 2659 4399 η
3127 4387 3130 4391 ·

1947 4485 1950 4488 ’
2007 4462 2094 4516 2‘2.
2139 4461 2261 4516 Hmc
2289 4472 2371 4515 est
2396 4460 2625 4514 mutatio
2645 4459 2882 4514 dextera!
2910 4456 3119 4512 Excelsi
3141 4457 3313 4526 (Psal.
3341 4472 3523 4523 Lxxvt,

1941 4550 2050 4620 ll),
2086 4565 2183 4621 per
2209 4566 2369 4619 quam
2398 4551 2693 4603 humanum
2717 4547 3051 4602 illuminalur
3078 4547 3386 4610 arbitrium;
3413 4547 3525 4602 haec

1938 4655 2128 4711 magna
2154 4655 2318 4711 opera
2351 4640 2588 4704 Domini,
2615 4639 2880 4708 exquisita
2922 4638 2976 4692 in
3005 4652 3193 4693 omnes
3221 4636 3525 4692 voluntates

1938 4732 2054 4802 ⁸⁵51³8
2084 4731 2258 4801 (Psal.
2287 4747 2374 4792 cx,
2407 4730 2486 4801 ἓ).
2517 4729 2607 4785 Sic
2635 4730 2686 4784 in
2724 4729 2880 4783 nobis
2907 4728 3049 4783 Deus
3077 4733 3340 4797 praeparat
3367 4726 3524 4781 adin-

1936 4824 2216 4878 ventioues
2243 4839 2398 4900 suas,
2431 4823 2554 4893 quia
2585 4822 2698 4893 ipse
2728 4823 2780 4876 in
2811 4820 2964 4875 nobis
3005 4805 3270 4891 praeparat
3296 4818 3439 4889 quod
3469 4819 3522 4873 in

1939 4913 2092 4968 nobis
2122 4914 2386 4979 inveniat;
2434 4914 2559 4968 dum
2589 4928 2773 4967 arcum
2823 4912 3120 4982 potentium
3151 4909 3417 4966 infirmum
3447 4909 3511 4965 fa~

1937 5005 2031 5070 cit,
2069 5012 2124 5058 et
2173 5002 2414 5059 infirmos
2461 5004 2953 5075 prarcingitvirtute
2984 5001 3056 5075 (1
3090 5001 3220 5073 Reg.
3267 5017 3322 5064 ιι,
3355 4999 3441 5072 4),
3474 4999 3522 5055 id

1939 5103 2040 5160 est,
2072 5095 2196 5150 dum
2228 5096 2281 5150 in
2319 5095 2628 5152 hominibus
2668 5110 2804 5167 quos
2831 5094 2997 5163 gratis
3039 5093 3229 5157 salvat,
3262 5106 3523 5162 prtesum-

1939 5186 2179 5257 ptionem
2220 5181 2703 5242 humanae—vulnus
2753 5185 2985 5241 infirmat
3014 5181 3063 5250 ἀ,
3097 5191 3154 5238 ut
3194 5198 3252 5238 se
3283 5181 3524 5239 infirmos

1939 5286 2253 5345 agnoscant,
2286 5287 2340 5332 et
2383 5277 2704 5346 adjutorium
2752 5275 2946 5331 divina:
2975 5275 3188 5331 virtutis
3233 5273 3521 5344 accipiant.

1939 5366 2043 5420 Ista
2069 5366 2207 5421 Deus
2233 5367 2285 5420 in
2309 5368 2464 5421 nobis
2491 5366 2910 5428 misericorditer
2931 5365 3076 5430 facit,
3092 5363 3218 5420 dum
3243 5379 3340 5436 pro
3365 5363 3524 5420 malis

1940 5457 2078 5512 bona
2110 5458 2372 5522 retribuit,
2405 5457 2530 5512 dum
2559 5457 2927 5516 misericordia
2977 5457 3339 5529 prtevenicnte
3365 5454 3524 5512 malis

215 4651 361 4705 tatis
397 4648 676 4717 Scriptura
708 4648 861 4701 nobis
886 4645 1272 4701 demonstravit
1297 4657 1613 4708 utrumnam,
1643 4641 1830 4694 subse-

213 4748 476 4812 quenter
506 4739 660 4792 nobis
702 4739 893 4791 divina:
922 4736 1146 4805 gratiam
1194 4734 1452 4790 bonitatis
1497 4733 1746 4797 insinuat,
1778 4739 1836 4784 ut

211 4843 604 4901 agnoscamus
627 4827 766 4882 unde
797 4827 950 4882 nobis
973 4834 1028 4881 et
1055 4826 1294 4880 scientias
1324 4823 1522 4878 domnu
1554 4831 1607 4876 et
1649 4838 1829 4875 corre-

207 4920 449 4995 ptionis
468 4927 627 4988 atque
654 4919 900 4973 sanitatis
924 4917 1242 4972 beneficium
1273 4915 1597 4972 conferatur.
1643 4913 1829 4981 Sequi-

207 5021 312 5066 tur
354 5009 512 5065 enim
554 5010 648 5080 (al.
683 5006 885 5078 autem)
919 5008 1008 5062 ille
1035 5007 1124 5076 qui
1155 5023 1217 5061 ea
1249 5021 1367 5076 qua:
1416 5005 1470 5059 in
1521 5013 1660 5058 terra
1709 5010 1834 5056 sunt

201 5099 467 5157 difﬁcile
495 5100 766 5162 :estimari,
817 5111 872 5154 et
899 5113 1017 5168 quae
1047 5097 1098 5152 in
1143 5104 1428 5167 prospectu
1459 5103 1584 5150 sunt
1609 5110 1727 5147 cum
1760 5095 1835 5148 la-

202 5191 369 5246 bore
411 5189 604 5244 asserit
647 5189 897 5254 inveniri,
943 5196 997 5243 et
1036 5189 1166 5242 dicit
1208 5187 1316 5241 Deo
1361 5205 1371 5238 :
1417 5185 1546 5248 Qua:
1575 5195 1740 5238 autem
1784 5186 1832 5237 in

197 5281 360 5336 calo
400 5289 524 5332 sunt
551 5281 662 5351 quis
695 5280 1057 5351 investigabit?
1105 5278 1325 5332 Sensum
1372 5279 1508 5330 enim
1540 5286 1678 5328 tuum
1725 5275 1836 5346 quis

195 5374 382 5431 sciet,
428 5371 529 5423 nisi
574 5380 625 5423 tu
655 5369 857 5424 dederis
899 5369 1226 5439 sapientiam,
1259 5375 1308 5420 et
1354 5367 1553 5419 miseris
1598 5367 1835 5434 spiritum

194 5476 376 5519 (nam
427 5464 488 5515 de
510 5463 808 5516 altissimis?
836 5462 902 5515 Ιζι
929 5463 1002 5516 sic
1025 5470 1268 5514 correcta!
1300 5469 1418 5512 sunt
1440 5459 1633 5510 semitm
1660 5473 1834 5510 eorum

2015 5689 2035 5716 ε
2069 5677 2233 5733 Abest
2257 5679 2324 5732 ab
2353 5676 2474 5732 edd.
2507 5685 2660 5744 atpte
2688 5674 3042 5731 obedientium.

361 5685 626 5744 Sicmss.
659 5683 787 5748 duo.
819 5681 1032 5742 Cault‘t'i,
1065 5698 1129 5734 ex
1161 5678 1407 5733 mulerolo
1436 5677 1728 5747 benignum.
1832 5712 1834 5714 τ
2015 5689 2035 5716 ε
2069 5677 2233 5733 Abest
2257 5679 2324 5732 ab
2353 5677 2473 5732 edd.

379 5754 442 5808 In
486 5754 848 5818 quibusdam,
889 5770 1040 5818 asper
1071 5764 1212 5815 erat;
1265 5749 1386 5804 meli
1429 5763 1454 5801 s
1498 5764 1601 5801 non
1635 5747 1825 5815 legitur
1876 5791 1878 5795 .
2003 5749 2026 5782 ’ί
2067 5747 2190 5804 Mss.
2226 5747 2356 5816 duo,
2390 5749 2473 5818 inf

2067 5757 2190 5804 Mss.
2226 5757 2356 5816 duo,
2390 5757 2638 5816 inpetrat.

379 5754 442 5808 In
486 5754 848 5824 quibusdam,
889 5770 1040 5822 asper
1071 5764 1212 5815 erat;
1265 5749 1386 5804 meli
1429 5763 1454 5801 s
1498 5764 1601 5801 non
1635 5747 1825 5815 legitur
1876 5791 1878 5795 .

185 5838 360 5886 ϐηιι.
