4064 6358
522 422 628 486 639

1461 401 1469 409 ’
1553 420 1627 477 s-
1655 416 2014 476 ruraexrn
2055 412 2358 472 tuscum
2400 392 2772 471 nusrmssrs

3696 394 3799 470 mi.

524 544 665 598 bona
694 541 881 609 donat,
910 552 968 596 ut
989 557 1051 594 ea
1082 540 1137 594 in
1166 537 1319 591 nutris
1343 534 1712 593 misericordia
1740 535 2102 603 subsequente
2136 539 2176 592 Α
2206 531 2343 601 quod
2389 528 2652 583 tribulatio
2690 529 2990 599 patientiam
3036 524 3298 598 operatur,
3342 529 3592 594 patientia
3631 514 3802 585 autem

524 635 810 702 custodiat.
842 633 976 688 Cum
1011 632 1151 686 enim
1176 626 1481 698 jUstilicatis
1524 643 1588 682 ac
1632 628 1771 681 bene
1800 624 2103 680 volentibus

525 726 728 796 pmbet
756 723 1031 784 auxilium,
1066 720 1176 774 suis
1203 721 1388 789 utique
1411 718 1565 773 donis
1601 718 1973 773 subministrat
2010 732 2105 769 au-

523 820 828 882 gmentum;
853 819 908 864 et
932 810 1002 863 ita
1024 807 1304 864 conﬁrmat
1329 807 1473 877 quod
1494 817 1747 877 operatus
1770 816 1851 862 est
1873 807 1924 861 in
1954 805 2106 861 nobis

528 903 699 975 (Psal.
720 917 891 965 1.3m,
923 901 1046 970 26),
1089 903 1214 955 dum
1243 902 1439 956 bonam
1470 943 1484 969 ,
1525 915 1686 970 quam
1738 901 1852 970 ipse
1901 900 2105 967 tribuit,

528 993 856 1049 voluntatem
880 1000 1096 1061 torpere
1118 1007 1179 1046 ac
1194 989 1426 1047 deiicere
1448 1007 1556 1046 non
1575 991 1837 1061 permittit
1859 991 1910 1045 in
1930 983 2105 1046 nobis.

595 1119 723 1175 Car.
757 1137 861 1175 xlv.
891 1154 962 1163 -—-
990 1121 1079 1175 23.
1113 1120 1364 1185 Proinde,
1384 1122 1675 1178 secundum
1705 1123 1948 1193 Apostoli
1975 1137 2109 1193 prte-

526 1220 762 1282 eeptum,
795 1198 916 1266 cum
949 1195 1140 1266 timore
1168 1220 1223 1267 et
1249 1221 1484 1268 tremore
1510 1212 1676 1285 5.69
1704 1221 1939 1269 nostram
1966 1212 2110 1270 salu-4

525 1312 635 1359 tem
664 1320 951 1374 operemur
972 1343 986 1368 ,
1018 1304 1097 1361 sci
1120 1314 1250 1361 ntes
1295 1306 1417 1373 quin
1463 1306 1605 1362 Deus
1631 1306 1829 1375 estqui
1857 1315 2113 1377 operatur

527 1392 581 1449 in
622 1394 777 1450 nobis
822 1404 879 1451 ct
923 1395 1064 1452 velle
1103 1404 1161 1453 ct
1188 1397 1465 1467 perlicere,
1505 1414 1604 1469 pro
1630 1398 1789 1453 bona
1835 1399 2113 1453 voluntate

526 1483 748 1555 (Philip.
779 1502 834 1551 ιι,
869 1484 954 1551 l2,
988 1486 1096 1557 l3).
1145 1486 1326 1558 Neque
1365 1488 1444 1544 sic
1488 1497 1740 1558 putemus
1786 1487 2110 1542 abutendunr

528 1571 802 1666 beneﬁciis
830 1577 1041 1643 gratim,
1074 1584 1134 1631 ut
1169 1577 1371 1646 absque
1407 1577 1561 1633 bonis
1603 1577 1858 1648 operibus
1899 1585 2114 1666 torpea—

528 1677 667 1719 mus.
717 1663 798 1720 Ab
846 1666 910 1720 iis
955 1668 1098 1721 eninr
1145 1668 1317 1737 gentia
1355 1668 1600 1738 profecto
1635 1668 1860 1723 discedit
1884 1663 2112 1739 quorum

528 1754 724 1811 caritas
754 1754 1069 1823 refrigescit.
1114 1756 1405 1812 Audiamus
1442 1759 1622 1827 itaque
1648 1758 1964 1828 Apostolum
1993 1772 2117 1826 grao

529 1844 617 1899 tite
644 1846 956 1916 participem
973 1890 989 1913 ,
1018 1848 1201 1917 gratia:
1241 1848 1397 1904 nobis
1425 1865 1588 1920 opera
1628 1852 2107 1904 demorrstrantem.

2210 618 2582 689 probationem,
2610 616 2841 689 probatio
2875 636 2987 672 vero
3014 634 3175 688 spem,
3198 636 3312 687 spes
3341 627 3510 672 autem
3542 638 3644 675 non
3673 623 3801 675 roni-

2211 711 2399 781 fundit,
2431 711 2550 781 quia
2582 711 2774 762 raritas
2809 707 2901 762 Dei
2928 708 3118 777 diffusa
3150 716 3224 761 est
3254 709 3305 760 in
3334 709 3572 762 cordibus
3613 713 3804 766 nostris

2210 818 2301 872 per
2327 802 2578 872 Spiritum
2607 810 2841 856 sanctum
2866 841 2881 864 ,
2914 801 3000 872 qui
3023 800 3172 852 datus
3207 809 3284 853 est
3308 797 3453 854 nobis
3493 800 3663 869 (Rom.
3691 820 3743 865 v,
3770 803 3807 857 3

2209 903 2256 949 et
2285 898 2441 967 δρψ).
2485 892 2600 965 lpsa
2634 892 2758 947 facit
2785 900 2843 947 ut
2885 907 2983 946 nec
3018 891 3399 960 cupiditatibus
3426 892 3699 962 capiamur
3741 895 3805 948 il?-

2211 989 2374 1054 lecti,
2417 1002 2517 1042 nec
2576 985 2991 1040 adversitatilrus
3044 984 3452 1039 succumbamus
3500 985 3670 1040 inviti.
3724 980 3803 1042 Ita

2212 1075 2592 1132 ruisericordize
2621 1074 2998 1143 subsequentis
3027 1089 3192 1144 opere
3221 1075 3273 1127 in
3304 1081 3560 1143 quantum
3604 1075 3804 1130 rrrundo

2213 1166 2406 1222 mortui
2436 1165 2740 1231 efﬁcimur,
2787 1166 2840 1219 in
2892 1172 3095 1218 tantum
3140 1164 3327 1234 spiritu
3368 1166 3562 1220 mentis
3607 1176 3804 1220 nostra

2213 1243 2380 1325 magis
2411 1258 2683 1325 magisque
2713 1272 3039 1311 renovamur

2282 1393 2371 1447 ‘25.
2405 1391 2726 1448 leestibus
2751 1390 2931 1460 itaque
2955 1388 3218 1444 mandatis
3241 1390 3518 1458 ohedieus,
3540 1398 3804 1460 quantum

2215 1482 2497 1553 adiuvatur
2524 1484 2687 1539 homo
2714 1481 2971 1537 divinitus
2994 1521 3009 1546 ,
3044 1480 3361 1537 voluntariis
3389 1482 3590 1537 nisibus
3614 1482 3802 1537 elaboc

2216 1584 2317 1632 ret.
2364 1575 2517 1642 Quod
2568 1590 2696 1630 vero
2738 1573 2792 1628 in
2840 1574 3027 1629 labore
3072 1591 3177 1628 non
3221 1573 3438 1638 deﬁcit,
3467 1575 3612 1643 quod
3640 1577 3803 1630 rectis

2217 1667 2492 1736 gressibus
2506 1666 2698 1729 currit,
2727 1663 2871 1734 quod
2901 1665 3039 1719 bene
3063 1673 3254 1731 certat,
3281 1664 3424 1734 quod
3453 1663 3613 1720 fidem
3639 1664 3804 1737 870

2220 1767 2419 1822 servat,
2449 1774 2554 1813 non
2575 1736 2684 1811 sua:
2707 1757 2887 1815 virtuti
2907 1755 3146 1826 deputet,
3174 1754 3270 1810 sed
3295 1755 3439 1811 dono
3465 1757 3652 1825 gratia:
3668 1736 3726 1812 in
3745 1773 3803 1813 se

2223 1866 2285 1906 ac
2312 1863 2494 1904 secum
2523 1848 2800 1918 operantis
2824 1846 3078 1915 assignet.
3120 1845 3312 1901 Labori
3340 1855 3531 1903 sancto
3566 1847 3801 1903 studium

532 1937 619 1992 Ait
644 1937 786 1991 enim
815 1937 1048 2007 quodam
1077 1939 1198 1995 loco
1232 1956 1243 1993 :
1282 1940 1418 2007 Quid
1442 1957 1564 2011 ergo
1594 1941 1856 1995 dicemus?
1891 1938 2105 1995 Perma-
2149 1931 2189 1989 Β
2217 1941 2374 1996 bona:
2402 1937 2696 1994 voluntatis
2736 1934 3010 2007 impendat
3037 1954 3051 1989 :
3082 1951 3201 2005 qua:
3228 1935 3474 1991 voluntas
3502 1944 3634 1993 tunc
3662 1938 3803 1992 bona

530 2023 763 2080 nebinus
796 2026 849 2080 in
878 2037 1120 2097 peccato,
1152 2039 1208 2082 ut
1236 2031 1406 2101 gratia
1440 2029 1666 2084 abundet
1705 2029 1882 2099 (Rom.
1914 2047 1989 2098 vr,
2019 2029 2114 2098 ηερ

532 2114 829 2186 Statimque
856 2118 1145 2187 resprndct
1176 2137 1188 2172 :
1221 2119 1365 2174 Absit
1397 2137 1415 2174 :
1437 2121 1525 2191 qui
1563 2122 1697 2175 enim
1726 2123 1914 2175 mortui
1944 2137 2117 2175 sumus

534 2216 774 2264 occcalo.
815 2207 1069 2279 quomodo
1109 2207 1277 2261 adhuc
1314 2209 1535 2263 vivemus
1571 2210 1624 2263 in
1662 2210 1752 2265 illo
1801 2208 1988 2282 (lbid.,
2018 2210 2119 2279 2)?

534 2293 649 2352 lloc
679 2296 839 2365 igitur
866 2298 919 2353 in
948 2298 1104 2354 nobis
1131 2308 1389 2369 operatur
1414 2300 1608 2368 gratia,
1637 2309 1698 2356 ut
1721 2308 1945 2372 peccato
1975 2316 2117 2356 mor-

534 2387 630 2454 tui,
648 2386 871 2456 justitire
894 2389 1157 2444 vivamus.
1182 2389 1309 2446 ldeo
1339 2407 1524 2446 rursus
1553 2391 1693 2446 idem
1719 2392 1994 2463 apostolus
2022 2393 2117 2459 ait,

535 2488 593 2534 ut
630 2482 960 2538 aestimemus
1014 2498 1113 2538 nos
1158 2491 1401 2539 mortuos
1443 2483 1658 2554 quidem
1705 2500 1826 2540 esse
1871 2490 2117 2554 peccato,

536 2572 776 2628 viventes
804 2581 984 2628 autem
1009 2573 1120 2630 Deo
1168 2574 1222 2629 in
1265 2573 1482 2630 Christo
1519 2574 1646 2631 Jesu
1680 2575 1904 2631 Domino
1934 2583 2121 2630 nostro

536 2659 721 2733 (lbid.,
761 2661 866 2735 ll).
909 2663 1093 2719 Gratia
1122 2666 1304 2735 itaque
1330 2666 1510 2721 divina
1540 2667 1592 2720 in
1620 2667 1854 2721 humano
1877 2666 2120 2733 arbitrio,

535 2765 592 2812 et
620 2764 849 2811 mortem
877 2757 1164 2813 salubriter
1186 2765 1444 2828 operatur
1462 2766 1518 2812 ct
1539 2758 1701 2812 vitam
1728 2775 1741 2811 :
1765 2765 1993 2812 mortcru
2018 2758 2123 2813 sci-

536 2848 664 2905 licet
690 2848 996 2917 criminum,
1028 2850 1297 2920 vitamque
1327 2850 1601 2904 virtutum.
1631 2849 1759 2905 Ideo
1789 2850 1930 2904 Deus
1958 2849 2117 2906 dicit:

540 2940 649 3012 Ego
671 2940 926 3009 occidam,
948 2950 998 2995 et
1024 2943 1187 2996 virere
1215 2942 1408 3013 faciam
1439 2940 1615 3010 (Deut.
1641 2957 1805 3005 xxxn,
1829 2940 1942 3011 59).
1975 2941 2123 2997 Sicut

539 3044 668 3099 ergo
697 3046 820 3085 cum
867 3031 1171 3085 viveremus
1217 3039 1479 3102 peccato,
1528 3046 1746 3100 pravam
1793 3031 2121 3087 voluntatem

539 3128 779 3175 nostram
809 3137 972 3191 prava
1001 3137 1163 3191 opera
1189 3122 1603 3191 scqucbantur;'
1630 3121 1704 3176 ita
1735 3139 1875 3178 nunc
1902 3133 2125 3193 accepto

540 3207 802 3266 beneficio
829 3211 1032 3280 gratim,
1063 3219 1119 3265 et
1147 3226 1245 3282 per
1271 3212 1377 3267 hoc
1398 3219 1601 3267 mutata
1630 3212 1682 3266 in
1714 3213 1904 3268 melius
1931 3213 2124 3268 volun-

2218 2034 2339 2097 est,
2365 2028 2412 2086 si
2437 2028 2671 2083 studium
2699 2042 2853 2082 suum
2898 2027 3091 2082 divinae
3141 2026 3400 2096 largitatis
3442 2043 3639 2086 munus
3684 2045 3807 2086 esse

2219 2136 2327 2174 non
2353 2119 2607 2186 ambigat.
2640 2117 2929 2188 Apostolus
2957 2118 3156 2188 quippe
3176 2116 3513 2173 Timotheum
3543 2120 3612 2174 ad
3640 2121 3807 2176 virtu-

2222 2223 2328 2267 tem
2352 2211 2509 2280 hujus
2537 2211 2736 2266 laboris
2763 2210 3038 2287 hortatur,
3069 2209 3250 2265 dicens
3279 2228 3294 2263 :
3332 2209 3537 2266 Laboro
3563 2222 3620 2268 ut
3643 2213 3810 2269 bonus

2221 2304 2369 2358 miles
2399 2302 2594 2358 Christi
2614 2301 2737 2356 Iesu
2767 2300 2857 2375 (II
2883 2300 3015 2357 Tim.
3047 2318 3117 2367 rr,-
3139 2302 3215 2369 3).
3241 2302 3313 2358 Se
3333 2318 3550 2374 quoque
3576 2305 3809 2376 amplius

2219 2391 2428 2447 ceteris
2446 2392 2695 2447 omnibus
2724 2391 2997 2448 laborasse
3025 2400 3249 2447 testatur
3266 2393 3451 2449 dicens
3478 2413 3491 2449 :
3520 2395 3810 2451 Abundat»

2222 2484 2321 2536 tius
2369 2483 2473 2537 illis
2517 2480 2755 2537 carnibus
2801 2482 3030 2537 laborari
3079 2482 3133 2555 (I
3158 2483 3281 2540 Cor.
3316 2501 3406 2555 xv,
3447 2486 3557 2559 l0).
3606 2488 3718 2545 Sed
3754 2499 3810 2546 ut

2222 2574 2536 2630 ostenderet
2563 2590 2622 2630 sc
2653 2583 2712 2631 et
2740 2573 2862 2631 lidei
2889 2576 3089 2631 donum
3113 2618 3131 2643 ,
3162 2586 3223 2634 et
3250 2577 3537 2634 lahorandl
3558 2582 3810 2639 virtutem

2222 2668 2416 2723 divina:
2440 2668 2624 2735 gratia:
2652 2683 2876 2723 munere
2905 2685 2968 2724 ac
2986 2667 3657 2738 juvaminc‘consecuturn,
3681 2672 3812 2728 item

2222 2756 2351 2812 dicit
2376 2773 2389 2809 :
2417 2755 2517 2820 Qui
2549 2758 2690 2827 prius
2720 2757 2795 2828 frti
2820 2757 3165 2828 blasphemus,
3194 2776 3256 2811 ac
3281 2768 3589 2829 perscrutor,
3613 2768 3665 2813 et
3683 2775 3812 2814 corr.

2224 2849 2558 2911 tumeliosus;
2588 2848 2680 2902 sed
2707 2847 3117 2903 misericordiam
3136 2858 3437 2904 consecutus
3456 2866 3563 2903 sunt
3592 2848 3644 2920 (1
3674 2848 3811 2905 Tim.

2226 2958 2262 2998 r.
2301 2939 2411 3007 l5).
2459 2939 2606 3009 Opus
2629 2948 2808 2995 autem
2838 2939 3077 3008 ejusdem
3117 2939 3495 2994 misericordia:
3522 2940 3602 2995 sic
3627 2950 3810 2994 ostcno

2224 3030 2323 3096 dit,
2353 3030 2537 3084 dicens
2566 3047 2578 3082 :
2605 3029 2896 3084 Consilium
2925 3039 3095 3084 autem
3127 3030 3209 3094 do,
3246 3039 3489 3099 tanquam
3522 3031 3795 3084 miserit-or

2225 3121 2368 3175 diem
2397 3118 2700 3174 consecutus
2723 3137 2756 3173 a
2784 3119 3006 3175 Domino
3037 3129 3091 3174 ut
3119 3120 3291 3191 ﬁdelis
3318 3136 3477 3175 essem
3501 3118 3556 3191 (I
3578 3121 3703 3176 Cor.
3724 3137 3796 3176 vn

2226 3209 2349 3282 95).
2398 3210 2525 3265 ldco
2549 3226 2673 3265 cum
2707 3209 2934 3266 dixisset
2967 3211 3186 3279 dignum
3226 3226 3287 3267 se
3323 3227 3431 3266 non
3476 3225 3599 3267 esse
3637 3227 3807 3267 vocar

541 3308 674 3367 tate,
704 3316 812 3356 non
839 3301 1079 3356 vivamus
1107 3310 1329 3372 peccato
1352 3343 1367 3368 ,
1398 3301 1492 3357 sed
1526 3301 1656 3358 Deo.
1708 3302 1787 3358 Ad
1833 3305 1937 3360 hoc
1982 3304 2123 3359 enim
2155 3319 2199 3378 ρ
2230 3301 2537 3370 apostolum
2561 3340 2575 3365 ,
2623 3301 2752 3371 quia
2802 3309 3116 3372 persecutus
3158 3308 3307 3356 esset
3346 3298 3641 3357 Ecclesiam
3690 3300 3847 3378 Dei,_

546 3391 718 3459 nobis,
746 3408 871 3448 cum
898 3393 1087 3449 mortis
1116 3392 1421 3464 praeiudicio
1454 3386 1626 3463 frigidi
1657 3410 1896 3450 essemus
1918 3436 1933 3463 ,
1971 3396 2128 3452 datus

542 3490 623 3540 est
633 3483 806 3538 vitalis
820 3482 1001 3540 fervor
1011 3484 1180 3542 sancti
1193 3483 1440 3555 Spiritus,
1454 3500 1612 3554 quem
1627 3487 1791 3557 gratis
1802 3488 2123 3558 accepimus,

541 3585 603 3630 ut
628 3590 726 3646 per
743 3575 969 3644 gratiam
1000 3576 1116 3641 Dei,
1149 3584 1205 3633 et
1228 3577 1428 3633 bonum
1457 3577 1614 3644 velle,
1646 3587 1702 3634 et
1729 3579 1926 3635 bonum
1949 3579 2129 3635 facere

544 3666 835 3723 valeamus.
879 3667 1004 3724 Ideo
1047 3684 1147 3724 nos
1185 3667 1475 3739 Apostolus
1510 3684 1631 3726 esse
1660 3671 1900 3742 prmcipit
1937 3670 2127 3742 spiritu

542 3760 813 3831 ferventes,
838 3756 1061 3815 Domino
1080 3761 1358 3815 servientes
1389 3759 1565 3833 (Rom.
1593 3772 1684 3826 ιιι,
1712 3761 1820 3833 ll).
1855 3761 1969 3817 Non
1998 3778 2128 3833 ergo

541 3849 699 3925 nobis
725 3857 809 3906 est
835 3866 865 3905 a
894 3860 1084 3907 sancto
1112 3851 1295 3907 labore
1320 3854 1635 3909 cessandum
1661 3894 1676 3919 ,
1717 3856 1910 3925 quibus
1939 3856 2128 3912 diviure

543 3941 727 4008 gratiae
746 3956 853 3996 non
874 3942 1050 3999 sdum
1078 3957 1287 3998 merces
1306 3943 1651 4012 promittitur,
1675 3946 1768 4001 sed
1792 3954 1847 4001 et
1871 3947 2127 4002 auxilium

544 4028 881 4098 suffragatur.
927 4029 996 4085 Et
1017 4030 1142 4101 quia
1183 4032 1527 4105 unusquisque
1555 4036 1821 4106 propriam
1848 4037 2129 4093 mercedem

544 4120 760 4190 accipiet
794 4121 1074 4175 secundum
1109 4138 1258 4176 suum
1300 4123 1528 4179 laborem
1578 4124 1633 4196 (I
1661 4125 1782 4182 Cor.
1813 4142 1898 4194 nr,
1931 4127 2018 4198 8),
2048 4129 2128 4185 di-

546 4227 710 4283 gnum
739 4221 823 4269 est
859 4222 917 4271 ut
944 4215 1082 4271 bene
1129 4216 1386 4273 facientes
1431 4234 1537 4274 uorr
1585 4218 1897 4278 deﬁciamus
1926 4229 2034 4277 tam
2061 4223 2129 4278 ab

545 4318 713 4374 opere
738 4319 901 4375 quam
924 4306 995 4361 ab
1021 4307 1267 4364 oratione
1292 4305 1431 4381 (Cal.
1457 4325 1527 4375 vr,
1553 4309 1640 4382 9);
1669 4327 1769 4368 nec
1798 4312 1997 4384 aliquid
2026 4313 2123 4369 ho-

528 4411 666 4451 .rum
696 4411 816 4467 qua:
843 4398 981 4453 bene
1006 4397 1250 4466 facimus,
1281 4409 1375 4456 aut
1400 4402 1712 4469 voluntatis,
1741 4410 1833 4458 aut
1858 4403 2127 4475 possibili-

546 4487 674 4560 tatis
697 4496 895 4545 nostrae
922 4489 1123 4546 viribus
1150 4492 1482 4561 assignemus
1513 4511 1527 4550 :
1551 4508 1622 4549 ne
1649 4494 1791 4549 inter
1816 4509 1912 4549 eos
1936 4496 2129 4552 merito

546 4580 810 4651 superbiae
831 4580 1168 4653 deputemur,
1191 4585 1285 4653 qui
1314 4585 1623 4654 ignorantes
1645 4585 1738 4642 Dei
1763 4585 2053 4659 justitiam,
2076 4597 2130 4644 et

548 4688 699 4728 suam
744 4673 989 4729 volentes
1032 4676 1362 4732 constituere
1384 4718 1401 4745 ,
1441 4677 1663 4748 iustitia:
1714 4679 1810 4734 Dei
1858 4696 1964 4736 non
2008 4692 2132 4737 sunt
2164 4697 2213 4754 ιζ)

547 4764 775 4834 subjecti
803 4765 979 4837 (Rom.
1010 4784 1066 4835 ι,
1093 4768 1150 4840 5)
1184 4787 1199 4824 :
1229 4770 1373 4841 quod
1401 4770 1646 4842 profecto
1671 4772 1929 4844 sapientia
1959 4776 2135 4831 carnis

548 4865 631 4912 est
649 4899 665 4925 ,
695 4873 815 4927 qua:
843 4859 1058 4916 inimica
1087 4869 1170 4917 est
1197 4861 1339 4929 Deo,
1369 4864 1681 4934 legi'autem
1713 4864 1805 4920 Dei
1836 4881 1946 4921 non
1971 4866 2133 4936 subji-

548 4950 721 5016 citur,
752 4966 851 5007 nec
876 4952 1019 5008 enim
1048 4961 1229 5024 potest
1260 4954 1436 5026 (Rom.
1470 4972 1584 5025 vin,
1613 4957 1686 5027 7).

625 5080 748 5137 Car.
778 5072 879 5165 xlv.
904 5111 976 5122 —
1000 5083 1090 5139 24.
1123 5085 1492 5157 Subsequatur
1520 5087 1680 5155 igitur
1708 5089 1923 5145 humilis
1952 5090 2138 5146 volun-

552 5179 635 5227 tas
654 5172 885 5229 hominis
910 5176 1320 5253 pmcedentem,
1341 5186 1399 5233 et
1420 5180 1704 5234 comitetur
1723 5180 2136 5252 subsequentem

550 5264 973 5321 misericordiam
1004 5265 1378 5338 Redemptoris
1403 5286 1416 5322 ε
1440 5286 1560 5341 qua:
1581 5270 1706 5325 dum
1738 5287 1834 5327 nos
1862 5271 2138 5343 praecedit.

552 5362 614 5407 ea
644 5367 763 5421 quze
790 5362 937 5409 retro
965 5362 1090 5410 sunt
1117 5353 1513 5425 obliviseimur;
1544 5359 1670 5415 dum
1699 5360 2063 5430 subsequitur,
2087 5361 2138 5417 iu

550 5454 613 5495 ea
643 5457 763 5512 qua:
790 5451 916 5499 ante
943 5454 1068 5500 sunt
1094 5446 1463 5514 extendimur;
1506 5464 1571 5505 ac
1597 5451 1676 5507 sic
1706 5452 1817 5529 ipsa
1844 5453 2012 5522 gratia
2044 5470 2142 5509 nos

549 5537 604 5584 et
627 5533 957 5590 anteriorum
987 5537 1280 5608 appetitqu
1311 5540 1551 5598 tribuens
1572 5541 1769 5611 dirigit,
1801 5550 1857 5597 et
1879 5545 2142 5614 posterio-

546 5634 667 5674 rum
697 5623 1129 5681 recordationem
1159 5629 1505 5696 subtrahens,
1534 5631 1602 5686 ab
1629 5640 1848 5703 arrepto
1871 5649 2029 5688 cursu
2056 5650 2143 5689 re-

546 5710 764 5768 tardare
794 5729 901 5769 non
929 5717 1075 5772 sinit.
1121 5718 1275 5776 Facit
1298 5721 1608 5790 pmcedens
1627 5764 1643 5789 ,
1672 5730 1734 5778 ut
1758 5738 2046 5794 sequamur
2071 5725 2140 5778 ad

548 5797 780 5856 brarium
806 5820 1044 5875 superna:
1067 5809 1346 5864 vocationis
1374 5808 1469 5865 Dei
1499 5809 1721 5881 (Philip.
1748 5828 1824 5877 rn,
1854 5811 1976 5882 ll);
2010 5813 2135 5870 facit

547 5891 901 5967 subsequens,
927 5904 985 5950 ut
1011 5897 1303 5968 gloriemur
1331 5900 1383 5956 in
1412 5900 1844 5960 tribulationibus
1864 5942 1877 5968 ,
1921 5904 2136 5960 scientes

2231 3408 2367 3463 opus
2393 3393 2448 3447 in
2471 3408 2529 3448 se
2560 3392 2943 3448 misericordia:
2968 3391 3341 3462 praevenientis
3368 3392 3682 3458 ostendens,
3705 3395 3782 3448 ait
3809 3416 3813 3423 ε

2233 3482 2422 3538 Gratia
2450 3493 2627 3538 autent
2653 3482 2750 3537 Dei
2795 3499 2909 3537 sum
2937 3482 2991 3536 id
3027 3482 3162 3554 quod
3188 3498 3301 3537 sum
3343 3479 3397 3553 (I
3425 3480 3548 3536 Cor.
3579 3497 3667 3547 xv,
3709 3482 3816 3551 ω).

2232 3575 2296 3630 Et
2325 3585 2383 3631 ut
2410 3575 2724 3632 ostenderet
2752 3575 3031 3631 laborandi
3069 3591 3284 3646 quoque
3325 3576 3419 3645 (al.
3449 3575 3693 3646 quidem)
3722 3576 3808 3631 do-

2216 3683 2357 3741 num
2379 3668 2566 3738 gratia:
2587 3667 2690 3722 sibi
2720 3666 2967 3738 largitate
2994 3666 3267 3732 collatum;
3290 3666 3554 3737 sequitur,
3574 3673 3632 3722 et
3652 3665 3787 3723 dicit
3812 3676 3815 3679 ‘

2233 3760 2299 3813 Et
2335 3761 2509 3832 gratia
2540 3761 2653 3832 ejus
2681 3760 2735 3814 in
2763 3776 2845 3813 me
2877 3775 3038 3814 mea
3062 3774 3167 3813 non
3201 3760 3319 3831 fuit.
3366 3757 3506 3825 Quid
3528 3766 3615 3813 est
3641 3769 3823 3815 autem

2230 3866 2430 3913 vacua,
2461 3851 2569 3905 nisi
2602 3850 2813 3906 otiosa?
2858 3848 2984 3904 Ideo
3024 3848 3264 3918 adiungit
3294 3866 3308 3903 :
3338 3847 3445 3904 Sed
3473 3849 3821 3906 abundantior

2230 3943 2337 3998 illis
2361 3940 2601 3998 omnibus
2631 3942 2883 3997 laborari.
2916 3938 3038 3994 Non
3065 3948 3235 3995 autem
3271 3956 3384 4011 ego,
3415 3940 3509 3993 sed
3528 3942 3706 3996 arati:
3734 3939 3825 3995 Det

2231 4052 2424 4090 mecura
2457 4033 2666 4105 (lbid.).

2301 4167 2431 4223 Car.
2466 4185 2573 4224 xvi.
2604 4201 2674 4212 -—
2712 4168 2801 4223 26.
2838 4166 2908 4225 Ut
2934 4177 3076 4224 esset
3105 4167 3266 4239 igitur
3298 4168 3495 4225 Paulus
3519 4186 3591 4225 ex
3626 4150 3829 4228 inﬁdeli

2234 4259 2423 4327 tidelis,
2451 4262 2566 4317 sola
2594 4264 2767 4332 gratia
2795 4260 3017 4335 operata
3044 4271 3147 4330 est,
3174 4280 3294 4334 qua:
3326 4280 3573 4323 aversum
3597 4282 3829 4323 conver-

2234 4354 2334 4421 tit,
2377 4363 2434 4408 et
2475 4354 2672 4411 inlidcli
2715 4355 2874 4411 tidem
2898 4396 2913 4420 ,
2957 4370 3079 4411 cum
3120 4354 3450 4411 infidelitatis
3489 4360 3834 4418 summe-rite

2236 4444 2391 4501 tidem
2425 4445 2675 4515 accipere
2710 4461 2816 4501 non
2852 4455 3185 4514 mereretur,
3228 4447 3495 4504 attribuit.
3545 4448 3730 4521 Atque
3760 4452 3835 4508 ita

2234 4535 2538 4591 voluntarie
2569 4536 2787 4605 quidem
2817 4535 3013 4592 Paulus
3041 4537 3288 4602 credidit,
3321 4538 3623 4597 voluntarie
3654 4542 3834 4596 abun-

2235 4625 2450 4681 dantius
2490 4626 2592 4681 illis
2621 4628 2869 4683 omnibus
2910 4628 3205 4695 laboravit;
3254 4629 3348 4686 sed
3387 4639 3441 4685 et
3477 4630 3710 4688 credere
3733 4675 3752 4698 ,
3783 4641 3839 4690 et

2237 4723 2483 4777 laborare
2514 4740 2619 4776 non
2644 4708 2853 4793 posset,
2882 4718 2981 4777 nisi
3010 4722 3241 4793 desuper
3263 4723 3461 4780 donum
3485 4726 3678 4793 gratia:
3702 4728 3760 4783 in
3784 4744 3843 4786 se

2238 4830 2301 4867 ac
2329 4828 2510 4883 secum
2542 4813 2815 4882 operantis
2840 4813 3129 4883 acciperet.
3160 4813 3226 4869 Ut
3252 4829 3382 4884 ergo
3410 4815 3583 4884 gratia
3606 4816 3843 4875 Paulum

2241 4904 2511 4958 nolentem
2544 4903 2987 4975 iucredulumque
3012 4906 3268 4976 prmvenit
3285 4948 3302 4973 ,
3330 4915 3388 4961 ut
3413 4907 3614 4961 bonam
3642 4910 3845 4966 τοιαυ-

2241 5004 2407 5051 tatem
2433 4995 2719 5066 haberet;
2774 4996 2847 5050 ita
2894 5005 3220 5066 cooperante
3263 4996 3379 5065 ipso
3426 4995 3593 5051 Paulo
3632 4997 3847 5055 bonam

2240 5086 2499 5152 contulit,
2540 5085 2898 5154 eollatamque
2927 5101 2955 5139 a
2987 5101 3045 5139 se
3071 5083 3211 5155 juvit
3242 5100 3339 5155 per
3374 5085 3552 5140 omnia
3582 5087 3849 5145 volunta-

2243 5184 2373 5231 tenr.
2405 5173 2581 5231 Labor
2600 5191 2731 5245 ergo
2753 5174 2902 5231 Pauli
2924 5182 3209 5248 propterea
3237 5176 3539 5232 fructuosus
3560 5169 3688 5243 fuit,
3710 5179 3850 5249 quia

2246 5268 2485 5323 laborem
2515 5285 2668 5324 suum
2697 5285 2802 5325 non
2831 5268 2941 5323 suis
2958 5268 3179 5334 viribus,
3203 5267 3297 5324 sed
3325 5268 3512 5338 gratia:
3534 5267 3657 5334 Dei,
3682 5270 3854 5341 crtjus

2246 5359 2647 5416 corrforlabatur
2670 5358 2962 5427 juvanrine,
2993 5358 3290 5424 tribuebat;
3320 5358 3497 5413 sciens
3523 5359 3651 5427 quia
3686 5359 3855 5416 labos

2247 5453 2319 5507 ris
2348 5452 2490 5506 illius
2519 5466 2619 5505 nec
2657 5458 2906 5505 conatruu
2954 5450 3179 5505 haberet
3202 5488 3218 5513 .
3266 5462 3367 5505 nec
3407 5461 3857 5519 consequeretur

2247 5543 2533 5605 etfectum,
2574 5541 2618 5595 si
2665 5539 2923 5595 defuisset
2969 5539 3019 5595 ei
3047 5538 3427 5595 misericordia:
3454 5541 3858 5609 pncvenientis

2242 5647 2306 5687 ac
2349 5630 2727 5700 subsequentis
2765 5628 3044 5684 auxilium.
3086 5627 3374 5684 Laboranti
3421 5643 3549 5699 ergo
3576 5629 3859 5687 voluntas

2242 5738 2349 5778 non
2379 5721 2583 5786 deerat,
2613 5735 2776 5791 quam
2800 5720 2972 5790 gratia
3002 5735 3111 5775 non
3136 5719 3385 5776 cessabat
3415 5718 3699 5788 adjuvare,
3724 5737 3862 5791 quas

2245 5811 2501 5878 dederat;
2532 5819 2587 5866 et
2616 5819 2674 5883 ut
2703 5807 2898 5866 Paulus
2922 5815 3039 5866 nan
3061 5807 3318 5865 deficeret
3343 5808 3406 5864 in
3426 5808 3628 5873 labore,
3664 5810 3867 5885 virtus,

2242 5912 2353 5962 tem
2382 5903 2581 5962 volenti
2611 5901 2782 5975 gratia
2809 5900 3151 5974 subrogrbat.
3204 5898 3349 5957 Talis
3376 5899 3558 5972 itaque
3583 5898 3865 5959 voluntas
