4048 6342
203 414 295 470 διι

202 620 393 674 cedem
424 635 436 669 :
464 615 592 686 quia
619 623 673 668 et
701 614 752 668 in
787 627 846 667 se
875 621 930 667 et
967 612 1020 669 in
1057 629 1156 668 suo
1187 613 1369 668 labore
1399 630 1508 668 non
1537 615 1788 667 virtutem

202 723 378 771 suam,
403 705 502 762 sed
524 705 714 760 divinae
735 703 1092 774 cognoscebat
1111 705 1294 771 gratia:
1316 705 1636 773 largitatem.
1664 702 1790 776 ldeo

207 798 443 868 denique
468 797 648 852 omnia
673 809 792 864 qua:
831 796 884 850 in
927 795 1071 849 bono
1100 803 1311 864 poterat
1338 796 1578 864 cogitare
1603 795 1688 859 vel
1717 795 1792 849 la-

205 905 332 946 cere
365 907 378 941 :
411 887 556 958 quod
584 887 791 940 scilicet
819 893 1182 955 temperanter
1223 885 1472 940 utebatur
1501 886 1791 955 prosperis,

202 981 353 1050 quod
383 981 544 1034 etiam
580 979 790 1040 fortiter
826 977 1188 1032 reluctabatur
1215 976 1484 1040 adversis,
1529 992 1635 1031 non
1670 976 1792 1042 sibi,

207 1075 300 1129 sed
328 1074 462 1138 Deo,
493 1088 524 1126 a
553 1087 662 1140 quo
690 1069 1115 1131 confortabatur,
1148 1069 1419 1122 humiliter
1457 1076 1616 1136 atque
1642 1083 1794 1121 vera-

205 1165 347 1219 citer
373 1162 702 1230 assignabat.
747 1160 886 1216 Dicit
914 1160 1056 1214 enim
1098 1159 1330 1228 quodam
1373 1158 1493 1211 loco
1538 1175 1550 1209 :
1595 1156 1718 1210 Scio
1746 1166 1796 1210 et

208 1255 508 1318 humiliari,
541 1255 646 1306 scio
670 1261 720 1304 et
746 1250 1029 1304 abundare.
1066 1249 1260 1321 Ubique
1291 1259 1340 1304 et
1365 1253 1416 1304 in
1447 1250 1680 1304 omnibus
1710 1252 1796 1303 in-

205 1347 419 1401 stitutus
445 1360 578 1408 sum,
604 1352 653 1395 et
685 1343 897 1404 esurire,
926 1351 974 1394 et
1005 1343 1206 1405 satiari,
1233 1351 1283 1393 et
1311 1342 1602 1405 abundare,
1631 1350 1679 1393 et
1709 1357 1796 1411 pe-

206 1438 418 1490 nuriam
455 1435 587 1505 pati.
638 1433 828 1486 Omnia
867 1448 1071 1501 possunt
1109 1431 1161 1484 in
1203 1449 1260 1485 eo
1298 1434 1382 1503 qui
1420 1449 1499 1486 me
1538 1436 1798 1500 confortat

205 1527 436 1598 (Philip.
462 1543 534 1593 tv,
563 1525 649 1592 l2,
675 1525 783 1592 l3).
810 1524 997 1578 Omnia
1019 1539 1148 1591 ergo
1172 1523 1365 1601 Paulus
1386 1525 1554 1579 libero
1577 1525 1798 1578 arbitrio

207 1626 460 1687 poterat,
495 1616 588 1671 sed
619 1617 670 1669 in
701 1631 768 1670 eo
795 1615 885 1684 qui
915 1631 1036 1669 eum
1062 1631 1127 1670 ex
1165 1616 1276 1669 alto
1304 1617 1502 1670 virtute
1529 1617 1794 1670 induerat.

213 1709 290 1765 De
310 1709 418 1765 hoc
445 1709 575 1764 dicit
601 1709 654 1763 in
683 1707 914 1777 quodam
943 1709 1060 1763 loco
1093 1726 1106 1762 :
1138 1707 1202 1762 In
1228 1727 1326 1781 quo
1355 1710 1602 1768 certando,
1620 1710 1799 1764 laboro

216 1803 494 1856 secundum
531 1801 879 1871 .operationem
910 1801 1054 1870 ejus,
1094 1819 1246 1871 quant
1281 1813 1524 1872 operatur
1552 1803 1604 1855 in
1639 1819 1719 1857 me
1745 1804 1798 1857 in

215 1894 401 1946 virtute
452 1890 671 1961 (Coloss.
700 1907 737 1955 ι,
766 1889 876 1961 ἓ9).
931 1891 1123 1946 Beatus
1165 1893 1344 1961 itaque
1384 1892 1578 1948 Paulus
1615 1910 1714 1950 nec
1741 1910 1802 1950 se
1836 1890 1877 1951 Β

217 1978 589 2034 misericordia
607 1988 934 2049 prteveutum
958 1981 1142 2043 tacuit,
1163 1990 1221 2034 ut
1245 1981 1412 2038 tidelis
1427 1993 1602 2049 esset;
1629 1999 1802 2054 neque

211 2087 316 2134 suo
344 2073 541 2126 merito
570 2073 621 2126 in
656 2088 716 2128 se
755 2070 950 2126 Christi
985 2073 1208 2140 gratiam
1244 2074 1427 2128 habuit
1465 2086 1800 2146 operantem,

221 2173 274 2218 ut
298 2179 408 2219 non
433 2164 549 2233 ipse
570 2179 598 2216 a
629 2173 817 2220 sancto
845 2164 1001 2236 471
1035 2165 1216 2220 labore
1235 2177 1488 2222 cessaret.
1523 2168 1637 2224 Hoc
1659 2170 1802 2224 enim

209 2253 389 2316 gratia
420 2252 475 2306 in
505 2268 572 2308 eo
601 2253 928 2323 operabatur
950 2295 964 2318 ,
1007 2264 1064 2308 ut
1101 2270 1274 2323 neque
1313 2255 1612 2312 deiiciendo
1653 2259 1805 2314 ﬁeret

223 2344 502 2414 torpidos,
553 2348 652 2400 nec
707 2346 1061 2416 superhicndo
1121 2349 1220 2416 ipsi
1285 2352 1470 2416 gratim
1523 2361 1668 2407 esset
1718 2353 1804 2407 il-

210 2443 425 2500 gratus.

289 2568 376 2623 27.
411 2569 645 2626 Proinde
664 2571 799 2624 sicut
823 2572 873 2625 in
897 2573 1100 2642 psalmo
1126 2573 1410 2626 salulniter
1431 2574 1802 2641 admonemur,

221 2663 522 2716 serviamus
564 2661 792 2716 Domino
823 2663 872 2716 in
906 2664 1129 2728 timore,
1164 2673 1216 2716 et
1247 2664 1572 2718 exsultemus
1603 2665 1650 2718 ei
1681 2681 1803 2719 cum

223 2763 462 2807 tremore
505 2751 688 2822 (Psql.
722 2770 777 2815 ιι,
820 2751 947 2823 Η),
985 2754 1213 2808 scientes
1261 2755 1383 2823 quia
1423 2754 1559 2809 Deus
1599 2765 1677 2810 est
1714 2756 1807 2824 qui

209 2853 484 2914 operatur
513 2847 566 2900 in
597 2847 750 2900 nobis
779 2855 832 2900 et
863 2847 998 2902 velle
1027 2857 1079 2900 et
1108 2848 1386 2917 perlicere,
1416 2864 1514 2918 pro
1543 2848 1681 2904 bona
1713 2864 1809 2903 vo-

219 2939 433 2994 luilate
479 2937 695 3011 (Philip.
724 2958 779 3008 ιι,
813 2941 896 3006 l2,
932 2941 1036 3010 15).
1087 2941 1370 2995 Maximum
1397 2951 1478 2995 est
1507 2942 1704 3011 quippe.
1728 2943 1809 2996 di-

208 3018 358 3086 ivinte
385 3033 571 3100 gratim
607 3030 928 3100 aijutorium
959 3041 1118 3100 atque
1153 3032 1494 3098 beneﬁcium,
1527 3040 1582 3085 ut
1612 3032 1808 3087 illmni-

209 3110 348 3180 nata
380 3141 534 3179 mens
564 3123 795 3179 hominis
819 3140 1032 3194 semper
1058 3122 1282 3194 cogitct',
1317 3133 1371 3179 ct
1398 3133 1719 3194 przm'entant
1750 3140 1808 3179 se

223 3217 461 3283 gratuita
488 3215 656 3283 gratia
682 3255 697 3279 ,
730 3223 784 3269 et
823 3215 1186 3270 indesinenter
1227 3215 1582 3284 adjuvandam
1615 3217 1806 3270 virtute
1836 3254 1880 3315 Ο

225 3308 427 3362 divina.
461 3306 636 3375 Atque
667 3307 737 3360 ita
770 3303 858 3360 lict
887 3315 943 3359 ut.
984 3306 1092 3360 Deo
1124 3307 1360 3374 largitori
1391 3308 1655 3361 bonorum
1693 3324 1808 3362 om-

225 3401 372 3454 nium
413 3407 578 3467 atque
621 3398 827 3456 custodi
859 3399 1091 3468 Seipsum
1123 3399 1283 3453 homo
1313 3409 1686 3469 competenter
1711 3401 1810 3454 bu-

225 3491 478 3554 milians,
523 3497 575 3544 et
613 3491 812 3557 gratias
851 3491 1179 3544 incessanter
1219 3498 1340 3557 agat
1367 3531 1381 3555 ,
1414 3499 1467 3543 et
1508 3506 1665 3545 orare
1703 3509 1808 3544 non

223 3579 454 3647 desinat.
487 3577 698 3632 Gratias
727 3587 876 3648 agat,
909 3578 1030 3646 quia
1056 3586 1358 3649 prmveutus
1383 3586 1464 3632 est
1495 3588 1551 3630 ut
1579 3593 1808 3630 conver-

227 3676 430 3721 teretur
454 3682 691 3732 aversus,
724 3677 782 3724 ut
815 3667 1205 3722 illuminaretnr
1236 3683 1424 3731 czccns,
1457 3677 1513 3721 ut
1543 3668 1813 3737 acciperet

224 3755 387 3812 ﬁdem
417 3757 754 3822 incredulus;
786 3767 902 3812 oret
929 3767 1106 3812 autem
1127 3801 1142 3824 ,
1175 3767 1232 3811 ιιι
1262 3767 1480 3812 sanetur
1509 3759 1806 3825 languidus,

224 3856 282 3902 et
306 3846 572 3914 adjutorio
599 3849 783 3916 gratia:
808 3846 1140 3902 confortetur
1172 3846 1431 3901 inllrmus.
1466 3847 1541 3902 Ex
1576 3858 1686 3902 tota
1717 3850 1812 3917 igi-

223 3945 313 3991 tur
342 3938 620 3993 voluntate
647 3947 812 4008 petat,
843 3947 900 3992 ut
925 3939 1184 4008 accipiat;
1216 3947 1438 4007 quaerat,
1467 3946 1523 3993 ut
1543 3939 1810 4004 inveniat;

229 4027 438 4095 pulset,
481 4036 539 4080 ιιι
575 4029 846 4097 aperiatur
887 4029 934 4082 ei
967 4046 979 4081 :
1008 4028 1148 4098 quod
1189 4028 1494 4082 nullatenus
1540 4027 1738 4096 faciet,
1771 4031 1812 4084 si

227 4115 560 4170 voluntatem
589 4117 900 4186 accipiendi,
932 4128 984 4172 et
1011 4119 1335 4186 inveniendi,
1361 4127 1415 4172 et
1445 4108 1675 4174 intrandi
1708 4138 1811 4174 uen

227 4205 411 4260 habet.
444 4205 552 4261 Nec
577 4215 752 4261 tamen
780 4207 833 4262 in
861 4223 928 4262 eo
949 4208 1090 4276 quod
1121 4217 1306 4277 petens
1331 4209 1543 4278 accipit,
1569 4225 1816 4278 quzeress

229 4297 463 4361 invenit,
492 4296 710 4365 pulsans
739 4297 1061 4365 ingreditur,
1093 4299 1204 4352 suis
1234 4297 1432 4351 viribus
1459 4298 1693 4365 assignet
1718 4314 1816 4367 pc-

229 4386 400 4452 teudi,
424 4387 696 4457 qumrendi
719 4397 772 4442 et
792 4387 1035 4457 pulsandi
1059 4387 1289 4442 ollicimn
1322 4406 1334 4441 :
1358 4389 1480 4457 quia
1506 4389 1623 4443 licet
1650 4388 1815 4442 homo

233 4477 536 4532 voluntarie
564 4486 729 4548 petat,
763 4479 937 4548 pulset
964 4487 1018 4534 et
1047 4487 1276 4550 quasrat;
1326 4494 1596 4547 nunquam
1626 4463 1816 4549 petens

230 4569 508 4638 accipere,
541 4585 784 4638 qumrens
815 4569 1072 4632 invenire,
1105 4570 1324 4638 pulsans
1359 4569 1560 4622 intrare
1593 4570 1813 4637 poterit,

232 4661 331 4714 nisi
364 4670 600 4714 sanctam
645 4662 792 4731 prius
831 4661 1159 4716 voluntatem
1204 4662 1490 4730 acceperit.
1536 4661 1665 4714 Nam
1695 4663 1812 4732 qui-

229 4750 377 4814 dam,
407 4751 546 4804 sicut
579 4761 794 4808 sanctus
820 4749 1049 4807 Iacobus
1083 4752 1231 4812 dicit,
1264 4760 1471 4821 petunt.
1505 4761 1564 4805 et
1588 4768 1692 4806 non
1725 4768 1816 4807 ac-

231 4841 439 4911 cipiunt
465 4884 480 4909 ,
505 4857 572 4896 eo
599 4842 742 4912 quod
771 4843 910 4896 male
939 4851 1119 4910 petant
1142 4883 1156 4907 ,
1189 4851 1244 4896 ut
1288 4843 1340 4896 in
1366 4843 1818 4912 concupiscentiis

229 4933 341 4986 suis
373 4932 642 4987 insumant
669 4933 806 5003 (Jac.
837 4951 908 5001 tv,
936 4934 1022 4998 3);
1056 4943 1109 4987 et
1129 4934 1195 4988 de
1224 4933 1538 5003 quibusdam
1571 4949 1815 5002 qua-ren-

229 5025 378 5091 tibus
401 5039 461 5078 se
488 5024 615 5079 dicit
642 5023 914 5095 Sapientia
951 5043 962 5077 :
998 5025 1240 5088 Quwrent
1283 5042 1363 5078 me
1400 5026 1522 5078 mali
1553 5024 1610 5091 δ,
1639 5036 1687 5078 et
1715 5043 1816 5080 non

153 5109 167 5122 “
230 5115 510 5168 iurenient.
555 5114 680 5170 ldeo
708 5117 892 5184 igitur,
927 5132 1099 5185 neque
1139 5117 1212 5170 illi
1252 5125 1496 5186 petentes
1526 5118 1811 5188 accipiunt,

230 5223 410 5276 neque
458 5208 545 5262 isti
589 5217 891 5278 quierentes
949 5209 1264 5277 inveniunt,
1311 5209 1434 5279 quia
1487 5210 1813 5264 voluntatem

230 5299 464 5353 terrenis
492 5299 726 5354 deditam
767 5301 1216 5356 delectationibus
1259 5308 1484 5374 gerunt,
1518 5317 1615 5355 nec
1651 5313 1732 5354 est
1762 5302 1814 5356 in

233 5390 337 5444 illis
383 5392 645 5460 sapientia
685 5391 964 5447 desursum
1015 5392 1384 5454 descendens,
1435 5391 1526 5445 sed
1580 5402 1814 5460 terrena,

230 5485 508 5549 animalis,
535 5483 801 5538 diabolica
847 5484 983 5554 (Jac.
1022 5503 1096 5550 ιιι,
1133 5485 1239 5550 l5).
1295 5483 1359 5538 Ut
1399 5495 1578 5538 autem
1620 5487 1815 5540 bonmn

307 5674 331 5698 ι
362 5660 522 5722 Ειιίιί.
546 5672 596 5714 et
623 5645 714 5730 per
731 5677 806 5715 se.
839 5658 964 5730 Mss.
993 5658 1118 5720 duo.
1143 5675 1235 5726 pro
1262 5675 1334 5712 se.

309 5733 334 5771 δ
364 5730 419 5784 In
446 5727 838 5808 excusisabest
867 5729 976 5782 lucc
1007 5744 1129 5790 vox,
1160 5730 1304 5782 ntali.
1339 5727 1576 5782 llabetnr
1602 5730 1652 5782 iu
1681 5728 1813 5780 dno-

219 5818 333 5855 .DIIS
361 5818 489 5855 mss.

427 5818 489 5855 ,ε’
649 5813 660 5836 ,

236 5801 333 5911 bu:
479 5887 604 5929 ιιι-ε.
629 5871 752 5928 duo.
790 5873 854 5928 At
881 5870 1027 5930 editi.
1055 5871 1172 5929 quia
1202 5870 1404 5935 initium
1430 5869 1653 5932 petendi,
1679 5883 1815 5924 auir-

1090 406 1176 463 DE
1203 402 1543 464 VERlTATE
1582 403 2258 470 I‘RJlDESTINATIOMS
2304 404 2429 462 LIB.
2471 405 2533 461 II.

88 584 97 590 ,
201 527 363 593 digne
394 519 700 576 merebatur
722 526 772 572 et
799 532 897 588 pro
931 532 990 573 se
1023 526 1048 556 ι
1100 525 1154 572 et
1185 534 1281 588 pro
1309 535 1408 572 suo
1439 518 1622 589 labore
1651 533 1792 571 mer-
1820 521 1864 577 Α
1897 516 2024 570 illud
2055 533 2320 572 summum
2351 525 2513 587 atque
2566 517 3002 573 incommutabile
3033 518 3195 573 homo
3226 528 3372 588 petat
3420 529 3478 576 et

3368 403 3475 460 Mi

1895 617 2119 675 quzcrat,
2147 617 2477 678 praeparatur
2499 624 2526 660 a
2551 607 2779 662 Domino
2801 609 3048 663 voluntas
3069 626 3131 665 ac
3150 610 3308 663 datur
3334 629 3345 662 :
3368 624 3476 678 qua

1895 698 2094 753 donata
2122 739 2135 759 ,
2170 699 2376 752 initium
2421 699 2673 768 petendi,
2701 700 2973 768 qumreudi
3001 741 3016 767 ,
3059 701 3301 770 pulsandi
3329 744 3344 768 ,
3377 701 3480 754 hoc

1897 790 2067 859 ipsmu
2100 806 2166 843 ex
2203 789 2364 842 corde
2395 789 2626 843 hominis
2660 790 2769 843 Deo
2817 799 3075 858 operante
3120 793 3395 857 consurgit
3428 803 3474 843 ο.

1895 880 2160 948 Scriptum
2193 891 2276 932 est
2303 881 2442 933 enim
2477 898 2488 932 :
2527 880 2681 933 Onmi
2716 881 2948 933 custodia
2988 899 3136 936 serva
3173 871 3260 936 eor
3297 893 3476 947 tuum;

1893 990 1958 1025 ex
1988 972 2082 1023 hoc
2108 972 2242 1023 enim
2264 972 2430 1023 exitus
2462 971 2577 1026 vita:
2604 970 2782 1041 (Prov.
2817 990 2889 1039 ιν,
2916 972 3024 1041 25).

1967 1105 2095 1158 (lar.
2127 1121 2252 1158 xvn.
2281 1103 2466 1158 —28.
2521 1105 2810 1161 Servamus
2857 1116 3033 1160 autem
3080 1123 3174 1161 cor
3219 1119 3481 1173 nostrum,

1897 1197 1940 1249 si
1972 1212 2070 1249 nos
2101 1196 2187 1249 ille
2223 1196 2516 1249 servaverit
2547 1197 2631 1250 cui
2659 1195 2854 1251 dicitur
2884 1216 2896 1251 :
2939 1197 3193 1252 Conserva
3235 1217 3341 1263 me,
3378 1199 3484 1253 Do-

1898 1287 2066 1351 mine,
2111 1285 2355 1354 quouiant
2384 1287 2435 1339 in
2478 1296 2526 1338 te
2567 1288 2768 1353 sperari
2813 1287 2984 1356 (Psal.
3019 1304 3103 1352 xv,
3135 1289 3206 1356 Ι).
3242 1289 3374 1351 Hinc
3403 1301 3484 1346 est

1898 1379 2040 1445 quod
2063 1378 2175 1446 ipse
2195 1375 2506 1444 Uuigenitus
2521 1375 2680 1442 Deus,
2705 1378 2880 1433 carnis
2901 1379 3198 1432 humilitate
3214 1391 3484 1450 suscepta,

1900 1469 2234 1539 conipatiens
2266 1469 2662 1522 inlirmitatibus
2701 1471 2928 1536 nostris,
2961 1469 3171 1525 Patrem
3203 1487 3301 1541 pro
3330 1474 3484 1528 iiobis

1899 1574 2129 1612 exorare
2158 1558 2408 1626 dignatus
2435 1569 2536 1621 est,
2561 1561 2745 1615 dicens
2779 1579 2790 1614 :
2828 1559 3002 1625 Pater,
3029 1579 3173 1616 serra
3199 1581 3282 1618 eos
3309 1566 3363 1617 in
3393 1583 3484 1619 no-

1902 1651 2038 1702 mine
2060 1661 2162 1713 tuo,
2181 1668 2305 1722 quos
2323 1652 2508 1704 dedisti
2531 1653 2654 1704 mihi
2679 1651 2856 1721 (Joan.
2886 1669 3008 1715 xvu,
3038 1653 3152 1723 ll);
3179 1665 3231 1708 ct
3256 1657 3446 1710 iterum
3469 1676 3480 1710 :

1906 1737 2026 1792 Non
2053 1758 2176 1809 rogo
2205 1751 2260 1794 ut
2290 1742 2442 1795 tollas
2469 1758 2556 1795 eos
2584 1742 2646 1794 de
2673 1743 2883 1806 mundo,
2907 1745 2998 1797 sed
3023 1753 3076 1796 ut
3112 1761 3278 1799 serves
3306 1763 3393 1799 eos
3423 1763 3483 1800 ea

1904 1830 2040 1884 malo
2099 1829 2293 1900 (Ibid.,
2332 1829 2438 1900 15).
2507 1831 2786 1900 Nunquam
2837 1833 2996 1902 igitur
3043 1835 3204 1890 homo
3252 1849 3483 1904 congrua

1907 1924 2149 1977 custodia
2180 1933 2354 1977 servat
2389 1940 2484 1978 cor
2511 1941 2686 1989 suum,
2721 1927 2819 1980 nisi
2849 1928 3007 1982 fuerit
3037 1927 3207 1996 ipsum
3237 1945 3333 1983 eor
3377 1930 3488 1986 Deo

1905 2018 2242 2073 custodiente
2267 2028 2557 2073 servatum.
2591 2017 2710 2073 Nisi
2741 2021 2882 2074 enim
2918 2020 3165 2075 Dominus
3195 2024 3491 2078 custodierit

1906 2109 2180 2173 civitatem,
2213 2109 2267 2160 in
2289 2125 2474 2161 vanum
2505 2109 2826 2179 rigilantqui
2858 2113 3148 2164 custodiunt
3168 2130 3280 2166 eam
3317 2112 3482 2185 Psal.

1907 2213 2094 2260 cnvt,
2130 2196 2212 2266 l).
2269 2196 2496 2267 Propter
2550 2200 2650 2254 hoc
2701 2202 2975 2270 apostolus
3021 2201 3214 2257 Paulus
3256 2205 3484 2262 divinam

1906 2286 2202 2341 custodiam
2241 2285 2264 2324 ⁸
2297 2289 2548 2343 cordibus
2586 2290 2784 2344 nostris
2813 2299 2962 2360 optat
3003 2293 3220 2359 adesse,
3261 2295 3444 2352 dicens
3474 2313 3488 2327 ι

1908 2376 2027 2430 Pax
2071 2377 2206 2445 Dei,
2236 2395 2351 2449 qua:
2395 2391 2672 2448 exsuperat
2717 2397 2918 2435 omnem
2965 2398 3166 2436 sensum
3193 2425 3208 2450 ,
3239 2388 3470 2441 custodia

1843 2503 1860 2520 ι
1905 2469 2063 2521 corda
2092 2480 2259 2522 restra
2307 2482 2356 2523 et
2396 2471 2759 2540 intelligentias
2795 2484 2987 2526 vestras
3033 2475 3085 2527 in
3127 2475 3330 2531 Christo
3365 2477 3484 2531 less

1909 2558 2131 2613 Domino
2155 2571 2332 2615 nostra
2361 2560 2579 2632 (Philip.
2608 2577 2680 2628 Ir,
2714 2563 2786 2631 7).
2822 2561 2885 2616 Et
2909 2579 3028 2617 cum
3054 2567 3206 2620 nobis
3235 2567 3372 2621 Deus
3397 2585 3483 2638 pet

1906 2649 2191 2704 Jereuriam
2221 2650 2365 2705 dicat
2395 2669 2406 2703 :
2439 2650 2703 2705 Custodite
2737 2653 2938 2706 animas
2968 2663 3159 2708 vestras
3198 2655 3328 2725 (Jer.
3363 2674 3486 2726 ιιίιἱ

1905 2739 1997 2812 2|)
2014 2780 2028 2804 ,
2061 2741 2165 2796 hoc
2187 2757 2243 2796 se
2268 2741 2456 2796 beatus
2484 2741 2646 2811 David
2670 2742 2962 2814 adimplere
2986 2761 3090 2800 non
3115 2763 3272 2816 posse
3291 2765 3467 2818 cogno

1909 2847 2085 2893 scens,
2119 2832 2350 2886 divinam
2381 2833 2554 2902 poscit
2587 2834 2778 2886 anima:
2807 2850 2914 2888 sum
2943 2835 3240 2890 custodiam
3267 2837 3452 2894 dicens
3485 2857 3494 2871 ο

1907 2920 2118 2975 Custodi
2159 2922 2386 2974 animam
2430 2921 2590 2994 472
2637 2940 2839 2989 meam,
2890 2935 2938 2977 et
2989 2924 3149 2979 libera
3180 2943 3260 2980 me
3309 2929 3474 2998 (Psal

1911 3029 2053 3078 xxxv,
2085 3013 2195 3083 9.0).
2227 3011 2328 3079 Qui
2357 3011 2539 3068 rursus
2567 3015 2640 3068 ait
2673 3032 2684 3066 :
2723 3013 2817 3077 Tu,
2850 3014 3086 3079 Domine,
3119 3019 3345 3071 servabis
3375 3035 3471 3073 nos

1910 3114 1958 3159 et
1980 3096 2235 3158 custodies
2256 3122 2348 3159 nos
2377 3093 2406 3159 ὰ
2440 3109 2771 3176 generatione
2805 3109 2904 3162 ista
2945 3110 2995 3162 in
3033 3119 3280 3182 a'ternum
3313 3111 3474 3182 (Psal

1914 3211 1988 3259 ιι,
2015 3195 2092 3260 8).
2129 3193 2193 3248 Et
2218 3196 2500 3264 unicuique
2523 3197 2754 3255 ﬁdelium
2781 3198 3016 3254 divinam
3045 3185 3492 3273 rptansimpexdl

1914 3286 2233 3351 custodiam,
2262 3288 2391 3341 dicit
2423 3306 2434 3340 :
2466 3287 2718 3342 Dominus
2747 3291 2967 3344 custodit
2999 3303 3046 3344 te
3075 3291 3138 3343 ab
3169 3293 3310 3344 omni
3339 3295 3475 3348 malo

1911 3377 2164 3430 custodiat
2195 3378 2424 3430 animam
2455 3387 2594 3430 tuam
2629 3377 2878 3432 Dominus
2908 3379 2924 3448 (
2942 3379 3086 3433 I’sal.
3119 3396 3218 3433 cxx
3243 3423 3257 3447 ,
3300 3381 3387 3449 5).
3431 3382 3493 3435 ΕΙ

1914 3474 1971 3518 ιιι
1997 3465 2197 3533 jugiter
2229 3466 2413 3533 gratim
2443 3467 2635 3520 divina:
2665 3469 3022 3522 necessariam
3059 3470 3212 3524 nobis
3240 3472 3494 3530 sciremus

1913 3572 2030 3610 esse
2059 3557 2374 3621 custodiam,
2400 3559 2662 3626 sequitur,
2694 3569 2749 3612 et
2776 3559 2938 3614 dicit:
2967 3559 3219 3616 Dominus
3244 3567 3495 3620 custodiat

1912 3647 2179 3700 introitum
2222 3656 2362 3700 tuum
2387 3657 2436 3700 et
2466 3649 2661 3701 exitum
2692 3659 2852 3715 tuum,
2879 3667 2945 3704 ea:
2969 3651 3064 3704 hoc
3093 3668 3227 3705 nunc
3257 3663 3306 3706 et
3334 3671 3496 3726 usque

1913 3742 1967 3794 in
2015 3741 2256 3793 secutum
2305 3739 2504 3808 (lbid.,
2555 3740 2632 3811 8).
2681 3741 2759 3795 Ad
2805 3742 2942 3798 hanc
2991 3743 3354 3801 indesinenter
3400 3765 3497 3803 uos

1913 3835 2306 3890 custodientem
2338 3836 2430 3890 Dei
2471 3839 2696 3903 gratiam
2745 3837 2976 3892 refertur
3013 3837 3159 3907 quod
3211 3841 3261 3894 in
3308 3843 3498 3898 eodem

1915 3928 2120 3998 psalmo
2148 3932 2216 3998 (r.
2243 3926 2298 3997 4)
2325 3929 2518 3982 dicitur
2547 3946 2560 3981 :
2595 3928 2730 3982 Ecce
2760 3945 2861 3985 non
2891 3930 3191 3984 dormitabit
3222 3949 3380 4004 neque
3407 3934 3496 3988 ob-

1914 4019 2130 4071 dorntiet
2162 4021 2246 4089 qui
2276 4019 2498 4072 custodit
2531 4011 2718 4073 Israel.
2764 4020 2915 4075 Sicut
2943 4022 3105 4089 igitur
3131 4026 3309 4078 omnia
3337 4026 3498 4092 bona,

1917 4111 2058 4164 inter
2083 4127 2202 4178 qua:
2227 4113 2388 4166 etiam
2431 4111 2761 4166 voluntatem
2804 4112 3063 4169 habemus
3081 4154 3096 4179 ,
3128 4131 3234 4170 non
3260 4117 3362 4171 nisi
3391 4117 3499 4172 Deo

1919 4201 2176 4270 largiente
2204 4203 2498 4271 accipimus
2517 4243 2532 4268 ,
2574 4202 2652 4256 sic
2679 4203 2857 4256 omnia
2887 4220 3008 4274 quas
3049 4205 3362 4276 accipimus,
3394 4224 3500 4266 non

1920 4294 2019 4348 nisi
2044 4294 2152 4348 Deo
2171 4294 2508 4349 custodiente
2536 4310 2828 4350 servamus.
2861 4295 3202 4368 Quaecunque
3226 4300 3334 4354 sint
3357 4301 3503 4358 enim

1918 4387 2072 4442 home
2095 4388 2215 4442 vita:
2242 4403 2461 4442 munera
2487 4388 2537 4442 in
2569 4388 2810 4456 homine,
2834 4398 2960 4445 tunc
2986 4391 3053 4444 ab
3075 4391 3165 4446 illo
3187 4393 3500 4448 custodiun-

1919 4488 2026 4545 tur,
2057 4480 2100 4532 si
2129 4480 2268 4533 bona
2295 4479 2348 4532 in
2379 4495 2446 4532 eo
2474 4489 2782 4548 perseveret
2809 4481 3076 4534 voluntas.
3121 4481 3227 4535 Sed
3258 4483 3502 4539 voluntas

1921 4571 2054 4638 ipsa,
2078 4567 2230 4636 cujus
2256 4569 2496 4622 bonitate
2517 4577 2707 4623 cmtera
2738 4569 2874 4623 bona
2904 4571 3043 4624 bene
3070 4571 3350 4637 habentur,
3373 4574 3501 4626 rite-

1919 4674 2022 4728 que
2048 4668 2348 4727 servantur,
2379 4667 2504 4713 tunc
2534 4661 2585 4714 in
2617 4659 2834 4713 homine
2862 4659 3001 4714 bona
3024 4661 3280 4730 justaque
3315 4678 3502 4732 pcrseo

1921 4759 2106 4816 verat,
2151 4751 2195 4805 si
2225 4766 2344 4805 eam
2374 4751 2682 4806 custodiens
2709 4753 2880 4818 gratia
2910 4752 3088 4805 divina
3129 4768 3236 4806 non
3264 4753 3499 4808 deserat.
3545 4755 3552 4765 ‘

1898 4843 2069 4898 ‘Sicnt
2097 4843 2239 4897 enim
2273 4842 2400 4896 nihil
2431 4850 2608 4912 potest
2638 4842 2686 4895 in
2716 4858 2775 4895 se
2815 4843 3012 4896 habere
3043 4844 3194 4897 bona:
3223 4844 3502 4911 cogitatio-

1922 4936 2034 5000 nis,
2062 4934 2161 4988 nisi
2190 4933 2543 4987 subveniente
2571 4933 2739 5000 gratia
2771 4933 2860 4986 liat
2897 4933 3036 4986 bona
3056 4974 3070 4998 ,
3120 4934 3198 4988 sic
3224 4933 3292 4987 ad
3319 4942 3502 4989 custo-

1920 5026 2115 5080 dienda
2143 5041 2263 5094 qua:
2307 5026 2542 5095 accipit,
2588 5026 2890 5081 nullatenus
2941 5034 3120 5093 potest
3167 5040 3261 5079 sua
3307 5025 3504 5082 virtute

1919 5115 2187 5181 suflicerc,
2220 5116 2316 5170 nisi
2348 5115 2435 5169 ille
2459 5116 2549 5184 qui
2579 5131 2696 5168 eam
2727 5115 2889 5184 gratis
2919 5116 3114 5169 bonam
3142 5114 3286 5180 facit,
3318 5117 3504 5183 gratim

1921 5225 2030 5264 sua:
2057 5209 2410 5279 opitulatione
2431 5207 2743 5262 servaverit.
2775 5207 2866 5260 llle
2890 5223 3020 5261 vero
3050 5215 3226 5262 certus
3245 5217 3327 5262 est
3350 5208 3504 5270 bona:

1921 5301 2212 5358 voluntatis
2241 5298 2535 5368 profectus,
2581 5298 2624 5353 si
2657 5313 2719 5351 ea
2750 5312 2869 5366 qum
2898 5299 3090 5369 accipit
3118 5314 3148 5352 a
3181 5299 3288 5352 Deo
3321 5299 3391 5352 ita
3424 5300 3504 5353 vi-

1921 5394 2149 5459 gilanter
2197 5391 2532 5459 solliciteque
2571 5389 2873 5453 custodiat,
2924 5398 2982 5442 ut
3026 5388 3280 5443 custodite
3307 5389 3502 5442 divina:

1923 5483 2245 5553 azljutorium
2277 5481 2572 5550 frequentia
2603 5481 2862 5535 orationis
2903 5488 2968 5534 et
2983 5479 3160 5534 studio
3189 5479 3341 5533 boum
3367 5493 3503 5548 ope-

1913 5658 2078 5739 randi,
2104 5656 2364 5726 pulsandi,
2393 5673 2491 5709 non
2519 5671 2582 5709 ex
2612 5654 2765 5707 corde
2792 5653 3033 5719 hominis,
3061 5651 3151 5704 sed
3179 5669 3210 5705 α
3239 5649 3347 5706 Deo
3375 5667 3506 5709 con-

1921 5737 2192 5859 s‘l'g’é‘diti
2209 5837 2222 5859 ,
2253 5797 2479 5850 divinam
2504 5811 2696 5864 pacem.
