4064 6358
555 425 660 484 613

1496 458 1500 462 .
1541 415 1544 419 ’
1580 415 1635 469 S.
1678 410 2037 469 FULGENTII
2082 403 2376 462 EPISCOPI
2413 398 2776 460 BUSPE‘SIS

3719 395 3826 454 6H

555 536 781 594 rationis
821 536 1094 606 exposcat.
1121 528 1222 584 'lta
1264 527 1353 581 llct
1395 534 1451 580 ut
1491 526 1614 580 dmn
1665 523 1840 577 oranti
1879 521 2136 574 auxilium
2169 525 2208 574 Α
2241 529 2372 568 ausu
2419 512 2690 566 inlaudata
2737 516 2898 577 caput
2953 504 3160 575 erigere
3207 503 3509 571 niteretur,
3539 507 3824 606 .ostendit.

558 631 836 692 tribuitur,
868 626 1118 680 laborans
1147 618 1500 674 retributione
1531 617 1653 670 boni
1684 615 1864 683 operis
1893 627 1998 666 non
2029 609 2134 680 prio

561 731 732 775 \elur.

626 837 713 891 29.
758 833 1137 888 Verumtamen
1177 836 1230 882 et
1259 826 1444 882 orandi
1484 835 1537 878 et
1563 822 1821 893 operandi
1850 820 1993 890 quod
2035 821 2134 874 ho-

556 944 680 982 nmn
711 935 791 982 est
815 924 918 977 illis
940 923 1080 976 Deus
1106 922 1304 975 tribuet
1334 917 1806 988 perseverantiam,
1832 929 1967 982 quos
1997 928 2134 981 pne-

557 1015 842 1071 destinavit
871 1013 936 1066 ad
965 1012 1152 1065 vitam;
1181 1007 1346 1062 Ontne
1375 1008 1569 1077 quippe
1595 1007 1771 1058 datum
1800 1007 2044 1068 optimum
2088 1011 2138 1055 et

554 1123 704 1161 omne
750 1106 941 1159 donum
982 1104 1260 1174 perfectum
1299 1100 1564 1154 desursum
1604 1107 1681 1151 est
1705 1138 1718 1160 ,
1751 1096 2064 1149 descendens
2105 1112 2138 1146 a

557 1197 717 1250 Patre
770 1196 1018 1248 luminum
1074 1192 1224 1264 (Jac.
1253 1207 1287 1254 ι,
1320 1191 1420 1257 l'i)
1460 1207 1472 1242 ε
1514 1189 1604 1258 qui
1634 1203 1870 1256 operum
1917 1201 2136 1240 suorum

554 1301 809 1345 teternam
851 1288 1054 1341 habens
1093 1283 1477 1355 przescientiam
1496 1318 1510 1343 ,
1538 1295 1660 1334 'non
1697 1279 1870 1332 solum
1899 1291 2017 1345 qum
2045 1275 2138 1328 da-

556 1391 660 1448 ret,
687 1381 780 1436 sed
811 1381 970 1434 etiam
1000 1391 1118 1448 Qum
1147 1377 1471 1431 retribueret
1500 1370 1919 1428 ineommutahili
1957 1369 2139 1438 dispo-

555 1475 768 1530 sitionis
793 1485 903 1527 stne
930 1470 1154 1526 consilio
1186 1469 1523 1540 prmparavit.
1568 1465 1690 1519 Ideo
1718 1481 1826 1519 non
1857 1464 2012 1518 aliter
2041 1463 2138 1516 im.-

558 1565 669 1635 plet
695 1563 953 1634 disposita
983 1575 1144 1630 quam
1173 1559 1437 1628 disposuit
1481 1555 1767 1626 implenda.
1824 1555 1957 1620 Quia
2001 1553 2140 1608 sicut

556 1651 922 1726 dispositimiis
944 1652 1136 1707 divinat
1156 1650 1420 1704 ordinatio
1443 1663 1654 1716 semper
1681 1646 1883 1706 habuit,
1908 1645 1985 1698 sic
2006 1643 2139 1697 ordo

557 1759 734 1800 rerum
765 1744 817 1797 in
843 1742 1037 1796 divinis
1064 1741 1314 1809 operibus
1337 1739 1504 1792 currit
1529 1756 1540 1790 :
1569 1739 1619 1790 in
1642 1737 1836 1807 quibus
1863 1742 1987 1788 sunt
2017 1733 2138 1787 uni-

560 1847 726 1888 versae
768 1833 868 1886 via:
906 1830 1021 1899 ejus
1048 1828 1416 1884 misericordia
1459 1835 1513 1880 et
1542 1828 1741 1881 veritas
1789 1824 1960 1890 (Psal.
1991 1841 2024 1877 x
2065 1839 2135 1888 tv,

561 1924 677 1993 10);
718 1939 944 1993 quarmn
990 1936 1094 1975 una
1138 1919 1291 1973 malis
1336 1919 1476 1972 bona
1509 1917 1727 1982 tribuit,
1769 1916 1935 1975 altera
1984 1914 2108 1969 boni

561 2011 822 2083 malisque
848 2014 1004 2081 digna
1036 2011 1316 2073 retribuit;
1349 2025 1450 2062 una
1477 2009 1618 2076 juste
1646 2014 1870 2062 coronat
1893 2005 2141 2074 justeque

499 2131 504 2134 -
559 2104 909 2166 condemnat,
943 2101 1108 2154 altera
1154 2098 1382 2166 gratuita
1415 2097 1656 2151 bonitate
1693 2093 1966 2164 justiﬁeat.
2009 2093 2141 2159 Quia

561 2194 800 2262 quisquis
820 2192 990 2260 gratia
1013 2189 1371 2258 prmveniente
1396 2187 1586 2255 accipit
1605 2185 1884 2253 justitiam,
1910 2199 2015 2236 non
2044 2183 2143 2237 nisi

562 2283 746 2337 eadem
775 2282 1134 2349 subsequente
1162 2277 1407 2347 pervenit
1432 2277 1498 2330 ad
1525 2291 1800 2330 coronam.
1836 2271 1938 2327 lsta
1966 2275 2010 2328 si
2041 2273 2144 2326 fra-

563 2382 671 2427 tres
716 2371 884 2424 nostri
927 2369 1217 2424 secundum
1257 2366 1555 2420 doctrinam
1584 2379 1810 2426 sanam,
1851 2363 1960 2417 Deo
1990 2362 2138 2430 adju-

562 2471 748 2527 vante,
779 2459 1107 2531 percipiant,
1148 2472 1418 2525 nunquam
1457 2457 1798 2510 conabuntur
1827 2453 2145 2521 disputatio.-
2185 2511 2190 2516 _

563 2554 716 2608 nibus
740 2551 850 2606 suis
879 2550 955 2604 sic
984 2548 1200 2602 humani
1229 2546 1433 2600 arbitrii
1462 2546 1712 2598 virtutem
1751 2543 2016 2596 infirmam
2045 2541 2142 2596 de-

559 2641 814 2705 fendere,
863 2647 924 2694 ut
975 2638 1160 2705 gratia:
1216 2635 1306 2688 Dei
1357 2634 1744 2688 convincuntur
1803 2631 2141 2686 adversantia

563 2731 757 2786 sentire
792 2742 813 2764 δ·
853 2748 864 2781 :
903 2745 1022 2784 cum
1072 2728 1252 2798 potius
1301 2741 1487 2780 omnes
1530 2725 1619 2793 qui
1669 2725 1790 2777 vitae
1841 2723 2148 2787 desiderant

562 2819 676 2874 fieri
709 2828 922 2874 teternte
950 2817 1238 2887 participes
1261 2856 1275 2882 ,
1308 2806 1558 2884 oporteat
1584 2822 1895 2868 sanctorum
1930 2811 2144 2878 Patrum

561 2911 810 2965 divinitus
839 2908 1108 2978 inspiratis
1138 2905 1411 2960 informari
1442 2913 1497 2959 et
1525 2904 1801 2957 adhaerere
1841 2904 2142 2967 sententiis,

563 3003 649 3072 qui
670 3002 852 3069 gratim
881 2999 1070 3052 divinm
1099 2998 1176 3050 sic
1204 2997 1482 3050 illuminati
1511 3006 1636 3050 sunt
1659 2995 1820 3060 dono,
1850 3004 1905 3046 ut
1935 2995 2146 3048 indubi-

567 3100 746 3145 tanter
791 3095 1093 3143 assererem
1141 3087 1189 3138 in
1238 3085 1469 3140 hominis
1500 3085 1776 3138 voluntate
1820 3084 1948 3136 nihil
1993 3085 2145 3138 bona:

565 3179 906 3251 cogitationis
934 3168 1164 3240 aboriri,
1198 3177 1294 3229 nisi
1330 3175 1473 3244 quod
1505 3173 1763 3230 beneflcio
1797 3177 1981 3244 gratiae
2012 3191 2145 3245 prie-

2238 606 2465 660 Sensum
2495 605 2694 672 quippe
2723 601 2917 678 Christi
2945 601 3166 665 habens,
3194 609 3301 654 tam
3323 599 3508 666 gratim
3537 597 3635 655 Dei
3663 612 3828 666 quam

2237 693 2458 754 humani
2485 691 2711 756 arbitrii,
2735 699 2790 745 et
2815 687 2994 744 officia
3021 688 3272 743 discrevit
3298 695 3352 742 et
3377 687 3588 751 merita,
3611 699 3832 756 semper

2238 783 2430 836 divinis
2457 781 2688 835 humana
2717 777 3033 846 subiiciens,
3066 786 3120 830 et
3146 777 3411 831 veraciter
3438 775 3660 844 docens,
3689 775 3829 830 divi.

2239 876 2382 930 nitus
2410 874 2616 930 homini
2643 881 2699 929 et
2724 873 2959 940 gratuito
2983 869 3383 940 justilicationis
3404 870 3627 938 donum,
3649 880 3708 926 et
3725 870 3827 926 beo

2235 981 2320 1020 nte
2366 965 2656 1024 voluntatis
2681 964 2991 1027 exordium,
3023 971 3078 1018 et
3115 963 3332 1032 plenum
3372 963 3531 1017 tribui
3560 961 3830 1031 glorifica-

2239 1057 2402 1112 tionis
2426 1056 2697 1112 effectum.
2741 1055 2894 1110 llnnc
2923 1055 3064 1122 legat
3085 1055 3262 1110 omnis
3289 1055 3380 1124 qui
3409 1055 3638 1119 salutem
3665 1063 3829 1108 mter-

2237 1163 2362 1201 nam
2385 1147 2608 1216 adipisci
2630 1146 2920 1209 desiderat,
2945 1144 3217 1198 humiliter
3237 1159 3400 1199 orans
3425 1143 3830 1199 misericordem

2239 1236 2410 1291 Deum
2451 1253 2496 1301 ε,
2538 1245 2596 1296 ut
2633 1234 2876 1290 eumdem
2922 1233 3183 1304 Spiritum
3233 1233 3601 1302 intelligentia:
3649 1233 3832 1302 legens

2239 1329 2494 1398 accipiat,
2528 1343 2688 1396 quem
2721 1327 2810 1380 ille
2841 1326 3048 1396 accepit
3076 1333 3135 1380 ut
3163 1325 3461 1387 scriberet;
3499 1332 3557 1380 et
3583 1325 3833 1379 eamdem

2241 1422 2644 1478 illuminationis
2671 1421 2898 1489 gratiam
2947 1420 3272 1489 adipiscatur
3320 1425 3379 1472 ut
3419 1418 3634 1482 discat,
3665 1433 3837 1487 quam

2240 1518 2330 1572 ille
2357 1517 2583 1586 adeptus
2609 1523 2693 1570 est
2719 1523 2779 1569 ut
2805 1514 3042 1568 doceret.

2319 1628 2408 1680 5L.
2449 1626 2704 1680 Miramur
2751 1634 2928 1679 autem
2975 1639 3080 1678 non
3123 1622 3326 1689 absque
3370 1635 3563 1688 magna
3613 1619 3830 1674 tristitia

2240 1718 2375 1772 istos
2404 1716 2597 1770 fratres
2623 1723 2849 1778 nostros,
2879 1713 2966 1782 qui
2987 1712 3215 1780 gratiam
3242 1711 3356 1775 Dei,
3380 1718 3640 1778 quantum
3669 1709 3832 1762 intel—

2241 1808 2333 1874 ligi
2379 1807 2565 1874 datur,
2620 1806 2931 1873 ignorantes
2977 1815 3240 1857 evacuare
3283 1797 3640 1858 contendunt,
3691 1797 3832 1851 hanc

2113 1886 2139 1968 έ
2173 1894 2214 1954 Β
2241 1898 2340 1952 sibi
2369 1893 2731 1950 similitudinis
2755 1889 3063 1961 ineptiam-‘
3091 1889 3376 1959 reperisse,
3417 1903 3521 1957 qua
3549 1886 3738 1941 dicunt
3759 1887 3832 1939 ita

2242 2003 2363 2042 esse
2391 1987 2576 2053 gratim
2606 1985 2700 2038 Dei
2723 1983 2944 2044 donum,
2974 1990 3226 2048 tanquam
3261 1979 3305 2034 si
3334 1978 3455 2047 quis
3479 1977 3571 2032 det
3616 1987 3832 2031 mutuas

2239 2078 2516 2149 pecunias,
2549 2083 2771 2144 accepto
2811 2074 3006 2126 idoneo
3039 2072 3282 2140 pignore,
3322 2069 3464 2138 quod
3496 2069 3598 2122 nisi
3645 2077 3831 2123 custo-

2242 2169 2418 2233 dierit,
2453 2167 2692 2220 debitum
2725 2164 2970 2232 accipere
3000 2177 3107 2216 non
3130 2162 3317 2230 possit.
3344 2158 3450 2214 Sed
3474 2159 3613 2214 hanc
3641 2158 3832 2213 simili-

2243 2262 2480 2316 tudinem
2509 2258 2750 2328 quisquis
2797 2255 2862 2309 ad
2891 2254 3055 2308 Deum
3093 2252 3274 2315 refert,
3327 2252 3514 2321 procul
3543 2251 3713 2305 dubio
3742 2260 3832 2305 aut

2245 2355 2428 2407 fallere
2455 2359 2701 2413 conatur,
2733 2357 2826 2402 aut
2866 2345 3083 2399 fallitur.
3121 2344 3261 2399 Deus
3299 2341 3458 2397 cnim'
3492 2351 3698 2400 noster.
3741 2357 3833 2410 pa-

2246 2446 2428 2499 rabola
2479 2442 2750 2512 proposita
2797 2438 2944 2510 (Luc.
2986 2453 3097 2503 xix,
3146 2435 3258 2505 l5),
3305 2433 3481 2488 simile
3527 2434 3667 2487 dixit
3711 2447 3831 2488 esse

2247 2551 2467 2604 regnum
2513 2534 2772 2588 emlorum
2820 2529 3023 2587 homini
3075 2528 3443 2601 patrifamilias
3476 2527 3568 2596 qui
3615 2525 3832 2596 prolici-

2246 2642 2400 2682 scens
2443 2625 2654 2678 famulis
2697 2623 2808 2676 suis
2839 2619 3094 2690 pecunias
3122 2632 3357 2685 congrua
3401 2616 3832 2686 multiplicandas

2248 2718 2614 2785 negotiatione
2639 2713 2926 2768 commisit.
2956 2709 3060 2767 Ubi
3090 2721 3266 2766 tamen
3294 2709 3373 2764 sic
3397 2725 3456 2763 se
3477 2708 3714 2764 ostendit
3741 2706 3834 2761 de-

2247 2809 2389 2862 disse
2417 2806 2688 2878 pecunias,
2715 2810 2769 2860 ut
2796 2803 2996 2857 nullum
3021 2817 3079 2856 se
3104 2801 3294 2871 pignus
3316 2798 3511 2854 diceret
3532 2797 3836 2866 accepisse.

2250 2898 2501 2966 Quinimo
2550 2892 2739 2950 beatus
2777 2891 2972 2948 Paulus
2999 2893 3270 2947 Christum
3319 2890 3372 2944 in
3420 2905 3478 2945 se
3519 2887 3839 2960 loquentem

2247 3001 2459 3056 gerens,
2477 3004 2506 3040 a
2535 3002 2643 3056 quo
2675 2988 2828 3041 nobis
2854 2987 3057 3041 sciebat
3086 2985 3362 3056 pecuniam
3394 2985 3596 3046 datam,
3622 2983 3691 3036 ab
3719 2982 3837 3052 ipso

2247 3082 2484 3151 pignoris
2510 3097 2724 3151 quoque
2753 3083 2976 3148 gratiam
3001 3063 3227 3135 testatur
3250 3079 3530 3134 indultam.
3557 3079 3644 3132 Ait
3660 3079 3837 3135 enim:

2249 3168 2346 3234 Qui
2380 3187 2556 3224 sumus
2590 3173 2642 3224 in
2675 3170 2768 3224 hoc
2810 3171 3162 3235 tabernaculo,
3209 3169 3592 3241 ingemiscimus
3616 3169 3839 3240 gravati.

566 3269 828 3326 venientis
849 3266 1171 3331 infunditur;
1207 3265 1336 3319 nihil
1365 3267 1415 3319 in
1445 3265 1634 3320 melius
1653 3266 1858 3334 augeri,
1883 3266 1985 3320 nisi
2005 3267 2148 3334 quod
2177 3259 2220 3319 C
2253 3281 2310 3317 eo
2339 3264 2474 3336 quod
2520 3262 2757 3317 uolumus
2788 3263 3092 3332 exspoliari,
3135 3262 3225 3316 sed
3260 3261 3607 3330 superrestiri,
3659 3270 3719 3312 ut
3745 3257 3837 3312 ab-

564 3358 934 3427 subsequentis
963 3357 1145 3424 gratim
1170 3355 1446 3424 juvamine
1477 3356 1802 3419 roboratur;
1853 3356 1982 3410 nihil
2022 3357 2146 3412 boni

564 3451 628 3505 ab
657 3449 877 3505 homine
903 3447 1262 3504 consummari
1295 3446 1340 3511 δ,
1367 3447 1466 3500 nisi
1498 3447 1640 3517 quod
1670 3445 1861 3504 eadem
1893 3456 2149 3519 operante

565 3549 724 3609 atque
755 3537 1058 3608 opitulante
1085 3536 1373 3606 rei-licitnr.

631 3653 762 3712 Car.
797 3671 942 3710 xvm.
967 3683 1040 3729 τι-
1059 3652 1144 3708 50.
1171 3653 1294 3710 limo
1324 3655 1504 3723 itaque
1523 3653 1908 3708 catholicorum
1931 3652 2147 3707 Patrum

564 3747 880 3818 apostolicis
909 3745 1336 3801 institutionibus
1379 3744 1538 3817 4⁸13
1567 3745 1759 3800 tradita
1791 3754 2068 3815 permanet
2099 3745 2148 3798 in

565 3838 816 3895 Eeclesiis
861 3839 976 3894 sine
1027 3838 1202 3909 aliqua
1257 3835 1590 3892 dubitatione
1639 3836 1882 3891 doctrina
1917 3875 1931 3899 ,
1987 3853 2148 3906 quam

565 3930 731 3989 αι·ωεὶ
765 3930 1048 3998 Latinique
1077 3929 1390 3998 pontiﬁces,
1423 3929 1593 3983 sancti
1633 3927 1862 3998 Spiritus
1888 3927 2151 3982 inlusione

563 4024 792 4087 firmati,
842 4038 950 4078 uno
999 4029 1159 4088 atque
1203 4020 1581 4075 indissociabili
1616 4032 1635 4058 τ
1669 4035 1883 4088 semper
1928 4027 2149 4073 tenu're

563 4128 845 4172 consensu,
894 4110 952 4166 In
999 4123 1102 4178 qua
1139 4109 1328 4163 beatus
1359 4108 1680 4175 Augustinus
1713 4109 1924 4165 indutus
1951 4109 2149 4162 virtute

559 4219 630 4265 ex
651 4200 778 4266 alto,
802 4200 1160 4256 abundantius
1189 4201 1290 4255 illis
1315 4200 1564 4254 omnibus
1593 4199 1884 4263 laboravit;
1917 4216 2022 4254 non
2049 4216 2142 4254 au-

559 4301 672 4358 tem
703 4293 816 4361 ipse
841 4333 855 4354 .
900 4290 993 4344 sed
1032 4289 1200 4358 gratia
1247 4290 1339 4346 Dei
1383 4305 1504 4344 cum
1536 4290 1626 4345 illo
1677 4289 1726 4361 (I
1764 4288 1883 4345 Cor.
1915 4309 1998 4348 xv.
2035 4292 2143 4362 10).

563 4381 734 4451 Ipsius
761 4382 902 4436 enim
933 4381 1234 4436 ministerio
1267 4380 1523 4435 Dominus
1554 4381 1856 4436 uberiorem
1886 4381 2045 4450 hujus
2072 4386 2148 4439 rei

562 4473 806 4530 ﬁdelibus
834 4473 945 4528 suis
986 4473 1391 4527 instructionem
1431 4471 1677 4541 prtebuit.
1729 4470 1937 4544 Quippe
1974 4473 2148 4528 adhuc

561 4562 679 4632 ipso
710 4561 761 4618 in
791 4577 1020 4632 corpore
1050 4563 1364 4625 constituto,
1398 4558 1685 4629 Pelagiana
1711 4560 1930 4616 hzeresis
1961 4564 2076 4616 adv.
2095 4579 2148 4616 r-

561 4671 652 4708 sus
690 4655 917 4722 gratiam
964 4654 1056 4708 Dei
1093 4652 1382 4707 nrortiferis
1421 4653 1643 4707 ausibus
1690 4653 1987 4707 rebellavit.
2039 4653 2147 4707 Nec

559 4745 730 4799 defuit
760 4745 957 4798 invicta
984 4743 1284 4811 benignitas
1305 4742 1610 4798 miserantis
1635 4741 1749 4806 Dei,
1773 4757 1894 4810 qua:
1923 4743 2142 4796 militem

2253 3356 2519 3407 sorbeatur
2567 3354 2703 3424 quod
2749 3353 2964 3406 mortale
3003 3359 3081 3406 est
3121 3355 3294 3408 avita.
3349 3350 3448 3416 Qui
3488 3361 3662 3405 autem
3689 3353 3838 3423 eﬁrit

2251 3463 2344 3500 nos
2374 3447 2424 3499 in
2456 3447 2550 3500 hoc
2578 3447 2743 3516 ipsum
2772 3445 2935 3512 Deus,
2965 3448 3051 3517 qui
3092 3447 3232 3499 dedit
3263 3445 3408 3500 nobis
3450 3447 3641 3517 pignus
3669 3445 3836 3516 Spiri-

2254 3546 2332 3590 tus
2358 3535 2444 3608 (II
2468 3537 2588 3591 Cor.
2622 3554 2675 3604 v,
2708 3537 2759 3600 4,
2794 3536 2866 3606 5).
2901 3537 3143 3607 Ephesiis
3171 3553 3386 3607 quoque
3413 3525 3676 3602 scrilmns,
3702 3537 3839 3592 i‘lem

2255 3627 2446 3695 pignus
2473 3627 2557 3684 his
2581 3628 2760 3681 verbis
2791 3628 3023 3682 insinuat
3052 3646 3065 3681 :
3092 3627 3296 3698 Signati
3326 3630 3446 3680 estis
3485 3625 3693 3697 Spiritu
3721 3644 3817 3696 pro

2253 3719 2514 3772 missionis
2559 3728 2762 3785 sancto,
2810 3721 2894 3789 qui
2933 3729 3009 3772 est
3054 3720 3238 3788 pignus
3282 3718 3603 3772 Iuereditatis
3649 3727 3840 3772 nostra

2255 3807 2471 3880 (ΕρΙιρδ.
2500 3825 2534 3874 ι,
2565 3808 2649 3874 15,
2683 3809 2793 3879 Η).
2845 3810 2910 3866 Ut
2938 3823 3066 3877 ergo
3111 3811 3162 3864 in
3201 3809 3550 3864 custodienda
3582 3810 3838 3878 multipli-

2254 3898 2534 3969 candaque
2572 3899 2780 3955 Domini
2809 3894 2983 3954 nostri
3023 3899 3247 3969 pecuaia
3278 3915 3383 3953 non
3413 3913 3658 3952 essemus
3686 3899 3842 3968 pigri.

2253 3989 2416 4060 474
2462 3990 2554 4044 sed
2596 3991 2834 4062 providi,
2869 3991 3093 4062 spiritali
3140 4006 3322 4044 sumus
3352 3991 3576 4060 pignore
3605 4004 3843 4058 praemu-

2255 4083 2368 4137 niti.
2390 4081 2503 4138 Hoc
2526 4083 2716 4153 pignus
2737 4085 2853 4138 sine
2874 4083 3036 4138 dubio
3063 4097 3248 4137 servus
3270 4082 3357 4136 ille
3383 4097 3489 4135 non
3517 4081 3730 4145 habuit,
3749 4081 3846 4149 qui

2250 4185 2522 4246 acceptam
2582 4176 2790 4230 Domini
2833 4177 3112 4246 pecuniam
3183 4174 3539 4244 multiplicare
3607 4174 3848 4240 neglexit

2255 4268 2413 4339 (Luc.
2469 4285 2578 4333 xix.
2620 4268 2743 4339 20).
2775 4267 2915 4322 Deus
2934 4282 3062 4335 ergo
3091 4267 3326 4335 gratuito
3370 4279 3597 4333 munere
3625 4266 3715 4320 cui
3746 4279 3849 4318 vo-

2250 4363 2408 4417 luerit
2437 4362 2719 4431 pecuniam
2749 4377 2899 4414 suam
2943 4361 3240 4430 pignusque
3277 4357 3534 4425 largitur,
3569 4353 3853 4411 Caeterum

2253 4464 2350 4508 nus
2373 4469 2476 4525 nec
2497 4455 2545 4508 ei
2571 4452 2771 4522 aliquid
2799 4444 3063 4513 dedimus,
3091 4465 3188 4518 pro
3209 4449 3539 4521 quopignus
3565 4446 3856 4516 accipere~

2251 4560 2370 4598 mus
2386 4541 2534 4615 [Quis
2558 4544 2698 4598 enim
2721 4528 2863 4612 prior
2885 4541 3024 4616 dedit
3051 4541 3146 4617 illi,
3163 4549 3211 4594 et
3233 4538 3538 4592 retribuetur
3559 4539 3609 4591 ei
3622 4538 3649 4590 .’
3665 4535 3856 4608 (Rom.

2253 4651 2322 4699 xl,
2355 4633 2511 4705 55)];
2561 4649 2735 4706 neque
2788 4633 2978 4702 pignus
3018 4632 3088 4686 illi
3138 4647 3235 4701 pro
3283 4631 3504 4700 pecunia
3552 4627 3850 4683 dedimus:

2251 4722 2346 4777 sed
2371 4731 2428 4778 et
2456 4723 2646 4797 pignus
2669 4731 2723 4776 et
2753 4740 2766 4790 ι
2788 4721 3031 4776 ecuniam
3057 4722 3172 4790 ipso
3201 4720 3355 4774 nobis
3377 4718 3654 4773 tribuente
3679 4719 3830 4786 habe

2253 4833 2403 4883 mus;
2449 4832 2557 4888 quo
2606 4818 2827 4887 pignore
2875 4832 2974 4872 nos
3003 4815 3361 4882 custodiente,
3406 4831 3512 4869 non
3565 4814 3862 4886 perdimus

2249 4908 2391 4976 quod
2437 4909 2720 4972 habemus;
2754 4923 2784 4962 a
2815 4922 2922 4976 quo
2951 4909 3115 4962 etiam
3152 4907 3350 4975 jugiter
3395 4905 3736 4972 adjuvamur,
3798 4914 3866 4959 ut

2251 5000 2502 5074 pecunias
2547 5015 2680 5068 quas
2741 5001 3044 5070 accepimus
3108 5000 3388 5055 commoda
3460 4999 3857 5067 negotiatione

2252 5087 2607 5157 multiplicare
2630 5089 2914 5157 possimus.

559 4851 714 4891 sumu
745 4834 1000 4904 spiritalis
1027 4834 1212 4902 gratia:
1249 4834 1411 4890 armis
1450 4841 1599 4887 tanto
1631 4831 1820 4887 fortius
1855 4833 2145 4902 praecinge-

560 4936 672 4990 ret,
703 4935 906 4995 quanto
943 4926 1121 4981 acrius
1159 4925 1417 4980 adversus
1459 4925 1702 4980 eamdem
1743 4941 1866 4979 vasa
1909 4926 2000 4980 ira:
2029 4925 2144 4979 dia-

560 5018 715 5074 bolus
743 5018 1035 5085 instigaret.
1063 5015 1295 5073 Proinde
1317 5025 1646 5087 memoratus
1677 5015 1766 5070 Dei
1797 5015 2035 5084 pontifex
2064 5015 2142 5068 in-

560 5107 737 5179 clytus
759 5106 1082 5173 Augustinus
1112 5106 1297 5160 turrim
1343 5103 1672 5159 fortitudinis
1718 5105 1886 5172 ipsam
1915 5103 2141 5171 gratiam

561 5205 750 5253 tenens
773 5236 788 5260 ,
830 5204 885 5250 et
923 5197 1116 5250 exinde
1151 5205 1347 5251 cuncta
1393 5195 1668 5250 hostilium
1715 5194 2141 5249 machinamenta

541 5295 853 5341 turmarum
886 5284 912 5322 ἀ
945 5286 1180 5342 cmlestis
1222 5287 1512 5355 juvaminis
1550 5288 1747 5341 virtute
1782 5285 2142 5362 confringens,

553 5393 666 5432 non
695 5379 869 5433 solum
901 5378 1014 5448 ipse
1053 5377 1346 5447 perfectam
1391 5379 1458 5434 de
1505 5380 1662 5433 hoste
1691 5378 1969 5433 victoriam
2001 5378 2144 5434 refe-

2321 5197 2449 5252 Csr.
2480 5213 2591 5253 xu.
2621 5229 2690 5240 --
2714 5197 2803 5259 δε,
2835 5198 2986 5252 lllum
3032 5215 3156 5252 vero
3187 5199 3324 5253 beati
3358 5198 3600 5267 Apostoli
3632 5196 3862 5261 locum,
3902 5211 3906 5215 ‘

2249 5287 2339 5341 ubi
2362 5287 2428 5340 de
2459 5287 2569 5341 Deo
2599 5286 2772 5364 dicit;
2803 5287 2941 5359 Ergo
2981 5288 3126 5358 cujus
3156 5289 3260 5342 vult
3289 5289 3580 5353 miseretur,
3613 5298 3665 5340 et
3689 5306 3865 5361 quem

2245 5380 2350 5434 vult
2371 5379 2580 5434 indurat
2611 5378 2786 5446 (Rom.
2820 5395 2896 5442 rx,
2930 5379 3040 5450 18),
3096 5381 3287 5436 melius
3316 5381 3626 5450 accipimus,
3659 5381 3710 5434 si
3745 5383 3868 5438 hoc
3915 5393 3918 5396 ’

2247 5489 2354 5527 non
2395 5472 2462 5526 ad
2489 5473 2922 5539 interrogationis
2951 5489 3189 5537 sensum,
3213 5473 3308 5528 sed
3337 5474 3404 5529 ad
3430 5473 3871 5530 conclusionem

2244 5564 2523 5617 sententiae
2548 5562 2859 5616 referamus.
2887 5563 3091 5630 Agebat
3109 5566 3251 5618 enim
3275 5566 3466 5621 beatus
3487 5563 3687 5620 Paulus
3707 5581 3875 5637 apo-

561 5481 684 5521 rens
729 5467 1098 5538 triumphavit,
1130 5468 1258 5537 quin
1309 5470 1470 5524 etiam
1528 5468 1759 5540 posteris
1804 5467 2042 5522 certandi
2090 5477 2142 5522 et

559 5557 803 5612 vincendi
827 5557 1070 5612 ordinem
1095 5599 1109 5622 ,
1147 5559 1190 5613 si
1228 5560 1441 5634 quando
1473 5559 1878 5626 victapravitas
1907 5558 2141 5612 recidiva

633 5745 657 5772 "
691 5735 850 5806 Editi,
881 5755 1079 5806 sapere.

631 5805 655 5844 δ
689 5804 847 5870 Editi,
879 5804 1006 5859 nihil
1031 5807 1154 5860 bene
1183 5811 1546 5862 consummari.

635 5889 653 5912 τ
686 5873 772 5929 Sic
795 5892 892 5929 ms.
921 5892 1075 5933 unus.
1103 5876 1256 5942 Edd.,
1281 5878 1660 5942 indissonabili,
1686 5888 1738 5931 et
1769 5879 1961 5930 indisso
1987 5876 2049 5930 ub
2098 5879 2129 5928 ἔ.

2323 5739 2348 5772 ιε
2385 5736 2545 5803 Editi,
2576 5738 2810 5792 telontm.

2317 5821 2338 5843 ι’
2373 5807 2528 5867 Editi,
2563 5810 2929 5862 misericordiic
2955 5808 3247 5862 Dominum.

2325 5880 2337 5914 ί
2384 5874 2538 5939 Eliti,
2572 5877 2959 5931 similitudinem
2988 5880 3236 5948 ineptam.
