4048 6342
252 312 359 368 ωδ

1115 270 1200 367 ns
1240 307 1581 366 vuum":
1616 305 2293 367 PR£0ESTINATIONIS
2337 308 2462 366 Lm.
2505 311 2568 368 ιι.

3431 321 3535 395 6ίῆ

254 427 426 483 stolus
453 423 525 482 de
550 423 782 494 gratuita
812 425 1199 499 misericordia,
1246 410 1350 494 qua
1382 423 1525 479 Deus
1561 440 1699 493 quos
1730 429 1841 478 vult
1873 434 1911 484 .t
1945 434 2146 485 autem,
2185 425 2229 478 si
2262 425 2330 478 ab
2368 442 2435 480 eo
2464 426 2702 482 medicus
2730 428 2922 483 mortis
2951 430 3246 500 perniciem
3273 432 3534 490 beneﬁcio

255 519 368 575 sine
390 517 600 572 meritis
626 516 816 582 salvat,
848 524 904 570 et
931 515 997 570 dc
1022 514 1169 583 justo
1192 513 1415 585 judicio,
1465 529 1573 582 quo
1618 523 1843 569 caeteros

255 608 712 680 irreprehensibili
735 607 988 678 aequitate
1017 606 1357 661 condemnat.
1395 597 1492 661 Ubi
1526 606 1756 676 primum
1778 606 1845 660 de

256 698 492 772 parvulis
519 698 746 767 loquens
785 695 922 751 Esau
965 705 1019 751 et
1047 693 1234 764 Jacob,
1279 696 1393 766 ipse
1436 694 1536 751 sibi
1563 695 1845 765 proposuit

254 792 626 862 quaestionem,
659 805 723 844 ex
754 789 947 858 quibus
976 787 1093 842 sine
1126 787 1307 855 aliquo
1337 786 1677 857 propriorum
1708 785 1844 840 dun-

253 890 406 937 taxat
435 898 659 953 operum
689 880 903 943 merito,
935 877 1078 947 quia,
1120 877 1245 931 dum
1293 875 1529 931 nondum
1558 876 1666 930 nati
1709 873 1840 931 fuis-

254 983 395 1042 sent,
426 973 559 1028 nihil
587 981 810 1040 egerant
837 970 964 1024 boni
991 970 1074 1023 vel
1119 969 1263 1033 mali,
1299 984 1421 1023 cum
1448 967 1636 1023 ambos
1663 977 1842 1023 reatus

250 1064 534 1132 originalis
572 1063 780 1134 peccati
811 1069 1021 1115 teneret
1049 1059 1360 1125 obstrictos,
1392 1059 1483 1113 uni
1510 1073 1606 1129 per
1632 1058 1852 1114 indebi-‘

252 1161 368 1208 tam
398 1152 823 1208 misericordiam
854 1150 1019 1219 gratis
1041 1156 1122 1204 est
1149 1149 1388 1218 impensa
1409 1147 1645 1213 dilectio,
1688 1148 1840 1202 alteri

253 1260 355 1315 per
380 1244 627 1299 debitum
665 1242 924 1312 judicium
963 1241 1109 1313 juste
1154 1241 1415 1319 retributa
1446 1241 1738 1297 damnatio.
1780 1241 1838 1296 In

254 1336 359 1389 hac
390 1335 553 1404 igitur
572 1335 868 1404 qumstione
884 1334 1009 1404 ipse
1029 1333 1129 1387 sibi
1146 1332 1297 1402 ‘quod
1319 1331 1614 1388 adversarii
1644 1331 1840 1389 inferre

256 1434 480 1496 possent
505 1425 766 1494 objiciens
790 1442 803 1479 :
828 1422 968 1490 Quid
994 1441 1139 1496 ergo,
1182 1424 1373 1494 inquit,
1400 1425 1663 1479 dicemus?
1681 1423 1837 1478 Nun.

257 1517 380 1588 quid
400 1519 648 1589 iniquitas
663 1517 803 1587 apud
816 1515 981 1570 Deum
1001 1516 1179 1589 (Rom.
1195 1532 1268 1578 Ix,
1290 1515 1413 1587 ll)?
1431 1516 1733 1586 Statimque
1748 1532 1837 1571 re-

254 1607 489 1677 spondet
510 1607 705 1662 :Absit.
740 1606 1270 1678 Responsionemque
1299 1621 1450 1661 suam
1472 1606 1657 1674 legalis
1685 1608 1838 1661 testi-

255 1698 425 1752 monii
457 1697 774 1768 probatione
800 1696 1123 1754 conﬁrmans
1151 1700 1225 1753 ait
1254 1698 1323 1770 (υ.
1356 1695 1443 1770 15)
1471 1714 1483 1752 :
1511 1699 1680 1771 Moysi
1703 1702 1837 1753 enim

1947 514 2192 581 gratuita:
2220 516 2515 569 curationis
2544 515 2571 555 δ
2601 516 2869 571 excludat.

2014 602 2105 658 54.
2135 603 2307 661 Tanto
2335 619 2464 673 ergo
2494 606 2728 677 iniquius
2759 607 2949 663 medici
2981 610 3283 680 benignitas
3308 612 3531 669 inlatum

1945 702 2049 758 t'ur,
2075 706 2277 765 quanto
2325 698 2501 752 minus
2528 707 2825 768 spontaneo
2855 702 3124 770 pernicies
3164 703 3401 761 hominis
3438 723 3530 761 se-

1945 789 2115 859 ipsum
2134 788 2468 845 vulnerantis
2495 790 2828 845 attenditur:
2853 807 3014 862 quam
3046 794 3092 849 si
3121 795 3173 848 in
3196 811 3253 850 se
3273 799 3530 866 querulus

1943 886 2198 949 peccator
2221 879 2436 936 intuens
2455 880 2706 946 disceret,
2734 898 2838 936 non
2856 882 3088 938 divinam
3111 886 3443 943 voluntatem
3461 891 3529 944 ad

1943 972 2346 1027 excusationem
2375 987 2486 1027 suae
2531 972 2830 1044 iniquitatis
2859 986 3179 1045 opponeret,
3228 980 3321 1033 sed
3352 978 3530 1034 humi-

1943 1059 2064 1114 liter
2084 1060 2503 1115 misericordiam
2526 1063 2842 1131 postularet.
2870 1062 3220 1133 Respondeus
3243 1069 3535 1137 Apostolus

1942 1152 2018 1206 ait
2042 1169 2054 1204 :
2081 1148 2125 1204 0
2155 1140 2330 1215 homo,
2381 1161 2432 1205 tu
2470 1154 2582 1223 quis
2620 1170 2673 1207 es
2716 1155 2802 1225 qui
2838 1156 3149 1225 respondeas
3191 1155 3299 1211 Deo
3338 1157 3529 1229 (lbid..

1942 1241 2070 1313 20)?
2122 1241 2219 1298 Ubi
2250 1259 2381 1309 non,
2414 1245 2552 1299 sicut
2582 1244 2744 1314 aliqui
2772 1254 2979 1315 putant,
3032 1248 3221 1302 beatus
3250 1247 3446 1304 Paulus
3474 1244 3536 1305 m‘

1942 1336 2294 1405 responsione
2323 1335 2547 1401 defecit;
2597 1336 2690 1391 sed
2736 1338 2914 1393 cordis
2943 1337 3194 1395 obdurati
3223 1342 3535 1410 superbiam

1944 1427 2060 1481 utili
2089 1427 2220 1481 satis
2262 1427 2631 1497 increpatione
2658 1433 3009 1499 compescuit.
3037 1430 3229 1488 Dieens
3262 1433 3404 1487 enim
3433 1452 3445 1486 :
3479 1420 3537 1487 θ’

1942 1508 2117 1581 homo,
2148 1525 2199 1569 tu
2230 1516 2342 1584 quis
2371 1516 2467 1569 es!
2487 1516 2764 1570 admonuit
2795 1525 2850 1570 ut
2885 1518 3120 1588 seipsum
3151 1527 3404 1589 peccator
3435 1536 3525 1575 sua

1940 1608 2135 1677 perbus
2163 1608 2463 1671 attendens,
2496 1621 2595 1661 nec
2624 1607 2825 1676 aliquid
2871 1607 2922 1662 in
2952 1610 3064 1665 suis
3091 1611 3343 1679 operibus
3379 1613 3524 1682 quod

1941 1698 2053 1754 Deo
2082 1699 2319 1768 placeret
2347 1698 2641 1764 inveniens,
2676 1714 2706 1753 a
2732 1715 2842 1769 quo
2882 1699 2983 1754 sibi
3028 1702 3240 1756 videbat
3270 1705 3406 1758 bene
3443 1706 3522 1759 vi-

253 1792 383 1846 dicit
410 1809 430 1846 :
461 1791 743 1847 ,διξερε-εὐοι-
769 1793 853 1847 cui
889 1795 1150 1858 misereor,
1179 1802 1228 1846 et
1267 1786 1672 1848 misericordiam
1697 1807 1836 1862 prse-
1871 1793 1917 1852 B
1940 1793 2098 1846 vendi
2127 1807 2344 1846 manare
2372 1801 2717 1862 pncceptum,
2747 1793 2816 1848 ab
2840 1793 2957 1864 ipso
2986 1793 3039 1847 in
3070 1794 3369 1851 humilitate
3395 1811 3525 1851 cond

254 1881 405 1935 stabo
438 1882 583 1951 cujus
612 1881 907 1936 miserebor.
941 1882 1017 1936 Ad
1062 1880 1435 1952 explicandam
1464 1896 1680 1951 quoque
1707 1894 1837 1948 pro-

256 1974 525 2030 missionis
548 1990 657 2030 sua:
682 1976 1003 2030 sententiam
1032 1975 1111 2027 sic
1130 1974 1397 2029 conclusit
1427 1976 1494 2044 (υ.
1533 1972 1618 2042 l6)
1638 1989 1652 2026 :
1672 1972 1838 2043 Igitur

255 2076 361 2119 non
393 2066 629 2128 volentis.
666 2082 831 2137 neque
854 2063 1130 2127 currentis.
1178 2063 1269 2118 sed
1295 2064 1583 2118 miserantis
1619 2071 1695 2117 est
1721 2061 1833 2116 Det.

250 2153 447 2209 Soluto
475 2168 604 2210 vero
626 2170 787 2223 quam
811 2154 878 2209 de
899 2155 1131 2225 parvulis
1151 2155 1834 2226 proposueratqua‘stione,

257 2247 532 2304 hominum
562 2261 777 2317 quoque
819 2245 929 2316 jam
975 2248 1187 2302 ratione
1235 2247 1498 2301 utentium
1536 2229 1838 2301 voluntates

255 2340 371 2394 sola
399 2336 495 2392 Dei
538 2337 1186 2404 miseratione,converti,
1229 2335 1515 2406 subjuncto
1546 2335 1838 2390 Pharaonis

259 2429 499 2485 ostendit
540 2429 806 2500 exemplo.
859 2429 945 2483 Ait
995 2445 1225 2499 namque
1256 2430 1326 2500 (υ.
1363 2427 1492 2499 l7):
1539 2427 1676 2482 Dicit
1701 2431 1836 2483 enim

258 2519 536 2591 Scriptura
561 2520 826 2574 Pharaoni
853 2537 871 2575 :
894 2520 1028 2585 Quia
1057 2520 1109 2573 in
1135 2521 1228 2574 hoc
1249 2521 1415 2591 ipsum
1436 2521 1653 2573 excitari
1678 2530 1755 2585 te,
1784 2527 1838 2572 ut

254 2612 530 2665 ostendam
559 2613 616 2665 in
647 2620 693 2664 te
720 2613 956 2665 virtutem
997 2627 1183 2677 meum,
1229 2618 1278 2664 et
1305 2613 1637 2665 annuntietur
1656 2627 1838 2665 nomen

258 2719 427 2755 meum
473 2704 529 2756 in
579 2704 816 2756 universa
848 2712 1002 2757 terra.
1053 2700 1444 2773 Geminamque
1492 2702 1835 2769 sententiam,

256 2808 423 2865 quam
451 2793 518 2847 de
545 2794 887 2863 parvulorum
917 2804 1076 2862 atque
1103 2793 1365 2862 majorum
1401 2794 1631 2862 gratuita
1661 2794 1837 2849 salva-

256 2886 411 2941 tione
437 2885 752 2956 protulerat,
790 2899 892 2939 una
923 2884 1268 2939 conclusione
1314 2883 1564 2949 llrmavit,
1612 2883 1834 2939 dicens:

260 2974 404 3047 Ergo
432 2975 577 3046 cujus
605 2976 707 3030 vult
734 2976 1027 3040 miseretur,
1078 2984 1126 3027 et
1155 2990 1302 3045 quem
1338 2976 1443 3029 vult
1488 2973 1726 3028 obdurat.
1773 2970 1840 3028 Ut

256 3077 442 3123 autem
464 3067 567 3121 hoc
594 3067 817 3130 diceret,
849 3067 1107 3133 legalibus
1129 3080 1185 3121 sc
1214 3063 1400 3120 fultum
1432 3082 1537 3120 non
1570 3067 1841 3121 nesciebat

1942 1882 2063 1935 triti-
2079 1881 2532 1936 cordisexoraret
2553 1882 2810 1935 auxilium
2838 1899 2850 1935 :
2876 1882 3147 1951 sciretque
3167 1883 3266 1937 sibi
3292 1893 3523 1947 tantum-

1939 1970 2104 2028 modo
2133 1972 2577 2035 succensendum,
2611 1972 2865 2044 quidquid
2887 1974 3214 2041 cogitatione
3237 1976 3319 2029 vel
3341 1990 3522 2044 opera-

1941 2065 2086 2119 tione
2114 2066 2394 2134 peccaret;
2427 2062 2870 2131 voluntatemque
2910 2079 2974 2117 ac
3002 2061 3309 2118 facultatem
3338 2064 3391 2118 in
3425 2063 3525 2118 lida

1939 2163 1994 2209 et
2018 2155 2241 2208 caritate
2287 2152 2433 2224 justo
2461 2162 2752 2222 sancteque
2780 2145 2992 2208 vivendi
3021 2169 3292 2222 nunquam
3322 2154 3523 2208 homini

1942 2248 2087 2303 nasci
2116 2261 2183 2302 ex
2214 2246 2453 2312 homine,
2484 2245 2578 2301 sed
2617 2244 2872 2300 divinitus
2902 2245 3060 2299 tribui
3103 2247 3330 2313 gratuita
3361 2246 3521 2314 largi-

1942 2348 2221 2410 tatc;qu:c
2256 2339 2560 2393 voluntates
2605 2338 2880 2392 hominum
2931 2337 3099 2392 malas
3145 2337 3523 2408 pra-veniendo

1941 2439 2110 2484 mutat
2137 2428 2187 2483 in
2218 2429 2406 2492 bonas.
2462 2438 2517 2481 ut
2560 2428 2738 2496 impiis
2777 2437 2831 2482 et
2862 2427 3056 2496 iniquis
3076 2435 3304 2498 peccata
3345 2427 3523 2480 dimit-

1942 2528 2047 2586 tat;
2078 2519 2400 2587 easdemque
2431 2520 2600 2571 bonas
2653 2517 2954 2570 voluntates
2998 2516 3299 2585 ndjuvando
3340 2517 3521 2570 subse-

1941 2613 2141 2682 quitur,
2164 2620 2220 2665 ut
2241 2610 2459 2680 justitirc
2487 2624 2743 2663 coronam
2777 2610 2913 2663 bene
2969 2609 3267 2663 viventibus
3315 2608 3531 2675 reddat,

1941 2700 2231 2771 quamnon
2261 2702 2312 2754 in
2355 2699 2459 2754 hoc
2484 2698 2701 2765 sccculo,
2733 2697 2826 2752 sed
2858 2697 2909 2751 in
2944 2698 3122 2752 t‘utnro
3148 2696 3388 2753 lidelibus
3415 2699 3521 2752 suis

1944 2789 2228 2860 largiturus
2256 2799 2339 2846 est
2365 2788 2641 2853 Dominus,
2678 2788 2803 2843 dum
2834 2788 2974 2843 vasis
3002 2788 3379 2844 misericordiae
3406 2788 3519 2858 glo—

1943 2884 2075 2937 rium
2106 2884 2362 2951 larg'etur
2395 2893 2441 2947 τ’,
2486 2889 2540 2936 et
2568 2896 2693 2936 vasa
2728 2880 3063 2935 contumelia:
3086 2889 3288 2937 :eterno
3311 2895 3522 2951 suupcr

1945 2988 2126 3029 arsura
2152 2973 2427 3044 deputabit
2456 2971 2725 3028 incendio.

2013 3059 2101 3118 '55.
2134 3060 2189 3117 In
2212 3063 2405 3132 quibus
2424 3062 2563 3116 vasis
2586 3060 2964 3131 mise.-i_cor.li:e
2983 3068 3144 3130 atque
3158 3059 3522 3124 contumelia,

258 3158 508 3227 eloquiis,
533 3157 725 3228 quibus
748 3157 911 3211 Deum
933 3164 989 3211 et
1011 3155 1180 3226 Moysi
1200 3155 1395 3212 dixisse
1421 3174 1433 3209 :
1455 3153 1740 3211 Miserebor
1761 3158 1841 3210 cui
1872 3170 1916 3232 η
1950 3145 2170 3209 multum
2200 3169 2389 3209 sensus
2418 3153 2641 3206 istorum
2674 3151 2895 3205 fratrum
2923 3166 2952 3206 a
2982 3151 3211 3205 veritate
3233 3150 3523 3215 discordat.

261 3251 510 3305 misereor
532 3248 725 3320 (Exod.
760 3262 944 3311 xxxnt,
984 3245 1105 3319 l9),
1151 3247 1299 3302 etde
1326 3246 1607 3302 Pharaone
1645 3248 1844 3303 dixisse

204 3409 212 3415 ἦ
262 3340 408 3411 quod
432 3339 549 3410 ejus
581 3356 676 3394 cor
713 3338 1068 3394 obduratnrus
1096 3345 1260 3400 esset,
1304 3349 1530 3392 noverat
1554 3338 1841 3394 contineri.

330 3429 463 3485 CAP.
496 3446 585 3484 xx.
617 3462 686 3475 -—
709 3427 797 3482 55.
830 3416 1068 3497 Denique
1097 3436 1153 3482 ut
1199 3436 1518 3496 agnoscatur
1566 3429 1677 3484 haec
1722 3445 1847 3483 sen-

262 3521 430 3576 tentia
461 3535 567 3574 non
615 3535 683 3574 ex
713 3518 1017 3588 objectiOne
1046 3519 1339 3589 proposita,
1391 3518 1485 3572 se]
1529 3518 1595 3571 ad
1623 3521 1843 3574 conclu-

262 3613 469 3666 sionem
491 3610 784 3682 superioris
826 3609 1208 3680 propositionis
1238 3608 1405 3672 illata,
1449 3616 1571 3678 post
1598 3608 1843 3663 eamdem

263 3703 664 3758 conclusionem
691 3702 804 3771 ipse
831 3700 932 3755 sibi
960 3700 1146 3754 beatus
1166 3696 1454 3768 Apostolus
1482 3697 1622 3753 hunc
1642 3712 1846 3752 sermo-

266 3806 387 3847 nem
415 3789 835 3846 contradicentis
863 3789 1060 3858 objecit
1094 3806 1106 3840 :
1137 3785 1280 3841 Dicis
1310 3789 1482 3857 itaque
1512 3786 1637 3840 mihi
1668 3803 1684 3839 :
1709 3782 1848 3851 Quid

264 3885 434 3942 adhuc
460 3882 745 3957 queritur?
779 3880 1042 3935 Voluntati
1069 3880 1180 3950 ejus
1201 3878 1312 3951 quis
1335 3878 1524 3931 resistit
1554 3876 1604 3949 (1
1628 3876 1747 3931 Cor.
1773 3894 1845 3943 Ix,

266 3973 607 4045 i9)?Solent
627 3973 768 4028 enim
798 3973 1043 4027 homines
1079 3971 1130 4025 in
1161 3970 1397 4025 tenebris
1427 3970 1657 4040 propria:
1683 3970 1847 4025 c:cci-

266 4066 393 4125 latis
439 4076 682 4123 errantes
713 4073 762 4127 ι,
795 4077 915 4118 cum
961 4061 1185 4115 audiunt
1214 4060 1385 4128 gratia
1430 4059 1522 4114 Dei
1572 4060 1848 4130 praeveniri

267 4164 430 4227 atque
458 4154 726 4212 immutari
766 4154 1041 4210 hominum
1092 4140 1413 4217 voluntates,
1460 4150 1749 4221 vi-lentque
1790 4167 1848 4206 se

267 4260 368 4319 pro
397 4244 669 4301 tenebrosi
715 4242 891 4299 cordis
936 4240 1288 4312 perversitate
1334 4240 1564 4310 culpari,
1615 4255 1847 4297 excusa-

270 4320 401 4395 tioni
431 4350 545 4391 sum
584 4334 650 4389 de
691 4332 835 4405 juzta
870 4332 960 4387 Dei
1007 4332 1283 4388 voluntate
1331 4329 1584 4399 injusmm
1632 4340 1850 4401 captare

268 4428 601 4497 suﬂ'ragium,
631 4435 691 4483 ut
718 4425 878 4501 475
899 4423 1094 4481 exinde
1133 4421 1304 4490 majus
1330 4422 1589 4490 recipiant
1618 4422 1850 4491 punitio-

1945 3246 2137 3317 quibus
2183 3244 2393 3299 videtur
2440 3242 2586 3313 ipsos
2629 3257 2749 3297 esse
2794 3256 2921 3297 vasa
2959 3242 3374 3308 misericordiae,
3435 3244 3525 3314 qui

1944 3337 2320 3394 ecclesiastica:
2365 3336 2479 3390 sive
2515 3329 2795 3390 saécularis
2833 3334 3036 3388 militia:
3083 3334 3281 3388 habent
3329 3335 3382 3389 in
3426 3335 3526 3391 hoc

1944 3430 2140 3486 saeculo
2168 3426 2512 3497 dignitatem;
2563 3426 2789 3481 clericos
2828 3439 2957 3479 vero
3000 3429 3055 3477 et
3083 3425 3397 3488 monachos,
3445 3422 3528 3479 vel

1944 3521 2210 3592 quoslibet
2238 3519 2421 3584 laicus,
2474 3526 2602 3572 vasa
2632 3530 2751 3571 esse
2782 3514 3139 3569 contumeliae.
3189 3513 3360 3568 Minus
3385 3504 3524 3569 enim

1945 3613 2227 3667 attendunt
2273 3612 2367 3665 Dei
2417 3610 2733 3673 bonitatem,
2787 3622 2904 3678 qua:
2951 3620 3075 3661 vasa
3129 3594 3540 3673 misericordiae,

1945 3720 2061 3772 quae
2091 3702 2406 3774 praeparavit
2434 3701 2487 3755 in
2516 3700 2763 3771 gloriam,
2799 3715 2829 3753 a
2860 3699 3001 3753 vasis
3030 3698 3121 3751 ira:
3148 3705 3309 3767 atque
3339 3706 3523 3753 contn-

1947 3795 2119 3850 melizc
2145 3792 2375 3861 gratuita
2401 3790 2687 3846 dilectione
2733 3789 3008 3856 discernit,
3060 3787 3112 3843 in
3144 3778 3540 3843 illuminatione

1947 3885 2143 3959 cordis,
2177 3885 2280 3940 hoc
2306 3891 2388 3940 est
2418 3883 2472 3939 in
2500 3880 2624 3946 title,
2648 3896 2764 3952 spe,
2789 3888 2846 3940 et
2864 3881 3088 3938 caritate
3114 3881 3411 3939 consistere
3437 3898 3450 3934 :
3477 3879 3527 3935 in

1948 3975 2140 4046 quibus
2164 3974 2256 4044 qui
2286 3973 2709 4044 perseveraverit
2737 3985 2903 4043 usque
2933 3971 2982 4030 in
3016 3971 3197 4036 linem.
3229 3971 3317 4033 hic
3354 3971 3528 4039 salvus

1949 4068 2052 4120 erit
2081 4065 2297 4135 (Matth.
2330 4082 2381 4129 ι,
2413 4064 2526 4120 ‘32).

2020 4148 2146 4212 Cir.
2182 4172 2292 4211 xxi.
2318 4188 2388 4198 —
2416 4154 2504 4210 '56.
2546 4151 2625 4207 0b
2654 4153 2757 4208 hoc
2799 4154 2987 4209 beatus
3025 4154 3219 4210 Paulus
3269 4171 3375 4211 non
3413 4158 3531 4212 cuis

1949 4265 2111 4319 quam
2132 4239 2380 4303 A'sm'culari
2420 4247 2534 4301 sive
2570 4245 2935 4301 ecclesiastica
2982 4246 3205 4317 ptmdito
3251 4230 3543 4316 dignitate,

1950 4339 2042 4393 sed
2074 4333 2221 4393 omni
2262 4337 2507 4407 operanti
2545 4335 2766 4400 bonum,
2815 4336 3041 4405 gloriam
3088 4345 3146 4391 et
3188 4337 3448 4393 honorem
3478 4348 3535 4393 et

1954 4447 2137 4501 pacem
2161 4435 2387 4484 testatur
2410 4426 2583 4499 (Rom.
2604 4443 2658 4490 ιι,
2679 4425 2765 4495 10)
2792 4427 2978 4481 donari
3003 4442 3195 4497 posse;
3225 4436 3281 4481 et
3303 4429 3371 4482 de
3390 4431 3533 4487 vasis

271 4520 354 4578 nis
381 4524 745 4586 augmentum.
778 4517 1037 4574 Accusant
1064 4514 1205 4572 enim
1235 4513 1420 4575 Deum.
1445 4528 1475 4567 ει
1497 4528 1602 4582 quo
1623 4514 1847 4580 gratiam
1877 4531 1925 4589 υ
1951 4535 2067 4587 qua:
2095 4520 2147 4572 in
2177 4518 2338 4571 domo
2367 4530 2556 4584 magna
2604 4521 2729 4568 sunt
2756 4514 3004 4582 loquens,
3042 4530 3162 4570 non
3192 4516 3269 4569 ait
3287 4517 3410 4586 quia
3434 4533 3529 4586 po-

270 4626 377 4669 non
407 4609 705 4681 accipiunt:
736 4617 788 4663 et
817 4608 1023 4677 seipsos
1044 4613 1318 4670 excusant,
1347 4606 1437 4673 qui
1466 4598 1849 4673 Deumjustnm

269 4703 402 4757 vitio
429 4716 541 4757 sua:
562 4699 856 4768 iniquitatis
877 4696 1173 4755 offendunt.
1208 4695 1309 4765 Ipsi
1337 4695 1436 4750 sibi
1466 4694 1576 4748 suis
1604 4692 1852 4748 manibus

270 4790 506 4845 inferunt
533 4791 735 4861 plagas,
762 4788 1057 4853 acmedico
1086 4801 1191 4844 non
1223 4785 1465 4840 dubitant
1493 4786 1732 4853 irrogare
1759 4800 1852 4838 ca-

187 4933 197 4955 ,
270 4883 548 4946 lumniam,
577 4891 831 4950 tanquam
873 4896 1031 4937 causa
1060 4879 1345 4934 occisionis
1384 4876 1614 4959 propriae
1660 4892 1765 4930 non
1797 4876 1856 4930 in‘

270 4977 364 5032 illo
393 4978 465 5032 sit
490 4978 583 5046 qui
603 4977 837 5046 seipsum
870 4974 1141 5040 interﬁcit,
1171 4974 1263 5028 sed
1293 4975 1345 5027 in
1391 4988 1458 5028 eo
1478 4974 1568 5043 qui
1598 4973 1771 5027 minus
1800 4974 1848 5028 ei

269 5064 470 5119 salubri
505 5066 785 5121 curatione
813 5064 1142 5119 subvenerit.
1194 5060 1450 5117 Medicina
1497 5062 1693 5132 quippe
1739 5076 1846 5116 non

268 5156 479 5219 mortis,
533 5156 629 5212 sed
669 5156 964 5212 curationis
1010 5154 1093 5208 est
1136 5167 1298 5208 causa
1333 5170 1345 5206 :
1395 5151 1479 5207 cui
1512 5152 1694 5220 utique
1741 5166 1845 5205 non

269 5257 420 5303 recte
446 5264 595 5304 mors
621 5249 923 5311 ascribitur,
971 5247 1015 5301 si
1061 5246 1297 5317 pessimo
1325 5243 1534 5299 vulneri
1562 5242 1705 5312 quod
1746 5242 1846 5296 sibi

270 5342 435 5395 homo
463 5341 642 5396 intulit
669 5340 886 5395 minime
915 5338 1234 5409 praebeatur.
1266 5334 1493 5390 iustitiae
1517 5334 1715 5403 quippe
1743 5341 1843 5395 est,

267 5430 315 5484 si
343 5428 655 5491 vulneratus
681 5429 771 5483 ille
798 5428 1151 5497 relinquatur,
1203 5433 1261 5479 ut
1303 5429 1530 5478 mortem
1558 5435 1719 5493 quam
1746 5421 1845 5475 sibi

183 5521 200 5562 ἓ
267 5520 584 5588 spontaneis
609 5517 863 5589 operibus
896 5518 1101 5581 ascivit,
1155 5516 1421 5578 inveniat;
1472 5511 1847 5567 misericorliae

343 5667 365 5688 ⁸
400 5653 557 5715 Ειίιὶ..
585 5662 700 5706 exst
736 5662 866 5706 ntes.

341 5724 363 5759 ³·
393 5724 449 5793 I_u
478 5723 622 5782 ethl..
652 5722 893 5793 gratuita!
921 5720 1188 5793 mntionis,
1222 5717 1313 5772 Sed
1338 5715 1495 5773 male.

344 5807 354 5829 ‘
396 5791 453 5852 lit
483 5789 716 5853 excusis,
745 5793 966 5865 gratiam
997 5789 1262 5853 largietur.

1953 4610 2058 4663 tior
2101 4606 2424 4678 quemquam
2469 4605 2701 4673 dignitas
2730 4619 2822 4659 vas
2859 4605 3079 4661 honoris
3116 4605 3331 4673 el'liciet,
3369 4608 3533 4681 476

1953 4697 2046 4753 sed
2087 4698 2349 4752 honorem
2395 4694 2581 4749 verum
2625 4694 2895 4749 mundatis
2935 4697 3130 4751 asserit
3174 4695 3531 4765 largiendum.

1952 4788 2042 4842 Sic
2068 4787 2210 4841 enim
2256 4785 2385 4840 dicit
2418 4803 2431 4838 :
2469 4783 2530 4839 In
2570 4802 2759 4855 magna
2805 4793 2978 4839 autem
3026 4785 3176 4839 domo
3215 4803 3317 4841 non
3362 4789 3529 4843 solum

1950 4888 2070 4934 sunt
2097 4894 2219 4932 vasa
2248 4893 2404 4929 aurea
2443 4885 2492 4930 et
2521 4884 2783 4946 argentea,
2828 4874 2919 4929 sed
2946 4885 2996 4929 et
3023 4875 3195 4946 lignea
3227 4884 3276 4929 et
3302 4876 3487 4946 ﬁctilia
3507 4917 3518 4931 .

1951 4981 1999 5024 et
2021 4968 2255 5042 qutedam
2283 4961 2486 5038 quidem
2527 4975 2643 5020 sunt
2687 4967 2740 5019 in
2766 4965 3033 5030 honorem,
3063 4965 3298 5036 quadam
3326 4982 3444 5020 vero
3472 4969 3526 5021 in

1951 5059 2331 5115 contumeliam.
2385 5055 2445 5112 Si
2483 5059 2596 5131 quis
2626 5066 2792 5109 autem
2821 5056 3171 5110 emundaverit
3216 5046 3364 5110 se‘ab
3389 5056 3525 5118 istis.

1952 5149 2050 5204 erit
2076 5167 2164 5203 vas
2191 5151 2245 5203 in
2269 5144 2514 5202 honorem
2535 5145 2936 5213 sancti/iratum,
2959 5154 3009 5197 et
3035 5145 3161 5198 utile
3193 5144 3428 5207 Domino.
3458 5152 3544 5228 ad.

1952 5256 2100 5294 omne
2126 5254 2253 5307 opus
2282 5235 2466 5291 bonum
2485 5245 2723 5308 paratum
2745 5232 2834 5304 (II
2867 5232 3000 5287 Tim.
3024 5250 3083 5302 It,
3111 5233 3199 5300 ω,
3223 5233 3334 5304 2i).
3369 5234 3394 5272 (³
3424 5234 3527 5291 lte-

1953 5347 2069 5387 rmn
2100 5330 2175 5385 ait
2199 5328 2265 5383 de
2281 5325 2391 5384 Deo
2416 5347 2428 5380 :
2455 5326 2554 5393 Qui
2574 5322 2749 5380 reddet
2777 5327 3047 5397 unicuique
3072 5327 3348 5380 secundum
3369 5344 3526 5397 opera

1951 5437 2077 5483 sua;
2109 5419 2188 5472 his
2211 5416 2413 5489 quidem
2438 5417 2523 5487 qui
2556 5416 2841 5471 secundum
2863 5417 3164 5487 patientiam
3193 5413 3309 5470 boni
3330 5419 3547 5488 operis,’

1951 5509 2191 5580 gloriam,
2211 5516 2260 5560 et
2279 5506 2545 5568 honorem,
2568 5515 2616 5558 et
2638 5506 3070 5576 incorruptionem
3090 5515 3343 5578 quierunt,
3366 5507 3524 5590 vitans

2026 5639 2051 5677 ⁸
2086 5640 2255 5694 lutcus
2282 5639 2368 5693 hic
2398 5637 2637 5706 Apostoli
2666 5612 2783 5691 nou
2810 5636 3000 5705 legitur
3027 5636 3089 5690 in.
3108 5636 3279 5701 editis,
3331 5635 3423 5691 sed
3468 5636 3525 5692 in

1952 5726 2075 5766 mss.
2108 5709 2334 5766 duobus.
