4048 6342
486 396 598 485 an

1498 339 1561 452 .8.
1593 391 1957 450 FULGENTII
1999 392 2300 449 El’ISCOPI
2343 391 2706 452 ltUSl‘l‘ZNSlS

3663 403 3766 462 658

499 528 776 576 aeternam;
809 517 886 571 his
915 525 1082 569 autem
1104 532 1184 582 qui
1213 530 1278 567 ea:
1305 513 1652 576 contentione,
1682 521 1730 564 et
1750 511 1834 580 qui
1865 527 1967 563 non
1995 525 2082 561 ac-
2111 512 2157 570 Α
2185 508 2309 576 quia
2356 506 2650 577 pontiﬁcali
2680 507 2867 561 militia
2909 507 3186 577 fungitur;
3237 511 3332 567 sed
3370 512 3416 567 si
3465 529 3564 584 pro
3605 530 3771 586 grege

497 610 760 680 quiescunt
790 608 1012 668 veritati,
1051 605 1265 658 credunt
1305 611 1474 665 autem
1499 602 1778 673 iniquitati,
1813 603 1894 654 ira
1921 609 1969 653 et
1999 601 2079 652 in-

499 698 750 769 dignatio.
786 693 1071 748 Tribulatio
1094 702 1142 745 et
1168 696 1408 762 angustia
1428 693 1482 746 in
1509 708 1710 746 omnem
1741 693 1966 744 anintam
1989 692 2078 744 ho-

499 790 654 841 minis
699 787 960 856 operantis
1006 783 1234 849 malum,
1288 783 1460 837 λιιιίωὶ
1507 785 1733 853 primunt
1777 791 1826 835 et
1873 780 2078 844 lintei;

401 907 407 913 -
500 875 666 945 gloria
707 884 894 935 autem,
927 881 976 925 et
1003 873 1186 937 honor,
1227 883 1277 925 et
1305 889 1410 942 pax
1437 874 1577 926 omni
1604 873 1840 943 aperanti
1869 870 2077 939 bonum,

503 961 686 1016 Judwo
727 963 949 1031 primum
976 971 1025 1013 et
1051 955 1230 1013 Grazco
1261 958 1438 1030 (Rom.
1477 976 1531 1021 ll,
1565 959 1597 1012 6
1624 968 1671 1013 et
1699 961 1852 1031 seq.).
1885 960 2082 1015 Beatus

500 1068 715 1124 quoque
746 1049 935 1106 Petrus
962 1051 1206 1111 ostendit
1239 1050 1795 1120 per'misericordiam
1825 1049 1943 1117 Dei,
1991 1065 2079 1104 se-

499 1145 736 1200 cundum
765 1160 922 1214 quam
950 1159 1073 1198 vasa
1100 1143 1476 1198 misericordia:
1496 1142 1832 1211 appellantur
1857 1142 2093 1211 quicum.

500 1225 605 1310 que
631 1235 924 1299 salvantur,
975 1249 1079 1288 non
1111 1234 1422 1302 dignitatem
1454 1233 1710 1302 temporis
1741 1232 1792 1284 in
1822 1233 1922 1286 hac
1951 1232 2078 1296 vita,

501 1326 594 1379 sed
623 1326 821 1380 donum
867 1327 1306 1395 regenerationis
1338 1327 1389 1379 in
1441 1325 1572 1389 lidc,
1625 1339 1721 1393 spe
1766 1333 1821 1379 et
1861 1325 2085 1379 caritate

499 1415 752 1484 cOnferri.
786 1416 874 1468 Ait
901 1418 1040 1469 cnim
1067 1434 1078 1467 :
1107 1415 1409 1468 Benedictus
1447 1414 1584 1468 Deus
1613 1428 1660 1467 et
1693 1413 1850 1467 Pater
1872 1413 2082 1468 Domini

501 1507 665 1558 nostri
705 1504 831 1558 Iesu
871 1504 1083 1570 Christi,
1135 1505 1219 1576 qui
1261 1523 1349 1574 per
1390 1522 1629 1576 magnam
1673 1505 2085 1560 misericordiam

502 1611 648 1647 suam
690 1595 1009 1663 regeneravit
1039 1611 1130 1647 nos
1158 1595 1209 1646 in
1250 1610 1388 1662 spent
1428 1595 1605 1656 vivant,
1636 1610 1728 1662 per
1754 1592 2085 1646 resurrectio-

504 1702 617 1738 nem
639 1684 762 1738 Iesu
785 1683 975 1737 Christi
1002 1702 1032 1737 α
1063 1686 1295 1749 mortuis,
1323 1688 1373 1737 in
1405 1685 1754 1738 [nereditatem
1782 1685 2088 1767 incorrupti-

501 1776 673 1839 bilem,
699 1785 748 1828 et
772 1777 1250 1840 incontaminatatn,
1283 1786 1330 1827 et
1359 1773 1850 1838 immarcescibilem,
1877 1791 2082 1828 conser-

2183 598 2282 651 sibi
2312 597 2514 652 credito
2540 597 2798 652 sollicitus
2825 613 3040 668 semper
3067 600 3330 670 invigilet,
3356 604 3623 673 praedicet
3653 623 3753 660 ver

2183 684 2331 750 bum,
2360 686 2524 740 instet
2546 693 2868 756 opportune,
2901 688 3464 761 iutportune,.arguat,
3496 695 3768 767 obsecret,

2184 773 2444 842 increpet,
2470 776 2522 828 in
2553 776 2698 829 omni
2730 777 2987 846 patientia
3016 787 3070 832 et
3117 779 3363 836 doctrina
3391 781 3479 853 (Il
3524 783 3654 840 Tim.
3687 803 3764 857 tv,

2181 864 2278 935 2);
2313 882 2412 921 nec
2441 867 2541 920 sibi
2564 866 2896 922 dominatum
2942 871 3208 942 superbus
3248 889 3508 944 usurpare
3537 886 3762 947 conteno

2182 955 2294 1021 dat,
2334 958 2436 1010 sed
2465 958 2778 1026 apostolicis
2821 959 3140 1016 informatus
3169 963 3418 1032 eloquiis,
3462 969 3770 1038 exemplum

2186 1063 2245 1102 se
2273 1049 2482 1103 cunctis
2510 1050 2793 1127 exhibeat;
2821 1067 2923 1106 nec
2947 1053 2991 1106 si
3016 1053 3172 1109 ullius
3195 1055 3491 1113 altitudinis
3511 1059 3770 1115 collatum

2185 1141 2284 1195 sibi
2312 1141 2545 1210 gaudeat
2574 1144 2874 1211 temporale
2918 1143 3207 1214 fastigium,
3257 1149 3354 1203 sed
3399 1149 3447 1204 si
3491 1166 3550 1206 se
3579 1151 3770 1208 humili

2183 1233 2347 1288 corde
2377 1232 2623 1288 tidelibus
2665 1237 2902 1305 prmbeat
2930 1237 3086 1292 bona:
3115 1243 3544 1298 conversationis
3585 1260 3774 1300 exem-

2186 1325 2331 1394 plum
2365 1324 2490 1395 (Tit.
2525 1341 2581 1391 ιι,
2617 1325 2692 1394 7).
2725 1326 3190 1386 Clementissimus
3229 1335 3774 1407 quoqueimperator

2186 1429 2292 1466 non
2317 1413 2437 1467 ideo
2456 1422 2539 1467 est
2558 1430 2650 1468 vas
2672 1416 3050 1474 misericordiae
3073 1434 3430 1491 prteparatum
3453 1425 3507 1479 in
3521 1427 3767 1494 gloriam,

2185 1505 2308 1574 quia
2351 1491 2562 1574 apicem
2605 1511 2806 1562 terreni
2843 1511 3173 1582 principatus
3221 1519 3450 1587 accepit,
3634 1522 3679 1576 si
3714 1491 3771 1579 in

2187 1596 2449 1664 imperiali
2496 1598 2729 1653 culmine
2774 1609 2922 1655 recta
2970 1601 3074 1658 ﬁde
3123 1606 3290 1670 vivat,
3337 1617 3391 1662 et
3418 1625 3546 1664 vera
3589 1614 3774 1666 cordis

2187 1685 2488 1742 humilitate
2519 1689 2803 1758 prmditus,
2836 1693 3049 1749 culmen
3078 1699 3239 1765 regia:
3267 1698 3542 1768 dignitatis
3569 1715 3774 1758 sancta:

2187 1779 2428 1846 religioni
2459 1782 2741 1850 subjiciat;
2792 1786 2838 1839 si
2883 1788 3052 1853 magis
3083 1790 3136 1843 in
3184 1790 3375 1846 timore
3403 1795 3603 1848 serviat
3633 1795 3771 1860 Deo.

501 1877 670 1920 satam
691 1867 744 1917 in
775 1866 935 1930 ctelis,
964 1867 1018 1918 in
1048 1865 1184 1918 vobis
1213 1865 1299 1937 qui
1333 1867 1386 1918 in
1416 1866 1600 1918 rirtttte
1629 1863 1725 1918 Dei
1754 1866 2084 1934 gustodimini
2109 1883 2159 1938 ,ις
2188 1882 2351 1936 quam
2385 1869 2436 1924 in
2468 1879 2679 1927 tumore
2701 1874 2966 1930 dominari
2994 1879 3197 1948 popqu
3234 1880 3575 1950 delectetur;
3618 1887 3664 1940 si
3714 1888 3772 1946 in

501 1971 590 2024 per
609 1954 764 2023 ﬁdens
792 1955 845 2006 in
877 1954 1092 2006 salutent
1133 1965 1370 2023 paratam
1399 1956 1612 2006 revelari
1655 1955 1706 2006 in
1740 1964 1963 2025 tempore
1990 1973 2085 2010 no-

501 2041 726 2104 rissimo,
760 2042 812 2093 in
843 2058 940 2112 quo
961 2040 1288 2093 exsultabitis
1317 2042 1571 2093 modicum
1602 2058 1757 2108 nunc,
1787 2042 1829 2095 si
1853 2043 1970 2112 ﬁeri
1993 2062 2086 2112 po-

502 2141 620 2196 test,
646 2147 736 2197 per
767 2132 1028 2183 tristitiam
1051 2131 1101 2182 in
1136 2132 1292 2183 uariis
1323 2131 1687 2184 tentationibus
1715 2149 1731 2185 :
1771 2142 1824 2184 ut
1853 2133 2086 2202 probatio

503 2202 685 2275 vestrm
706 2221 829 2291 ﬁdei
859 2221 1016 2274 ntulto
1057 2222 1327 2290 pretiosior
1356 2223 1421 2274 sit
1460 2239 1588 2277 attro
1625 2223 1759 2294 quod
1785 2241 1876 2294 per
1909 2226 2080 2294 ignem

503 2310 770 2381 probatur,
799 2321 848 2364 et
887 2311 1177 2363 inveniatur
1203 2312 1253 2363 in
1285 2311 1491 2364 laudem
1522 2323 1570 2365 et
1599 2313 1815 2383 gloriam
1845 2324 1892 2367 et
1921 2316 2086 2370 hono-

504 2417 629 2463 rem,
655 2402 708 2452 in
741 2401 1046 2453 reuelatione
1077 2399 1286 2453 Domini
1325 2402 1488 2454 nostri
1519 2400 1643 2454 Jesu
1684 2400 1914 2476 Christi;
1940 2423 2084 2474 quem

503 2505 617 2542 cum
643 2507 744 2542 non
776 2489 1022 2554 videritis,
1054 2491 1306 2561 diligitis;
1341 2493 1392 2544 in
1433 2509 1579 2562 quem
1608 2510 1743 2546 nunc
1766 2512 1961 2565 quoque
1983 2514 2087 2550 non

504 2578 746 2641 ridentes,
789 2580 1032 2643 creditis;
1081 2580 1342 2634 credentes
1381 2593 1548 2634 autem
1586 2584 1855 2637 exsultatis
1904 2585 2086 2639 la'titia

503 2668 836 2722 inenarrabili
857 2677 904 2722 et
935 2669 1297 2740 Itonori/icata,
1326 2671 1627 2740 recipientes
1655 2673 1810 2743 finem
1847 2675 1971 2744 [idei
2001 2694 2084 2728 vc-

503 2769 624 2814 strtr
644 2762 856 2813 salutem
888 2762 1179 2813 anintarum
1212 2759 1264 2831 (1
1290 2761 1431 2815 Petr.
1465 2778 1500 2824 ι,
1529 2761 1583 2826 5,
1613 2761 1645 2814 4
1673 2773 1722 2816 et
1750 2767 1906 2836 seq.).

530 2891 532 2893 μ
576 2849 664 2902 57.
685 2849 890 2903 Videtis
919 2857 1190 2919 pastorem
1221 2859 1460 2904 sanctum
1490 2851 1702 2916 ovibus,
1727 2867 1859 2920 quas
1883 2855 1948 2908 ab
1971 2855 2087 2924 ipso

504 2939 748 3009 Principe
779 2932 1110 3006 Domino'pte
1137 2947 1410 3009 pastorum
1440 2941 1656 2994 utendas
1684 2944 1913 3012 accepit,
1937 2944 2083 2996 salu-

505 3030 620 3082 bria
665 3027 917 3098 spiritalis
943 3026 1201 3081 doctrinm
1230 3027 1422 3096 pabula
1463 3029 1848 3097 providentem.
1885 3030 2085 3101 Nempe

504 3119 740 3174 ostendit
772 3117 895 3188 quid
939 3117 1077 3171 Deus
1122 3117 1208 3171 hic
1239 3133 1335 3186 per
1373 3134 1618 3187 magnam
1661 3121 2082 3175 misericordiam

476 3227 651 3266 ~suam
684 3211 734 3264 in
766 3195 876 3264 Suis
907 3209 1150 3264 lidelibus
1178 3219 1449 3278 operetur,
1491 3213 1694 3266 scilicet
1725 3215 2084 3279 regeneratio-

504 3320 623 3358 nem
647 3320 752 3356 non
774 3303 991 3371 in'spem
1008 3302 1276 3356 surcularis
1291 3312 1382 3355 aut
1396 3303 1772 3358 ecclesiasticae
1788 3305 2081 3375 cujusliiam

503 3394 824 3448 transitoria:
852 3393 1144 3461 dignitatis,
1177 3393 1270 3447 sed
1303 3394 1352 3446 in
1385 3411 1534 3464 spem
1561 3395 1681 3448 vitm
1710 3405 1952 3461 mternae;
1984 3413 2084 3452 nec

504 3486 557 3538 in
589 3483 952 3538 hacreditatem
985 3484 1273 3553 itnperialis
1304 3484 1691 3554 pontiﬁealisve
1737 3487 1957 3548 militiie,
1989 3488 2083 3543 sed

503 3578 556 3631 in
588 3575 955 3631 litereditatem
987 3576 1445 3645 incorruptibilem
1485 3585 1540 3631 et
1589 3578 2081 3644 incontaminatam,

503 3676 558 3722 et
602 3667 1131 3730 immarcescibilem,
1185 3681 1356 3735 neque
1410 3666 1759 3721 all'eclandam
1811 3669 1860 3722 in
1906 3671 2082 3736 terris,

501 3757 592 3813 sed
623 3766 996 3812 conservatam
1025 3758 1076 3810 in
1125 3757 1303 3822 oculis;
1355 3772 1453 3811 nec
1483 3758 1534 3811 in
1565 3774 1658 3812 eos
1687 3759 1776 3828 qui
1816 3761 2085 3814 szecularis

503 3855 596 3901 aut
626 3848 1002 3903 ecclesiastica:
1022 3847 1298 3916 dignitatis
1319 3847 1687 3917 adipiscuntur
1721 3853 2087 3919 tetnporaliter

503 3938 732 4001 culmen,
779 3938 960 3996 scdin
992 3953 1086 3992 eos
1116 3939 1206 4006 qui
1251 3939 1303 3992 in
1335 3940 1530 3992 virtute
1577 3938 1669 3993 Dei
1711 3942 2086 3997 custodiuntur

504 4043 602 4099 per
632 4027 788 4088 Iidem
820 4031 872 4083 in
900 4029 1158 4092 salutem;
1203 4045 1308 4082 non
1339 4030 1522 4097 utique
1546 4029 1655 4098 jam
1687 4029 1924 4098 perfecte
1951 4048 2084 4086 con-

503 4125 707 4174 cessam
751 4120 802 4173 in
828 4121 931 4174 hoc
959 4119 1172 4183 seculo,
1223 4120 1314 4173 sed
1344 4130 1582 4187 paratam
1612 4123 1836 4176 revelari
1870 4123 1920 4176 in
1952 4134 2086 4176 tem-

501 4226 633 4280 pore
660 4212 989 4279 novissimo,
1008 4211 1072 4264 In
1099 4193 1218 4281 quo,
1252 4212 1443 4281 inquit,
1481 4213 1805 4267 exsuttabitis
1833 4231 1851 4269 :
1876 4215 2085 4269 statim-

500 4318 603 4372 que
649 4303 771 4355 vitm
816 4303 1093 4372 przcsentis
1135 4302 1410 4356 insinuans
1451 4305 1762 4372 qualitatem
1787 4347 1802 4370 ,
1866 4307 2082 4360 intulit:

501 4390 940 4455 Modicumnunc,
973 4394 1018 4445 si
1058 4393 1176 4462 [ieri
1195 4401 1379 4463 potest,
1421 4411 1513 4463 per
1542 4396 1804 4448 tristitiam
1844 4397 1896 4449 in
1929 4397 2085 4451 variis

501 4480 886 4535 tentationibus.
917 4481 1080 4549 Cujus
1110 4497 1236 4536 vero
1280 4484 1526 4539 utilitatis
1579 4501 1742 4539 causa
1775 4487 1886 4541 hinc
1918 4486 2085 4542 ﬁdeli-

2187 1975 2253 2015 eo
2282 1961 2476 2016 lenitas
2522 1963 2853 2020 iracundiam
2899 1969 3126 2036 mitiget,
3159 1981 3317 2026 ornet
3337 1973 3644 2042 benignitas
3671 1992 3776 2046 po-

2187 2059 2436 2107 testatem
2461 2072 2475 2119 ;
2519 2056 2562 2110 si
2593 2073 2651 2111 se
2681 2060 2850 2126 magis
2879 2059 3208 2130 diligendum
3233 2081 3394 2134 quam
3421 2071 3770 2127 metuendum

2187 2142 2392 2195 cunctis
2417 2143 2669 2198 exhibeat
2696 2162 2710 2210 ;
2738 2147 2783 2201 si
2812 2147 3068 2217 subjectis
3093 2153 3378 2210 salubriter
3405 2159 3655 2213 consulat
3678 2177 3694 2225 ;
3723 2165 3772 2218 si

2182 2228 2444 2297 justitiam
2470 2233 2545 2287 sic
2576 2243 2778 2303 teneat,
2805 2248 2860 2290 ut
2884 2240 3304 2298 misericordiam
3329 2262 3436 2301 non
3460 2249 3769 2320 relinquat;

2188 2319 2232 2371 si
2263 2336 2372 2388 przc
2405 2323 2653 2378 omnibus
2680 2341 2738 2380 se
2768 2338 2964 2382 sanctae
2993 2333 3179 2388 matris
3209 2332 3460 2392 Ecclesia:
3486 2319 3774 2397 catbblicz

2189 2413 2494 2466 meminerit
2540 2414 2724 2477 tilium,
2782 2426 2838 2472 ut
2867 2418 2982 2487 ejus
3029 2423 3146 2490 paci
3195 2433 3358 2495 atque
3401 2431 3772 2499 tranquillitati.

2189 2515 2284 2569 per
2313 2501 2619 2557 universum
2649 2505 2903 2561 mundum
2933 2510 3189 2578 prodesse
3218 2511 3380 2568 iaciat
3428 2533 3584 2573 suum
3621 2522 3762 2590 priu-

2189 2590 2439 2658 cipatum.
2483 2591 2648 2661 Magis
2679 2597 2818 2649 enim
2849 2597 3213 2655 Christianum
3239 2605 3442 2672 regitur
3480 2623 3544 2662 ac
3571 2625 3765 2679 propa-

2187 2690 2343 2748 gatur
2367 2682 2672 2752 imperium,
2703 2686 2827 2739 dum
2857 2689 3224 2745 ecclesiastico
3252 2695 3415 2750 statui
3440 2712 3533 2766 per
3553 2701 3760 2755 univcr-

2188 2785 2301 2823 sam
2319 2779 2514 2824 terram
2545 2775 2861 2858 consulitur,
2881 2793 3041 2846 quam
3065 2797 3186 2835 cum
3208 2783 3260 2836 in
3279 2794 3428 2854 parte
3445 2801 3762 2858 quacunque

2189 2871 2452 2917 terrarum
2484 2881 2582 2934 pro
2613 2875 2643 2918 t-
2668 2845 3215 2937 triporaliisccuritate
3246 2845 3506 2944 pugnatur

2261 2953 2348 3006 59.
2390 2953 2507 3008 Non
2538 2971 2667 3023 ergo
2699 2974 2793 3027 per
2818 2962 3114 3028 quamlibet
3152 2966 3330 3019 seculi
3377 2977 3471 3020 aut
3513 2967 3765 3024 Ecclesia

2188 3044 2529 3113 dignitatem,
2569 3049 2662 3102 sed
2691 3065 2787 3119 per
2814 3051 2967 3105 tidem
2996 3069 3114 3123 qua:
3141 3071 3237 3124 per
3261 3057 3602 3113 dilectionem
3631 3077 3740 3131 ope
3765 3094 3775 3104 -

2189 3142 2354 3197 ratur,
2390 3136 2753 3206 nmisquisque
2780 3155 2873 3192 vas
2903 3140 2954 3193 in
3007 3142 3268 3200 honorem
3308 3145 3451 3202 dono
3480 3147 3573 3203 Dei
3616 3152 3753 3205 mise

2113 3235 2157 3295 ς
2190 3225 2358 3277 rantis
2379 3225 2629 3280 el'licitur.
2664 3227 2779 3282 Non
2810 3232 2953 3284 enim
2979 3231 3227 3290 Salvator
3250 3247 3432 3292 noster
3460 3239 3651 3294 beatos
3675 3257 3763 3298 vo-

2190 3312 2286 3366 luit
2309 3316 2600 3384 nuncupari
2626 3318 2884 3374 habentes
2904 3323 3211 3379 saacularem
3233 3335 3325 3380 aut
3350 3329 3775 3388 ecclesiasticam

2187 3402 2521 3472 dignitatem,
2571 3408 2664 3461 sed
2714 3425 2980 3480 pauperes
3027 3415 3238 3483 spiritu,
3288 3419 3461 3482 mites,
3503 3421 3772 3488 lugentes,

2186 3497 2484 3552 esurientes
2503 3500 2850 3570 sitientesque
2874 3503 3154 3573 justitiam,
3188 3509 3582 3580 misericordes,
3614 3531 3763 3569 mun-
3801 3584 3804 3586 γ

2187 3585 2285 3640 dos
2313 3589 2494 3654 corde,
2529 3590 2800 3659 pacilicos,
2848 3601 2902 3646 et
2927 3597 3018 3665 qui
3070 3601 3499 3668 persecutionem
3549 3616 3766 3674 proptet

2182 3677 2445 3744 justitiam
2482 3681 2758 3749 patiuntur
2790 3681 3001 3748 (Matth.
3034 3703 3087 3754 v,
3117 3686 3152 3740 5
3177 3699 3226 3742 et
3251 3691 3407 3760 seq.).
3454 3692 3567 3748 Nec
3597 3695 3765 3749 Abra-

2188 3768 2310 3822 ham
2340 3782 2544 3840 patrem
2576 3779 2818 3826 nostrum
2849 3778 3176 3845 temporales
3215 3780 3469 3844 honores,
3519 3785 3609 3846 vel
3638 3785 3764 3839 divi-

2190 3857 2273 3910 tia:
2302 3859 2366 3912 ad
2393 3859 2484 3914 Dei
2511 3862 2798 3916 amicitiam
2829 3867 3229 3936 perduxerunt;
3277 3872 3370 3926 sed
3402 3874 3525 3943 quia
3550 3877 3782 3946 credidit,

2189 3946 2316 4012 Deo,
2341 3960 2630 4020 reputattmt
2653 3965 2727 4006 est
2756 3955 2832 4007 illi
2860 3956 2930 4008 ad
2947 3957 3225 4028 justitiam,
3259 3971 3307 4013 et
3335 3963 3532 4016 amicus
3556 3963 3655 4018 Dei
3679 3983 3767 4036 ap-

2186 4041 2404 4110 pellatus
2452 4051 2529 4095 est
2573 4043 2712 4113 (Jac.
2741 4061 2798 4113 tt,
2826 4045 2940 4116 23).
2991 4047 3101 4103 Nec
3147 4065 3439 4121 pauperem
3483 4052 3770 4126 Lazarum,

2187 4146 2424 4186 aerumna
2476 4137 2808 4204 paupertatis
2854 4145 2911 4191 et
2953 4137 3109 4194 famis
3155 4140 3431 4209 alllictum,
3472 4147 3542 4200 ab
3568 4156 3769 4202 :ctertta

2187 4223 2370 4290 requie
2413 4224 2593 4294 inopia
2624 4233 2784 4298 atque
2814 4228 3115 4296 ignobilitas
3159 4236 3468 4304 temporalis
3496 4239 3730 4295 exclusit
3757 4258 3772 4304 ;

2188 4312 2287 4367 sed
2317 4307 2589 4382 virtutem,
2621 4333 2780 4386 quam
2809 4319 3064 4376 divinitus
3094 4323 3363 4379 Abraham
3388 4327 3542 4382 dives
3561 4333 3773 4400 accepit

2187 4413 2246 4457 ut
2275 4404 2325 4458 in
2356 4405 2554 4461 divitiis
2589 4425 2794 4479 pauper
2814 4411 3004 4480 spiritu
3033 4425 3219 4471 sancte
3263 4417 3488 4484 viveret,
3521 4425 3773 4480 eamdem

2188 4497 2398 4565 accepit
2425 4496 2656 4553 Lazarus
2680 4515 2900 4570 pauper,
2934 4513 2992 4556 ut
3015 4503 3246 4560 allerens
3276 4505 3504 4565 fructum
3534 4528 3660 4568 cum
3686 4524 3772 4570 to-

501 4572 598 4625 bus
627 4573 891 4640 accidant,
930 4575 1318 4652 subsequenter
1367 4577 1640 4631 insinuans
1674 4596 1686 4630 :
1714 4578 1782 4662 Ut
1823 4581 2080 4649 probatio,
2115 4595 2162 4655 ι)
2189 4587 2436 4656 lci-autin,
2467 4592 2757 4646 translatus
2802 4595 2869 4648 ab
2898 4597 3104 4664 angelis
3135 4599 3185 4652 in
3219 4600 3395 4656 sinum
3423 4602 3660 4660 Abraha:
3688 4609 3776 4662 di-

502 4664 691 4732 inquit,
723 4675 903 4718 vestra!
928 4667 1051 4734 ﬁdei
1072 4667 1228 4719 multo
1258 4669 1534 4735 pretiosior
1571 4674 1640 4723 sit
1663 4659 1789 4726 auro
1829 4675 1964 4745 quod
1993 4692 2082 4742 per

501 4755 668 4824 ignem
698 4753 961 4824 probatur,
1011 4766 1060 4808 et
1105 4759 1393 4811 inveniatur
1423 4760 1472 4812 in
1503 4760 1725 4826 laudent,
1762 4772 1808 4815 et
1837 4765 2076 4834 gloriant,

501 4851 547 4895 et
577 4844 837 4897 honorent.
872 4844 1096 4911 Quando
1125 4863 1253 4902 vero
1283 4849 1353 4902 sit
1382 4850 1537 4920 hujus
1566 4851 1787 4907 honoris
1809 4863 1862 4907 et
1897 4855 2080 4922 gloria:

499 4935 760 5003 speranda
790 4935 946 5006 477
976 4938 1210 5001 collatio,
1259 4955 1382 4993 mox
1413 4941 1604 5010 aperit,
1655 4941 1718 4994 In
1749 4945 2076 5008 reuelatione,

499 5025 767 5094 inquiens,
797 5025 918 5078 Jesu
948 5025 1156 5082 Christi.
1188 5027 1341 5094 Quod
1370 5029 1531 5082 etiam
1562 5029 1670 5084 Vas
1693 5031 1970 5086 electionis
2000 5035 2080 5087 in-

498 5117 722 5170 sinuans
745 5117 871 5170 dicit
893 5135 904 5169 :
928 5117 1118 5172 Μονιηὶ
1143 5120 1279 5172 enim
1303 5121 1442 5178 estis.
1475 5131 1523 5173 et
1549 5123 1650 5174 vita
1675 5132 1838 5175 vestra
1863 5123 2080 5178 abscon-

440 5222 444 5224 '
499 5209 607 5262 dita
639 5218 714 5260 est
743 5223 855 5260 cum
890 5207 1095 5262 Christo
1124 5213 1176 5264 in
1203 5210 1327 5265 Deo.
1362 5209 1486 5264 Cum
1515 5213 1649 5265 enim
1671 5209 1902 5267 Christus
1923 5232 2082 5285 appa-

501 5299 662 5350 ruerit
690 5299 792 5350 rita
818 5305 1000 5362 vestra,
1055 5309 1174 5352 tunc
1216 5309 1262 5353 et
1292 5319 1378 5354 ros
1404 5301 1716 5373 apparebitis
1745 5320 1856 5358 eum
1887 5306 1997 5375 ipso
2026 5308 2077 5359 in

501 5387 666 5456 gloria
689 5386 908 5460 (Coloss.
941 5405 1013 5453 ιιι,
1044 5389 1097 5457 3,
1131 5389 1206 5459 4).

570 5474 697 5529 Cn.
734 5493 860 5532 sxu.
893 5509 964 5520 ——
992 5477 1078 5533 58.
1112 5477 1382 5546 Quantum
1405 5497 1534 5549 ergo
1563 5486 1797 5553 pertinet
1827 5487 1891 5540 ad
1922 5487 2078 5556 hujus

501 5567 760 5633 temporis
789 5569 972 5630 vitam,
1002 5579 1213 5623 constat
1242 5573 1367 5642 quia
1396 5572 1446 5626 in
1477 5572 1719 5631 Ecclesia
1751 5594 1909 5633 nemo
1940 5596 2076 5648 pon-

504 5652 644 5708 tilice
672 5655 869 5722 potior,
918 5667 974 5711 et
999 5659 1050 5713 i.t
1081 5661 1280 5715 saeculo
1310 5677 1470 5718 nemo
1505 5663 1816 5721 Christiano
1846 5670 2077 5738 impera-

407 5745 420 5760 ‘
501 5751 618 5797 tore
642 5744 837 5799 celsior
860 5748 1144 5806 invenitur.
1187 5751 1293 5808 Sed
1322 5771 1427 5808 non
1461 5756 1582 5812 ideo
1610 5761 1836 5829 quilibet
1865 5763 2074 5831 episco-

499 5852 600 5907 pus
616 5853 708 5892 vas
731 5839 1110 5897 misericordiae
1133 5854 1349 5913 putetur
1370 5847 1422 5901 in
1444 5849 1667 5916 gloriam
1694 5863 2071 5922 pneparatnm,

2191 4683 2310 4736 vitis
2357 4685 2662 4754 perveniret
2692 4685 2842 4757 (Luc.
2873 4705 2978 4754 xvi,
3009 4689 3121 4762 ἓξ).
3178 4692 3293 4748 Hoc
3333 4705 3514 4750 autem
3543 4700 3668 4754 ideo
3695 4700 3776 4757 l'ao

2186 4779 2330 4824 ctutn
2360 4783 2462 4838 est,
2492 4774 2614 4841 quia
2633 4777 2923 4830 secundum
2946 4780 3200 4835 satculum
3229 4783 3332 4836 alia
3361 4787 3516 4856 copia
3543 4790 3777 4846 Abram:

2187 4860 2384 4927 divitis,
2412 4865 2514 4919 alia
2553 4865 2736 4920 Lazari
2764 4871 3015 4939 pauperis
3047 4863 3321 4929 videbatur
3351 4877 3531 4949 inopia
3563 4899 3576 4932 :
3608 4893 3774 4938 caue-

2187 4968 2302 5006 rum
2334 4957 2627 5010 secundum
2657 4958 2850 5027 Deum,
2879 4971 2934 5015 et
2964 4974 3339 5032 paupertatem
3368 4981 3611 5026 sanctam
3641 4991 3776 5029 eum

2188 5043 2388 5098 Lazaro
2417 5063 2756 5103 eonnnuuem
2783 5051 3050 5107 Abraham
3073 5055 3222 5111 dives
3251 5058 3453 5126 habuit,
3478 5071 3534 5116 et
3551 5064 3780 5119 divitias

2185 5144 2400 5190 sanctus
2432 5136 2586 5207 (forte
2626 5140 2858 5210 sanctas)
2906 5157 3028 5213 cum
3061 5145 3331 5202 Abraham
3377 5148 3611 5206 Lazarus
3641 5170 3780 5222 pau-

2186 5241 2282 5295 per
2312 5225 2537 5281 indivisa
2566 5232 2943 5285 communione
2974 5235 3230 5302 possedit.
3267 5236 3404 5292 Deus
3430 5241 3593 5312 478
3618 5246 3793 5298 enim.

2184 5334 2431 5387 pauperes
2454 5319 2607 5390 elegit
2633 5322 2686 5373 in
2715 5321 2809 5374 hoc
2835 5323 3024 5377 mundo
3041 5365 3057 5387 ,
3086 5326 3269 5380 divites
3305 5330 3360 5381 in
3385 5330 3509 5399 ﬁde,
3533 5342 3579 5384 et
3605 5333 3778 5388 lucre-

2185 5406 2272 5459 des
2320 5410 2464 5477 regni
2510 5412 2644 5481 quod
2689 5414 2922 5480 promisit
2957 5415 3290 5484 diligentibus
3318 5436 3373 5472 se
3416 5419 3554 5492 (Iac.
3589 5438 3644 5486 tt,
3680 5424 3772 5487 5).

2183 5495 2297 5565 Ipsa
2328 5497 2428 5553 lide
2457 5500 2650 5555 divites
2697 5503 2830 5555 liunt
2867 5518 3056 5558 omnes
3083 5507 3173 5574 qui
3209 5509 3443 5566 scientes
3470 5511 3595 5581 quia
3621 5529 3780 5583 prc-

2182 5589 2298 5640 terit
2320 5589 2489 5658 ﬁgura
2523 5591 2672 5661 hujus
2701 5595 2878 5645 mundi
2910 5591 2963 5662 (1
2991 5593 3112 5649 Cor.
3147 5613 3237 5663 vtt,
3261 5598 3374 5670 5|),
3407 5604 3601 5658 mortui
3627 5620 3777 5674 pec-

2177 5688 2321 5746 cato,
2354 5681 2594 5736 viventes
2623 5693 2802 5737 autem
2835 5683 2945 5739 Deo
2978 5687 3154 5757 (llam.
3187 5707 3261 5756 vt,
3288 5692 3410 5763 il),
3461 5711 3566 5749 non
3596 5698 3647 5749 in
3681 5697 3778 5751 di~

2178 5771 2382 5836 gnitate
2413 5773 2716 5842 temporali,
2761 5776 2857 5829 scd
2907 5777 2959 5832 in
2999 5794 3162 5834 cruce
3192 5780 3402 5837 Domini
3437 5787 3602 5839 nostri
3630 5782 3777 5846 Jcsu

2179 5859 2374 5914 Christi
2407 5861 2545 5927 (Cat.
2583 5881 2650 5929 vt,
2687 5865 2772 5934 M)
2800 5883 2918 5922 cum
2952 5869 3210 5939 Apostolo
3226 5873 3543 5942 gloriantur.
3576 5876 3768 5934 Saccu-
