4048 6342
252 348 362 405 649

1177 354 1266 412 ne
1295 354 1642 416 VERITATE
1666 348 2344 427 rumnesnsarioms
2378 347 2504 428 LIB.
2537 374 2602 431 ιι.

3433 394 3539 450 650

251 472 423 529 larem
493 471 698 545 quippe
763 474 878 530 sive
949 475 1371 535 ecclesiasticam
1436 492 1459 519 ιι
1526 478 1839 554 dignitatem
1866 483 1925 543 Ἀ
1948 494 2098 551 pere,
2149 500 2248 541 nec
2285 504 2455 546 novos
2478 494 2782 562 perniciose
2825 497 2967 555 intra
3016 503 3160 559 ovile
3207 506 3536 572 dominicum

253 573 501 637 possunt
529 573 587 621 et
634 581 762 621 vasa
803 566 1205 637 misericordias,
1250 583 1307 628 et
1342 589 1466 630 vasa
1497 577 1844 631 contumelia:

254 656 630 726 temporaliter
656 656 912 728 adipisci,
942 661 1069 731 quia
1099 661 1201 719 ista
1227 662 1386 721 bonis
1427 674 1553 722 sunt
1581 667 1846 737 malisque

250 748 601 815 communia;
640 749 697 804 in
720 765 880 805 cruce
903 760 1084 807 autem
1116 753 1326 811 Domini
1354 755 1483 812 Jesu
1513 757 1715 814 Christi
1747 775 1843 823 ve-

251 841 453 895 raciter
480 839 719 908 gloriari,
751 842 1026 912 proprium
1055 853 1137 899 est
1158 862 1409 903 vasorum
1433 851 1841 918 misericordiae,

248 947 374 1002 qua:
400 932 721 1002 praeparavit
744 931 889 987 Deus
915 934 968 988 in
995 935 1241 1004 gloriam,
1272 954 1393 1009 quae
1420 947 1476 995 et
1500 943 1711 997 vocavit
1736 959 1842 999 non

248 1024 427 1079 solum
453 1039 521 1079 ex
546 1022 766 1093 Judzcis,
816 1025 912 1081 sed
935 1028 1099 1083 etiam
1133 1044 1199 1084 ex
1250 1031 1499 1102 gentibus
1529 1033 1707 1104 (Rom.
1766 1053 1841 1102 ix,

250 1113 322 1167 25
348 1155 364 1174 ,
408 1113 521 1183 2i).
592 1113 693 1167 Ista
753 1129 880 1169 vasa
926 1119 1194 1174 veraciter
1246 1120 1446 1178 Christi
1488 1139 1609 1180 esse
1654 1125 1845 1183 beatus

255 1200 456 1262 Paulus
482 1205 712 1271 intimat,
741 1205 925 1262 dicens
951 1227 963 1262 :
998 1207 1100 1274 Qui
1128 1221 1299 1267 autem
1327 1224 1449 1268 sunt
1477 1215 1689 1281 Christi,
1727 1236 1846 1273 car-

251 1314 371 1351 nem
416 1314 566 1351 suam
598 1298 970 1368 cruciﬁzerunt
1009 1317 1123 1356 cum
1159 1303 1296 1359 vitiis
1332 1315 1381 1359 ct
1417 1310 1843 1379 concupiscentiis

253 1387 458 1451 (Colat.
491 1406 544 1452 ν,
575 1389 688 1461 ει).

327 1502 418 1557 40.
460 1503 714 1573 Quisquis
744 1505 847 1562 hoc
895 1507 1077 1563 divina
1120 1509 1453 1568 illuminatus
1495 1516 1844 1574 miseratione

250 1594 583 1664 considerat,
608 1596 912 1654 nullatenus
933 1598 1152 1655 audebit
1170 1602 1444 1671 quoslibet
1465 1605 1654 1674 laicos,
1672 1625 1845 1678 quan-

248 1695 524 1755 tacunque
570 1687 811 1742 saeculari
860 1689 1112 1759 praeditos
1158 1692 1436 1761 dignitate,
1489 1698 1673 1752 mundi
1706 1716 1840 1755 con-

253 1782 611 1851 temptoribus
650 1784 954 1848 clericisac
978 1789 1279 1844 ‘monachis
1319 1799 1506 1847 sancte
1536 1793 1841 1863 viventibus

250 1888 585 1945 praeponere,
611 1884 670 1930 ut
692 1876 812 1932 illos
842 1893 968 1934 vasa
1009 1872 1353 1937 Contumelia
1383 1885 1633 1955 appellet,
1663 1904 1691 1943 a
1717 1889 1839 1959 qui-

247 1966 350 2023 bus
378 1967 573 2023 divinae
596 1970 780 2038 gratia:
810 1971 952 2027 dono
980 1974 1239 2029 mundum
1264 1975 1439 2045 ipsum
1468 1988 1839 2051 contemptum

249 2059 397 2113 videt
446 2069 610 2130 atque
638 2061 901 2118 calcatum
925 2104 940 2129 ,
994 2073 1051 2119 et
1082 2065 1202 2121 illos
1230 2082 1330 2137 pro
1361 2071 1647 2140 temporali
1679 2082 1840 2144 pote-

248 2161 392 2208 state
417 2161 575 2223 putet
600 2168 721 2210 esse
747 2170 875 2209 vasa
904 2157 1306 2226 misericordiae,
1335 2175 1472 2231 quos
1497 2164 1839 2220 manifestum

248 2261 329 2307 est
360 2252 415 2307 in
442 2252 679 2309 culmine
707 2255 889 2310 seculi
918 2258 1260 2325 constitutos,
1312 2261 1366 2316 id
1411 2271 1497 2319 est
1522 2266 1706 2321 mundi
1736 2268 1839 2323 hu-

247 2343 335 2414 jus
362 2345 648 2415 religiosos
675 2348 964 2418 principes,
1018 2351 1203 2406 mundi
1236 2358 1703 2426 contemptoribus
1732 2375 1841 2416 non

250 2437 430 2494 solum
477 2439 766 2510 episcopis,
819 2440 915 2497 sed
958 2442 1123 2498 etiam
1170 2446 1467 2512 monachis,
1520 2448 1841 2508 Christianae

249 2528 528 2598 religionis
553 2533 811 2597 obtentu,
850 2531 1059 2604 seipsos
1105 2536 1374 2593 veraciter
1402 2547 1564 2609 atque
1595 2541 1841 2600 laudabis

249 2620 377 2676 liter
402 2622 722 2695 subdidisse.

321 2731 412 2788 «Η.
447 2731 663 2802 Ergone
688 2736 977 2807 quisquam
1014 2738 1354 2798 Christianus
1399 2751 1583 2814 potest
1625 2746 1697 2801 ita
1750 2764 1843 2803 vas

251 2824 641 2881 misericordiae
678 2827 861 2884 dicere
901 2830 1288 2900 imperatorem
1314 2833 1749 2902 Constantinum,
1786 2849 1846 2896 ut

252 2934 383 2974 vasa
429 2910 777 2975 contumeliae
825 2920 1121 2978 Antonium
1168 2925 1406 2996 appellet
1463 2936 1519 2983 et
1567 2926 1842 2985 Paulum?

250 3010 447 3068 Nonne
472 3013 518 3068 si
547 3013 662 3084 ipse
686 3014 863 3070 beata:
882 3017 1164 3093 memoria:
1212 3018 1485 3088 Augustus
1529 3022 1844 3082 Constanti«

251 3123 354 3163 nus
378 3107 628 3163 humanis
654 3107 818 3164 rebus
848 3109 1109 3166 hactenus
1137 3111 1447 3180 interesset,
1485 3121 1594 3171 tam
1624 3118 1845 3173 noxiam

250 3200 334 3256 sui
378 3200 617 3256 nominis
644 3200 858 3257 laudem
888 3201 1032 3258 inter
1065 3207 1334 3263 maximas
1362 3210 1719 3266 contumelias
1747 3212 1845 3270 de-
1866 3233 1919 3299 ρ

251 3294 513 3364 putaret?
554 3292 661 3348 Aut
698 3294 914 3350 beatum
956 3295 1339 3367 imperatorem
1371 3300 1736 3359 Theodosium
1764 3305 1843 3361 sic

249 3395 435 3458 potest
454 3387 736 3459 quisquam
765 3404 863 3444 vas
882 3389 1263 3447 misericordia:
1284 3391 1465 3450 dicere
1486 3406 1847 3466 praeparatum

250 3478 305 3533 in
331 3478 580 3548 gloriam,
612 3485 671 3533 ut
693 3477 957 3536 Joannem
988 3479 1283 3538 Thebanum
1304 3485 1629 3542 monachum
1650 3503 1681 3543 a
1704 3489 1847 3543 vasis

250 3568 637 3624 misericordia:
663 3579 939 3642 segreget,
961 3579 1015 3627 et
1039 3587 1136 3629 vas
1156 3574 1209 3629 in
1240 3577 1619 3632 contumeliam
1648 3578 1847 3635 factum

253 3678 544 3733 perversus
572 3660 840 3721 allirinet‘:
875 3682 999 3721 cum
1029 3668 1144 3738 ipse
1164 3670 1583 3737 gloriosissimus
1603 3671 1850 3730 Theodoé

249 3753 366 3808 sius
393 3754 704 3824 imperator,
728 3756 819 3812 ‘cui
850 3757 992 3813 Deus
1021 3757 1143 3814 ﬁdei
1168 3761 1385 3829 merito,
1413 3777 1574 3832 quam
1603 3762 1720 3834 ipse
1746 3763 1847 3821 do-

248 3854 496 3912 naverat,
549 3848 713 3903 etiam
762 3850 1052 3906 indomitas
1091 3852 1328 3909 subdidit
1376 3863 1586 3923 gentes,
1638 3864 1846 3914 tantam

249 3934 465 3991 dicatur
494 3948 794 3994 memorato
817 3939 934 3995 viro
956 3941 1049 3997 Dei
1073 3943 1540 4001 honorilicentiam
1564 3945 1842 4012 detulisse,

252 4034 309 4081 ut
342 4027 648 4084 nullatenus
677 4028 889 4085 illarum
933 4043 1283 4100 praesumeret
1328 4036 1510 4091 subire
1539 4038 1839 4104 conﬂictus,

249 4120 563 4188 priusquam
600 4119 799 4199 fuisset
817 4122 1132 4192 prophetica
1166 4124 1306 4181 illitis
1356 4131 1709 4199 responsione
1756 4132 1848 4185 ﬁr-

251 4211 467 4265 matus?
494 4194 705 4278 Ergone
729 4218 937 4277 tantum
957 4214 1127 4269 virum
1154 4216 1584 4285 religiosissimus
1614 4222 1850 4291 impera-'

254 4310 341 4356 tor
366 4316 460 4356 vas
490 4303 830 4359 contumeliae
853 4302 1017 4359 fuisse
1040 4304 1313 4373 credebat,
1346 4309 1397 4364 in
1426 4325 1535 4378 quo
1566 4313 1645 4367 sic
1673 4312 1842 4369 Deum

252 4392 635 4461 humiliterque
655 4378 982 4460 censuleret,
1016 4407 1070 4453 et
1097 4411 1193 4466 per
1215 4414 1373 4468 quem
1397 4402 1496 4469 sibi
1521 4403 1689 4458 Deum
1705 4405 1841 4460 ‘veta

248 4483 669 4552 respondentem
713 4485 830 4555 ipso
874 4496 1054 4541 rerum
1090 4488 1283 4544 eﬁ‘ectu
1334 4499 1569 4548 testante
1595 4493 1844 4565 protinus

253 4572 563 4640 agnovisset
584 4574 607 4626 ?

320 4676 408 4733 42.
441 4678 573 4745 Quis
601 4695 732 4737 vero
751 4680 912 4752 neget
939 4684 1128 4741 beatos
1149 4688 1433 4759 episcopos
1461 4690 1839 4754 Innocentium

252 4770 575 4840 Romanum,
620 4776 968 4834 Athanasium
1000 4780 1448 4852 Alexandrinum,
1489 4785 1853 4848 Eustachium

248 4864 677 4932 Antiochenum,
720 4867 1039 4937 Gregorium
1090 4872 1521 4944 Nazianzenum,
1582 4880 1837 4939 Basilium

248 4954 654 5024 Caesariensem,
683 4958 1024 5018 Ambrosium
1054 4964 1540 5038 Mediolanensem,
1574 4972 1838 5032 Hilarium

249 5043 661 5116 Pictaviensem,
707 5049 1368 5127 Constantinopolitanum
1397 5060 1686 5132 Joannem,
1722 5066 1855 5124 Au-’

243 5136 438 5193 retium
467 5138 969 5211 Carthaginiensem,
996 5145 1354 5217 Augustinum
1402 5152 1831 5229 Hipponiensem,

245 5236 581 5301 ceterosque
607 5234 910 5303 pontiﬁces,
940 5238 1034 5307 qui
1062 5237 1334 5297 Ecclesias
1358 5243 1453 5301 Dei
1482 5248 1835 5318 vigilantissi-

246 5335 335 5376 me
361 5321 746 5391 gubernantes,
779 5337 874 5382 aut
901 5331 1248 5388 nascentibus
1278 5343 1372 5390 aut
1410 5336 1525 5407 jam
1555 5342 1696 5397 natis
1725 5345 1856 5401 lne-‘

245 5413 429 5471 reﬁcis
457 5412 737 5473 habitante
764 5418 818 5474 in
842 5435 919 5495 se
935 5430 1128 5481 sancto
1148 5423 1352 5497 Spiritu
1372 5432 1713 5505 restiterunt,
1736 5453 1838 5497 nec

242 5512 462 5563 veteres
486 5507 642 5579 lupos
679 5512 1047 5573 ecclesiastico
1094 5519 1245 5588 gregi
1288 5524 1665 5591 permittentes
1695 5530 1823 5589 irro-

252 5773 263 5780 -
288 5757 345 5835 με
375 5748 474 5806 Ms.
516 5766 677 5819 unus,
729 5754 1044 5815 chulai'em
1084 5762 1272 5832 quippe
1318 5763 1442 5835 sibi,
1492 5776 1541 5821 et
1580 5772 1824 5828 ecclesia-

243 5827 466 5950 thiasi}:
490 5909 622 5951 mss.
650 5894 775 5951 duo.
802 5895 962 5967 Edd.,
993 5900 1103 5956 lucc
1130 5903 1361 5976 indigne.

531 5989 809 6049 ΡΑτιιοι..
854 5989 1049 6052 LXV.

1950 573 2192 643 latitare;
2216 581 2357 649 quis,
2376 582 2614 654 inquam,
2642 587 2774 645 istos
2795 602 2955 663 neget
2981 610 3105 651 vasa
3134 598 3536 675 misericordia),

1948 678 2067 735 qua:
2098 668 2239 768 Deus
2282 678 2605 745 praeparavit
2648 681 2702 735 in
2732 682 3007 751 gloriam?
3054 687 3159 743 Sed
3199 695 3319 762 quis
3370 668 3540 768 usque

1948 760 2086 852 adeo
2114 758 2279 836 479
2308 767 2501 825 divina:
2530 769 2651 827 ﬁdei
2674 782 2731 829 et
2758 777 2999 834 caritatis
3028 758 3292 852 inimicus,
3325 799 3385 842 ut
3406 758 3539 847 Pau-

1947 849 2092 920 lum,
2135 855 2459 944 Antonium,
2487 860 2784 933 Joannem,
2818 866 3181 947 Hilarionem,
3213 875 3533 950 Macarium,

1946 947 2189 1020 aliosque
2216 950 2406 1010 similis
2434 955 2557 1011 vita:
2580 973 2644 1014 ac
2672 962 2972 1018 sanctitatis
2996 968 3312 1035 monachos,
3339 971 3389 1026 in
3414 947 3535 1042 qui;

1944 1037 2045 1097 bus
2091 1051 2145 1097 et
2173 1052 2334 1100 rectae
2384 1045 2507 1102 ﬁdei
2536 1051 2737 1106 veritas
2786 1063 2842 1108 et
2880 1064 3080 1111 sanctte
3109 1037 3538 1119 conversationis

1946 1131 2156 1188 refulsit
2185 1135 2485 1206 integritas,
2518 1156 2644 1195 vasa
2688 1146 3029 1201 contumeliae
3067 1164 3173 1203 non
3203 1160 3410 1208 metuat
3436 1171 3535 1226 ap-

1945 1225 2194 1294 pellare?
2244 1228 2396 1283 Absit
2446 1233 2513 1285 ab
2563 1235 2813 1292 omnibus
2859 1236 3178 1297 Christianis
3225 1253 3279 1298 ut
3312 1246 3437 1300 talia
3468 1246 3537 1303 de

1943 1315 2107 1373 bouis
2131 1320 2301 1376 servis
2331 1320 2426 1376 Dei
2456 1323 2696 1380 credant.
2740 1359 2746 1364 -

1954 1426 1961 1437 ’
2015 1429 2144 1485 Car.
2177 1448 2325 1488 χχιιι.
2360 1468 2428 1478 -
2458 1434 2549 1493 45.
2581 1436 2857 1510 Quotquot
2902 1443 3089 1513 spiritu
3143 1447 3236 1502 Dei
3281 1458 3533 1517 aguntur,

1945 1522 2062 1577 lucc
2092 1523 2306 1593 indigna
2339 1525 2367 1564 δ
2400 1544 2504 1582 non
2544 1530 2716 1585 solum
2756 1532 2823 1588 de
2861 1538 3140 1594 monachis
3179 1541 3269 1610 qui
3322 1545 3533 1614 seipsos

1944 1623 2318 1670 castraverunt
2343 1628 2569 1690 propter
2612 1637 2833 1691 regnum
2881 1627 3159 1696 cwlorum,
3203 1633 3294 1687 sed
3343 1651 3442 1691 nec
3467 1637 3539 1693 de

1945 1705 2098 1762 laicis
2128 1707 2428 1778 conjugatis
2456 1726 2606 1768 recte
2636 1716 2984 1775 credentibus
3017 1732 3272 1794 recteque
3303 1728 3533 1785 viventi-

1947 1796 2046 1852 bus
2097 1802 2458 1871 suspicantur.
2498 1805 2752 1863 Diversus
2792 1818 2875 1864 est
2917 1812 3133 1881 quidem
3171 1818 3390 1873 seminis
3420 1821 3534 1875 fru-

1948 1901 2086 1959 ctus,
2118 1896 2284 1964 quod,
2315 1897 2549 1955 hominis
2578 1900 2686 1957 ﬁlio
2716 1906 3036 1974 seminante,
3083 1916 3223 1964 terra
3271 1914 3410 1968 bona
3451 1916 3533 1972 fc-

1946 1989 2121 2044 cundo
2149 1990 2269 2045 sinu
2294 1991 2519 2062 suscipit
2548 1996 2918 2063 nutriendum;
2946 2017 3048 2055 nec
3073 2012 3252 2058 tamen
3277 2015 3539 2065 centenus

1945 2078 2115 2147 solus,
2163 2080 2258 2135 sed
2286 2090 2343 2137 et
2369 2097 2689 2153 sexagenos,
2720 2096 2776 2142 et
2804 2089 3148 2160 tricenus,-ut
3180 2094 3232 2148 in
3278 2097 3536 2155 horreum

1945 2178 2322 2241 congregetur,
2350 2173 2462 2229 Deo
2484 2191 2627 2232 nunc
2647 2177 2870 2236 interius
2890 2182 3281 2240 incrementum
3305 2188 3536 2256 largien-

1946 2267 2001 2315 te
2030 2262 2283 2321 nutritur.
2318 2264 2456 2322 Dicit
2476 2268 2620 2323 enim
2642 2268 2782 2325 Deus
2807 2288 2901 2343 per
2925 2275 3264 2346 prophetam,
3286 2278 3540 2338 daturum

1945 2349 2005 2412 Se
2054 2356 2401 2428 spadonibus,
2453 2361 2506 2416 id
2537 2370 2620 2417 est
2656 2351 2970 2434 virginibus,
3011 2369 3065 2423 in
3104 2370 3324 2426 civitate
3350 2388 3447 2427 sua
3477 2382 3535 2428 et

1947 2448 2001 2502 in
2023 2464 2178 2505 muro
2206 2466 2305 2507 suo
2335 2451 2617 2520 honorem,
2650 2464 2707 2510 et
2735 2457 2909 2512 locum
2931 2460 3207 2516 meliorem
3229 2477 3391 2531 quam
3415 2463 3537 2518 ﬁliis

1947 2530 2003 2593 et
2033 2536 2243 2596 ﬁliabus
2274 2538 2431 2612 (Isai.
2460 2557 2569 2611 Lvt,
2598 2541 2674 2615 5).
2707 2544 2812 2601 Sed
2843 2556 2899 2602 et
2927 2549 3041 2619 ipse
3066 2551 3118 2606 in
3147 2530 3537 2625 suoiApostolo

1947 2629 2197 2700 loquens,
2228 2635 2490 2691 honorem
2520 2650 2814 2705 congruum
2845 2642 3194 2699 continentia:
3222 2647 3440 2714 viduali,
3480 2659 3539 2707 ct

1947 2723 2215 2793 conjugali
2241 2726 2530 2797 pudicitiae,
2552 2728 2809 2786 bonitatis
2836 2747 2946 2788 sure
2974 2734 3220 2805 largitate
3244 2742 3538 2809 concessit,

1948 2815 2161 2873 dicente
2191 2817 2394 2874 Paulo:
2453 2819 2648 2875 Viduas
2687 2823 2902 2891 honera,
2933 2843 3049 2898 qua:
3084 2845 3199 2884 uere
3223 2832 3391 2887 vidua:
3417 2845 3541 2890 sunt

1952 2906 2007 2981 (Ι
2037 2908 2171 2965 Tim.
2201 2926 2255 2976 v,
2287 2911 2366 2981 ιιι)
2392 2928 2406 2977 ;
2438 2921 2494 2966 et
2520 2928 2704 2970 rursus
2731 2934 2744 2968 :
2785 2915 3107 2973 Houorabile
3132 2922 3443 2978 ronnubium
3482 2926 3540 2980 in

1950 3000 2205 3069 omnibus,
2239 3010 2290 3056 et
2322 3012 2464 3058 torus
2494 3005 2854 3063 immaculatus
2889 3009 3085 3077 (llebr.
3115 3029 3237 3079 xm,
3268 3014 3354 3085 4).
3388 3015 3541 3073 Itane

1952 3091 2261 3163 Apostolus,
2297 3095 2472 3165 quiin
2509 3111 2700 3166 magna
2724 3099 2888 3156 domo
2917 3101 3021 3158 alia
3067 3103 3199 3159 dicit
3243 3121 3363 3163 esse
3411 3125 3541 3166 vasa

1952 3183 2006 3238 in
2045 3184 2343 3253 honorem,
2398 3186 2586 3243 aliain
2614 3191 3018 3257 contumeliam,
3065 3194 3315 3250 honorari
3346 3197 3536 3255 viduas

1953 3277 2379 3350 conjugatosque
2412 3281 2750 3352 praeciperet,
2809 3285 2854 3339 si
2910 3301 3006 3342 eos
3043 3287 3188 3344 inter
3234 3305 3361 3345 vasa
3410 3307 3545 3348 con-

1954 3370 2189 3425 tumelias
2243 3370 2572 3442 deputaret?
2630 3373 2774 3431 Vasa
2821 3377 3037 3445 quidem
3085 3396 3205 3437 esse
3259 3383 3310 3438 in
3361 3385 3542 3442 hono-

1914 3510 1918 3515 ,
1952 3476 2065 3515 rem
2115 3476 2303 3517 omnes
2339 3464 2433 3532 qui
2475 3464 2676 3534 spretis
2723 3465 3068 3525 facultatibus
3109 3472 3162 3526 in
3211 3473 3315 3530 ﬁde
3354 3484 3408 3530 et
3441 3492 3538 3532 ca-

1950 3553 2112 3609 ritate
2154 3554 2466 3611 deserviunt
2492 3598 2508 3624 ,
2574 3557 2753 3613 nullus
2796 3559 2961 3615 audet
3007 3577 3206 3632 negare
3259 3564 3494 3623 ﬁdelium
3522 3587 3545 3625 ι

1951 3642 2044 3698 sed
2107 3645 2229 3713 quis
2290 3659 2415 3701 vasa
2485 3647 2825 3703 contumelia:
2892 3650 3074 3707 dicere
3149 3654 3367 3711 audebit
3417 3659 3542 3716 illos

1950 3737 2146 3807 quibus
2200 3740 2267 3794 ad
2327 3740 2608 3797 dexteram
2669 3743 2974 3812 constitutis
3027 3748 3097 3803 ob
3156 3749 3260 3805 hoc
3312 3750 3552 3809 daturus

1951 3842 2035 3887 est
2081 3845 2307 3900 regnum
2355 3833 2615 3890 Dominus
2658 3846 2703 3901 ο,
2734 3837 2861 3905 quia
2909 3854 3031 3892 eum
3063 3839 3117 3894 in
3145 3843 3255 3897 suis
3300 3844 3538 3901 minimis

1951 3924 2275 3980 esurientem
2324 3925 2706 3998 sitientemque
2752 3939 3055 4001 paverunt,
3098 3934 3391 3990 vestierunt
3443 3954 3549 3991 nu-‘

1949 4027 2074 4080 dum
2094 4071 2107 4093 ,
2147 4036 2502 4098 susceperunt
2529 4029 2764 4099 hospitio
2794 4032 3155 4100 peregrinum,
3186 4035 3543 4090 visitavernnt

1949 4113 2217 4175 inﬁrmum
2270 4127 2323 4172 et
2372 4120 2422 4174 in
2472 4136 2691 4175 carcere
2738 4123 3088 4178 constitutum
3137 4124 3351 4195 (Matth.
3412 4124 3540 4189 ω,

1948 4209 2085 4281 35)?
2123 4211 2254 4278 Quis
2302 4212 2432 4268 istos
2462 4228 2650 4267 omnes
2701 4213 2895 4269 audeat
2934 4215 3115 4272 dicere
3161 4234 3284 4272 vasa
3315 4217 3453 4274 facta
3487 4221 3541 4275 in

1949 4303 2352 4370 contumeliam,
2383 4298 2519 4375 quos
2549 4308 2663 4377 ipse
2686 4306 2875 4375 ﬁgulus
2898 4308 3067 4363 ituros
3102 4310 3153 4363 in
3180 4310 3341 4364 vitam
3365 4320 3537 4367 testa-

1951 4405 2037 4449 tur
2063 4398 2366 4452 mternam?
3542 4406 3551 4413 ’

2019 4511 2109 4567 44.
2151 4511 2232 4566 An
2259 4511 2397 4568 forte
2419 4514 2508 4568 isti
2537 4504 2832 4571 monachos
2860 4522 2915 4571 et
2944 4517 3110 4572 laicos
3136 4504 3330 4573 devOte
3354 4519 3537 4575 Domi-

1871 4618 1929 4682 Ῑ)
1952 4622 2023 4663 no
2057 4608 2110 4662 in
2139 4600 2249 4661 suis
2276 4606 2530 4676 gradibus
2568 4623 2631 4663 ac
2672 4608 3096 4677 professionibus
3137 4611 3436 4667 servientes
3480 4613 3537 4668 in

1944 4699 2050 4753 hoc
2098 4704 2307 4752 tantum
2355 4697 2553 4753 steculo
2600 4713 2728 4752 vasa
2780 4711 2901 4754 esse
2946 4700 3286 4756 contumelia:
3329 4702 3537 4767 dicunt,

1945 4791 2071 4862 quia
2116 4804 2212 4845 eos
2264 4788 2406 4844 allici
2449 4790 2789 4844 contumeliis
2838 4791 3377 4863 tribulationibusque
3405 4810 3534 4865 per-

1944 4883 2220 4955 spiciunt?
2272 4880 2379 4937 Sed
2421 4882 2547 4937 talia
2593 4883 2887 4939 sentientes
2915 4884 3005 4968 illa
3046 4885 3229 4939 statim
3272 4895 3531 4955 sequetur

1944 4976 2268 5043 absurditas,
2298 4984 2357 5032 ut
2384 4976 2529 5049 ipsos
2552 4976 2801 5048 primitus
2819 4977 3007 5032 beatos
3031 4978 3327 5048 apostolos,
3360 4981 3541 5049 gregis

1943 5056 2151 5129 scilicet
2173 5071 2430 5128 dominici
2471 5071 2888 5140 gloriosissimos
2928 5071 3152 5137 arietes,
3185 5071 3535 5141 vigilantissi~

1945 5181 2170 5237 mosque
2200 5173 2467 5236 pastores,
2499 5178 2625 5218 vasa
2653 5163 2994 5220 contumeliae
3027 5163 3302 5234 appellare
3332 5177 3536 5231 cogan-

1944 5266 2052 5314 tur.
2094 5257 2242 5324 Quos
2268 5256 2410 5312 enim
2456 5255 2655 5309 certius
2696 5254 2752 5309 in
2788 5253 2988 5310 Christi
3012 5254 3175 5309 domo
3218 5254 3411 5308 fratres
3442 5252 3531 5307 isti
3608 5326 3617 5334 ο

1947 5364 2072 5404 vasa
2099 5347 2435 5403 contumeliae
2463 5345 2758 5402 secundum
2786 5361 2939 5401 suam
2969 5346 3289 5401 sententiam
3325 5359 3536 5399 nuncn-

1944 5442 2171 5512 pabunt,
2212 5439 2312 5495 nisi
2353 5454 2489 5510 quos
2519 5454 2617 5509 pro
2646 5438 2867 5493 nomine
2892 5437 3093 5494 Christi
3120 5437 3398 5507 Scriptura
3448 5443 3551 5491 tc-'

1945 5543 2123 5591 stante
2150 5532 2506 5591 contumelias
2529 5532 2882 5602 cognoverint
2909 5531 3243 5602 pertulisse?
3296 5531 3534 5584 Audiant
3590 5602 3592 5606 _

2011 5783 2030 5810 τ
2061 5772 2149 5827 Sic
2179 5788 2301 5830 mss.
2340 5772 2467 5827 duo.
2501 5772 2570 5829 At
2589 5772 2743 5840 editi,
2771 5773 2835 5843 ob
2864 5773 2959 5827 hoc
2980 5770 3224 5831 dicturus
3249 5781 3326 5826 est
3346 5770 3528 5826 Domi-
3622 5749 3627 5753 ἠ

1947 5859 2040 5898 nus
2064 5844 2185 5913 quia
2215 5860 2328 5900 eum
2346 5884 2363 5911 ,
2392 5850 2498 5901 etc.

3013 6004 3090 6063 81
