  <div class='ocr_page' id='page_1' title='image "/cluster/home/n/w/nwhite01/storage/ocr_20150623/65/hvd.32044054128558/331.png"; bbox 0 0 4064 6358; ppageno 0'>
   <div class='ocr_carea' id='block_1_1' title="bbox 532 366 631 425">
    <p class='ocr_par' dir='ltr' id='par_1_1' title="bbox 532 366 631 425">
     <span class='ocr_line' id='line_1_1' title="bbox 532 366 631 425; baseline -0.02 1"><span class='ocrx_word' id='word_1_1' title='bbox 532 366 631 425; x_wconf 73' lang='grc'><strong><em>651</em></strong></span> 
     </span>
    </p>
   </div>
   <div class='ocr_carea' id='block_1_2' title="bbox 1561 353 2780 424">
    <p class='ocr_par' dir='ltr' id='par_1_2' title="bbox 1561 353 2780 424">
     <span class='ocr_line' id='line_1_2' title="bbox 1561 353 2780 424; baseline -0.004 -6"><span class='ocrx_word' id='word_1_2' title='bbox 1561 360 1618 418; x_wconf 89' lang='lat' dir='ltr'><strong><em>S.</em></strong></span> <span class='ocrx_word' id='word_1_3' title='bbox 1661 354 2025 424; x_wconf 84' lang='lat' dir='ltr'><strong><em>FULGENTll</em></strong></span> <span class='ocrx_word' id='word_1_4' title='bbox 2062 355 2374 416; x_wconf 76' lang='lat' dir='ltr'><strong><em>EPISCOPI</em></strong></span> <span class='ocrx_word' id='word_1_5' title='bbox 2401 353 2780 414; x_wconf 74' lang='lat' dir='ltr'><strong><em>RUSPENSIS</em></strong></span> 
     </span>
    </p>
   </div>
   <div class='ocr_carea' id='block_1_3' title="bbox 531 454 3828 554">
    <p class='ocr_par' dir='ltr' id='par_1_3' title="bbox 531 454 3828 554">
     <span class='ocr_line' id='line_1_3' title="bbox 531 454 3828 554; baseline -0.003 -15"><span class='ocrx_word' id='word_1_6' title='bbox 531 454 693 554; x_wconf 81' lang='lat' dir='ltr'><strong><em>igitur</em></strong></span> <span class='ocrx_word' id='word_1_7' title='bbox 730 481 949 537; x_wconf 81' lang='lat' dir='ltr'><strong><em>beatum</em></strong></span> <span class='ocrx_word' id='word_1_8' title='bbox 996 477 1222 533; x_wconf 90' lang='lat' dir='ltr'><strong><em>Paulum</em></strong></span> <span class='ocrx_word' id='word_1_9' title='bbox 1271 474 1844 532; x_wconf 87' lang='lat' dir='ltr'><strong><em>Thessalonicensibus</em></strong></span> <span class='ocrx_word' id='word_1_10' title='bbox 1890 473 2006 531; x_wconf 79' lang='lat' dir='ltr'><strong><em>haec</em></strong></span> <span class='ocrx_word' id='word_1_11' title='bbox 2044 475 2127 530; x_wconf 84' lang='lat' dir='ltr'><strong><em>lo-</em></strong></span> <span class='ocrx_word' id='word_1_12' title='bbox 2156 478 2212 540; x_wconf 79' lang='grc' dir='ltr'>Α</span> <span class='ocrx_word' id='word_1_13' title='bbox 2306 474 2436 530; x_wconf 75' lang='lat' dir='ltr'><strong><em>CAP.</em></strong></span> <span class='ocrx_word' id='word_1_14' title='bbox 2470 491 2618 531; x_wconf 71' lang='lat' dir='ltr'><strong><em>xxxv.</em></strong></span> <span class='ocrx_word' id='word_1_15' title='bbox 2647 505 2719 516; x_wconf 87' lang='lat'><strong><em>—-</em></strong></span> <span class='ocrx_word' id='word_1_16' title='bbox 2745 471 2835 529; x_wconf 69' lang='grc'><strong><em>45.</em></strong></span> <span class='ocrx_word' id='word_1_17' title='bbox 2870 471 2978 530; x_wconf 85' lang='lat' dir='ltr'><strong><em>Sed</em></strong></span> <span class='ocrx_word' id='word_1_18' title='bbox 3007 471 3232 529; x_wconf 75' lang='lat' dir='ltr'><strong><em>forsitan</em></strong></span> <span class='ocrx_word' id='word_1_19' title='bbox 3259 470 3445 529; x_wconf 75' lang='lat' dir='ltr'><strong><em>dicent</em></strong></span> <span class='ocrx_word' id='word_1_20' title='bbox 3486 470 3612 530; x_wconf 79' lang='lat' dir='ltr'><strong><em>ideo</em></strong></span> <span class='ocrx_word' id='word_1_21' title='bbox 3638 473 3828 531; x_wconf 84' lang='lat' dir='ltr'><strong><em>beatos</em></strong></span> 
     </span>
    </p>
   </div>
   <div class='ocr_carea' id='block_1_4' title="bbox 533 559 2121 645">
    <p class='ocr_par' dir='ltr' id='par_1_4' title="bbox 533 559 2121 645">
     <span class='ocr_line' id='line_1_4' title="bbox 533 559 2121 645; baseline -0.005 -17"><span class='ocrx_word' id='word_1_22' title='bbox 533 581 788 645; x_wconf 88' lang='lat' dir='ltr'><strong><em>quentem</em></strong></span> <span class='ocrx_word' id='word_1_23' title='bbox 820 590 832 623; x_wconf 93' lang='lat'>:</span> <span class='ocrx_word' id='word_1_24' title='bbox 871 567 1011 623; x_wconf 89' lang='lat' dir='ltr'><strong><em>Nam</em></strong></span> <span class='ocrx_word' id='word_1_25' title='bbox 1034 569 1132 638; x_wconf 97' lang='lat' dir='ltr'><strong><em>ipsi</em></strong></span> <span class='ocrx_word' id='word_1_26' title='bbox 1160 568 1322 631; x_wconf 86' lang='lat' dir='ltr'><strong><em>scitis,</em></strong></span> <span class='ocrx_word' id='word_1_27' title='bbox 1356 568 1565 639; x_wconf 80' lang='lat' dir='ltr'><strong><em>fratres,</em></strong></span> <span class='ocrx_word' id='word_1_28' title='bbox 1591 567 1861 620; x_wconf 75' lang='lat' dir='ltr'><strong><em>introitum</em></strong></span> <span class='ocrx_word' id='word_1_29' title='bbox 1886 559 2121 620; x_wconf 82' lang='lat' dir='ltr'><strong><em>nostrum</em></strong></span> 
     </span>
    </p>
   </div>
   <div class='ocr_carea' id='block_1_5' title="bbox 535 656 2121 733">
    <p class='ocr_par' dir='ltr' id='par_1_5' title="bbox 535 656 2121 733">
     <span class='ocr_line' id='line_1_5' title="bbox 535 656 2121 733; baseline -0.007 -12"><span class='ocrx_word' id='word_1_30' title='bbox 535 667 604 721; x_wconf 88' lang='lat' dir='ltr'><strong><em>ad</em></strong></span> <span class='ocrx_word' id='word_1_31' title='bbox 622 681 730 727; x_wconf 74' lang='lat' dir='ltr'><strong><em>ros,</em></strong></span> <span class='ocrx_word' id='word_1_32' title='bbox 755 662 874 733; x_wconf 83' lang='lat' dir='ltr'><strong><em>quia</em></strong></span> <span class='ocrx_word' id='word_1_33' title='bbox 895 677 996 713; x_wconf 86' lang='lat' dir='ltr'><strong><em>non</em></strong></span> <span class='ocrx_word' id='word_1_34' title='bbox 1022 658 1195 712; x_wconf 86' lang='lat' dir='ltr'><strong><em>inanis</em></strong></span> <span class='ocrx_word' id='word_1_35' title='bbox 1218 657 1334 730; x_wconf 80' lang='lat' dir='ltr'><strong><em>fuit,</em></strong></span> <span class='ocrx_word' id='word_1_36' title='bbox 1357 656 1449 710; x_wconf 85' lang='lat' dir='ltr'><strong><em>sed</em></strong></span> <span class='ocrx_word' id='word_1_37' title='bbox 1468 666 1587 711; x_wconf 87' lang='lat' dir='ltr'><strong><em>ante</em></strong></span> <span class='ocrx_word' id='word_1_38' title='bbox 1607 657 1748 727; x_wconf 82' lang='lat' dir='ltr'><strong><em>passi</em></strong></span> <span class='ocrx_word' id='word_1_39' title='bbox 1777 666 1825 710; x_wconf 87' lang='lat' dir='ltr'><strong><em>et</em></strong></span> <span class='ocrx_word' id='word_1_40' title='bbox 1853 664 2121 712; x_wconf 87' lang='lat' dir='ltr'><strong><em>contume-</em></strong></span> 
     </span>
    </p>
   </div>
   <div class='ocr_carea' id='block_1_6' title="bbox 534 750 2126 829">
    <p class='ocr_par' dir='ltr' id='par_1_6' title="bbox 534 750 2126 829">
     <span class='ocr_line' id='line_1_6' title="bbox 534 750 2126 829; baseline -0.008 -12"><span class='ocrx_word' id='word_1_41' title='bbox 534 763 618 818; x_wconf 83' lang='lat' dir='ltr'><strong><em>liis</em></strong></span> <span class='ocrx_word' id='word_1_42' title='bbox 659 759 854 829; x_wconf 68' lang='lat' dir='ltr'><strong><em>affecti,</em></strong></span> <span class='ocrx_word' id='word_1_43' title='bbox 892 757 1022 810; x_wconf 87' lang='lat' dir='ltr'><strong><em>sicut</em></strong></span> <span class='ocrx_word' id='word_1_44' title='bbox 1053 753 1216 816; x_wconf 79' lang='lat' dir='ltr'><strong><em>scitis,</em></strong></span> <span class='ocrx_word' id='word_1_45' title='bbox 1247 752 1301 806; x_wconf 92' lang='lat' dir='ltr'><strong><em>in</em></strong></span> <span class='ocrx_word' id='word_1_46' title='bbox 1334 750 1613 823; x_wconf 78' lang='lat' dir='ltr'><strong><em>Philippis,</em></strong></span> <span class='ocrx_word' id='word_1_47' title='bbox 1645 751 1896 823; x_wconf 74' lang='lat' dir='ltr'><strong><em>ﬁduciam</em></strong></span> <span class='ocrx_word' id='word_1_48' title='bbox 1937 752 2126 810; x_wconf 90' lang='lat' dir='ltr'><strong><em>habui-</em></strong></span> 
     </span>
    </p>
   </div>
   <div class='ocr_carea' id='block_1_7' title="bbox 534 844 2129 919">
    <p class='ocr_par' dir='ltr' id='par_1_7' title="bbox 534 844 2129 919">
     <span class='ocr_line' id='line_1_7' title="bbox 534 844 2129 919; baseline -0.006 -9"><span class='ocrx_word' id='word_1_49' title='bbox 534 851 649 910; x_wconf 83' lang='lat' dir='ltr'><strong><em>mus</em></strong></span> <span class='ocrx_word' id='word_1_50' title='bbox 698 856 752 907; x_wconf 90' lang='lat' dir='ltr'><strong><em>in</em></strong></span> <span class='ocrx_word' id='word_1_51' title='bbox 793 850 900 904; x_wconf 89' lang='lat' dir='ltr'><strong><em>Deo</em></strong></span> <span class='ocrx_word' id='word_1_52' title='bbox 945 855 1121 902; x_wconf 89' lang='lat' dir='ltr'><strong><em>nostro</em></strong></span> <span class='ocrx_word' id='word_1_53' title='bbox 1151 845 1289 919; x_wconf 84' lang='lat' dir='ltr'><strong><em>loqui</em></strong></span> <span class='ocrx_word' id='word_1_54' title='bbox 1318 847 1388 900; x_wconf 89' lang='lat' dir='ltr'><strong><em>ad</em></strong></span> <span class='ocrx_word' id='word_1_55' title='bbox 1417 863 1504 902; x_wconf 83' lang='lat' dir='ltr'><strong><em>vos</em></strong></span> <span class='ocrx_word' id='word_1_56' title='bbox 1535 845 1875 918; x_wconf 84' lang='lat' dir='ltr'><strong><em>Evangelium</em></strong></span> <span class='ocrx_word' id='word_1_57' title='bbox 1923 844 2040 910; x_wconf 87' lang='lat' dir='ltr'><strong><em>Dei,</em></strong></span> <span class='ocrx_word' id='word_1_58' title='bbox 2072 847 2129 900; x_wconf 81' lang='lat' dir='ltr'><strong><em>in</em></strong></span> 
     </span>
    </p>
   </div>
   <div class='ocr_carea' id='block_1_8' title="bbox 535 937 2128 1013">
    <p class='ocr_par' dir='ltr' id='par_1_8' title="bbox 535 937 2128 1013">
     <span class='ocr_line' id='line_1_8' title="bbox 535 937 2128 1013; baseline -0.004 -13"><span class='ocrx_word' id='word_1_59' title='bbox 535 947 698 1000; x_wconf 84' lang='lat' dir='ltr'><strong><em>multa</em></strong></span> <span class='ocrx_word' id='word_1_60' title='bbox 717 940 1064 998; x_wconf 76' lang='lat' dir='ltr'><strong><em>sollicitudine</em></strong></span> <span class='ocrx_word' id='word_1_61' title='bbox 1092 937 1144 1013; x_wconf 89' lang='grc'><strong><em>(1</em></strong></span> <span class='ocrx_word' id='word_1_62' title='bbox 1179 938 1358 994; x_wconf 87' lang='lat' dir='ltr'><strong><em>Thess.</em></strong></span> <span class='ocrx_word' id='word_1_63' title='bbox 1389 955 1451 1002; x_wconf 82' lang='grc' dir='ltr'><strong><em>ιι,</em></strong></span> <span class='ocrx_word' id='word_1_64' title='bbox 1484 938 1534 1006; x_wconf 85' lang='lat' dir='ltr'><strong><em>l,</em></strong></span> <span class='ocrx_word' id='word_1_65' title='bbox 1559 937 1636 1010; x_wconf 74' lang='grc'><strong><em>2).</em></strong></span> <span class='ocrx_word' id='word_1_66' title='bbox 1667 938 1961 994; x_wconf 90' lang='lat' dir='ltr'><strong><em>Corinthiis</em></strong></span> <span class='ocrx_word' id='word_1_67' title='bbox 1983 954 2128 1008; x_wconf 89' lang='lat' dir='ltr'><strong><em>quo-</em></strong></span> 
     </span>
    </p>
   </div>
   <div class='ocr_carea' id='block_1_9' title="bbox 535 1029 2130 1109">
    <p class='ocr_par' dir='ltr' id='par_1_9' title="bbox 535 1029 2130 1109">
     <span class='ocr_line' id='line_1_9' title="bbox 535 1029 2130 1109; baseline -0.006 -16"><span class='ocrx_word' id='word_1_68' title='bbox 535 1033 641 1109; x_wconf 88' lang='lat' dir='ltr'><strong><em>que</em></strong></span> <span class='ocrx_word' id='word_1_69' title='bbox 669 1036 910 1093; x_wconf 90' lang='lat' dir='ltr'><strong><em>scribens</em></strong></span> <span class='ocrx_word' id='word_1_70' title='bbox 951 1030 1101 1106; x_wconf 86' lang='lat' dir='ltr'><strong><em>(Cap.</em></strong></span> <span class='ocrx_word' id='word_1_71' title='bbox 1128 1049 1227 1101; x_wconf 81' lang='lat' dir='ltr'><strong><em>xu,</em></strong></span> <span class='ocrx_word' id='word_1_72' title='bbox 1260 1031 1380 1103; x_wconf 80' lang='grc'><strong><em>10),</em></strong></span> <span class='ocrx_word' id='word_1_73' title='bbox 1413 1031 1527 1086; x_wconf 93' lang='lat' dir='ltr'><strong><em>ait:</em></strong></span> <span class='ocrx_word' id='word_1_74' title='bbox 1579 1029 1822 1085; x_wconf 86' lang='lat' dir='ltr'><strong><em>Libenter</em></strong></span> <span class='ocrx_word' id='word_1_75' title='bbox 1862 1029 2130 1102; x_wconf 77' lang='lat' dir='ltr'><strong><em>gloriabor</em></strong></span> 
     </span>
    </p>
   </div>
   <div class='ocr_carea' id='block_1_10' title="bbox 533 1119 2129 1202">
    <p class='ocr_par' dir='ltr' id='par_1_10' title="bbox 533 1119 2129 1202">
     <span class='ocr_line' id='line_1_10' title="bbox 533 1119 2129 1202; baseline -0.004 -20"><span class='ocrx_word' id='word_1_76' title='bbox 533 1151 587 1187; x_wconf 65' lang='lat' dir='ltr'><strong><em>in</em></strong></span> <span class='ocrx_word' id='word_1_77' title='bbox 616 1127 1004 1202; x_wconf 75' lang='lat' dir='ltr'><strong><em>inﬁrmitatibus</em></strong></span> <span class='ocrx_word' id='word_1_78' title='bbox 1032 1126 1180 1188; x_wconf 86' lang='lat' dir='ltr'><strong><em>meis,</em></strong></span> <span class='ocrx_word' id='word_1_79' title='bbox 1214 1133 1267 1179; x_wconf 88' lang='lat' dir='ltr'><strong><em>ut</em></strong></span> <span class='ocrx_word' id='word_1_80' title='bbox 1297 1124 1550 1179; x_wconf 77' lang='lat' dir='ltr'><strong><em>inhabitet</em></strong></span> <span class='ocrx_word' id='word_1_81' title='bbox 1575 1124 1631 1176; x_wconf 85' lang='lat' dir='ltr'><strong><em>in</em></strong></span> <span class='ocrx_word' id='word_1_82' title='bbox 1666 1138 1747 1177; x_wconf 87' lang='lat' dir='ltr'><strong><em>me</em></strong></span> <span class='ocrx_word' id='word_1_83' title='bbox 1776 1123 1941 1176; x_wconf 87' lang='lat' dir='ltr'><strong><em>virtus</em></strong></span> <span class='ocrx_word' id='word_1_84' title='bbox 1973 1119 2129 1176; x_wconf 82' lang='lat' dir='ltr'><strong><em>Chri-</em></strong></span> 
     </span>
    </p>
   </div>
   <div class='ocr_carea' id='block_1_11' title="bbox 534 1211 2130 1293">
    <p class='ocr_par' dir='ltr' id='par_1_11' title="bbox 534 1211 2130 1293">
     <span class='ocr_line' id='line_1_11' title="bbox 534 1211 2130 1293; baseline -0.009 -13"><span class='ocrx_word' id='word_1_85' title='bbox 534 1226 622 1280; x_wconf 86' lang='lat' dir='ltr'><strong><em>sti.</em></strong></span> <span class='ocrx_word' id='word_1_86' title='bbox 666 1223 888 1289; x_wconf 82' lang='lat' dir='ltr'><strong><em>PrOpter</em></strong></span> <span class='ocrx_word' id='word_1_87' title='bbox 918 1221 1051 1293; x_wconf 87' lang='lat' dir='ltr'><strong><em>quod</em></strong></span> <span class='ocrx_word' id='word_1_88' title='bbox 1081 1219 1373 1290; x_wconf 90' lang='lat' dir='ltr'><strong><em>complaceo</em></strong></span> <span class='ocrx_word' id='word_1_89' title='bbox 1404 1217 1528 1272; x_wconf 88' lang='lat' dir='ltr'><strong><em>mihi</em></strong></span> <span class='ocrx_word' id='word_1_90' title='bbox 1562 1226 1586 1252; x_wconf 77' lang='grc' dir='ltr'>ι</span> <span class='ocrx_word' id='word_1_91' title='bbox 1622 1217 1678 1270; x_wconf 91' lang='lat' dir='ltr'><strong><em>in</em></strong></span> <span class='ocrx_word' id='word_1_92' title='bbox 1707 1211 2130 1285; x_wconf 81' lang='lat' dir='ltr'><strong><em>inﬁrmitatibus,</em></strong></span> 
     </span>
    </p>
   </div>
   <div class='ocr_carea' id='block_1_12' title="bbox 532 1305 2126 1381">
    <p class='ocr_par' dir='ltr' id='par_1_12' title="bbox 532 1305 2126 1381">
     <span class='ocr_line' id='line_1_12' title="bbox 532 1305 2126 1381; baseline -0.008 -8"><span class='ocrx_word' id='word_1_93' title='bbox 532 1321 588 1373; x_wconf 90' lang='lat' dir='ltr'><strong><em>in</em></strong></span> <span class='ocrx_word' id='word_1_94' title='bbox 617 1317 958 1379; x_wconf 84' lang='lat' dir='ltr'><strong><em>contumeliis,</em></strong></span> <span class='ocrx_word' id='word_1_95' title='bbox 1009 1317 1064 1369; x_wconf 92' lang='lat' dir='ltr'><strong><em>in</em></strong></span> <span class='ocrx_word' id='word_1_96' title='bbox 1104 1311 1520 1378; x_wconf 85' lang='lat' dir='ltr'><strong><em>necessitatibus,</em></strong></span> <span class='ocrx_word' id='word_1_97' title='bbox 1571 1311 1628 1364; x_wconf 90' lang='lat' dir='ltr'><strong><em>in</em></strong></span> <span class='ocrx_word' id='word_1_98' title='bbox 1657 1305 2126 1381; x_wconf 84' lang='lat' dir='ltr'><strong><em>persecutionibus,</em></strong></span> 
     </span>
    </p>
   </div>
   <div class='ocr_carea' id='block_1_13' title="bbox 534 1401 2128 1490">
    <p class='ocr_par' dir='ltr' id='par_1_13' title="bbox 534 1401 2128 1490">
     <span class='ocr_line' id='line_1_13' title="bbox 534 1401 2128 1490; baseline -0.011 -19"><span class='ocrx_word' id='word_1_99' title='bbox 534 1417 699 1490; x_wconf 64' lang='grc'><strong><em>480</em></strong></span> <span class='ocrx_word' id='word_1_100' title='bbox 725 1418 779 1469; x_wconf 87' lang='lat' dir='ltr'><strong><em>in</em></strong></span> <span class='ocrx_word' id='word_1_101' title='bbox 803 1413 1058 1486; x_wconf 85' lang='lat' dir='ltr'><strong><em>angustiis</em></strong></span> <span class='ocrx_word' id='word_1_102' title='bbox 1098 1428 1190 1481; x_wconf 90' lang='lat' dir='ltr'><strong><em>pro</em></strong></span> <span class='ocrx_word' id='word_1_103' title='bbox 1215 1409 1440 1462; x_wconf 85' lang='lat' dir='ltr'><strong><em>Christo.</em></strong></span> <span class='ocrx_word' id='word_1_104' title='bbox 1470 1405 1536 1460; x_wconf 85' lang='lat' dir='ltr'><strong><em>Et</em></strong></span> <span class='ocrx_word' id='word_1_105' title='bbox 1575 1413 1635 1459; x_wconf 92' lang='lat' dir='ltr'><strong><em>ut</em></strong></span> <span class='ocrx_word' id='word_1_106' title='bbox 1679 1401 2042 1459; x_wconf 82' lang='lat' dir='ltr'><strong><em>contumelias</em></strong></span> <span class='ocrx_word' id='word_1_107' title='bbox 2072 1401 2128 1454; x_wconf 88' lang='lat' dir='ltr'><strong><em>in</em></strong></span> 
     </span>
    </p>
   </div>
   <div class='ocr_carea' id='block_1_14' title="bbox 533 1496 2133 1578">
    <p class='ocr_par' dir='ltr' id='par_1_14' title="bbox 533 1496 2133 1578">
     <span class='ocr_line' id='line_1_14' title="bbox 533 1496 2133 1578; baseline -0.013 -10"><span class='ocrx_word' id='word_1_108' title='bbox 533 1513 640 1568; x_wconf 82' lang='lat' dir='ltr'><strong><em>hoc</em></strong></span> <span class='ocrx_word' id='word_1_109' title='bbox 687 1509 883 1565; x_wconf 68' lang='lat' dir='ltr'><strong><em>seculo</em></strong></span> <span class='ocrx_word' id='word_1_110' title='bbox 932 1505 1140 1578; x_wconf 89' lang='lat' dir='ltr'><strong><em>perpeti</em></strong></span> <span class='ocrx_word' id='word_1_111' title='bbox 1192 1502 1440 1558; x_wconf 87' lang='lat' dir='ltr'><strong><em>omnibus</em></strong></span> <span class='ocrx_word' id='word_1_112' title='bbox 1486 1498 1688 1554; x_wconf 81' lang='lat' dir='ltr'><strong><em>sanctis</em></strong></span> <span class='ocrx_word' id='word_1_113' title='bbox 1719 1496 1973 1552; x_wconf 90' lang='lat' dir='ltr'><strong><em>noverint</em></strong></span> <span class='ocrx_word' id='word_1_114' title='bbox 2009 1509 2133 1550; x_wconf 90' lang='lat' dir='ltr'><strong><em>esse</em></strong></span> 
     </span>
    </p>
   </div>
   <div class='ocr_carea' id='block_1_15' title="bbox 535 1585 2134 1670">
    <p class='ocr_par' dir='ltr' id='par_1_15' title="bbox 535 1585 2134 1670">
     <span class='ocr_line' id='line_1_15' title="bbox 535 1585 2134 1670; baseline -0.014 -10"><span class='ocrx_word' id='word_1_115' title='bbox 535 1605 842 1670; x_wconf 73' lang='lat' dir='ltr'><strong><em>Commune,</em></strong></span> <span class='ocrx_word' id='word_1_116' title='bbox 892 1598 1112 1653; x_wconf 77' lang='lat' dir='ltr'><strong><em>audiant</em></strong></span> <span class='ocrx_word' id='word_1_117' title='bbox 1157 1595 1285 1665; x_wconf 87' lang='lat' dir='ltr'><strong><em>quid</em></strong></span> <span class='ocrx_word' id='word_1_118' title='bbox 1324 1594 1487 1647; x_wconf 87' lang='lat' dir='ltr'><strong><em>etiam</em></strong></span> <span class='ocrx_word' id='word_1_119' title='bbox 1530 1591 1598 1645; x_wconf 92' lang='lat' dir='ltr'><strong><em>de</em></strong></span> <span class='ocrx_word' id='word_1_120' title='bbox 1627 1588 1839 1644; x_wconf 70' lang='lat' dir='ltr'><strong><em>caneris</em></strong></span> <span class='ocrx_word' id='word_1_121' title='bbox 1870 1585 2134 1656; x_wconf 86' lang='lat' dir='ltr'><strong><em>apostolis</em></strong></span> 
     </span>
    </p>
   </div>
   <div class='ocr_carea' id='block_1_16' title="bbox 533 1675 2135 1765">
    <p class='ocr_par' dir='ltr' id='par_1_16' title="bbox 533 1675 2135 1765">
     <span class='ocr_line' id='line_1_16' title="bbox 533 1675 2135 1765; baseline -0.014 -13"><span class='ocrx_word' id='word_1_122' title='bbox 533 1697 671 1752; x_wconf 91' lang='lat' dir='ltr'><strong><em>liber</em></strong></span> <span class='ocrx_word' id='word_1_123' title='bbox 717 1695 830 1765; x_wconf 90' lang='lat' dir='ltr'><strong><em>ipse</em></strong></span> <span class='ocrx_word' id='word_1_124' title='bbox 886 1698 1116 1745; x_wconf 80' lang='lat' dir='ltr'><strong><em>testatur</em></strong></span> <span class='ocrx_word' id='word_1_125' title='bbox 1162 1701 1323 1756; x_wconf 88' lang='lat' dir='ltr'><strong><em>quem</em></strong></span> <span class='ocrx_word' id='word_1_126' title='bbox 1352 1685 1420 1738; x_wconf 89' lang='lat' dir='ltr'><strong><em>de</em></strong></span> <span class='ocrx_word' id='word_1_127' title='bbox 1451 1681 1671 1737; x_wconf 87' lang='lat' dir='ltr'><strong><em>Actibus</em></strong></span> <span class='ocrx_word' id='word_1_128' title='bbox 1717 1694 1906 1734; x_wconf 89' lang='lat' dir='ltr'><strong><em>eorum</em></strong></span> <span class='ocrx_word' id='word_1_129' title='bbox 1957 1675 2135 1730; x_wconf 86' lang='lat' dir='ltr'><strong><em>Lucas</em></strong></span> 
     </span>
    </p>
   </div>
   <div class='ocr_carea' id='block_1_17' title="bbox 533 1766 2132 1855">
    <p class='ocr_par' dir='ltr' id='par_1_17' title="bbox 533 1766 2132 1855">
     <span class='ocr_line' id='line_1_17' title="bbox 533 1766 2132 1855; baseline -0.014 -11"><span class='ocrx_word' id='word_1_130' title='bbox 533 1785 861 1855; x_wconf 82' lang='lat' dir='ltr'><strong><em>evangelista</em></strong></span> <span class='ocrx_word' id='word_1_131' title='bbox 891 1779 1228 1850; x_wconf 83' lang='lat' dir='ltr'><strong><em>conscripsit.</em></strong></span> <span class='ocrx_word' id='word_1_132' title='bbox 1267 1776 1345 1831; x_wconf 91' lang='lat' dir='ltr'><strong><em>lbi</em></strong></span> <span class='ocrx_word' id='word_1_133' title='bbox 1379 1775 1581 1845; x_wconf 86' lang='lat' dir='ltr'><strong><em>quippe</em></strong></span> <span class='ocrx_word' id='word_1_134' title='bbox 1628 1777 1961 1826; x_wconf 84' lang='lat' dir='ltr'><strong><em>memoratur</em></strong></span> <span class='ocrx_word' id='word_1_135' title='bbox 1985 1766 2132 1839; x_wconf 85' lang='lat' dir='ltr'><strong><em>quod</em></strong></span> 
     </span>
    </p>
   </div>
   <div class='ocr_carea' id='block_1_18' title="bbox 2234 563 3829 639">
    <p class='ocr_par' dir='ltr' id='par_1_18' title="bbox 2234 563 3829 639">
     <span class='ocr_line' id='line_1_18' title="bbox 2234 563 3829 639; baseline 0 -17"><span class='ocrx_word' id='word_1_136' title='bbox 2234 567 2512 639; x_wconf 82' lang='lat' dir='ltr'><strong><em>apostolos</em></strong></span> <span class='ocrx_word' id='word_1_137' title='bbox 2540 583 2669 622; x_wconf 87' lang='lat' dir='ltr'><strong><em>vasa</em></strong></span> <span class='ocrx_word' id='word_1_138' title='bbox 2699 566 3039 622; x_wconf 65' lang='lat' dir='ltr'><strong><em>contumelia:</em></strong></span> <span class='ocrx_word' id='word_1_139' title='bbox 3062 580 3171 620; x_wconf 90' lang='lat' dir='ltr'><strong><em>non</em></strong></span> <span class='ocrx_word' id='word_1_140' title='bbox 3202 563 3384 630; x_wconf 81' lang='lat' dir='ltr'><strong><em>fuisse,</em></strong></span> <span class='ocrx_word' id='word_1_141' title='bbox 3414 563 3542 634; x_wconf 83' lang='lat' dir='ltr'><strong><em>quia</em></strong></span> <span class='ocrx_word' id='word_1_142' title='bbox 3573 564 3680 620; x_wconf 72' lang='lat' dir='ltr'><strong><em>illze</em></strong></span> <span class='ocrx_word' id='word_1_143' title='bbox 3703 581 3829 622; x_wconf 86' lang='lat' dir='ltr'><strong><em>con-</em></strong></span> 
     </span>
    </p>
   </div>
   <div class='ocr_carea' id='block_1_19' title="bbox 2233 655 3828 729">
    <p class='ocr_par' dir='ltr' id='par_1_19' title="bbox 2233 655 3828 729">
     <span class='ocr_line' id='line_1_19' title="bbox 2233 655 3828 729; baseline -0.001 -15"><span class='ocrx_word' id='word_1_144' title='bbox 2233 659 2471 715; x_wconf 84' lang='lat' dir='ltr'><strong><em>tumeliae</em></strong></span> <span class='ocrx_word' id='word_1_145' title='bbox 2491 674 2629 729; x_wconf 86' lang='lat' dir='ltr'><strong><em>quas</em></strong></span> <span class='ocrx_word' id='word_1_146' title='bbox 2653 673 2754 728; x_wconf 89' lang='lat' dir='ltr'><strong><em>pro</em></strong></span> <span class='ocrx_word' id='word_1_147' title='bbox 2777 657 2978 713; x_wconf 85' lang='lat' dir='ltr'><strong><em>Christi</em></strong></span> <span class='ocrx_word' id='word_1_148' title='bbox 3007 656 3226 712; x_wconf 87' lang='lat' dir='ltr'><strong><em>nomine</em></strong></span> <span class='ocrx_word' id='word_1_149' title='bbox 3260 655 3600 726; x_wconf 86' lang='lat' dir='ltr'><strong><em>pertulerunt</em></strong></span> <span class='ocrx_word' id='word_1_150' title='bbox 3625 659 3828 712; x_wconf 89' lang='lat' dir='ltr'><strong><em>semina</em></strong></span> 
     </span>
    </p>
   </div>
   <div class='ocr_carea' id='block_1_20' title="bbox 2234 749 3829 831">
    <p class='ocr_par' dir='ltr' id='par_1_20' title="bbox 2234 749 3829 831">
     <span class='ocr_line' id='line_1_20' title="bbox 2234 749 3829 831; baseline 0.001 -25"><span class='ocrx_word' id='word_1_151' title='bbox 2234 751 2453 831; x_wconf 80' lang='lat' dir='ltr'><strong><em>fuerunt</em></strong></span> <span class='ocrx_word' id='word_1_152' title='bbox 2481 751 2647 806; x_wconf 76' lang='lat' dir='ltr'><strong><em>futuri</em></strong></span> <span class='ocrx_word' id='word_1_153' title='bbox 2675 751 2898 806; x_wconf 91' lang='lat' dir='ltr'><strong><em>honoris</em></strong></span> <span class='ocrx_word' id='word_1_154' title='bbox 2925 758 2982 805; x_wconf 89' lang='lat' dir='ltr'><strong><em>et</em></strong></span> <span class='ocrx_word' id='word_1_155' title='bbox 3005 751 3223 819; x_wconf 65' lang='lat' dir='ltr'><strong><em>gloriae,</em></strong></span> <span class='ocrx_word' id='word_1_156' title='bbox 3252 749 3381 819; x_wconf 85' lang='lat' dir='ltr'><strong><em>quia</em></strong></span> <span class='ocrx_word' id='word_1_157' title='bbox 3411 764 3510 819; x_wconf 88' lang='lat' dir='ltr'><strong><em>per</em></strong></span> <span class='ocrx_word' id='word_1_158' title='bbox 3539 750 3656 806; x_wconf 88' lang='lat' dir='ltr'><strong><em>illas</em></strong></span> <span class='ocrx_word' id='word_1_159' title='bbox 3692 767 3829 808; x_wconf 86' lang='lat' dir='ltr'><strong><em>con-</em></strong></span> 
     </span>
    </p>
   </div>
   <div class='ocr_carea' id='block_1_21' title="bbox 2235 841 3831 900">
    <p class='ocr_par' dir='ltr' id='par_1_21' title="bbox 2235 841 3831 900">
     <span class='ocr_line' id='line_1_21' title="bbox 2235 841 3831 900; baseline -0.001 0"><span class='ocrx_word' id='word_1_160' title='bbox 2235 845 2486 900; x_wconf 83' lang='lat' dir='ltr'><strong><em>tumelias</em></strong></span> <span class='ocrx_word' id='word_1_161' title='bbox 2508 859 2610 899; x_wconf 91' lang='lat' dir='ltr'><strong><em>nec</em></strong></span> <span class='ocrx_word' id='word_1_162' title='bbox 2629 844 2859 899; x_wconf 84' lang='lat' dir='ltr'><strong><em>veritate</em></strong></span> <span class='ocrx_word' id='word_1_163' title='bbox 2894 841 3019 897; x_wconf 90' lang='lat' dir='ltr'><strong><em>ﬁdei</em></strong></span> <span class='ocrx_word' id='word_1_164' title='bbox 3055 857 3156 897; x_wconf 90' lang='lat' dir='ltr'><strong><em>nec</em></strong></span> <span class='ocrx_word' id='word_1_165' title='bbox 3176 850 3379 897; x_wconf 71' lang='lat' dir='ltr'><strong><em>sancta:</em></strong></span> <span class='ocrx_word' id='word_1_166' title='bbox 3405 843 3831 898; x_wconf 80' lang='lat' dir='ltr'><strong><em>conversationis</em></strong></span> 
     </span>
    </p>
   </div>
   <div class='ocr_carea' id='block_1_22' title="bbox 2235 933 3829 1008">
    <p class='ocr_par' dir='ltr' id='par_1_22' title="bbox 2235 933 3829 1008">
     <span class='ocr_line' id='line_1_22' title="bbox 2235 933 3829 1008; baseline -0.001 -16"><span class='ocrx_word' id='word_1_167' title='bbox 2235 939 2436 993; x_wconf 88' lang='lat' dir='ltr'><strong><em>virtute</em></strong></span> <span class='ocrx_word' id='word_1_168' title='bbox 2463 937 2660 1008; x_wconf 87' lang='lat' dir='ltr'><strong><em>privati</em></strong></span> <span class='ocrx_word' id='word_1_169' title='bbox 2689 944 2837 992; x_wconf 90' lang='lat' dir='ltr'><strong><em>sunt.</em></strong></span> <span class='ocrx_word' id='word_1_170' title='bbox 2879 935 3194 1004; x_wconf 79' lang='lat' dir='ltr'><strong><em>Agnoscant</em></strong></span> <span class='ocrx_word' id='word_1_171' title='bbox 3221 946 3352 1002; x_wconf 74' lang='lat' dir='ltr'><strong><em>ergo</em></strong></span> <span class='ocrx_word' id='word_1_172' title='bbox 3381 933 3505 989; x_wconf 92' lang='lat' dir='ltr'><strong><em>illos</em></strong></span> <span class='ocrx_word' id='word_1_173' title='bbox 3546 948 3668 990; x_wconf 84' lang='lat' dir='ltr'><strong><em>esse</em></strong></span> <span class='ocrx_word' id='word_1_174' title='bbox 3702 949 3829 990; x_wconf 85' lang='lat' dir='ltr'><strong><em>vasa</em></strong></span> 
     </span>
    </p>
   </div>
   <div class='ocr_carea' id='block_1_23' title="bbox 2236 1024 3825 1099">
    <p class='ocr_par' dir='ltr' id='par_1_23' title="bbox 2236 1024 3825 1099">
     <span class='ocr_line' id='line_1_23' title="bbox 2236 1024 3825 1099; baseline -0.004 -14"><span class='ocrx_word' id='word_1_175' title='bbox 2236 1029 2576 1086; x_wconf 67' lang='lat' dir='ltr'><strong><em>contumelia:</em></strong></span> <span class='ocrx_word' id='word_1_176' title='bbox 2607 1028 2696 1099; x_wconf 88' lang='lat' dir='ltr'><strong><em>(ll</em></strong></span> <span class='ocrx_word' id='word_1_177' title='bbox 2719 1027 2854 1082; x_wconf 88' lang='lat' dir='ltr'><strong><em>Tim.</em></strong></span> <span class='ocrx_word' id='word_1_178' title='bbox 2885 1043 2942 1091; x_wconf 82' lang='grc' dir='ltr'><strong><em>ιι,</em></strong></span> <span class='ocrx_word' id='word_1_179' title='bbox 2969 1025 3062 1096; x_wconf 75' lang='lat'><strong><em>20)</em></strong></span> <span class='ocrx_word' id='word_1_180' title='bbox 3081 1064 3099 1091; x_wconf 91' lang='lat'><strong><em>,</em></strong></span> <span class='ocrx_word' id='word_1_181' title='bbox 3127 1040 3236 1080; x_wconf 92' lang='lat' dir='ltr'><strong><em>non</em></strong></span> <span class='ocrx_word' id='word_1_182' title='bbox 3265 1025 3358 1094; x_wconf 87' lang='lat' dir='ltr'><strong><em>qui</em></strong></span> <span class='ocrx_word' id='word_1_183' title='bbox 3388 1024 3442 1080; x_wconf 89' lang='lat' dir='ltr'><strong><em>in</em></strong></span> <span class='ocrx_word' id='word_1_184' title='bbox 3471 1024 3674 1080; x_wconf 68' lang='lat' dir='ltr'><strong><em>smcnlo</em></strong></span> <span class='ocrx_word' id='word_1_185' title='bbox 3704 1040 3825 1080; x_wconf 83' lang='lat' dir='ltr'><strong><em>con-</em></strong></span> 
     </span>
    </p>
   </div>
   <div class='ocr_carea' id='block_1_24' title="bbox 2236 1114 3821 1192">
    <p class='ocr_par' dir='ltr' id='par_1_24' title="bbox 2236 1114 3821 1192">
     <span class='ocr_line' id='line_1_24' title="bbox 2236 1114 3821 1192; baseline -0.003 -16"><span class='ocrx_word' id='word_1_186' title='bbox 2236 1121 2490 1177; x_wconf 88' lang='lat' dir='ltr'><strong><em>tumelias</em></strong></span> <span class='ocrx_word' id='word_1_187' title='bbox 2511 1121 2809 1192; x_wconf 88' lang='lat' dir='ltr'><strong><em>perferunt,</em></strong></span> <span class='ocrx_word' id='word_1_188' title='bbox 2841 1117 2937 1175; x_wconf 90' lang='lat' dir='ltr'><strong><em>sed</em></strong></span> <span class='ocrx_word' id='word_1_189' title='bbox 2955 1118 3048 1187; x_wconf 90' lang='lat' dir='ltr'><strong><em>qui</em></strong></span> <span class='ocrx_word' id='word_1_190' title='bbox 3077 1119 3218 1172; x_wconf 90' lang='lat' dir='ltr'><strong><em>intra</em></strong></span> <span class='ocrx_word' id='word_1_191' title='bbox 3249 1114 3548 1171; x_wconf 87' lang='lat' dir='ltr'><strong><em>Ecclesiam</em></strong></span> <span class='ocrx_word' id='word_1_192' title='bbox 3577 1130 3821 1188; x_wconf 87' lang='lat' dir='ltr'><strong><em>corpora-</em></strong></span> 
     </span>
    </p>
   </div>
   <div class='ocr_carea' id='block_1_25' title="bbox 2236 1207 3836 1284">
    <p class='ocr_par' dir='ltr' id='par_1_25' title="bbox 2236 1207 3836 1284">
     <span class='ocr_line' id='line_1_25' title="bbox 2236 1207 3836 1284; baseline -0.004 -15"><span class='ocrx_word' id='word_1_193' title='bbox 2236 1213 2364 1269; x_wconf 91' lang='lat' dir='ltr'><strong><em>liter</em></strong></span> <span class='ocrx_word' id='word_1_194' title='bbox 2393 1214 2574 1284; x_wconf 89' lang='lat' dir='ltr'><strong><em>positi,</em></strong></span> <span class='ocrx_word' id='word_1_195' title='bbox 2607 1227 2768 1281; x_wconf 88' lang='lat' dir='ltr'><strong><em>quam</em></strong></span> <span class='ocrx_word' id='word_1_196' title='bbox 2795 1225 3046 1280; x_wconf 78' lang='lat' dir='ltr'><strong><em>magnam</em></strong></span> <span class='ocrx_word' id='word_1_197' title='bbox 3073 1208 3297 1263; x_wconf 89' lang='lat' dir='ltr'><strong><em>domum</em></strong></span> <span class='ocrx_word' id='word_1_198' title='bbox 3327 1208 3565 1278; x_wconf 79' lang='lat' dir='ltr'><strong><em>appellat</em></strong></span> <span class='ocrx_word' id='word_1_199' title='bbox 3601 1207 3836 1277; x_wconf 83' lang='lat' dir='ltr'><strong><em>Aposto—</em></strong></span> 
     </span>
    </p>
   </div>
   <div class='ocr_carea' id='block_1_26' title="bbox 2240 1301 3834 1373">
    <p class='ocr_par' dir='ltr' id='par_1_26' title="bbox 2240 1301 3834 1373">
     <span class='ocr_line' id='line_1_26' title="bbox 2240 1301 3834 1373; baseline -0.005 -11"><span class='ocrx_word' id='word_1_200' title='bbox 2240 1308 2343 1373; x_wconf 88' lang='lat' dir='ltr'><strong><em>lus,</em></strong></span> <span class='ocrx_word' id='word_1_201' title='bbox 2395 1316 2488 1361; x_wconf 92' lang='lat' dir='ltr'><strong><em>aut</em></strong></span> <span class='ocrx_word' id='word_1_202' title='bbox 2515 1315 2676 1362; x_wconf 70' lang='lat' dir='ltr'><strong><em>recta:</em></strong></span> <span class='ocrx_word' id='word_1_203' title='bbox 2707 1304 2832 1361; x_wconf 90' lang='lat' dir='ltr'><strong><em>ﬁdei</em></strong></span> <span class='ocrx_word' id='word_1_204' title='bbox 2877 1303 3150 1359; x_wconf 89' lang='lat' dir='ltr'><strong><em>contraria</em></strong></span> <span class='ocrx_word' id='word_1_205' title='bbox 3180 1301 3530 1372; x_wconf 82' lang='lat' dir='ltr'><strong><em>pertinaciter</em></strong></span> <span class='ocrx_word' id='word_1_206' title='bbox 3576 1316 3751 1370; x_wconf 88' lang='lat' dir='ltr'><strong><em>usque</em></strong></span> <span class='ocrx_word' id='word_1_207' title='bbox 3782 1301 3834 1354; x_wconf 85' lang='lat' dir='ltr'><strong><em>in</em></strong></span> 
     </span>
    </p>
   </div>
   <div class='ocr_carea' id='block_1_27' title="bbox 2241 1393 3839 1460">
    <p class='ocr_par' dir='ltr' id='par_1_27' title="bbox 2241 1393 3839 1460">
     <span class='ocr_line' id='line_1_27' title="bbox 2241 1393 3839 1460; baseline -0.005 -7"><span class='ocrx_word' id='word_1_208' title='bbox 2241 1399 2402 1457; x_wconf 91' lang='lat' dir='ltr'><strong><em>ﬁnem</em></strong></span> <span class='ocrx_word' id='word_1_209' title='bbox 2433 1399 2693 1460; x_wconf 88' lang='lat' dir='ltr'><strong><em>sentiunt,</em></strong></span> <span class='ocrx_word' id='word_1_210' title='bbox 2746 1405 2839 1451; x_wconf 89' lang='lat' dir='ltr'><strong><em>aut</em></strong></span> <span class='ocrx_word' id='word_1_211' title='bbox 2866 1404 3066 1450; x_wconf 82' lang='lat' dir='ltr'><strong><em>sanctae</em></strong></span> <span class='ocrx_word' id='word_1_212' title='bbox 3095 1393 3529 1450; x_wconf 89' lang='lat' dir='ltr'><strong><em>conversationis</em></strong></span> <span class='ocrx_word' id='word_1_213' title='bbox 3576 1393 3839 1460; x_wconf 85' lang='lat' dir='ltr'><strong><em>abjiciunt</em></strong></span> 
     </span>
    </p>
   </div>
   <div class='ocr_carea' id='block_1_28' title="bbox 2239 1485 3838 1558">
    <p class='ocr_par' dir='ltr' id='par_1_28' title="bbox 2239 1485 3838 1558">
     <span class='ocr_line' id='line_1_28' title="bbox 2239 1485 3838 1558; baseline -0.005 -10"><span class='ocrx_word' id='word_1_214' title='bbox 2239 1493 2506 1549; x_wconf 89' lang='lat' dir='ltr'><strong><em>instituta.</em></strong></span> <span class='ocrx_word' id='word_1_215' title='bbox 2527 1489 2805 1558; x_wconf 89' lang='lat' dir='ltr'><strong><em>Simulque</em></strong></span> <span class='ocrx_word' id='word_1_216' title='bbox 2821 1495 3176 1558; x_wconf 74' lang='lat' dir='ltr'><strong><em>cognoscant,</em></strong></span> <span class='ocrx_word' id='word_1_217' title='bbox 3196 1487 3495 1543; x_wconf 88' lang='lat' dir='ltr'><strong><em>secundum</em></strong></span> <span class='ocrx_word' id='word_1_218' title='bbox 3515 1487 3662 1542; x_wconf 87' lang='lat' dir='ltr'><strong><em>beati</em></strong></span> <span class='ocrx_word' id='word_1_219' title='bbox 3687 1485 3838 1540; x_wconf 86' lang='lat' dir='ltr'><strong><em>Pauli</em></strong></span> 
     </span>
    </p>
   </div>
   <div class='ocr_carea' id='block_1_29' title="bbox 2240 1577 3838 1650">
    <p class='ocr_par' dir='ltr' id='par_1_29' title="bbox 2240 1577 3838 1650">
     <span class='ocr_line' id='line_1_29' title="bbox 2240 1577 3838 1650; baseline -0.004 -11"><span class='ocrx_word' id='word_1_220' title='bbox 2240 1583 2566 1640; x_wconf 90' lang='lat' dir='ltr'><strong><em>sententiam</em></strong></span> <span class='ocrx_word' id='word_1_221' title='bbox 2585 1623 2599 1645; x_wconf 87' lang='lat'><strong><em>,</em></strong></span> <span class='ocrx_word' id='word_1_222' title='bbox 2646 1581 2772 1650; x_wconf 91' lang='lat' dir='ltr'><strong><em>quia</em></strong></span> <span class='ocrx_word' id='word_1_223' title='bbox 2802 1581 2848 1634; x_wconf 90' lang='lat' dir='ltr'><strong><em>si</em></strong></span> <span class='ocrx_word' id='word_1_224' title='bbox 2887 1579 3008 1649; x_wconf 92' lang='lat' dir='ltr'><strong><em>quis</em></strong></span> <span class='ocrx_word' id='word_1_225' title='bbox 3037 1594 3098 1634; x_wconf 90' lang='lat' dir='ltr'><strong><em>se</em></strong></span> <span class='ocrx_word' id='word_1_226' title='bbox 3127 1577 3470 1634; x_wconf 89' lang='lat' dir='ltr'><strong><em>mundaverit</em></strong></span> <span class='ocrx_word' id='word_1_227' title='bbox 3498 1577 3566 1632; x_wconf 91' lang='lat' dir='ltr'><strong><em>ab</em></strong></span> <span class='ocrx_word' id='word_1_228' title='bbox 3593 1577 3733 1642; x_wconf 88' lang='lat' dir='ltr'><strong><em>istis,</em></strong></span> <span class='ocrx_word' id='word_1_229' title='bbox 3785 1577 3838 1632; x_wconf 91' lang='lat' dir='ltr'><strong><em>in</em></strong></span> 
     </span>
    </p>
   </div>
   <div class='ocr_carea' id='block_1_30' title="bbox 2240 1671 3838 1748">
    <p class='ocr_par' dir='ltr' id='par_1_30' title="bbox 2240 1671 3838 1748">
     <span class='ocr_line' id='line_1_30' title="bbox 2240 1671 3838 1748; baseline -0.006 -16"><span class='ocrx_word' id='word_1_230' title='bbox 2240 1691 2566 1748; x_wconf 90' lang='lat' dir='ltr'><strong><em>quocunque</em></strong></span> <span class='ocrx_word' id='word_1_231' title='bbox 2595 1674 2782 1743; x_wconf 82' lang='lat' dir='ltr'><strong><em>gradu,</em></strong></span> <span class='ocrx_word' id='word_1_232' title='bbox 2817 1675 2871 1727; x_wconf 89' lang='lat' dir='ltr'><strong><em>in</em></strong></span> <span class='ocrx_word' id='word_1_233' title='bbox 2897 1685 3222 1742; x_wconf 85' lang='lat' dir='ltr'><strong><em>quocunque</em></strong></span> <span class='ocrx_word' id='word_1_234' title='bbox 3250 1671 3477 1735; x_wconf 89' lang='lat' dir='ltr'><strong><em>honore,</em></strong></span> <span class='ocrx_word' id='word_1_235' title='bbox 3510 1671 3565 1724; x_wconf 92' lang='lat' dir='ltr'><strong><em>in</em></strong></span> <span class='ocrx_word' id='word_1_236' title='bbox 3595 1685 3838 1740; x_wconf 87' lang='lat' dir='ltr'><strong><em>quacun-</em></strong></span> 
     </span>
    </p>
   </div>
   <div class='ocr_carea' id='block_1_31' title="bbox 2241 1761 3838 1838">
    <p class='ocr_par' dir='ltr' id='par_1_31' title="bbox 2241 1761 3838 1838">
     <span class='ocr_line' id='line_1_31' title="bbox 2241 1761 3838 1838; baseline -0.004 -15"><span class='ocrx_word' id='word_1_237' title='bbox 2241 1785 2348 1838; x_wconf 89' lang='lat' dir='ltr'><strong><em>que</em></strong></span> <span class='ocrx_word' id='word_1_238' title='bbox 2376 1767 2539 1822; x_wconf 83' lang='lat' dir='ltr'><strong><em>fuerit</em></strong></span> <span class='ocrx_word' id='word_1_239' title='bbox 2587 1764 2926 1836; x_wconf 81' lang='lat' dir='ltr'><strong><em>professione</em></strong></span> <span class='ocrx_word' id='word_1_240' title='bbox 2967 1763 3209 1834; x_wconf 88' lang='lat' dir='ltr'><strong><em>positus,</em></strong></span> <span class='ocrx_word' id='word_1_241' title='bbox 3269 1761 3372 1817; x_wconf 90' lang='lat' dir='ltr'><strong><em>erit</em></strong></span> <span class='ocrx_word' id='word_1_242' title='bbox 3403 1777 3501 1816; x_wconf 91' lang='lat' dir='ltr'><strong><em>vas</em></strong></span> <span class='ocrx_word' id='word_1_243' title='bbox 3542 1761 3596 1816; x_wconf 95' lang='lat' dir='ltr'><strong><em>in</em></strong></span> <span class='ocrx_word' id='word_1_244' title='bbox 3629 1762 3838 1816; x_wconf 86' lang='lat' dir='ltr'><strong><em>honore</em></strong></span> 
     </span>
    </p>
   </div>
   <div class='ocr_carea' id='block_1_32' title="bbox 532 1854 3838 1948">
    <p class='ocr_par' dir='ltr' id='par_1_32' title="bbox 532 1854 3838 1948">
     <span class='ocr_line' id='line_1_32' title="bbox 532 1854 3838 1948; baseline -0.008 -13"><span class='ocrx_word' id='word_1_245' title='bbox 532 1854 700 1936; x_wconf 76' lang='lat' dir='ltr'><strong><em>Judaei</em></strong></span> <span class='ocrx_word' id='word_1_246' title='bbox 733 1874 1028 1948; x_wconf 85' lang='lat' dir='ltr'><strong><em>apostolos</em></strong></span> <span class='ocrx_word' id='word_1_247' title='bbox 1068 1872 1120 1926; x_wconf 90' lang='lat' dir='ltr'><strong><em>in</em></strong></span> <span class='ocrx_word' id='word_1_248' title='bbox 1162 1867 1462 1924; x_wconf 86' lang='lat' dir='ltr'><strong><em>custodiam</em></strong></span> <span class='ocrx_word' id='word_1_249' title='bbox 1509 1863 1781 1936; x_wconf 88' lang='lat' dir='ltr'><strong><em>publicam</em></strong></span> <span class='ocrx_word' id='word_1_250' title='bbox 1811 1861 2025 1924; x_wconf 89' lang='lat' dir='ltr'><strong><em>missos,</em></strong></span> <span class='ocrx_word' id='word_1_251' title='bbox 2078 1865 2137 1913; x_wconf 87' lang='lat' dir='ltr'><strong><em>et</em></strong></span> <span class='ocrx_word' id='word_1_252' title='bbox 2165 1861 2216 1924; x_wconf 81' lang='grc' dir='ltr'><strong><em>Β</em></strong></span> <span class='ocrx_word' id='word_1_253' title='bbox 2242 1859 2659 1920; x_wconf 84' lang='lat' dir='ltr'><strong><em>sanctiﬁcatum,</em></strong></span> <span class='ocrx_word' id='word_1_254' title='bbox 2685 1866 2740 1911; x_wconf 89' lang='lat' dir='ltr'><strong><em>et</em></strong></span> <span class='ocrx_word' id='word_1_255' title='bbox 2769 1855 2899 1910; x_wconf 91' lang='lat' dir='ltr'><strong><em>utile</em></strong></span> <span class='ocrx_word' id='word_1_256' title='bbox 2924 1854 3175 1920; x_wconf 89' lang='lat' dir='ltr'><strong><em>Domino,</em></strong></span> <span class='ocrx_word' id='word_1_257' title='bbox 3207 1855 3274 1910; x_wconf 90' lang='lat' dir='ltr'><strong><em>ad</em></strong></span> <span class='ocrx_word' id='word_1_258' title='bbox 3299 1868 3460 1909; x_wconf 90' lang='lat' dir='ltr'><strong><em>omne</em></strong></span> <span class='ocrx_word' id='word_1_259' title='bbox 3479 1870 3617 1925; x_wconf 89' lang='lat' dir='ltr'><strong><em>opus</em></strong></span> <span class='ocrx_word' id='word_1_260' title='bbox 3639 1854 3838 1908; x_wconf 81' lang='lat' dir='ltr'><strong><em>bonum</em></strong></span> 
     </span>
    </p>
   </div>
   <div class='ocr_carea' id='block_1_33' title="bbox 533 1950 2128 2042">
    <p class='ocr_par' dir='ltr' id='par_1_33' title="bbox 533 1950 2128 2042">
     <span class='ocr_line' id='line_1_33' title="bbox 533 1950 2128 2042; baseline -0.014 -14"><span class='ocrx_word' id='word_1_261' title='bbox 533 1972 725 2042; x_wconf 81' lang='lat' dir='ltr'><strong><em>angelo</em></strong></span> <span class='ocrx_word' id='word_1_262' title='bbox 744 1970 937 2039; x_wconf 88' lang='lat' dir='ltr'><strong><em>januas</em></strong></span> <span class='ocrx_word' id='word_1_263' title='bbox 963 1965 1195 2022; x_wconf 87' lang='lat' dir='ltr'><strong><em>carceris</em></strong></span> <span class='ocrx_word' id='word_1_264' title='bbox 1216 1962 1491 2032; x_wconf 90' lang='lat' dir='ltr'><strong><em>aperiente</em></strong></span> <span class='ocrx_word' id='word_1_265' title='bbox 1516 1958 1782 2013; x_wconf 88' lang='lat' dir='ltr'><strong><em>dimissos.</em></strong></span> <span class='ocrx_word' id='word_1_266' title='bbox 1815 1969 2002 2008; x_wconf 90' lang='lat' dir='ltr'><strong><em>rursus</em></strong></span> <span class='ocrx_word' id='word_1_267' title='bbox 2028 1950 2128 2006; x_wconf 86' lang='lat' dir='ltr'><strong><em>ad-</em></strong></span> 
     </span>
    </p>
   </div>
   <div class='ocr_carea' id='block_1_34' title="bbox 533 2044 2131 2119">
    <p class='ocr_par' dir='ltr' id='par_1_34' title="bbox 533 2044 2131 2119">
     <span class='ocr_line' id='line_1_34' title="bbox 533 2044 2131 2119; baseline -0.014 0"><span class='ocrx_word' id='word_1_268' title='bbox 533 2065 791 2119; x_wconf 89' lang='lat' dir='ltr'><strong><em>ducentes</em></strong></span> <span class='ocrx_word' id='word_1_269' title='bbox 820 2059 964 2115; x_wconf 72' lang='lat' dir='ltr'><strong><em>czede</em></strong></span> <span class='ocrx_word' id='word_1_270' title='bbox 995 2058 1434 2115; x_wconf 82' lang='lat' dir='ltr'><strong><em>maceraverunt,</em></strong></span> <span class='ocrx_word' id='word_1_271' title='bbox 1482 2049 1741 2117; x_wconf 65' lang='lat' dir='ltr'><strong><em>caisisque</em></strong></span> <span class='ocrx_word' id='word_1_272' title='bbox 1771 2044 2131 2100; x_wconf 82' lang='lat' dir='ltr'><strong><em>denuntiave-</em></strong></span> 
     </span>
    </p>
   </div>
   <div class='ocr_carea' id='block_1_35' title="bbox 533 2135 2132 2222">
    <p class='ocr_par' dir='ltr' id='par_1_35' title="bbox 533 2135 2132 2222">
     <span class='ocr_line' id='line_1_35' title="bbox 533 2135 2132 2222; baseline -0.013 -11"><span class='ocrx_word' id='word_1_273' title='bbox 533 2166 689 2219; x_wconf 89' lang='lat' dir='ltr'><strong><em>runt,</em></strong></span> <span class='ocrx_word' id='word_1_274' title='bbox 733 2169 800 2209; x_wconf 90' lang='lat' dir='ltr'><strong><em>ne</em></strong></span> <span class='ocrx_word' id='word_1_275' title='bbox 829 2135 1180 2222; x_wconf 84' lang='lat' dir='ltr'><strong><em>loquerentur</em></strong></span> <span class='ocrx_word' id='word_1_276' title='bbox 1210 2147 1263 2200; x_wconf 85' lang='lat' dir='ltr'><strong><em>in</em></strong></span> <span class='ocrx_word' id='word_1_277' title='bbox 1294 2144 1513 2199; x_wconf 90' lang='lat' dir='ltr'><strong><em>nomine</em></strong></span> <span class='ocrx_word' id='word_1_278' title='bbox 1542 2141 1689 2205; x_wconf 85' lang='lat' dir='ltr'><strong><em>Jesu,</em></strong></span> <span class='ocrx_word' id='word_1_279' title='bbox 1721 2149 1778 2194; x_wconf 93' lang='lat' dir='ltr'><strong><em>et</em></strong></span> <span class='ocrx_word' id='word_1_280' title='bbox 1807 2139 2132 2193; x_wconf 89' lang='lat' dir='ltr'><strong><em>dimiserunt</em></strong></span> 
     </span>
    </p>
   </div>
   <div class='ocr_carea' id='block_1_36' title="bbox 534 2227 2129 2303">
    <p class='ocr_par' dir='ltr' id='par_1_36' title="bbox 534 2227 2129 2303">
     <span class='ocr_line' id='line_1_36' title="bbox 534 2227 2129 2303; baseline -0.015 0"><span class='ocrx_word' id='word_1_281' title='bbox 534 2264 646 2303; x_wconf 90' lang='lat' dir='ltr'><strong><em>eos.</em></strong></span> <span class='ocrx_word' id='word_1_282' title='bbox 693 2246 792 2300; x_wconf 88' lang='lat' dir='ltr'><strong><em>Ubi</em></strong></span> <span class='ocrx_word' id='word_1_283' title='bbox 821 2255 1038 2298; x_wconf 78' lang='lat' dir='ltr'><strong><em>sanctus</em></strong></span> <span class='ocrx_word' id='word_1_284' title='bbox 1070 2239 1240 2293; x_wconf 89' lang='lat' dir='ltr'><strong><em>Lucas</em></strong></span> <span class='ocrx_word' id='word_1_285' title='bbox 1266 2251 1385 2290; x_wconf 88' lang='lat' dir='ltr'><strong><em>cum</em></strong></span> <span class='ocrx_word' id='word_1_286' title='bbox 1413 2232 1607 2303; x_wconf 79' lang='lat' dir='ltr'><strong><em>gaudio</em></strong></span> <span class='ocrx_word' id='word_1_287' title='bbox 1628 2246 1724 2286; x_wconf 89' lang='lat' dir='ltr'><strong><em>eos</em></strong></span> <span class='ocrx_word' id='word_1_288' title='bbox 1745 2227 2129 2284; x_wconf 88' lang='lat' dir='ltr'><strong><em>contumeliam</em></strong></span> 
     </span>
    </p>
   </div>
   <div class='ocr_carea' id='block_1_37' title="bbox 533 2320 2130 2411">
    <p class='ocr_par' dir='ltr' id='par_1_37' title="bbox 533 2320 2130 2411">
     <span class='ocr_line' id='line_1_37' title="bbox 533 2320 2130 2411; baseline -0.014 -16"><span class='ocrx_word' id='word_1_289' title='bbox 533 2355 719 2411; x_wconf 87' lang='lat' dir='ltr'><strong><em>passos</em></strong></span> <span class='ocrx_word' id='word_1_290' title='bbox 761 2338 842 2391; x_wconf 91' lang='lat' dir='ltr'><strong><em>his</em></strong></span> <span class='ocrx_word' id='word_1_291' title='bbox 886 2334 1062 2389; x_wconf 83' lang='lat' dir='ltr'><strong><em>verbis</em></strong></span> <span class='ocrx_word' id='word_1_292' title='bbox 1105 2331 1342 2386; x_wconf 87' lang='lat' dir='ltr'><strong><em>insinuat</em></strong></span> <span class='ocrx_word' id='word_1_293' title='bbox 1381 2345 1394 2380; x_wconf 90' lang='lat'><strong>:</strong></span> <span class='ocrx_word' id='word_1_294' title='bbox 1449 2325 1539 2380; x_wconf 86' lang='lat' dir='ltr'><strong><em>Illi</em></strong></span> <span class='ocrx_word' id='word_1_295' title='bbox 1588 2323 1793 2396; x_wconf 84' lang='lat' dir='ltr'><strong><em>quidem</em></strong></span> <span class='ocrx_word' id='word_1_296' title='bbox 1844 2320 2130 2394; x_wconf 87' lang='lat' dir='ltr'><strong><em>gaudentes</em></strong></span> 
     </span>
    </p>
   </div>
   <div class='ocr_carea' id='block_1_38' title="bbox 534 2413 2130 2496">
    <p class='ocr_par' dir='ltr' id='par_1_38' title="bbox 534 2413 2130 2496">
     <span class='ocr_line' id='line_1_38' title="bbox 534 2413 2130 2496; baseline -0.014 -10"><span class='ocrx_word' id='word_1_297' title='bbox 534 2431 677 2485; x_wconf 85' lang='lat' dir='ltr'><strong><em>ibant</em></strong></span> <span class='ocrx_word' id='word_1_298' title='bbox 720 2447 752 2483; x_wconf 88' lang='lat' dir='ltr'><strong><em>a</em></strong></span> <span class='ocrx_word' id='word_1_299' title='bbox 789 2435 1063 2496; x_wconf 85' lang='lat' dir='ltr'><strong><em>conspectu</em></strong></span> <span class='ocrx_word' id='word_1_300' title='bbox 1084 2421 1331 2490; x_wconf 87' lang='lat' dir='ltr'><strong><em>concilii,</em></strong></span> <span class='ocrx_word' id='word_1_301' title='bbox 1374 2419 1622 2492; x_wconf 84' lang='lat' dir='ltr'><strong><em>quoniam</em></strong></span> <span class='ocrx_word' id='word_1_302' title='bbox 1653 2413 1798 2486; x_wconf 88' lang='lat' dir='ltr'><strong><em>digni</em></strong></span> <span class='ocrx_word' id='word_1_303' title='bbox 1823 2413 1986 2466; x_wconf 84' lang='lat' dir='ltr'><strong><em>habiti</em></strong></span> <span class='ocrx_word' id='word_1_304' title='bbox 2009 2418 2130 2464; x_wconf 88' lang='lat' dir='ltr'><strong><em>sunt</em></strong></span> 
     </span>
    </p>
   </div>
   <div class='ocr_carea' id='block_1_39' title="bbox 534 2500 2124 2593">
    <p class='ocr_par' dir='ltr' id='par_1_39' title="bbox 534 2500 2124 2593">
     <span class='ocr_line' id='line_1_39' title="bbox 534 2500 2124 2593; baseline -0.014 -18"><span class='ocrx_word' id='word_1_305' title='bbox 534 2539 626 2593; x_wconf 88' lang='lat' dir='ltr'><strong><em>pro</em></strong></span> <span class='ocrx_word' id='word_1_306' title='bbox 675 2520 882 2574; x_wconf 89' lang='lat' dir='ltr'><strong><em>nomine</em></strong></span> <span class='ocrx_word' id='word_1_307' title='bbox 919 2515 1044 2570; x_wconf 82' lang='lat' dir='ltr'><strong><em>Jesu</em></strong></span> <span class='ocrx_word' id='word_1_308' title='bbox 1097 2513 1126 2552; x_wconf 71' lang='grc' dir='ltr'>δ</span> <span class='ocrx_word' id='word_1_309' title='bbox 1177 2509 1540 2565; x_wconf 85' lang='lat' dir='ltr'><strong><em>contumeliam</em></strong></span> <span class='ocrx_word' id='word_1_310' title='bbox 1593 2506 1702 2575; x_wconf 90' lang='lat' dir='ltr'><strong><em>pati</em></strong></span> <span class='ocrx_word' id='word_1_311' title='bbox 1752 2505 1887 2575; x_wconf 80' lang='lat' dir='ltr'><strong><em>(Act.</em></strong></span> <span class='ocrx_word' id='word_1_312' title='bbox 1917 2519 1972 2570; x_wconf 92' lang='lat' dir='ltr'><strong><em>v,</em></strong></span> <span class='ocrx_word' id='word_1_313' title='bbox 2009 2500 2124 2570; x_wconf 72' lang='lat' dir='ltr'><strong><em>4i).</em></strong></span> 
     </span>
    </p>
   </div>
   <div class='ocr_carea' id='block_1_40' title="bbox 609 2659 2130 2744">
    <p class='ocr_par' dir='ltr' id='par_1_40' title="bbox 609 2659 2130 2744">
     <span class='ocr_line' id='line_1_40' title="bbox 609 2659 2130 2744; baseline -0.017 -9"><span class='ocrx_word' id='word_1_314' title='bbox 609 2691 634 2718; x_wconf 78' lang='grc' dir='ltr'>ι</span> <span class='ocrx_word' id='word_1_315' title='bbox 665 2679 756 2734; x_wconf 90' lang='lat' dir='ltr'><strong><em>Sic</em></strong></span> <span class='ocrx_word' id='word_1_316' title='bbox 797 2693 952 2742; x_wconf 84' lang='lat' dir='ltr'><strong><em>mss.,</em></strong></span> <span class='ocrx_word' id='word_1_317' title='bbox 993 2675 1145 2744; x_wconf 84' lang='lat' dir='ltr'><strong><em>juxta</em></strong></span> <span class='ocrx_word' id='word_1_318' title='bbox 1190 2670 1437 2725; x_wconf 74' lang='lat' dir='ltr'><strong><em>Graecum</em></strong></span> <span class='ocrx_word' id='word_1_319' title='bbox 1486 2664 1694 2720; x_wconf 76' lang='grc' dir='ltr'><strong><em>εὐδοκῶ.</em></strong></span> <span class='ocrx_word' id='word_1_320' title='bbox 1743 2659 1918 2723; x_wconf 89' lang='lat' dir='ltr'><strong><em>Editi,</em></strong></span> <span class='ocrx_word' id='word_1_321' title='bbox 1950 2661 2130 2728; x_wconf 80' lang='lat' dir='ltr'><strong><em>placeo</em></strong></span> 
     </span>
    </p>
   </div>
   <div class='ocr_carea' id='block_1_41' title="bbox 535 2752 680 2806">
    <p class='ocr_par' dir='ltr' id='par_1_41' title="bbox 535 2752 680 2806">
     <span class='ocr_line' id='line_1_41' title="bbox 535 2752 680 2806; baseline -0.014 0"><span class='ocrx_word' id='word_1_322' title='bbox 535 2752 680 2806; x_wconf 76' lang='lat' dir='ltr'><strong><em>mihi.</em></strong></span> 
     </span>
    </p>
   </div>
   <div class='ocr_carea' id='block_1_42' title="bbox 2242 1945 3838 2025">
    <p class='ocr_par' dir='ltr' id='par_1_42' title="bbox 2242 1945 3838 2025">
     <span class='ocr_line' id='line_1_42' title="bbox 2242 1945 3838 2025; baseline -0.004 -18"><span class='ocrx_word' id='word_1_323' title='bbox 2242 1961 2492 2025; x_wconf 87' lang='lat' dir='ltr'><strong><em>paratum</em></strong></span> <span class='ocrx_word' id='word_1_324' title='bbox 2524 1948 2711 2021; x_wconf 84' lang='lat' dir='ltr'><strong><em>(lbid.,</em></strong></span> <span class='ocrx_word' id='word_1_325' title='bbox 2743 1947 2860 2018; x_wconf 72' lang='lat'><strong><em>2|),</em></strong></span> <span class='ocrx_word' id='word_1_326' title='bbox 2889 1955 3207 2018; x_wconf 89' lang='lat' dir='ltr'><strong><em>recepturus</em></strong></span> <span class='ocrx_word' id='word_1_327' title='bbox 3244 1945 3438 2001; x_wconf 59' lang='lat' dir='ltr'><strong><em>futurae</em></strong></span> <span class='ocrx_word' id='word_1_328' title='bbox 3466 1945 3838 2001; x_wconf 86' lang='lat' dir='ltr'><strong><em>retributionis</em></strong></span> 
     </span>
    </p>
   </div>
   <div class='ocr_carea' id='block_1_43' title="bbox 2243 2036 3839 2110">
    <p class='ocr_par' dir='ltr' id='par_1_43' title="bbox 2243 2036 3839 2110">
     <span class='ocr_line' id='line_1_43' title="bbox 2243 2036 3839 2110; baseline -0.005 -10"><span class='ocrx_word' id='word_1_329' title='bbox 2243 2042 2631 2100; x_wconf 86' lang='lat' dir='ltr'><strong><em>beatitudinem</em></strong></span> <span class='ocrx_word' id='word_1_330' title='bbox 2660 2041 3042 2110; x_wconf 89' lang='lat' dir='ltr'><strong><em>sempiternam</em></strong></span> <span class='ocrx_word' id='word_1_331' title='bbox 3070 2038 3139 2092; x_wconf 91' lang='lat' dir='ltr'><strong><em>ab</em></strong></span> <span class='ocrx_word' id='word_1_332' title='bbox 3184 2037 3274 2095; x_wconf 92' lang='lat' dir='ltr'><strong><em>illo</em></strong></span> <span class='ocrx_word' id='word_1_333' title='bbox 3291 2036 3472 2106; x_wconf 88' lang='lat' dir='ltr'><strong><em>judice</em></strong></span> <span class='ocrx_word' id='word_1_334' title='bbox 3498 2036 3591 2106; x_wconf 90' lang='lat' dir='ltr'><strong><em>qui</em></strong></span> <span class='ocrx_word' id='word_1_335' title='bbox 3640 2037 3696 2090; x_wconf 89' lang='lat' dir='ltr'><strong><em>in</em></strong></span> <span class='ocrx_word' id='word_1_336' title='bbox 3737 2037 3839 2092; x_wconf 89' lang='lat' dir='ltr'><strong><em>hoc</em></strong></span> 
     </span>
    </p>
   </div>
   <div class='ocr_carea' id='block_1_44' title="bbox 2243 2127 3834 2204">
    <p class='ocr_par' dir='ltr' id='par_1_44' title="bbox 2243 2127 3834 2204">
     <span class='ocr_line' id='line_1_44' title="bbox 2243 2127 3834 2204; baseline -0.007 -12"><span class='ocrx_word' id='word_1_337' title='bbox 2243 2137 2442 2193; x_wconf 67' lang='lat' dir='ltr'><strong><em>saeculo</em></strong></span> <span class='ocrx_word' id='word_1_338' title='bbox 2482 2135 2679 2204; x_wconf 89' lang='lat' dir='ltr'><strong><em>quibus</em></strong></span> <span class='ocrx_word' id='word_1_339' title='bbox 2702 2133 2822 2188; x_wconf 89' lang='lat' dir='ltr'><strong><em>vult</em></strong></span> <span class='ocrx_word' id='word_1_340' title='bbox 2859 2131 3150 2200; x_wconf 77' lang='lat' dir='ltr'><strong><em>gratuitam</em></strong></span> <span class='ocrx_word' id='word_1_341' title='bbox 3175 2128 3620 2199; x_wconf 88' lang='lat' dir='ltr'><strong><em>justiﬁcationem</em></strong></span> <span class='ocrx_word' id='word_1_342' title='bbox 3648 2127 3834 2194; x_wconf 89' lang='lat' dir='ltr'><strong><em>donat,</em></strong></span> 
     </span>
    </p>
   </div>
   <div class='ocr_carea' id='block_1_45' title="bbox 2245 2219 3835 2298">
    <p class='ocr_par' dir='ltr' id='par_1_45' title="bbox 2245 2219 3835 2298">
     <span class='ocr_line' id='line_1_45' title="bbox 2245 2219 3835 2298; baseline -0.006 -13"><span class='ocrx_word' id='word_1_343' title='bbox 2245 2237 2301 2285; x_wconf 90' lang='lat' dir='ltr'><strong><em>et</em></strong></span> <span class='ocrx_word' id='word_1_344' title='bbox 2321 2226 2627 2298; x_wconf 87' lang='lat' dir='ltr'><strong><em>justiticatis</em></strong></span> <span class='ocrx_word' id='word_1_345' title='bbox 2653 2240 2751 2296; x_wconf 89' lang='lat' dir='ltr'><strong><em>per</em></strong></span> <span class='ocrx_word' id='word_1_346' title='bbox 2779 2223 2937 2278; x_wconf 88' lang='lat' dir='ltr'><strong><em>ﬁdem</em></strong></span> <span class='ocrx_word' id='word_1_347' title='bbox 2981 2221 3307 2291; x_wconf 76' lang='lat' dir='ltr'><strong><em>adiutorium</em></strong></span> <span class='ocrx_word' id='word_1_348' title='bbox 3353 2221 3543 2290; x_wconf 75' lang='lat' dir='ltr'><strong><em>gratiae</em></strong></span> <span class='ocrx_word' id='word_1_349' title='bbox 3573 2219 3835 2276; x_wconf 87' lang='lat' dir='ltr'><strong><em>submini-</em></strong></span> 
     </span>
    </p>
   </div>
   <div class='ocr_carea' id='block_1_46' title="bbox 2243 2312 3835 2392">
    <p class='ocr_par' dir='ltr' id='par_1_46' title="bbox 2243 2312 3835 2392">
     <span class='ocr_line' id='line_1_46' title="bbox 2243 2312 3835 2392; baseline -0.008 -13"><span class='ocrx_word' id='word_1_350' title='bbox 2243 2331 2400 2389; x_wconf 88' lang='lat' dir='ltr'><strong><em>strat,</em></strong></span> <span class='ocrx_word' id='word_1_351' title='bbox 2448 2335 2583 2392; x_wconf 90' lang='lat' dir='ltr'><strong><em>quos</em></strong></span> <span class='ocrx_word' id='word_1_352' title='bbox 2637 2320 2692 2374; x_wconf 91' lang='lat' dir='ltr'><strong><em>in</em></strong></span> <span class='ocrx_word' id='word_1_353' title='bbox 2740 2316 3130 2373; x_wconf 88' lang='lat' dir='ltr'><strong><em>beatitudinem</em></strong></span> <span class='ocrx_word' id='word_1_354' title='bbox 3168 2315 3320 2386; x_wconf 74' lang='lat' dir='ltr'><strong><em>regni</em></strong></span> <span class='ocrx_word' id='word_1_355' title='bbox 3348 2313 3586 2370; x_wconf 78' lang='lat' dir='ltr'><strong><em>ccelestis</em></strong></span> <span class='ocrx_word' id='word_1_356' title='bbox 3635 2312 3835 2369; x_wconf 88' lang='lat' dir='ltr'><strong><em>donata</em></strong></span> 
     </span>
    </p>
   </div>
   <div class='ocr_carea' id='block_1_47' title="bbox 2242 2407 3534 2484">
    <p class='ocr_par' dir='ltr' id='par_1_47' title="bbox 2242 2407 3534 2484">
     <span class='ocr_line' id='line_1_47' title="bbox 2242 2407 3534 2484; baseline -0.007 -14"><span class='ocrx_word' id='word_1_357' title='bbox 2242 2407 2634 2484; x_wconf 81' lang='lat' dir='ltr'><strong><em>gloriﬁcatione</em></strong></span> <span class='ocrx_word' id='word_1_358' title='bbox 2663 2410 2920 2480; x_wconf 76' lang='lat' dir='ltr'><strong><em>angelicae</em></strong></span> <span class='ocrx_word' id='word_1_359' title='bbox 2946 2408 3269 2480; x_wconf 79' lang='lat' dir='ltr'><strong><em>:equalitatis</em></strong></span> <span class='ocrx_word' id='word_1_360' title='bbox 3298 2407 3534 2462; x_wconf 87' lang='lat' dir='ltr'><strong><em>inducat.</em></strong></span> 
     </span>
    </p>
   </div>
   <div class='ocr_carea' id='block_1_48' title="bbox 2311 2652 3653 2726">
    <p class='ocr_par' dir='ltr' id='par_1_48' title="bbox 2311 2652 3653 2726">
     <span class='ocr_line' id='line_1_48' title="bbox 2311 2652 3653 2726; baseline -0.007 -11"><span class='ocrx_word' id='word_1_361' title='bbox 2311 2659 2338 2698; x_wconf 73' lang='grc' dir='ltr'><strong><em>ιι</em></strong></span> <span class='ocrx_word' id='word_1_362' title='bbox 2367 2659 2458 2716; x_wconf 92' lang='lat' dir='ltr'><strong><em>Sic</em></strong></span> <span class='ocrx_word' id='word_1_363' title='bbox 2483 2673 2586 2714; x_wconf 92' lang='lat' dir='ltr'><strong><em>ms.</em></strong></span> <span class='ocrx_word' id='word_1_364' title='bbox 2615 2673 2772 2713; x_wconf 90' lang='lat' dir='ltr'><strong><em>unus.</em></strong></span> <span class='ocrx_word' id='word_1_365' title='bbox 2799 2656 2870 2710; x_wconf 80' lang='lat' dir='ltr'><strong><em>At</em></strong></span> <span class='ocrx_word' id='word_1_366' title='bbox 2895 2654 3051 2723; x_wconf 88' lang='lat' dir='ltr'><strong><em>editi,</em></strong></span> <span class='ocrx_word' id='word_1_367' title='bbox 3081 2670 3174 2726; x_wconf 86' lang='lat' dir='ltr'><strong><em>pro</em></strong></span> <span class='ocrx_word' id='word_1_368' title='bbox 3203 2654 3412 2709; x_wconf 84' lang='lat' dir='ltr'><strong><em>nomine</em></strong></span> <span class='ocrx_word' id='word_1_369' title='bbox 3439 2652 3653 2708; x_wconf 81' lang='lat' dir='ltr'><strong><em>Christi.</em></strong></span> 
     </span>
    </p>
   </div>
   <div class='ocr_carea' id='block_1_49' title="bbox 545 2856 3824 2899">
    <p class='ocr_par' dir='ltr' id='par_1_49' title="bbox 545 2856 3824 2899">
     <span class='ocr_line' id='line_1_49' title="bbox 545 2856 3824 2899; baseline -0.007 -5"><span class='ocrx_word' id='word_1_370' title='bbox 545 2856 3824 2899; x_wconf 77' lang='lat'><strong><em>____________________________——————-—-———-.——-————</em></strong></span> 
     </span>
    </p>
   </div>
   <div class='ocr_carea' id='block_1_50' title="bbox 1782 2973 2597 3057">
    <p class='ocr_par' dir='ltr' id='par_1_50' title="bbox 1782 2973 2597 3057">
     <span class='ocr_line' id='line_1_50' title="bbox 1782 2973 2597 3057; baseline -0.006 0"><span class='ocrx_word' id='word_1_371' title='bbox 1782 2977 2073 3057; x_wconf 85' lang='lat' dir='ltr'><strong>LIBER</strong></span> <span class='ocrx_word' id='word_1_372' title='bbox 2126 2973 2597 3052; x_wconf 84' lang='lat' dir='ltr'><strong><em>TERTIUS.</em></strong></span> 
     </span>
    </p>
   </div>
   <div class='ocr_carea' id='block_1_51' title="bbox 2052 3115 2324 3131">
    <p class='ocr_par' dir='ltr' id='par_1_51' title="bbox 2052 3115 2324 3131">
     <span class='ocr_line' id='line_1_51' title="bbox 2052 3115 2324 3131; baseline -0.007 0"><span class='ocrx_word' id='word_1_373' title='bbox 2052 3115 2324 3131; x_wconf 74' lang='lat'>—</span> 
     </span>
    </p>
   </div>
   <div class='ocr_carea' id='block_1_52' title="bbox 607 3192 3842 3292">
    <p class='ocr_par' dir='ltr' id='par_1_52' title="bbox 607 3192 3842 3292">
     <span class='ocr_line' id='line_1_52' title="bbox 607 3192 3842 3292; baseline -0.008 -19"><span class='ocrx_word' id='word_1_374' title='bbox 607 3221 766 3292; x_wconf 51' lang='grc' dir='ltr'><strong><em>[εει</em></strong></span> <span class='ocrx_word' id='word_1_375' title='bbox 787 3216 970 3272; x_wconf 79' lang='lat' dir='ltr'><strong><em>CAPUT</em></strong></span> <span class='ocrx_word' id='word_1_376' title='bbox 987 3209 1157 3266; x_wconf 82' lang='grc' dir='ltr'><strong><em>ι.-1.</em></strong></span> <span class='ocrx_word' id='word_1_377' title='bbox 1175 3207 1292 3261; x_wconf 85' lang='lat' dir='ltr'><strong><em>Jam</em></strong></span> <span class='ocrx_word' id='word_1_378' title='bbox 1309 3218 1453 3259; x_wconf 88' lang='lat' dir='ltr'><strong><em>nunc</em></strong></span> <span class='ocrx_word' id='word_1_379' title='bbox 1466 3202 1536 3258; x_wconf 88' lang='lat' dir='ltr'><strong><em>de</em></strong></span> <span class='ocrx_word' id='word_1_380' title='bbox 1551 3202 1656 3257; x_wconf 87' lang='lat' dir='ltr'><strong><em>illis</em></strong></span> <span class='ocrx_word' id='word_1_381' title='bbox 1682 3216 1819 3271; x_wconf 88' lang='lat' dir='ltr'><strong><em>quos</em></strong></span> <span class='ocrx_word' id='word_1_382' title='bbox 1833 3201 1975 3257; x_wconf 89' lang='lat' dir='ltr'><strong><em>Deus</em></strong></span> <span class='ocrx_word' id='word_1_383' title='bbox 1991 3217 2132 3272; x_wconf 72' lang='lat' dir='ltr'><strong><em>prae-</em></strong></span> <span class='ocrx_word' id='word_1_384' title='bbox 2161 3204 2217 3278; x_wconf 1' lang='lat' dir='ltr'><strong><em>Cp</em></strong></span> <span class='ocrx_word' id='word_1_385' title='bbox 2239 3197 2696 3259; x_wconf 87' lang='lat' dir='ltr'><strong><em>incommutabilis</em></strong></span> <span class='ocrx_word' id='word_1_386' title='bbox 2717 3196 2996 3252; x_wconf 72' lang='lat' dir='ltr'><strong><em>aeternitas</em></strong></span> <span class='ocrx_word' id='word_1_387' title='bbox 3014 3202 3218 3262; x_wconf 89' lang='lat' dir='ltr'><strong><em>manet,</em></strong></span> <span class='ocrx_word' id='word_1_388' title='bbox 3245 3193 3387 3250; x_wconf 88' lang='lat' dir='ltr'><strong><em>sicut</em></strong></span> <span class='ocrx_word' id='word_1_389' title='bbox 3414 3192 3842 3254; x_wconf 77' lang='lat' dir='ltr'><strong><em>inchoandam</em></strong></span> 
     </span>
    </p>
   </div>
   <div class='ocr_carea' id='block_1_53' title="bbox 536 3293 2135 3374">
    <p class='ocr_par' dir='ltr' id='par_1_53' title="bbox 536 3293 2135 3374">
     <span class='ocr_line' id='line_1_53' title="bbox 536 3293 2135 3374; baseline -0.016 -1"><span class='ocrx_word' id='word_1_390' title='bbox 536 3311 826 3373; x_wconf 84' lang='lat' dir='ltr'><strong><em>destinavit</em></strong></span> <span class='ocrx_word' id='word_1_391' title='bbox 857 3309 911 3363; x_wconf 90' lang='lat' dir='ltr'><strong><em>in</em></strong></span> <span class='ocrx_word' id='word_1_392' title='bbox 941 3303 1288 3374; x_wconf 86' lang='lat' dir='ltr'><strong><em>adoptionem</em></strong></span> <span class='ocrx_word' id='word_1_393' title='bbox 1321 3296 1555 3351; x_wconf 89' lang='lat' dir='ltr'><strong><em>ﬁliorum</em></strong></span> <span class='ocrx_word' id='word_1_394' title='bbox 1583 3295 1719 3350; x_wconf 92' lang='lat' dir='ltr'><strong><em>ordo</em></strong></span> <span class='ocrx_word' id='word_1_395' title='bbox 1743 3293 1977 3364; x_wconf 85' lang='lat' dir='ltr'><strong><em>suscepti</em></strong></span> <span class='ocrx_word' id='word_1_396' title='bbox 1999 3308 2135 3364; x_wconf 88' lang='lat' dir='ltr'><strong><em>ope-</em></strong></span> 
     </span>
    </p>
   </div>
   <div class='ocr_carea' id='block_1_54' title="bbox 534 3385 2134 3475">
    <p class='ocr_par' dir='ltr' id='par_1_54' title="bbox 534 3385 2134 3475">
     <span class='ocr_line' id='line_1_54' title="bbox 534 3385 2134 3475; baseline -0.017 -9"><span class='ocrx_word' id='word_1_397' title='bbox 534 3412 612 3466; x_wconf 83' lang='lat' dir='ltr'><strong><em>ris</em></strong></span> <span class='ocrx_word' id='word_1_398' title='bbox 635 3406 802 3475; x_wconf 76' lang='lat' dir='ltr'><strong><em>exigit</em></strong></span> <span class='ocrx_word' id='word_1_399' title='bbox 831 3396 1097 3470; x_wconf 85' lang='lat' dir='ltr'><strong><em>disputari</em></strong></span> <span class='ocrx_word' id='word_1_400' title='bbox 1128 3404 1186 3461; x_wconf 73' lang='grc' dir='ltr'><strong><em>ι,</em></strong></span> <span class='ocrx_word' id='word_1_401' title='bbox 1217 3407 1356 3462; x_wconf 87' lang='lat' dir='ltr'><strong><em>quos</em></strong></span> <span class='ocrx_word' id='word_1_402' title='bbox 1384 3387 1680 3445; x_wconf 90' lang='lat' dir='ltr'><strong><em>secundum</em></strong></span> <span class='ocrx_word' id='word_1_403' title='bbox 1721 3401 1862 3441; x_wconf 71' lang='lat' dir='ltr'><strong><em>vera:</em></strong></span> <span class='ocrx_word' id='word_1_404' title='bbox 1902 3385 2025 3440; x_wconf 89' lang='lat' dir='ltr'><strong><em>ﬁdei</em></strong></span> <span class='ocrx_word' id='word_1_405' title='bbox 2044 3400 2134 3440; x_wconf 88' lang='lat' dir='ltr'><strong><em>re-</em></strong></span> 
     </span>
    </p>
   </div>
   <div class='ocr_carea' id='block_1_55' title="bbox 536 3475 2178 3572">
    <p class='ocr_par' dir='ltr' id='par_1_55' title="bbox 536 3475 2178 3572">
     <span class='ocr_line' id='line_1_55' title="bbox 536 3475 2178 3572; baseline -0.016 -16"><span class='ocrx_word' id='word_1_406' title='bbox 536 3501 715 3572; x_wconf 74' lang='lat' dir='ltr'><strong><em>gulam</em></strong></span> <span class='ocrx_word' id='word_1_407' title='bbox 743 3502 1054 3552; x_wconf 89' lang='lat' dir='ltr'><strong><em>sanctarum</em></strong></span> <span class='ocrx_word' id='word_1_408' title='bbox 1083 3487 1487 3556; x_wconf 88' lang='lat' dir='ltr'><strong><em>Scripturarum</em></strong></span> <span class='ocrx_word' id='word_1_409' title='bbox 1498 3479 1822 3536; x_wconf 87' lang='lat' dir='ltr'><strong><em>auctoritate</em></strong></span> <span class='ocrx_word' id='word_1_410' title='bbox 1840 3475 2130 3542; x_wconf 87' lang='lat' dir='ltr'><strong><em>ﬁrmatam,</em></strong></span> <span class='ocrx_word' id='word_1_411' title='bbox 2173 3524 2178 3529; x_wconf 87' lang='lat'><strong><em>.</em></strong></span> 
     </span>
    </p>
   </div>
   <div class='ocr_carea' id='block_1_56' title="bbox 535 3571 2134 3655">
    <p class='ocr_par' dir='ltr' id='par_1_56' title="bbox 535 3571 2134 3655">
     <span class='ocr_line' id='line_1_56' title="bbox 535 3571 2134 3655; baseline -0.016 -3"><span class='ocrx_word' id='word_1_412' title='bbox 535 3611 647 3652; x_wconf 89' lang='lat' dir='ltr'><strong><em>non</em></strong></span> <span class='ocrx_word' id='word_1_413' title='bbox 668 3591 843 3648; x_wconf 89' lang='lat' dir='ltr'><strong><em>solum</em></strong></span> <span class='ocrx_word' id='word_1_414' title='bbox 875 3585 940 3640; x_wconf 87' lang='lat' dir='ltr'><strong><em>ad</em></strong></span> <span class='ocrx_word' id='word_1_415' title='bbox 972 3581 1252 3655; x_wconf 68' lang='lat' dir='ltr'><strong><em>praemium</em></strong></span> <span class='ocrx_word' id='word_1_416' title='bbox 1283 3574 1712 3646; x_wconf 81' lang='lat' dir='ltr'><strong><em>gloriﬁcationis,</em></strong></span> <span class='ocrx_word' id='word_1_417' title='bbox 1735 3573 1831 3628; x_wconf 88' lang='lat' dir='ltr'><strong><em>sed</em></strong></span> <span class='ocrx_word' id='word_1_418' title='bbox 1859 3573 2026 3627; x_wconf 88' lang='lat' dir='ltr'><strong><em>etiam</em></strong></span> <span class='ocrx_word' id='word_1_419' title='bbox 2052 3571 2134 3627; x_wconf 71' lang='lat' dir='ltr'><strong><em>ad</em></strong></span> 
     </span>
    </p>
   </div>
   <div class='ocr_carea' id='block_1_57' title="bbox 537 3664 2136 3760">
    <p class='ocr_par' dir='ltr' id='par_1_57' title="bbox 537 3664 2136 3760">
     <span class='ocr_line' id='line_1_57' title="bbox 537 3664 2136 3760; baseline -0.018 -16"><span class='ocrx_word' id='word_1_420' title='bbox 537 3686 768 3760; x_wconf 75' lang='lat' dir='ltr'><strong><em>gratiam</em></strong></span> <span class='ocrx_word' id='word_1_421' title='bbox 793 3673 1198 3751; x_wconf 86' lang='lat' dir='ltr'><strong><em>justiﬁeationis</em></strong></span> <span class='ocrx_word' id='word_1_422' title='bbox 1215 3713 1230 3738; x_wconf 94' lang='lat'><strong><em>,</em></strong></span> <span class='ocrx_word' id='word_1_423' title='bbox 1265 3685 1369 3726; x_wconf 89' lang='lat' dir='ltr'><strong><em>nec</em></strong></span> <span class='ocrx_word' id='word_1_424' title='bbox 1396 3668 1574 3724; x_wconf 90' lang='lat' dir='ltr'><strong><em>solum</em></strong></span> <span class='ocrx_word' id='word_1_425' title='bbox 1597 3666 1665 3720; x_wconf 89' lang='lat' dir='ltr'><strong><em>ad</em></strong></span> <span class='ocrx_word' id='word_1_426' title='bbox 1693 3672 1954 3720; x_wconf 67' lang='lat' dir='ltr'><strong><em>mternam</em></strong></span> <span class='ocrx_word' id='word_1_427' title='bbox 2004 3664 2136 3718; x_wconf 90' lang='lat' dir='ltr'><strong><em>bea-</em></strong></span> 
     </span>
    </p>
   </div>
   <div class='ocr_carea' id='block_1_58' title="bbox 537 3753 2136 3843">
    <p class='ocr_par' dir='ltr' id='par_1_58' title="bbox 537 3753 2136 3843">
     <span class='ocr_line' id='line_1_58' title="bbox 537 3753 2136 3843; baseline -0.018 -7"><span class='ocrx_word' id='word_1_428' title='bbox 537 3753 823 3835; x_wconf 67' lang='lat' dir='ltr'><strong><em>titudinem</em></strong></span> <span class='ocrx_word' id='word_1_429' title='bbox 838 3785 959 3843; x_wconf 70' lang='lat' dir='ltr'><strong><em>qua:</em></strong></span> <span class='ocrx_word' id='word_1_430' title='bbox 989 3784 1098 3824; x_wconf 90' lang='lat' dir='ltr'><strong><em>non</em></strong></span> <span class='ocrx_word' id='word_1_431' title='bbox 1138 3771 1399 3829; x_wconf 83' lang='lat' dir='ltr'><strong><em>mutatur,</em></strong></span> <span class='ocrx_word' id='word_1_432' title='bbox 1439 3773 1632 3815; x_wconf 90' lang='lat' dir='ltr'><strong><em>verum</em></strong></span> <span class='ocrx_word' id='word_1_433' title='bbox 1652 3757 1820 3812; x_wconf 90' lang='lat' dir='ltr'><strong><em>etiam</em></strong></span> <span class='ocrx_word' id='word_1_434' title='bbox 1864 3755 1933 3810; x_wconf 89' lang='lat' dir='ltr'><strong><em>ad</em></strong></span> <span class='ocrx_word' id='word_1_435' title='bbox 1971 3753 2136 3809; x_wconf 88' lang='lat' dir='ltr'><strong><em>ﬁdem</em></strong></span> 
     </span>
    </p>
   </div>
   <div class='ocr_carea' id='block_1_59' title="bbox 538 3850 2138 3944">
    <p class='ocr_par' dir='ltr' id='par_1_59' title="bbox 538 3850 2138 3944">
     <span class='ocr_line' id='line_1_59' title="bbox 538 3850 2138 3944; baseline -0.017 -16"><span class='ocrx_word' id='word_1_436' title='bbox 538 3887 659 3944; x_wconf 72' lang='lat' dir='ltr'><strong><em>qua:</em></strong></span> <span class='ocrx_word' id='word_1_437' title='bbox 686 3884 786 3940; x_wconf 89' lang='lat' dir='ltr'><strong><em>per</em></strong></span> <span class='ocrx_word' id='word_1_438' title='bbox 814 3865 1096 3921; x_wconf 84' lang='lat' dir='ltr'><strong><em>caritatem</em></strong></span> <span class='ocrx_word' id='word_1_439' title='bbox 1126 3864 1417 3927; x_wconf 85' lang='lat' dir='ltr'><strong><em>operatur,</em></strong></span> <span class='ocrx_word' id='word_1_440' title='bbox 1452 3866 1630 3921; x_wconf 88' lang='lat' dir='ltr'><strong><em>neque</em></strong></span> <span class='ocrx_word' id='word_1_441' title='bbox 1658 3850 1730 3905; x_wconf 89' lang='lat' dir='ltr'><strong><em>ad</em></strong></span> <span class='ocrx_word' id='word_1_442' title='bbox 1752 3857 1960 3905; x_wconf 69' lang='lat' dir='ltr'><strong><em>aeterna</em></strong></span> <span class='ocrx_word' id='word_1_443' title='bbox 2015 3857 2138 3903; x_wconf 88' lang='lat' dir='ltr'><strong><em>tan-</em></strong></span> 
     </span>
    </p>
   </div>
   <div class='ocr_carea' id='block_1_60' title="bbox 537 3943 2138 4030">
    <p class='ocr_par' dir='ltr' id='par_1_60' title="bbox 537 3943 2138 4030">
     <span class='ocr_line' id='line_1_60' title="bbox 537 3943 2138 4030; baseline -0.014 -14"><span class='ocrx_word' id='word_1_444' title='bbox 537 3971 656 4018; x_wconf 83' lang='lat' dir='ltr'><strong><em>tum</em></strong></span> <span class='ocrx_word' id='word_1_445' title='bbox 681 3957 924 4030; x_wconf 75' lang='lat' dir='ltr'><strong><em>prmmia,</em></strong></span> <span class='ocrx_word' id='word_1_446' title='bbox 948 3952 1046 4009; x_wconf 90' lang='lat' dir='ltr'><strong><em>sed</em></strong></span> <span class='ocrx_word' id='word_1_447' title='bbox 1072 3951 1237 4006; x_wconf 89' lang='lat' dir='ltr'><strong><em>etiam</em></strong></span> <span class='ocrx_word' id='word_1_448' title='bbox 1264 3946 1334 4002; x_wconf 89' lang='lat' dir='ltr'><strong><em>ad</em></strong></span> <span class='ocrx_word' id='word_1_449' title='bbox 1362 3947 1506 4000; x_wconf 89' lang='lat' dir='ltr'><strong><em>bona</em></strong></span> <span class='ocrx_word' id='word_1_450' title='bbox 1530 3945 1723 4000; x_wconf 86' lang='lat' dir='ltr'><strong><em>merita</em></strong></span> <span class='ocrx_word' id='word_1_451' title='bbox 1748 3943 1983 4012; x_wconf 73' lang='lat' dir='ltr'><strong><em>gratuita</em></strong></span> <span class='ocrx_word' id='word_1_452' title='bbox 2035 3943 2138 3996; x_wconf 89' lang='lat' dir='ltr'><strong><em>bo-</em></strong></span> 
     </span>
    </p>
   </div>
   <div class='ocr_carea' id='block_1_61' title="bbox 541 4032 2138 4109">
    <p class='ocr_par' dir='ltr' id='par_1_61' title="bbox 541 4032 2138 4109">
     <span class='ocr_line' id='line_1_61' title="bbox 541 4032 2138 4109; baseline -0.015 0"><span class='ocrx_word' id='word_1_453' title='bbox 541 4055 713 4109; x_wconf 89' lang='lat' dir='ltr'><strong><em>nitate</em></strong></span> <span class='ocrx_word' id='word_1_454' title='bbox 760 4049 858 4104; x_wconf 90' lang='lat' dir='ltr'><strong><em>Dei</em></strong></span> <span class='ocrx_word' id='word_1_455' title='bbox 905 4053 1032 4100; x_wconf 87' lang='lat' dir='ltr'><strong><em>ante</em></strong></span> <span class='ocrx_word' id='word_1_456' title='bbox 1089 4039 1276 4096; x_wconf 90' lang='lat' dir='ltr'><strong><em>mundi</em></strong></span> <span class='ocrx_word' id='word_1_457' title='bbox 1330 4037 1780 4100; x_wconf 81' lang='lat' dir='ltr'><strong><em>constitutionem</em></strong></span> <span class='ocrx_word' id='word_1_458' title='bbox 1809 4035 1864 4088; x_wconf 90' lang='lat' dir='ltr'><strong><em>in</em></strong></span> <span class='ocrx_word' id='word_1_459' title='bbox 1919 4032 2138 4088; x_wconf 86' lang='lat' dir='ltr'><strong><em>Christo</em></strong></span> 
     </span>
    </p>
   </div>
   <div class='ocr_carea' id='block_1_62' title="bbox 449 4120 2140 4217">
    <p class='ocr_par' dir='ltr' id='par_1_62' title="bbox 449 4120 2140 4217">
     <span class='ocr_line' id='line_1_62' title="bbox 449 4120 2140 4217; baseline -0.016 -14"><span class='ocrx_word' id='word_1_460' title='bbox 449 4202 452 4205; x_wconf 84' lang='grc'><strong>,</strong></span> <span class='ocrx_word' id='word_1_461' title='bbox 541 4141 1067 4217; x_wconf 65' lang='grc' dir='ltr'><strong><em>ρτωὰθειὶηθιοε,.ρῑ</em></strong></span> <span class='ocrx_word' id='word_1_462' title='bbox 1113 4131 1271 4200; x_wconf 85' lang='lat' dir='ltr'><strong><em>hujus</em></strong></span> <span class='ocrx_word' id='word_1_463' title='bbox 1327 4126 1820 4198; x_wconf 67' lang='lat' dir='ltr'><strong><em>prtcdestinationis</em></strong></span> <span class='ocrx_word' id='word_1_464' title='bbox 1875 4120 2140 4179; x_wconf 85' lang='lat' dir='ltr'><strong><em>beneﬁcio</em></strong></span> 
     </span>
    </p>
   </div>
   <div class='ocr_carea' id='block_1_63' title="bbox 545 4219 2142 4302">
    <p class='ocr_par' dir='ltr' id='par_1_63' title="bbox 545 4219 2142 4302">
     <span class='ocr_line' id='line_1_63' title="bbox 545 4219 2142 4302; baseline -0.013 -7"><span class='ocrx_word' id='word_1_465' title='bbox 545 4235 841 4297; x_wconf 89' lang='lat' dir='ltr'><strong><em>secundum</em></strong></span> <span class='ocrx_word' id='word_1_466' title='bbox 874 4230 1209 4302; x_wconf 88' lang='lat' dir='ltr'><strong><em>propositum</em></strong></span> <span class='ocrx_word' id='word_1_467' title='bbox 1233 4232 1456 4280; x_wconf 85' lang='lat' dir='ltr'><strong><em>vocatos</em></strong></span> <span class='ocrx_word' id='word_1_468' title='bbox 1496 4230 1551 4278; x_wconf 90' lang='lat' dir='ltr'><strong><em>et</em></strong></span> <span class='ocrx_word' id='word_1_469' title='bbox 1585 4220 1930 4291; x_wconf 87' lang='lat' dir='ltr'><strong><em>justiﬁeatos,</em></strong></span> <span class='ocrx_word' id='word_1_470' title='bbox 1961 4219 2142 4274; x_wconf 89' lang='lat' dir='ltr'><strong><em>nullus</em></strong></span> 
     </span>
    </p>
   </div>
   <div class='ocr_carea' id='block_1_64' title="bbox 545 4310 2141 4390">
    <p class='ocr_par' dir='ltr' id='par_1_64' title="bbox 545 4310 2141 4390">
     <span class='ocr_line' id='line_1_64' title="bbox 545 4310 2141 4390; baseline -0.013 -4"><span class='ocrx_word' id='word_1_471' title='bbox 545 4330 707 4385; x_wconf 86' lang='lat' dir='ltr'><strong><em>debet</em></strong></span> <span class='ocrx_word' id='word_1_472' title='bbox 728 4324 1000 4390; x_wconf 78' lang='lat' dir='ltr'><strong><em>ambigere</em></strong></span> <span class='ocrx_word' id='word_1_473' title='bbox 1023 4318 1378 4374; x_wconf 87' lang='lat' dir='ltr'><strong><em>Christianus.</em></strong></span> <span class='ocrx_word' id='word_1_474' title='bbox 1407 4313 1664 4383; x_wconf 88' lang='lat' dir='ltr'><strong><em>Quisquis</em></strong></span> <span class='ocrx_word' id='word_1_475' title='bbox 1687 4312 1833 4368; x_wconf 90' lang='lat' dir='ltr'><strong><em>enim</em></strong></span> <span class='ocrx_word' id='word_1_476' title='bbox 1854 4310 2141 4365; x_wconf 87' lang='lat' dir='ltr'><strong><em>veritatem</em></strong></span> 
     </span>
    </p>
   </div>
   <div class='ocr_carea' id='block_1_65' title="bbox 542 4399 2141 4497">
    <p class='ocr_par' dir='ltr' id='par_1_65' title="bbox 542 4399 2141 4497">
     <span class='ocr_line' id='line_1_65' title="bbox 542 4399 2141 4497; baseline -0.012 -20"><span class='ocrx_word' id='word_1_477' title='bbox 542 4399 1031 4497; x_wconf 70' lang='lat' dir='ltr'><strong><em>pnedestinationis</em></strong></span> <span class='ocrx_word' id='word_1_478' title='bbox 1064 4411 1259 4466; x_wconf 71' lang='lat' dir='ltr'><strong><em>divinm</em></strong></span> <span class='ocrx_word' id='word_1_479' title='bbox 1281 4422 1481 4477; x_wconf 84' lang='lat' dir='ltr'><strong><em>negare</em></strong></span> <span class='ocrx_word' id='word_1_480' title='bbox 1501 4403 1800 4471; x_wconf 87' lang='lat' dir='ltr'><strong><em>contendit,</em></strong></span> <span class='ocrx_word' id='word_1_481' title='bbox 1823 4403 2141 4459; x_wconf 88' lang='lat' dir='ltr'><strong><em>mutabilem</em></strong></span> 
     </span>
    </p>
   </div>
   <div class='ocr_carea' id='block_1_66' title="bbox 547 4497 2141 4583">
    <p class='ocr_par' dir='ltr' id='par_1_66' title="bbox 547 4497 2141 4583">
     <span class='ocr_line' id='line_1_66' title="bbox 547 4497 2141 4583; baseline -0.013 -14"><span class='ocrx_word' id='word_1_482' title='bbox 547 4517 719 4583; x_wconf 83' lang='lat' dir='ltr'><strong><em>Deum</em></strong></span> <span class='ocrx_word' id='word_1_483' title='bbox 748 4510 865 4565; x_wconf 85' lang='lat' dir='ltr'><strong><em>sine</em></strong></span> <span class='ocrx_word' id='word_1_484' title='bbox 888 4506 1049 4561; x_wconf 90' lang='lat' dir='ltr'><strong><em>dubio</em></strong></span> <span class='ocrx_word' id='word_1_485' title='bbox 1070 4501 1359 4574; x_wconf 84' lang='lat' dir='ltr'><strong><em>praedicat,</em></strong></span> <span class='ocrx_word' id='word_1_486' title='bbox 1390 4498 1476 4554; x_wconf 91' lang='lat' dir='ltr'><strong><em>cui</em></strong></span> <span class='ocrx_word' id='word_1_487' title='bbox 1508 4497 1891 4568; x_wconf 84' lang='lat' dir='ltr'><strong><em>temporalium</em></strong></span> <span class='ocrx_word' id='word_1_488' title='bbox 1921 4503 2141 4550; x_wconf 88' lang='lat' dir='ltr'><strong><em>actuum</em></strong></span> 
     </span>
    </p>
   </div>
   <div class='ocr_carea' id='block_1_67' title="bbox 545 4678 2142 4769">
    <p class='ocr_par' dir='ltr' id='par_1_67' title="bbox 545 4678 2142 4769">
     <span class='ocr_line' id='line_1_67' title="bbox 545 4678 2142 4769; baseline -0.014 -15"><span class='ocrx_word' id='word_1_489' title='bbox 545 4705 692 4769; x_wconf 79' lang='lat' dir='ltr'><strong><em>gnat.</em></strong></span> <span class='ocrx_word' id='word_1_490' title='bbox 725 4694 859 4750; x_wconf 86' lang='lat' dir='ltr'><strong><em>Nam</em></strong></span> <span class='ocrx_word' id='word_1_491' title='bbox 883 4691 928 4747; x_wconf 87' lang='lat' dir='ltr'><strong><em>si</em></strong></span> <span class='ocrx_word' id='word_1_492' title='bbox 957 4689 1100 4743; x_wconf 89' lang='lat' dir='ltr'><strong><em>Deus</em></strong></span> <span class='ocrx_word' id='word_1_493' title='bbox 1139 4681 1599 4740; x_wconf 88' lang='lat' dir='ltr'><strong><em>incommutabilis</em></strong></span> <span class='ocrx_word' id='word_1_494' title='bbox 1646 4689 1749 4742; x_wconf 87' lang='lat' dir='ltr'><strong><em>est,</em></strong></span> <span class='ocrx_word' id='word_1_495' title='bbox 1781 4678 1931 4750; x_wconf 89' lang='lat' dir='ltr'><strong><em>quod</em></strong></span> <span class='ocrx_word' id='word_1_496' title='bbox 1981 4680 2142 4736; x_wconf 88' lang='lat' dir='ltr'><strong><em>dubi-</em></strong></span> 
     </span>
    </p>
   </div>
   <div class='ocr_carea' id='block_1_68' title="bbox 543 4770 2138 4848">
    <p class='ocr_par' dir='ltr' id='par_1_68' title="bbox 543 4770 2138 4848">
     <span class='ocr_line' id='line_1_68' title="bbox 543 4770 2138 4848; baseline -0.014 -2"><span class='ocrx_word' id='word_1_497' title='bbox 543 4772 767 4846; x_wconf 73' lang='lat' dir='ltr'><strong><em>tandum</em></strong></span> <span class='ocrx_word' id='word_1_498' title='bbox 797 4799 904 4838; x_wconf 89' lang='lat' dir='ltr'><strong><em>non</em></strong></span> <span class='ocrx_word' id='word_1_499' title='bbox 929 4788 1032 4848; x_wconf 86' lang='lat' dir='ltr'><strong><em>est,</em></strong></span> <span class='ocrx_word' id='word_1_500' title='bbox 1057 4777 1237 4834; x_wconf 90' lang='lat' dir='ltr'><strong><em>omnia</em></strong></span> <span class='ocrx_word' id='word_1_501' title='bbox 1264 4776 1441 4830; x_wconf 83' lang='lat' dir='ltr'><strong><em>futura</em></strong></span> <span class='ocrx_word' id='word_1_502' title='bbox 1471 4789 1540 4828; x_wconf 83' lang='lat' dir='ltr'><strong><em>ex</em></strong></span> <span class='ocrx_word' id='word_1_503' title='bbox 1579 4771 1882 4827; x_wconf 76' lang='lat' dir='ltr'><strong><em>:eternitate</em></strong></span> <span class='ocrx_word' id='word_1_504' title='bbox 1930 4770 2138 4826; x_wconf 88' lang='lat' dir='ltr'><strong><em>incom-</em></strong></span> 
     </span>
    </p>
   </div>
   <div class='ocr_carea' id='block_1_69' title="bbox 543 4860 2139 4937">
    <p class='ocr_par' dir='ltr' id='par_1_69' title="bbox 543 4860 2139 4937">
     <span class='ocr_line' id='line_1_69' title="bbox 543 4860 2139 4937; baseline -0.012 -1"><span class='ocrx_word' id='word_1_505' title='bbox 543 4877 880 4937; x_wconf 83' lang='lat' dir='ltr'><strong><em>mutabiliter</em></strong></span> <span class='ocrx_word' id='word_1_506' title='bbox 909 4871 1078 4934; x_wconf 84' lang='lat' dir='ltr'><strong><em>novit,</em></strong></span> <span class='ocrx_word' id='word_1_507' title='bbox 1110 4876 1165 4924; x_wconf 91' lang='lat' dir='ltr'><strong><em>et</em></strong></span> <span class='ocrx_word' id='word_1_508' title='bbox 1194 4867 1372 4922; x_wconf 85' lang='lat' dir='ltr'><strong><em>omnia</em></strong></span> <span class='ocrx_word' id='word_1_509' title='bbox 1397 4879 1562 4936; x_wconf 87' lang='lat' dir='ltr'><strong><em>opera</em></strong></span> <span class='ocrx_word' id='word_1_510' title='bbox 1593 4879 1690 4919; x_wconf 89' lang='lat' dir='ltr'><strong><em>sua</em></strong></span> <span class='ocrx_word' id='word_1_511' title='bbox 1709 4860 2139 4918; x_wconf 90' lang='lat' dir='ltr'><strong><em>incommutabili</em></strong></span> 
     </span>
    </p>
   </div>
   <div class='ocr_carea' id='block_1_70' title="bbox 547 4954 2137 5034">
    <p class='ocr_par' dir='ltr' id='par_1_70' title="bbox 547 4954 2137 5034">
     <span class='ocr_line' id='line_1_70' title="bbox 547 4954 2137 5034; baseline -0.013 -5"><span class='ocrx_word' id='word_1_512' title='bbox 547 4970 891 5031; x_wconf 87' lang='lat' dir='ltr'><strong><em>ordinatione</em></strong></span> <span class='ocrx_word' id='word_1_513' title='bbox 917 4962 1199 5034; x_wconf 85' lang='lat' dir='ltr'><strong><em>disposuit.</em></strong></span> <span class='ocrx_word' id='word_1_514' title='bbox 1233 4959 1344 5014; x_wconf 84' lang='lat' dir='ltr'><strong><em>Nec</em></strong></span> <span class='ocrx_word' id='word_1_515' title='bbox 1371 4957 1550 5029; x_wconf 91' lang='lat' dir='ltr'><strong><em>potuit</em></strong></span> <span class='ocrx_word' id='word_1_516' title='bbox 1597 4971 1718 5012; x_wconf 89' lang='lat' dir='ltr'><strong><em>esse</em></strong></span> <span class='ocrx_word' id='word_1_517' title='bbox 1766 4954 2137 5024; x_wconf 87' lang='lat' dir='ltr'><strong><em>dispositionis</em></strong></span> 
     </span>
    </p>
   </div>
   <div class='ocr_carea' id='block_1_71' title="bbox 544 5040 2135 5134">
    <p class='ocr_par' dir='ltr' id='par_1_71' title="bbox 544 5040 2135 5134">
     <span class='ocr_line' id='line_1_71' title="bbox 544 5040 2135 5134; baseline -0.015 -13"><span class='ocrx_word' id='word_1_518' title='bbox 544 5040 664 5134; x_wconf 79' lang='lat' dir='ltr'><strong><em>ejus</em></strong></span> <span class='ocrx_word' id='word_1_519' title='bbox 691 5057 977 5129; x_wconf 86' lang='lat' dir='ltr'><strong><em>aliquando</em></strong></span> <span class='ocrx_word' id='word_1_520' title='bbox 1007 5051 1254 5114; x_wconf 89' lang='lat' dir='ltr'><strong><em>mutatio,</em></strong></span> <span class='ocrx_word' id='word_1_521' title='bbox 1289 5049 1379 5104; x_wconf 91' lang='lat' dir='ltr'><strong><em>ubi</em></strong></span> <span class='ocrx_word' id='word_1_522' title='bbox 1402 5047 1786 5118; x_wconf 86' lang='lat' dir='ltr'><strong><em>dispositorum</em></strong></span> <span class='ocrx_word' id='word_1_523' title='bbox 1810 5044 1836 5083; x_wconf 71' lang='grc' dir='ltr'><strong><em>ι)</em></strong></span> <span class='ocrx_word' id='word_1_524' title='bbox 1860 5046 1976 5101; x_wconf 88' lang='lat' dir='ltr'><strong><em>sine</em></strong></span> <span class='ocrx_word' id='word_1_525' title='bbox 2029 5044 2135 5098; x_wconf 89' lang='lat' dir='ltr'><strong><em>ini-</em></strong></span> 
     </span>
    </p>
   </div>
   <div class='ocr_carea' id='block_1_72' title="bbox 545 5135 2142 5214">
    <p class='ocr_par' dir='ltr' id='par_1_72' title="bbox 545 5135 2142 5214">
     <span class='ocr_line' id='line_1_72' title="bbox 545 5135 2142 5214; baseline -0.014 -2"><span class='ocrx_word' id='word_1_526' title='bbox 545 5159 624 5212; x_wconf 87' lang='lat' dir='ltr'><strong><em>tio</em></strong></span> <span class='ocrx_word' id='word_1_527' title='bbox 656 5158 837 5208; x_wconf 86' lang='lat' dir='ltr'><strong><em>manet</em></strong></span> <span class='ocrx_word' id='word_1_528' title='bbox 855 5157 1056 5203; x_wconf 57' lang='lat' dir='ltr'><strong><em>alterna</em></strong></span> <span class='ocrx_word' id='word_1_529' title='bbox 1085 5143 1346 5214; x_wconf 83' lang='lat' dir='ltr'><strong><em>cognitio.</em></strong></span> <span class='ocrx_word' id='word_1_530' title='bbox 1375 5138 1609 5194; x_wconf 88' lang='lat' dir='ltr'><strong><em>Proinde</em></strong></span> <span class='ocrx_word' id='word_1_531' title='bbox 1633 5136 1774 5208; x_wconf 89' lang='lat' dir='ltr'><strong><em>apud</em></strong></span> <span class='ocrx_word' id='word_1_532' title='bbox 1802 5135 1972 5192; x_wconf 90' lang='lat' dir='ltr'><strong><em>Deum</em></strong></span> <span class='ocrx_word' id='word_1_533' title='bbox 2000 5136 2142 5191; x_wconf 89' lang='lat' dir='ltr'><strong><em>sicut</em></strong></span> 
     </span>
    </p>
   </div>
   <div class='ocr_carea' id='block_1_73' title="bbox 543 5227 2138 5314">
    <p class='ocr_par' dir='ltr' id='par_1_73' title="bbox 543 5227 2138 5314">
     <span class='ocr_line' id='line_1_73' title="bbox 543 5227 2138 5314; baseline -0.014 -11"><span class='ocrx_word' id='word_1_534' title='bbox 543 5258 822 5314; x_wconf 83' lang='lat' dir='ltr'><strong><em>nunquam</em></strong></span> <span class='ocrx_word' id='word_1_535' title='bbox 879 5237 1049 5293; x_wconf 80' lang='lat' dir='ltr'><strong><em>defuit</em></strong></span> <span class='ocrx_word' id='word_1_536' title='bbox 1103 5236 1403 5290; x_wconf 84' lang='lat' dir='ltr'><strong><em>futurarum</em></strong></span> <span class='ocrx_word' id='word_1_537' title='bbox 1444 5228 1781 5302; x_wconf 84' lang='lat' dir='ltr'><strong><em>praescientia</em></strong></span> <span class='ocrx_word' id='word_1_538' title='bbox 1829 5242 2030 5293; x_wconf 91' lang='lat' dir='ltr'><strong><em>rerum,</em></strong></span> <span class='ocrx_word' id='word_1_539' title='bbox 2058 5227 2138 5282; x_wconf 91' lang='lat' dir='ltr'><strong><em>sic</em></strong></span> 
     </span>
    </p>
   </div>
   <div class='ocr_carea' id='block_1_74' title="bbox 544 5320 2138 5408">
    <p class='ocr_par' dir='ltr' id='par_1_74' title="bbox 544 5320 2138 5408">
     <span class='ocr_line' id='line_1_74' title="bbox 544 5320 2138 5408; baseline -0.013 -12"><span class='ocrx_word' id='word_1_540' title='bbox 544 5351 819 5408; x_wconf 88' lang='lat' dir='ltr'><strong><em>nunquam</em></strong></span> <span class='ocrx_word' id='word_1_541' title='bbox 850 5332 1019 5389; x_wconf 83' lang='lat' dir='ltr'><strong><em>defuit</em></strong></span> <span class='ocrx_word' id='word_1_542' title='bbox 1045 5328 1375 5398; x_wconf 89' lang='lat' dir='ltr'><strong><em>sempiterna</em></strong></span> <span class='ocrx_word' id='word_1_543' title='bbox 1423 5333 1478 5380; x_wconf 91' lang='lat' dir='ltr'><strong><em>et</em></strong></span> <span class='ocrx_word' id='word_1_544' title='bbox 1527 5320 1980 5378; x_wconf 88' lang='lat' dir='ltr'><strong><em>incommutabilis</em></strong></span> <span class='ocrx_word' id='word_1_545' title='bbox 2010 5335 2138 5391; x_wconf 86' lang='lat' dir='ltr'><strong><em>ope-</em></strong></span> 
     </span>
    </p>
   </div>
   <div class='ocr_carea' id='block_1_75' title="bbox 542 5412 2135 5501">
    <p class='ocr_par' dir='ltr' id='par_1_75' title="bbox 542 5412 2135 5501">
     <span class='ocr_line' id='line_1_75' title="bbox 542 5412 2135 5501; baseline -0.013 -12"><span class='ocrx_word' id='word_1_546' title='bbox 542 5448 663 5501; x_wconf 73' lang='lat' dir='ltr'><strong><em>rum</em></strong></span> <span class='ocrx_word' id='word_1_547' title='bbox 701 5429 787 5484; x_wconf 84' lang='lat' dir='ltr'><strong><em>vel</em></strong></span> <span class='ocrx_word' id='word_1_548' title='bbox 835 5426 1101 5491; x_wconf 87' lang='lat' dir='ltr'><strong><em>donorum</em></strong></span> <span class='ocrx_word' id='word_1_549' title='bbox 1157 5417 1559 5489; x_wconf 72' lang='lat' dir='ltr'><strong><em>prmdestinatio</em></strong></span> <span class='ocrx_word' id='word_1_550' title='bbox 1611 5415 1931 5470; x_wconf 82' lang='lat' dir='ltr'><strong><em>futurorum.</em></strong></span> <span class='ocrx_word' id='word_1_551' title='bbox 1978 5412 2135 5484; x_wconf 83' lang='lat' dir='ltr'><strong><em>Apud</em></strong></span> 
     </span>
    </p>
   </div>
   <div class='ocr_carea' id='block_1_76' title="bbox 481 5504 2140 5603">
    <p class='ocr_par' dir='ltr' id='par_1_76' title="bbox 481 5504 2140 5603">
     <span class='ocr_line' id='line_1_76' title="bbox 481 5504 2140 5603; baseline -0.014 -22"><span class='ocrx_word' id='word_1_552' title='bbox 481 5599 483 5601; x_wconf 17' lang='grc' dir='ltr'><strong><em>ι</em></strong></span> <span class='ocrx_word' id='word_1_553' title='bbox 543 5527 718 5603; x_wconf 88' lang='lat' dir='ltr'><strong><em>ipsum</em></strong></span> <span class='ocrx_word' id='word_1_554' title='bbox 746 5519 975 5589; x_wconf 82' lang='lat' dir='ltr'><strong><em>quippe,</em></strong></span> <span class='ocrx_word' id='word_1_555' title='bbox 1009 5515 1062 5569; x_wconf 91' lang='lat' dir='ltr'><strong><em>in</em></strong></span> <span class='ocrx_word' id='word_1_556' title='bbox 1117 5527 1226 5583; x_wconf 88' lang='lat' dir='ltr'><strong><em>quo</em></strong></span> <span class='ocrx_word' id='word_1_557' title='bbox 1281 5518 1482 5565; x_wconf 66' lang='lat' dir='ltr'><strong><em>arterna</em></strong></span> <span class='ocrx_word' id='word_1_558' title='bbox 1537 5504 2051 5563; x_wconf 88' lang='lat' dir='ltr'><strong><em>incommutabilitas</em></strong></span> <span class='ocrx_word' id='word_1_559' title='bbox 2081 5512 2140 5559; x_wconf 88' lang='lat' dir='ltr'><strong><em>et</em></strong></span> 
     </span>
    </p>
   </div>
   <div class='ocr_carea' id='block_1_77' title="bbox 619 5734 1316 5807">
    <p class='ocr_par' dir='ltr' id='par_1_77' title="bbox 619 5734 1316 5807">
     <span class='ocr_line' id='line_1_77' title="bbox 619 5734 1316 5807; baseline -0.016 -12"><span class='ocrx_word' id='word_1_560' title='bbox 619 5751 643 5778; x_wconf 77' lang='grc' dir='ltr'>ι</span> <span class='ocrx_word' id='word_1_561' title='bbox 676 5738 838 5807; x_wconf 85' lang='lat' dir='ltr'><strong><em>Editi,</em></strong></span> <span class='ocrx_word' id='word_1_562' title='bbox 869 5737 1003 5807; x_wconf 87' lang='lat' dir='ltr'><strong><em>cogit</em></strong></span> <span class='ocrx_word' id='word_1_563' title='bbox 1033 5734 1316 5807; x_wconf 76' lang='lat' dir='ltr'><strong><em>disputare.</em></strong></span> 
     </span>
    </p>
   </div>
   <div class='ocr_carea' id='block_1_78' title="bbox 618 5801 1642 5873">
    <p class='ocr_par' dir='ltr' id='par_1_78' title="bbox 618 5801 1642 5873">
     <span class='ocr_line' id='line_1_78' title="bbox 618 5801 1642 5873; baseline -0.014 -9"><span class='ocrx_word' id='word_1_564' title='bbox 618 5810 645 5848; x_wconf 71' lang='grc'><strong><em>1³</em></strong></span> <span class='ocrx_word' id='word_1_565' title='bbox 676 5810 800 5863; x_wconf 86' lang='lat' dir='ltr'><strong><em>Mss.</em></strong></span> <span class='ocrx_word' id='word_1_566' title='bbox 825 5801 960 5872; x_wconf 41' lang='lat' dir='ltr'><strong><em>&#39;duo&#39;,</em></strong></span> <span class='ocrx_word' id='word_1_567' title='bbox 993 5801 1358 5873; x_wconf 85' lang='lat' dir='ltr'><strong><em>dispositorum</em></strong></span> <span class='ocrx_word' id='word_1_568' title='bbox 1372 5801 1642 5857; x_wconf 86' lang='lat' dir='ltr'><strong><em>ordinum.</em></strong></span> 
     </span>
    </p>
   </div>
   <div class='ocr_carea' id='block_1_79' title="bbox 626 5865 2127 5942">
    <p class='ocr_par' dir='ltr' id='par_1_79' title="bbox 626 5865 2127 5942">
     <span class='ocr_line' id='line_1_79' title="bbox 626 5865 2127 5942; baseline -0.009 -9"><span class='ocrx_word' id='word_1_569' title='bbox 626 5892 645 5916; x_wconf 77' lang='grc' dir='ltr'><strong><em>ο</em></strong></span> <span class='ocrx_word' id='word_1_570' title='bbox 675 5880 904 5942; x_wconf 65' lang='lat' dir='ltr'><strong><em>llaec,ut</em></strong></span> <span class='ocrx_word' id='word_1_571' title='bbox 949 5865 1223 5942; x_wconf 71' lang='lat' dir='ltr'><strong><em>sapiens...</em></strong></span> <span class='ocrx_word' id='word_1_572' title='bbox 1275 5883 1330 5924; x_wconf 82' lang='lat' dir='ltr'><strong><em>ut</em></strong></span> <span class='ocrx_word' id='word_1_573' title='bbox 1373 5873 1572 5934; x_wconf 80' lang='lat' dir='ltr'><strong><em>sciens,</em></strong></span> <span class='ocrx_word' id='word_1_574' title='bbox 1627 5870 1824 5924; x_wconf 86' lang='lat' dir='ltr'><strong><em>desunt</em></strong></span> <span class='ocrx_word' id='word_1_575' title='bbox 1865 5867 1917 5921; x_wconf 92' lang='lat' dir='ltr'><strong><em>in</em></strong></span> <span class='ocrx_word' id='word_1_576' title='bbox 1949 5865 2127 5921; x_wconf 83' lang='lat' dir='ltr'><strong><em>editis.</em></strong></span> 
     </span>
    </p>
   </div>
   <div class='ocr_carea' id='block_1_80' title="bbox 2240 3287 3840 3361">
    <p class='ocr_par' dir='ltr' id='par_1_80' title="bbox 2240 3287 3840 3361">
     <span class='ocr_line' id='line_1_80' title="bbox 2240 3287 3840 3361; baseline -0.007 -7"><span class='ocrx_word' id='word_1_577' title='bbox 2240 3311 2424 3354; x_wconf 87' lang='lat' dir='ltr'><strong><em>rerum</em></strong></span> <span class='ocrx_word' id='word_1_578' title='bbox 2452 3293 2680 3350; x_wconf 88' lang='lat' dir='ltr'><strong><em>scientia</em></strong></span> <span class='ocrx_word' id='word_1_579' title='bbox 2703 3306 2981 3361; x_wconf 86' lang='lat' dir='ltr'><strong><em>nunquam</em></strong></span> <span class='ocrx_word' id='word_1_580' title='bbox 3008 3289 3185 3360; x_wconf 91' lang='lat' dir='ltr'><strong><em>potuit</em></strong></span> <span class='ocrx_word' id='word_1_581' title='bbox 3234 3287 3516 3355; x_wconf 88' lang='lat' dir='ltr'><strong><em>inchoari,</em></strong></span> <span class='ocrx_word' id='word_1_582' title='bbox 3554 3287 3634 3343; x_wconf 88' lang='lat' dir='ltr'><strong><em>sic</em></strong></span> <span class='ocrx_word' id='word_1_583' title='bbox 3660 3295 3840 3343; x_wconf 83' lang='lat' dir='ltr'><strong><em>muta-</em></strong></span> 
     </span>
    </p>
   </div>
   <div class='ocr_carea' id='block_1_81' title="bbox 2239 3380 3841 3458">
    <p class='ocr_par' dir='ltr' id='par_1_81' title="bbox 2239 3380 3841 3458">
     <span class='ocr_line' id='line_1_81' title="bbox 2239 3380 3841 3458; baseline -0.007 -10"><span class='ocrx_word' id='word_1_584' title='bbox 2239 3392 2428 3449; x_wconf 90' lang='lat' dir='ltr'><strong><em>bilium</em></strong></span> <span class='ocrx_word' id='word_1_585' title='bbox 2477 3401 2707 3458; x_wconf 88' lang='lat' dir='ltr'><strong><em>operum</em></strong></span> <span class='ocrx_word' id='word_1_586' title='bbox 2753 3399 3028 3454; x_wconf 86' lang='lat' dir='ltr'><strong><em>nunquam</em></strong></span> <span class='ocrx_word' id='word_1_587' title='bbox 3074 3381 3254 3454; x_wconf 88' lang='lat' dir='ltr'><strong><em>potuit</em></strong></span> <span class='ocrx_word' id='word_1_588' title='bbox 3297 3387 3502 3437; x_wconf 67' lang='lat' dir='ltr'><strong><em>aeterna</em></strong></span> <span class='ocrx_word' id='word_1_589' title='bbox 3558 3380 3841 3450; x_wconf 86' lang='lat' dir='ltr'><strong><em>dispositio</em></strong></span> 
     </span>
    </p>
   </div>
   <div class='ocr_carea' id='block_1_82' title="bbox 2241 3471 3839 3544">
    <p class='ocr_par' dir='ltr' id='par_1_82' title="bbox 2241 3471 3839 3544">
     <span class='ocr_line' id='line_1_82' title="bbox 2241 3471 3839 3544; baseline -0.006 -5"><span class='ocrx_word' id='word_1_590' title='bbox 2241 3479 2582 3540; x_wconf 86' lang='lat' dir='ltr'><strong><em>commutari.</em></strong></span> <span class='ocrx_word' id='word_1_591' title='bbox 2610 3478 2753 3534; x_wconf 90' lang='lat' dir='ltr'><strong><em>Deus</em></strong></span> <span class='ocrx_word' id='word_1_592' title='bbox 2792 3477 2976 3544; x_wconf 86' lang='lat' dir='ltr'><strong><em>itaque</em></strong></span> <span class='ocrx_word' id='word_1_593' title='bbox 3029 3474 3170 3530; x_wconf 89' lang='lat' dir='ltr'><strong><em>sicut</em></strong></span> <span class='ocrx_word' id='word_1_594' title='bbox 3215 3487 3487 3544; x_wconf 86' lang='lat' dir='ltr'><strong><em>nunquam</em></strong></span> <span class='ocrx_word' id='word_1_595' title='bbox 3535 3471 3839 3530; x_wconf 74' lang='lat' dir='ltr'><strong><em>futurarum</em></strong></span> 
     </span>
    </p>
   </div>
   <div class='ocr_carea' id='block_1_83' title="bbox 2240 3565 3831 3636">
    <p class='ocr_par' dir='ltr' id='par_1_83' title="bbox 2240 3565 3831 3636">
     <span class='ocr_line' id='line_1_83' title="bbox 2240 3565 3831 3636; baseline -0.006 -5"><span class='ocrx_word' id='word_1_596' title='bbox 2240 3589 2423 3632; x_wconf 88' lang='lat' dir='ltr'><strong><em>rerum</em></strong></span> <span class='ocrx_word' id='word_1_597' title='bbox 2454 3569 2556 3626; x_wconf 81' lang='lat' dir='ltr'><strong><em>fuit</em></strong></span> <span class='ocrx_word' id='word_1_598' title='bbox 2580 3570 2797 3636; x_wconf 88' lang='lat' dir='ltr'><strong><em>inscius,</em></strong></span> <span class='ocrx_word' id='word_1_599' title='bbox 2825 3568 2900 3623; x_wconf 87' lang='lat' dir='ltr'><strong><em>ita</em></strong></span> <span class='ocrx_word' id='word_1_600' title='bbox 2925 3582 3028 3623; x_wconf 91' lang='lat' dir='ltr'><strong><em>nec</em></strong></span> <span class='ocrx_word' id='word_1_601' title='bbox 3071 3565 3454 3624; x_wconf 75' lang='lat' dir='ltr'><strong><em>misericordia:</em></strong></span> <span class='ocrx_word' id='word_1_602' title='bbox 3503 3572 3603 3620; x_wconf 88' lang='lat' dir='ltr'><strong><em>aut</em></strong></span> <span class='ocrx_word' id='word_1_603' title='bbox 3644 3565 3831 3634; x_wconf 78' lang='lat' dir='ltr'><strong><em>iudicii</em></strong></span> 
     </span>
    </p>
   </div>
   <div class='ocr_carea' id='block_1_84' title="bbox 2241 3655 3839 3732">
    <p class='ocr_par' dir='ltr' id='par_1_84' title="bbox 2241 3655 3839 3732">
     <span class='ocr_line' id='line_1_84' title="bbox 2241 3655 3839 3732; baseline -0.005 -12"><span class='ocrx_word' id='word_1_604' title='bbox 2241 3665 2326 3724; x_wconf 88' lang='lat' dir='ltr'><strong><em>sui</em></strong></span> <span class='ocrx_word' id='word_1_605' title='bbox 2351 3663 2452 3719; x_wconf 84' lang='lat' dir='ltr'><strong><em>fuit</em></strong></span> <span class='ocrx_word' id='word_1_606' title='bbox 2480 3664 2741 3732; x_wconf 78' lang='lat' dir='ltr'><strong><em>ignarus:</em></strong></span> <span class='ocrx_word' id='word_1_607' title='bbox 2775 3659 2873 3716; x_wconf 81' lang='lat' dir='ltr'><strong><em>sed</em></strong></span> <span class='ocrx_word' id='word_1_608' title='bbox 2901 3659 3042 3715; x_wconf 88' lang='lat' dir='ltr'><strong><em>sicut</em></strong></span> <span class='ocrx_word' id='word_1_609' title='bbox 3087 3673 3302 3728; x_wconf 88' lang='lat' dir='ltr'><strong><em>semper</em></strong></span> <span class='ocrx_word' id='word_1_610' title='bbox 3351 3656 3531 3713; x_wconf 88' lang='lat' dir='ltr'><strong><em>omnia</em></strong></span> <span class='ocrx_word' id='word_1_611' title='bbox 3578 3655 3761 3712; x_wconf 78' lang='lat' dir='ltr'><strong><em>futura</em></strong></span> <span class='ocrx_word' id='word_1_612' title='bbox 3787 3664 3839 3712; x_wconf 88' lang='lat' dir='ltr'><strong><em>et</em></strong></span> 
     </span>
    </p>
   </div>
   <div class='ocr_carea' id='block_1_85' title="bbox 2241 3750 3831 3828">
    <p class='ocr_par' dir='ltr' id='par_1_85' title="bbox 2241 3750 3831 3828">
     <span class='ocr_line' id='line_1_85' title="bbox 2241 3750 3831 3828; baseline -0.006 -14"><span class='ocrx_word' id='word_1_613' title='bbox 2241 3758 2387 3815; x_wconf 89' lang='lat' dir='ltr'><strong><em>bona</em></strong></span> <span class='ocrx_word' id='word_1_614' title='bbox 2413 3756 2576 3828; x_wconf 61' lang='lat'><strong><em>[.82</em></strong></span> <span class='ocrx_word' id='word_1_615' title='bbox 2604 3762 2663 3811; x_wconf 90' lang='lat' dir='ltr'><strong><em>et</em></strong></span> <span class='ocrx_word' id='word_1_616' title='bbox 2685 3753 2829 3809; x_wconf 89' lang='lat' dir='ltr'><strong><em>mala</em></strong></span> <span class='ocrx_word' id='word_1_617' title='bbox 2852 3751 3142 3823; x_wconf 63' lang='lat' dir='ltr'><strong><em>praescivit,</em></strong></span> <span class='ocrx_word' id='word_1_618' title='bbox 3165 3751 3245 3808; x_wconf 89' lang='lat' dir='ltr'><strong><em>sic</em></strong></span> <span class='ocrx_word' id='word_1_619' title='bbox 3284 3750 3466 3806; x_wconf 88' lang='lat' dir='ltr'><strong><em>omnia</em></strong></span> <span class='ocrx_word' id='word_1_620' title='bbox 3495 3765 3664 3821; x_wconf 86' lang='lat' dir='ltr'><strong><em>opera</em></strong></span> <span class='ocrx_word' id='word_1_621' title='bbox 3708 3765 3831 3820; x_wconf 76' lang='lat' dir='ltr'><strong><em>gra-</em></strong></span> 
     </span>
    </p>
   </div>
   <div class='ocr_carea' id='block_1_86' title="bbox 2242 3840 3834 3920">
    <p class='ocr_par' dir='ltr' id='par_1_86' title="bbox 2242 3840 3834 3920">
     <span class='ocr_line' id='line_1_86' title="bbox 2242 3840 3834 3920; baseline -0.006 -13"><span class='ocrx_word' id='word_1_622' title='bbox 2242 3851 2332 3907; x_wconf 70' lang='lat' dir='ltr'><strong><em>tia:</em></strong></span> <span class='ocrx_word' id='word_1_623' title='bbox 2379 3857 2543 3920; x_wconf 85' lang='lat' dir='ltr'><strong><em>atque</em></strong></span> <span class='ocrx_word' id='word_1_624' title='bbox 2591 3847 2814 3919; x_wconf 63' lang='lat' dir='ltr'><strong><em>justitia‘.</em></strong></span> <span class='ocrx_word' id='word_1_625' title='bbox 2855 3861 2966 3903; x_wconf 62' lang='lat' dir='ltr'><strong><em>suae</em></strong></span> <span class='ocrx_word' id='word_1_626' title='bbox 3013 3840 3438 3902; x_wconf 83' lang='lat' dir='ltr'><strong><em>incommutabili</em></strong></span> <span class='ocrx_word' id='word_1_627' title='bbox 3477 3841 3834 3914; x_wconf 66' lang='lat' dir='ltr'><strong><em>praedestina-</em></strong></span> 
     </span>
    </p>
   </div>
   <div class='ocr_carea' id='block_1_87' title="bbox 2245 3942 2709 4013">
    <p class='ocr_par' dir='ltr' id='par_1_87' title="bbox 2245 3942 2709 4013">
     <span class='ocr_line' id='line_1_87' title="bbox 2245 3942 2709 4013; baseline -0.006 -15"><span class='ocrx_word' id='word_1_628' title='bbox 2245 3943 2394 3998; x_wconf 90' lang='lat' dir='ltr'><strong><em>tione</em></strong></span> <span class='ocrx_word' id='word_1_629' title='bbox 2420 3942 2709 4013; x_wconf 89' lang='lat' dir='ltr'><strong><em>disposuit.</em></strong></span> 
     </span>
    </p>
   </div>
   <div class='ocr_carea' id='block_1_88' title="bbox 2316 4029 3838 4104">
    <p class='ocr_par' dir='ltr' id='par_1_88' title="bbox 2316 4029 3838 4104">
     <span class='ocr_line' id='line_1_88' title="bbox 2316 4029 3838 4104; baseline -0.005 -13"><span class='ocrx_word' id='word_1_630' title='bbox 2316 4034 2446 4091; x_wconf 61' lang='lat' dir='ltr'><strong><em>Csp.</em></strong></span> <span class='ocrx_word' id='word_1_631' title='bbox 2475 4051 2534 4090; x_wconf 81' lang='grc' dir='ltr'><strong><em>ιι.</em></strong></span> <span class='ocrx_word' id='word_1_632' title='bbox 2554 4066 2630 4078; x_wconf 92' lang='grc'><strong><em>--</em></strong></span> <span class='ocrx_word' id='word_1_633' title='bbox 2653 4034 2709 4090; x_wconf 77' lang='lat'><strong><em>2.</em></strong></span> <span class='ocrx_word' id='word_1_634' title='bbox 2737 4033 2930 4104; x_wconf 77' lang='lat' dir='ltr'><strong><em>Magna</em></strong></span> <span class='ocrx_word' id='word_1_635' title='bbox 2953 4032 3157 4103; x_wconf 84' lang='lat' dir='ltr'><strong><em>quippe</em></strong></span> <span class='ocrx_word' id='word_1_636' title='bbox 3203 4029 3436 4087; x_wconf 88' lang='lat' dir='ltr'><strong><em>altitudo</em></strong></span> <span class='ocrx_word' id='word_1_637' title='bbox 3473 4029 3757 4101; x_wconf 60' lang='lat' dir='ltr'><strong><em>sapientia</em></strong></span> <span class='ocrx_word' id='word_1_638' title='bbox 3785 4037 3838 4084; x_wconf 87' lang='lat' dir='ltr'><strong><em>et</em></strong></span> 
     </span>
    </p>
   </div>
   <div class='ocr_carea' id='block_1_89' title="bbox 2243 4119 3838 4195">
    <p class='ocr_par' dir='ltr' id='par_1_89' title="bbox 2243 4119 3838 4195">
     <span class='ocr_line' id='line_1_89' title="bbox 2243 4119 3838 4195; baseline -0.007 -11"><span class='ocrx_word' id='word_1_639' title='bbox 2243 4128 2484 4185; x_wconf 83' lang='lat' dir='ltr'><strong><em>scientiae</em></strong></span> <span class='ocrx_word' id='word_1_640' title='bbox 2513 4127 2630 4193; x_wconf 90' lang='lat' dir='ltr'><strong><em>Dei,</em></strong></span> <span class='ocrx_word' id='word_1_641' title='bbox 2673 4125 2867 4195; x_wconf 88' lang='lat' dir='ltr'><strong><em>quibus</em></strong></span> <span class='ocrx_word' id='word_1_642' title='bbox 2892 4125 3093 4180; x_wconf 82' lang='lat' dir='ltr'><strong><em>divitiis</em></strong></span> <span class='ocrx_word' id='word_1_643' title='bbox 3117 4123 3328 4194; x_wconf 85' lang='lat' dir='ltr'><strong><em>plenus,</em></strong></span> <span class='ocrx_word' id='word_1_644' title='bbox 3361 4120 3543 4177; x_wconf 89' lang='lat' dir='ltr'><strong><em>omnia</em></strong></span> <span class='ocrx_word' id='word_1_645' title='bbox 3574 4119 3754 4174; x_wconf 80' lang='lat' dir='ltr'><strong><em>futura</em></strong></span> <span class='ocrx_word' id='word_1_646' title='bbox 3784 4125 3838 4174; x_wconf 88' lang='lat' dir='ltr'><strong><em>et</em></strong></span> 
     </span>
    </p>
   </div>
   <div class='ocr_carea' id='block_1_90' title="bbox 2243 4208 3835 4286">
    <p class='ocr_par' dir='ltr' id='par_1_90' title="bbox 2243 4208 3835 4286">
     <span class='ocr_line' id='line_1_90' title="bbox 2243 4208 3835 4286; baseline -0.007 -12"><span class='ocrx_word' id='word_1_647' title='bbox 2243 4217 2480 4274; x_wconf 81' lang='lat' dir='ltr'><strong><em>scienter</em></strong></span> <span class='ocrx_word' id='word_1_648' title='bbox 2506 4216 2760 4284; x_wconf 77' lang='lat' dir='ltr'><strong><em>cognovit</em></strong></span> <span class='ocrx_word' id='word_1_649' title='bbox 2787 4223 2847 4272; x_wconf 92' lang='lat' dir='ltr'><strong><em>ut</em></strong></span> <span class='ocrx_word' id='word_1_650' title='bbox 2872 4215 3108 4286; x_wconf 90' lang='lat' dir='ltr'><strong><em>sapiens,</em></strong></span> <span class='ocrx_word' id='word_1_651' title='bbox 3140 4223 3196 4269; x_wconf 89' lang='lat' dir='ltr'><strong><em>et</em></strong></span> <span class='ocrx_word' id='word_1_652' title='bbox 3245 4211 3524 4283; x_wconf 88' lang='lat' dir='ltr'><strong><em>sapienter</em></strong></span> <span class='ocrx_word' id='word_1_653' title='bbox 3573 4208 3835 4280; x_wconf 72' lang='lat' dir='ltr'><strong><em>prmi-di-</em></strong></span> 
     </span>
    </p>
   </div>
   <div class='ocr_carea' id='block_1_91' title="bbox 2242 4301 3836 4376">
    <p class='ocr_par' dir='ltr' id='par_1_91' title="bbox 2242 4301 3836 4376">
     <span class='ocr_line' id='line_1_91' title="bbox 2242 4301 3836 4376; baseline -0.007 -11"><span class='ocrx_word' id='word_1_654' title='bbox 2242 4309 2393 4365; x_wconf 90' lang='lat' dir='ltr'><strong><em>navit</em></strong></span> <span class='ocrx_word' id='word_1_655' title='bbox 2423 4317 2482 4363; x_wconf 91' lang='lat' dir='ltr'><strong><em>ut</em></strong></span> <span class='ocrx_word' id='word_1_656' title='bbox 2502 4308 2678 4364; x_wconf 88' lang='lat' dir='ltr'><strong><em>sciens</em></strong></span> <span class='ocrx_word' id='word_1_657' title='bbox 2705 4318 2753 4362; x_wconf 76' lang='grc' dir='ltr'><strong><em>ο.</em></strong></span> <span class='ocrx_word' id='word_1_658' title='bbox 2785 4307 2884 4362; x_wconf 89' lang='lat' dir='ltr'><strong><em>Cui</em></strong></span> <span class='ocrx_word' id='word_1_659' title='bbox 2911 4307 3098 4376; x_wconf 88' lang='lat' dir='ltr'><strong><em>utique</em></strong></span> <span class='ocrx_word' id='word_1_660' title='bbox 3125 4320 3237 4361; x_wconf 90' lang='lat' dir='ltr'><strong><em>non</em></strong></span> <span class='ocrx_word' id='word_1_661' title='bbox 3267 4303 3718 4360; x_wconf 88' lang='lat' dir='ltr'><strong><em>inconvenienter</em></strong></span> <span class='ocrx_word' id='word_1_662' title='bbox 3758 4301 3836 4355; x_wconf 76' lang='lat' dir='ltr'><strong><em>di-</em></strong></span> 
     </span>
    </p>
   </div>
   <div class='ocr_carea' id='block_1_92' title="bbox 2244 4394 3836 4469">
    <p class='ocr_par' dir='ltr' id='par_1_92' title="bbox 2244 4394 3836 4469">
     <span class='ocr_line' id='line_1_92' title="bbox 2244 4394 3836 4469; baseline -0.006 -13"><span class='ocrx_word' id='word_1_663' title='bbox 2244 4400 2384 4458; x_wconf 88' lang='lat' dir='ltr'><strong><em>citur</em></strong></span> <span class='ocrx_word' id='word_1_664' title='bbox 2412 4417 2424 4453; x_wconf 90' lang='lat'><strong>:</strong></span> <span class='ocrx_word' id='word_1_665' title='bbox 2457 4397 2596 4454; x_wconf 84' lang='lat' dir='ltr'><strong><em>Ecce</em></strong></span> <span class='ocrx_word' id='word_1_666' title='bbox 2625 4409 2701 4468; x_wconf 83' lang='lat' dir='ltr'><strong><em>tu,</em></strong></span> <span class='ocrx_word' id='word_1_667' title='bbox 2731 4397 2980 4464; x_wconf 87' lang='lat' dir='ltr'><strong><em>Domine,</em></strong></span> <span class='ocrx_word' id='word_1_668' title='bbox 3002 4397 3286 4469; x_wconf 82' lang='lat' dir='ltr'><strong><em>cognovisti</em></strong></span> <span class='ocrx_word' id='word_1_669' title='bbox 3328 4396 3506 4450; x_wconf 84' lang='lat' dir='ltr'><strong><em>omnia</em></strong></span> <span class='ocrx_word' id='word_1_670' title='bbox 3554 4394 3836 4448; x_wconf 70' lang='lat' dir='ltr'><strong><em>novissima</em></strong></span> 
     </span>
    </p>
   </div>
   <div class='ocr_carea' id='block_1_93' title="bbox 2244 4482 3839 4563">
    <p class='ocr_par' dir='ltr' id='par_1_93' title="bbox 2244 4482 3839 4563">
     <span class='ocr_line' id='line_1_93' title="bbox 2244 4482 3839 4563; baseline -0.008 -13"><span class='ocrx_word' id='word_1_671' title='bbox 2244 4501 2293 4552; x_wconf 79' lang='lat' dir='ltr'><strong><em>et</em></strong></span> <span class='ocrx_word' id='word_1_672' title='bbox 2313 4493 2529 4562; x_wconf 82' lang='lat' dir='ltr'><strong><em>antiqua</em></strong></span> <span class='ocrx_word' id='word_1_673' title='bbox 2561 4490 2734 4563; x_wconf 84' lang='lat' dir='ltr'><strong><em>(Psal.</em></strong></span> <span class='ocrx_word' id='word_1_674' title='bbox 2759 4504 3016 4555; x_wconf 78' lang='lat' dir='ltr'><strong><em>cxxxvm,</em></strong></span> <span class='ocrx_word' id='word_1_675' title='bbox 3049 4486 3137 4560; x_wconf 81' lang='lat'><strong><em>5),</em></strong></span> <span class='ocrx_word' id='word_1_676' title='bbox 3163 4495 3220 4543; x_wconf 88' lang='lat' dir='ltr'><strong><em>et</em></strong></span> <span class='ocrx_word' id='word_1_677' title='bbox 3247 4501 3410 4556; x_wconf 87' lang='lat' dir='ltr'><strong><em>quem</em></strong></span> <span class='ocrx_word' id='word_1_678' title='bbox 3457 4485 3730 4540; x_wconf 84' lang='lat' dir='ltr'><strong><em>veraciter</em></strong></span> <span class='ocrx_word' id='word_1_679' title='bbox 3758 4482 3839 4537; x_wconf 83' lang='lat' dir='ltr'><strong><em>tu-</em></strong></span> 
     </span>
    </p>
   </div>
   <div class='ocr_carea' id='block_1_94' title="bbox 507 4576 3834 4667">
    <p class='ocr_par' dir='ltr' id='par_1_94' title="bbox 507 4576 3834 4667">
     <span class='ocr_line' id='line_1_94' title="bbox 507 4576 3834 4667; baseline -0.01 -5"><span class='ocrx_word' id='word_1_680' title='bbox 507 4584 511 4586; x_wconf 9' lang='lat' dir='ltr'><strong><em>i</em></strong></span> <span class='ocrx_word' id='word_1_681' title='bbox 541 4578 906 4663; x_wconf 77' lang='lat' dir='ltr'><strong><em>humanorum</em></strong></span> <span class='ocrx_word' id='word_1_682' title='bbox 928 4594 1282 4667; x_wconf 87' lang='lat' dir='ltr'><strong><em>temporalem</em></strong></span> <span class='ocrx_word' id='word_1_683' title='bbox 1307 4591 1672 4660; x_wconf 84' lang='lat' dir='ltr'><strong><em>cognitionem</em></strong></span> <span class='ocrx_word' id='word_1_684' title='bbox 1693 4603 1980 4660; x_wconf 79' lang='lat' dir='ltr'><strong><em>pervorsus</em></strong></span> <span class='ocrx_word' id='word_1_685' title='bbox 2001 4588 2138 4642; x_wconf 83' lang='lat' dir='ltr'><strong><em>assi-</em></strong></span> <span class='ocrx_word' id='word_1_686' title='bbox 2165 4601 2219 4664; x_wconf 79' lang='grc' dir='ltr'><strong><em>ι)</em></strong></span> <span class='ocrx_word' id='word_1_687' title='bbox 2245 4592 2366 4640; x_wconf 86' lang='lat' dir='ltr'><strong><em>tura</em></strong></span> <span class='ocrx_word' id='word_1_688' title='bbox 2389 4599 2555 4654; x_wconf 87' lang='lat' dir='ltr'><strong><em>opera</em></strong></span> <span class='ocrx_word' id='word_1_689' title='bbox 2594 4597 2691 4638; x_wconf 90' lang='lat' dir='ltr'><strong><em>sua</em></strong></span> <span class='ocrx_word' id='word_1_690' title='bbox 2707 4583 2820 4652; x_wconf 88' lang='lat' dir='ltr'><strong><em>jam</em></strong></span> <span class='ocrx_word' id='word_1_691' title='bbox 2873 4582 3065 4637; x_wconf 80' lang='lat' dir='ltr'><strong><em>fecisse</em></strong></span> <span class='ocrx_word' id='word_1_692' title='bbox 3114 4579 3305 4635; x_wconf 86' lang='lat' dir='ltr'><strong><em>beatus</em></strong></span> <span class='ocrx_word' id='word_1_693' title='bbox 3345 4577 3601 4648; x_wconf 55' lang='lat' dir='ltr'><strong><em>praedicat</em></strong></span> <span class='ocrx_word' id='word_1_694' title='bbox 3649 4576 3834 4638; x_wconf 88' lang='lat' dir='ltr'><strong><em>Isaias,</em></strong></span> 
     </span>
    </p>
   </div>
   <div class='ocr_carea' id='block_1_95' title="bbox 2242 4669 3834 4749">
    <p class='ocr_par' dir='ltr' id='par_1_95' title="bbox 2242 4669 3834 4749">
     <span class='ocr_line' id='line_1_95' title="bbox 2242 4669 3834 4749; baseline -0.01 -11"><span class='ocrx_word' id='word_1_695' title='bbox 2242 4681 2428 4738; x_wconf 90' lang='lat' dir='ltr'><strong><em>dicens</em></strong></span> <span class='ocrx_word' id='word_1_696' title='bbox 2463 4698 2476 4733; x_wconf 89' lang='lat'><strong>:</strong></span> <span class='ocrx_word' id='word_1_697' title='bbox 2513 4677 2614 4744; x_wconf 84' lang='lat' dir='ltr'><strong><em>Qui</em></strong></span> <span class='ocrx_word' id='word_1_698' title='bbox 2663 4677 2785 4749; x_wconf 74' lang='lat' dir='ltr'><strong><em>fecit</em></strong></span> <span class='ocrx_word' id='word_1_699' title='bbox 2829 4692 2946 4748; x_wconf 71' lang='lat' dir='ltr'><strong><em>quae</em></strong></span> <span class='ocrx_word' id='word_1_700' title='bbox 2987 4677 3161 4743; x_wconf 74' lang='lat' dir='ltr'><strong><em>futura</em></strong></span> <span class='ocrx_word' id='word_1_701' title='bbox 3207 4681 3326 4728; x_wconf 87' lang='lat' dir='ltr'><strong><em>sunt</em></strong></span> <span class='ocrx_word' id='word_1_702' title='bbox 3359 4671 3492 4744; x_wconf 83' lang='lat' dir='ltr'><strong><em>(lsa.</em></strong></span> <span class='ocrx_word' id='word_1_703' title='bbox 3553 4688 3697 4736; x_wconf 73' lang='lat' dir='ltr'><strong><em>xu,</em></strong></span> <span class='ocrx_word' id='word_1_704' title='bbox 3749 4669 3834 4733; x_wconf 73' lang='lat' dir='ltr'><strong><em>ll,</em></strong></span> 
     </span>
    </p>
   </div>
   <div class='ocr_carea' id='block_1_96' title="bbox 2241 4759 3834 4840">
    <p class='ocr_par' dir='ltr' id='par_1_96' title="bbox 2241 4759 3834 4840">
     <span class='ocr_line' id='line_1_96' title="bbox 2241 4759 3834 4840; baseline -0.008 -15"><span class='ocrx_word' id='word_1_705' title='bbox 2241 4787 2345 4827; x_wconf 89' lang='lat' dir='ltr'><strong><em>sec.</em></strong></span> <span class='ocrx_word' id='word_1_706' title='bbox 2380 4767 2575 4840; x_wconf 82' lang='lat' dir='ltr'><strong><em>LXX).</em></strong></span> <span class='ocrx_word' id='word_1_707' title='bbox 2603 4767 2804 4823; x_wconf 86' lang='lat' dir='ltr'><strong><em>Futura</em></strong></span> <span class='ocrx_word' id='word_1_708' title='bbox 2855 4766 3058 4837; x_wconf 90' lang='lat' dir='ltr'><strong><em>quippe</em></strong></span> <span class='ocrx_word' id='word_1_709' title='bbox 3103 4779 3268 4835; x_wconf 91' lang='lat' dir='ltr'><strong><em>opera</em></strong></span> <span class='ocrx_word' id='word_1_710' title='bbox 3317 4777 3414 4820; x_wconf 88' lang='lat' dir='ltr'><strong><em>sua</em></strong></span> <span class='ocrx_word' id='word_1_711' title='bbox 3443 4776 3509 4817; x_wconf 87' lang='lat' dir='ltr'><strong><em>eo</em></strong></span> <span class='ocrx_word' id='word_1_712' title='bbox 3535 4759 3653 4830; x_wconf 86' lang='lat' dir='ltr'><strong><em>jam</em></strong></span> <span class='ocrx_word' id='word_1_713' title='bbox 3685 4759 3834 4824; x_wconf 82' lang='lat' dir='ltr'><strong><em>fecit,</em></strong></span> 
     </span>
    </p>
   </div>
   <div class='ocr_carea' id='block_1_97' title="bbox 2242 4853 3840 4934">
    <p class='ocr_par' dir='ltr' id='par_1_97' title="bbox 2242 4853 3840 4934">
     <span class='ocr_line' id='line_1_97' title="bbox 2242 4853 3840 4934; baseline -0.007 -16"><span class='ocrx_word' id='word_1_714' title='bbox 2242 4879 2350 4934; x_wconf 90' lang='lat' dir='ltr'><strong><em>quo</em></strong></span> <span class='ocrx_word' id='word_1_715' title='bbox 2383 4859 2893 4918; x_wconf 88' lang='lat' dir='ltr'><strong><em>incommutabiliter</em></strong></span> <span class='ocrx_word' id='word_1_716' title='bbox 2917 4855 3166 4913; x_wconf 79' lang='lat' dir='ltr'><strong><em>facienda</em></strong></span> <span class='ocrx_word' id='word_1_717' title='bbox 3195 4855 3480 4928; x_wconf 87' lang='lat' dir='ltr'><strong><em>disposuit.</em></strong></span> <span class='ocrx_word' id='word_1_718' title='bbox 3504 4853 3660 4910; x_wconf 89' lang='lat' dir='ltr'><strong><em>Unde</em></strong></span> <span class='ocrx_word' id='word_1_719' title='bbox 3688 4861 3840 4909; x_wconf 77' lang='lat' dir='ltr'><strong><em>recte</em></strong></span> 
     </span>
    </p>
   </div>
   <div class='ocr_carea' id='block_1_98' title="bbox 2240 4944 3836 5025">
    <p class='ocr_par' dir='ltr' id='par_1_98' title="bbox 2240 4944 3836 5025">
     <span class='ocr_line' id='line_1_98' title="bbox 2240 4944 3836 5025; baseline -0.007 -15"><span class='ocrx_word' id='word_1_720' title='bbox 2240 4951 2500 5025; x_wconf 90' lang='lat' dir='ltr'><strong><em>quidquid</em></strong></span> <span class='ocrx_word' id='word_1_721' title='bbox 2529 4951 2770 5008; x_wconf 80' lang='lat' dir='ltr'><strong><em>facturus</em></strong></span> <span class='ocrx_word' id='word_1_722' title='bbox 2799 4958 2900 5014; x_wconf 86' lang='lat' dir='ltr'><strong><em>est,</em></strong></span> <span class='ocrx_word' id='word_1_723' title='bbox 2928 4949 3043 5020; x_wconf 86' lang='lat' dir='ltr'><strong><em>jam</em></strong></span> <span class='ocrx_word' id='word_1_724' title='bbox 3068 4949 3135 5005; x_wconf 88' lang='lat' dir='ltr'><strong><em>ab</em></strong></span> <span class='ocrx_word' id='word_1_725' title='bbox 3159 4949 3277 5020; x_wconf 87' lang='lat' dir='ltr'><strong><em>ipso</em></strong></span> <span class='ocrx_word' id='word_1_726' title='bbox 3305 4947 3508 5004; x_wconf 78' lang='lat' dir='ltr'><strong><em>factum</em></strong></span> <span class='ocrx_word' id='word_1_727' title='bbox 3527 4946 3746 5011; x_wconf 88' lang='lat' dir='ltr'><strong><em>dicitur,</em></strong></span> <span class='ocrx_word' id='word_1_728' title='bbox 3773 4944 3836 5000; x_wconf 88' lang='lat' dir='ltr'><strong><em>in</em></strong></span> 
     </span>
    </p>
   </div>
   <div class='ocr_carea' id='block_1_99' title="bbox 2241 5041 3831 5116">
    <p class='ocr_par' dir='ltr' id='par_1_99' title="bbox 2241 5041 3831 5116">
     <span class='ocr_line' id='line_1_99' title="bbox 2241 5041 3831 5116; baseline -0.005 -14"><span class='ocrx_word' id='word_1_729' title='bbox 2241 5045 2394 5116; x_wconf 90' lang='lat' dir='ltr'><strong><em>cujus</em></strong></span> <span class='ocrx_word' id='word_1_730' title='bbox 2417 5045 2670 5116; x_wconf 88' lang='lat' dir='ltr'><strong><em>operibus</em></strong></span> <span class='ocrx_word' id='word_1_731' title='bbox 2698 5042 2958 5100; x_wconf 79' lang='lat' dir='ltr'><strong><em>faciendis</em></strong></span> <span class='ocrx_word' id='word_1_732' title='bbox 2979 5051 3186 5099; x_wconf 67' lang='lat' dir='ltr'><strong><em>aeterna</em></strong></span> <span class='ocrx_word' id='word_1_733' title='bbox 3207 5041 3496 5112; x_wconf 88' lang='lat' dir='ltr'><strong><em>dispositio</em></strong></span> <span class='ocrx_word' id='word_1_734' title='bbox 3529 5049 3586 5095; x_wconf 91' lang='lat' dir='ltr'><strong><em>et</em></strong></span> <span class='ocrx_word' id='word_1_735' title='bbox 3613 5041 3831 5096; x_wconf 86' lang='lat' dir='ltr'><strong><em>incom-</em></strong></span> 
     </span>
    </p>
   </div>
   <div class='ocr_carea' id='block_1_100' title="bbox 2245 5131 3841 5203">
    <p class='ocr_par' dir='ltr' id='par_1_100' title="bbox 2245 5131 3841 5203">
     <span class='ocr_line' id='line_1_100' title="bbox 2245 5131 3841 5203; baseline -0.003 -10"><span class='ocrx_word' id='word_1_736' title='bbox 2245 5137 2519 5193; x_wconf 88' lang='lat' dir='ltr'><strong><em>mutabilis</em></strong></span> <span class='ocrx_word' id='word_1_737' title='bbox 2541 5136 2832 5192; x_wconf 90' lang='lat' dir='ltr'><strong><em>invenitur.</em></strong></span> <span class='ocrx_word' id='word_1_738' title='bbox 2865 5135 3048 5192; x_wconf 83' lang='lat' dir='ltr'><strong><em>Virtus</em></strong></span> <span class='ocrx_word' id='word_1_739' title='bbox 3075 5135 3219 5190; x_wconf 88' lang='lat' dir='ltr'><strong><em>enim</em></strong></span> <span class='ocrx_word' id='word_1_740' title='bbox 3241 5142 3296 5189; x_wconf 90' lang='lat' dir='ltr'><strong><em>et</em></strong></span> <span class='ocrx_word' id='word_1_741' title='bbox 3325 5133 3591 5203; x_wconf 84' lang='lat' dir='ltr'><strong><em>sapientia</em></strong></span> <span class='ocrx_word' id='word_1_742' title='bbox 3641 5131 3841 5188; x_wconf 76' lang='lat' dir='ltr'><strong><em>Deiex</em></strong></span> 
     </span>
    </p>
   </div>
   <div class='ocr_carea' id='block_1_101' title="bbox 2240 5222 3838 5304">
    <p class='ocr_par' dir='ltr' id='par_1_101' title="bbox 2240 5222 3838 5304">
     <span class='ocr_line' id='line_1_101' title="bbox 2240 5222 3838 5304; baseline -0.005 -18"><span class='ocrx_word' id='word_1_743' title='bbox 2240 5223 2545 5304; x_wconf 60' lang='lat' dir='ltr'><strong><em>internitate</em></strong></span> <span class='ocrx_word' id='word_1_744' title='bbox 2573 5226 3084 5286; x_wconf 87' lang='lat' dir='ltr'><strong><em>incommutabiliter</em></strong></span> <span class='ocrx_word' id='word_1_745' title='bbox 3105 5225 3289 5282; x_wconf 89' lang='lat' dir='ltr'><strong><em>omnia</em></strong></span> <span class='ocrx_word' id='word_1_746' title='bbox 3318 5223 3497 5281; x_wconf 80' lang='lat' dir='ltr'><strong><em>futura</em></strong></span> <span class='ocrx_word' id='word_1_747' title='bbox 3545 5225 3721 5292; x_wconf 86' lang='lat' dir='ltr'><strong><em>novit,</em></strong></span> <span class='ocrx_word' id='word_1_748' title='bbox 3747 5222 3838 5278; x_wconf 78' lang='lat' dir='ltr'><strong><em>ir-</em></strong></span> 
     </span>
    </p>
   </div>
   <div class='ocr_carea' id='block_1_102' title="bbox 2240 5315 3834 5398">
    <p class='ocr_par' dir='ltr' id='par_1_102' title="bbox 2240 5315 3834 5398">
     <span class='ocr_line' id='line_1_102' title="bbox 2240 5315 3834 5398; baseline -0.005 -21"><span class='ocrx_word' id='word_1_749' title='bbox 2240 5321 2739 5398; x_wconf 79' lang='lat' dir='ltr'><strong><em>reprehensibiliter</em></strong></span> <span class='ocrx_word' id='word_1_750' title='bbox 2768 5319 3018 5376; x_wconf 87' lang='lat' dir='ltr'><strong><em>universa</em></strong></span> <span class='ocrx_word' id='word_1_751' title='bbox 3071 5332 3236 5389; x_wconf 81' lang='lat' dir='ltr'><strong><em>opera</em></strong></span> <span class='ocrx_word' id='word_1_752' title='bbox 3283 5331 3382 5374; x_wconf 88' lang='lat' dir='ltr'><strong><em>sua</em></strong></span> <span class='ocrx_word' id='word_1_753' title='bbox 3429 5315 3608 5371; x_wconf 78' lang='lat' dir='ltr'><strong><em>futura</em></strong></span> <span class='ocrx_word' id='word_1_754' title='bbox 3637 5315 3834 5384; x_wconf 77' lang='lat' dir='ltr'><strong><em>dispo-</em></strong></span> 
     </span>
    </p>
   </div>
   <div class='ocr_carea' id='block_1_103' title="bbox 2240 5402 3833 5482">
    <p class='ocr_par' dir='ltr' id='par_1_103' title="bbox 2240 5402 3833 5482">
     <span class='ocr_line' id='line_1_103' title="bbox 2240 5402 3833 5482; baseline -0.004 -15"><span class='ocrx_word' id='word_1_755' title='bbox 2240 5413 2370 5482; x_wconf 89' lang='lat' dir='ltr'><strong><em>suit,</em></strong></span> <span class='ocrx_word' id='word_1_756' title='bbox 2399 5412 2477 5469; x_wconf 87' lang='lat' dir='ltr'><strong><em>sic</em></strong></span> <span class='ocrx_word' id='word_1_757' title='bbox 2499 5411 2682 5468; x_wconf 88' lang='lat' dir='ltr'><strong><em>omnia</em></strong></span> <span class='ocrx_word' id='word_1_758' title='bbox 2708 5426 2827 5482; x_wconf 78' lang='lat' dir='ltr'><strong><em>quae</em></strong></span> <span class='ocrx_word' id='word_1_759' title='bbox 2848 5409 3116 5482; x_wconf 86' lang='lat' dir='ltr'><strong><em>disposuit</em></strong></span> <span class='ocrx_word' id='word_1_760' title='bbox 3144 5406 3578 5479; x_wconf 85' lang='lat' dir='ltr'><strong><em>insuperabiliter</em></strong></span> <span class='ocrx_word' id='word_1_761' title='bbox 3619 5404 3742 5462; x_wconf 80' lang='lat' dir='ltr'><strong><em>facit</em></strong></span> <span class='ocrx_word' id='word_1_762' title='bbox 3771 5402 3833 5461; x_wconf 71' lang='grc' dir='ltr'><strong><em>ἀ.</em></strong></span> 
     </span>
    </p>
   </div>
   <div class='ocr_carea' id='block_1_104' title="bbox 2239 5493 3840 5582">
    <p class='ocr_par' dir='ltr' id='par_1_104' title="bbox 2239 5493 3840 5582">
     <span class='ocr_line' id='line_1_104' title="bbox 2239 5493 3840 5582; baseline -0.006 -22"><span class='ocrx_word' id='word_1_763' title='bbox 2239 5502 2358 5582; x_wconf 83' lang='lat' dir='ltr'><strong><em>Non</em></strong></span> <span class='ocrx_word' id='word_1_764' title='bbox 2387 5511 2560 5559; x_wconf 89' lang='lat' dir='ltr'><strong><em>mutat</em></strong></span> <span class='ocrx_word' id='word_1_765' title='bbox 2605 5501 2750 5560; x_wconf 90' lang='lat' dir='ltr'><strong><em>Deus</em></strong></span> <span class='ocrx_word' id='word_1_766' title='bbox 2794 5501 3196 5574; x_wconf 72' lang='lat' dir='ltr'><strong><em>prtedestinata,</em></strong></span> <span class='ocrx_word' id='word_1_767' title='bbox 3243 5499 3368 5570; x_wconf 81' lang='lat' dir='ltr'><strong><em>quia</em></strong></span> <span class='ocrx_word' id='word_1_768' title='bbox 3397 5496 3664 5569; x_wconf 80' lang='lat' dir='ltr'><strong><em>sapientia</em></strong></span> <span class='ocrx_word' id='word_1_769' title='bbox 3707 5493 3840 5564; x_wconf 77' lang='lat' dir='ltr'><strong><em>eius</em></strong></span> 
     </span>
    </p>
   </div>
   <div class='ocr_carea' id='block_1_105' title="bbox 2235 5723 2971 5783">
    <p class='ocr_par' dir='ltr' id='par_1_105' title="bbox 2235 5723 2971 5783">
     <span class='ocr_line' id='line_1_105' title="bbox 2235 5723 2971 5783; baseline -0.003 -3"><span class='ocrx_word' id='word_1_770' title='bbox 2235 5723 2512 5782; x_wconf 83' lang='lat' dir='ltr'><strong><em>Habentur</em></strong></span> <span class='ocrx_word' id='word_1_771' title='bbox 2531 5727 2583 5782; x_wconf 91' lang='lat' dir='ltr'><strong><em>in</em></strong></span> <span class='ocrx_word' id='word_1_772' title='bbox 2610 5726 2819 5783; x_wconf 85' lang='lat' dir='ltr'><strong><em>duobus</em></strong></span> <span class='ocrx_word' id='word_1_773' title='bbox 2839 5741 2971 5780; x_wconf 90' lang='lat' dir='ltr'><strong><em>mss.</em></strong></span> 
     </span>
    </p>
   </div>
   <div class='ocr_carea' id='block_1_106' title="bbox 2310 5789 3686 5868">
    <p class='ocr_par' dir='ltr' id='par_1_106' title="bbox 2310 5789 3686 5868">
     <span class='ocr_line' id='line_1_106' title="bbox 2310 5789 3686 5868; baseline -0.007 -16"><span class='ocrx_word' id='word_1_774' title='bbox 2310 5797 2333 5836; x_wconf 74' lang='grc' dir='ltr'>ά</span> <span class='ocrx_word' id='word_1_775' title='bbox 2366 5798 2526 5865; x_wconf 84' lang='lat' dir='ltr'><strong><em>Editi,</em></strong></span> <span class='ocrx_word' id='word_1_776' title='bbox 2556 5795 3074 5867; x_wconf 83' lang='lat' dir='ltr'><strong><em>irreprehensibiliter</em></strong></span> <span class='ocrx_word' id='word_1_777' title='bbox 3104 5794 3258 5868; x_wconf 76' lang='lat' dir='ltr'><strong><em>facit;</em></strong></span> <span class='ocrx_word' id='word_1_778' title='bbox 3290 5791 3344 5847; x_wconf 87' lang='lat' dir='ltr'><strong><em>in</em></strong></span> <span class='ocrx_word' id='word_1_779' title='bbox 3374 5789 3523 5856; x_wconf 89' lang='lat' dir='ltr'><strong><em>aliis,</em></strong></span> <span class='ocrx_word' id='word_1_780' title='bbox 3554 5789 3686 5860; x_wconf 72' lang='lat' dir='ltr'><strong><em>fecit.</em></strong></span> 
     </span>
    </p>
   </div>
  </div>
