4048 6342
197 374 303 433 653

1105 368 1192 427 DE
1229 365 1573 427 VERITATE
1611 353 2294 426 Pnanssmmoms
2334 367 2460 425 LIB.
2498 367 2566 424 ιιι
2814 334 2898 394 ’ν
2932 391 2970 399 μ

3367 341 3491 433 ut

194 503 307 546 non
355 485 556 542 fallitur
595 494 688 541 aut
732 484 1143 556 reprehenditur
1191 485 1246 540 in
1299 484 1692 556 dispositione;
1737 490 1796 538 et
1821 485 1871 545 Α
1903 497 2055 552 pore.
2091 481 2214 538 Haec
2234 482 2513 538 electionis
2541 488 2740 538 aeterna
2762 484 3101 554 praeparatio,
3134 484 3247 557 ipsa
3276 494 3361 543 est
3400 487 3486 544 di-

195 577 408 650 perficit
435 577 577 632 Deus
605 575 1007 646 prmdestinata,
1040 575 1166 644 quia
1195 576 1364 629 virtus
1390 574 1506 644 ejus
1532 590 1639 629 non
1691 577 1791 628 im-

194 670 413 741 peditur
441 677 536 723 aut
556 675 842 738 superatur
870 667 923 721 in
954 682 1136 736 opere.
1163 665 1299 721 Hinc
1347 675 1431 720 est
1475 665 1618 735 quod
1649 665 1792 721 Deus

193 775 400 827 noster,
427 761 580 830 cujus
611 760 874 814 universm
922 760 1020 813 vite
1049 759 1416 814 misericordia
1463 766 1516 813 ct
1568 758 1786 824 veritas,

191 865 244 912 et
270 857 362 911 cui
413 854 683 909 veraciter
730 851 1156 906 misericordiam
1207 857 1262 904 et
1299 849 1558 918 judicium
1602 856 1791 904 cantat

189 947 434 1004 Ecclesia
465 945 638 1017 (Psal.
674 960 820 1009 xxxv,
852 942 952 1008 10;
983 941 1132 996 Psal.
1166 958 1224 1006 c,
1251 941 1327 1011 l),
1360 942 1486 1010 quia
1543 956 1653 995 non
1693 955 1789 995 so-

188 1042 298 1094 lum
328 1038 507 1095 omnia
534 1051 699 1107 opera
722 1050 837 1098 sua,
863 1048 984 1103 qua:
1012 1033 1195 1103 utique
1224 1032 1366 1087 bona
1397 1039 1558 1095 sunt,
1595 1032 1790 1102 exqui-

187 1132 289 1186 sita
346 1131 400 1184 in
431 1142 621 1184 omnes
670 1125 981 1180 voluntates
1013 1121 1128 1192 ejus
1181 1120 1357 1194 (Psal.
1415 1137 1502 1185 cx,
1549 1120 1634 1192 2),
1689 1122 1789 1177 sed

187 1222 351 1277 etiam
380 1217 627 1290 quaedam
656 1214 936 1270 hominum
966 1219 1022 1267 et
1061 1211 1378 1280 angelorum
1406 1225 1571 1281 opera
1619 1211 1783 1279 mala,

185 1310 436 1382 quamvis
456 1309 512 1363 in
534 1315 780 1377 tempore
811 1303 1078 1367 facienda,
1107 1303 1224 1373 ipse
1245 1311 1428 1357 tamen
1482 1303 1790 1360 incommu-

187 1404 366 1459 tabilis
393 1410 450 1458 et
471 1409 730 1466 aeternus,
757 1397 1185 1453 incommutabili
1219 1405 1384 1466 atque
1430 1397 1656 1468 perenni
1685 1413 1784 1453 co-

184 1495 429 1565 gnitione
455 1489 757 1561 praescivit,
793 1503 901 1543 non
929 1486 1105 1542 solum
1136 1501 1201 1542 ea
1221 1487 1487 1556 disposuit
1515 1501 1634 1556 quae
1669 1488 1788 1557 ipse

182 1585 350 1653 gratis
377 1581 574 1652 quibus
599 1579 762 1636 vellet
791 1579 1021 1634 donaret
1050 1585 1109 1633 ut
1137 1579 1332 1641 bonus,
1383 1593 1569 1634 verum
1617 1581 1786 1634 etiam

184 1675 270 1730 illa
300 1690 426 1744 quae
450 1680 506 1729 et
531 1672 691 1727 bonis
716 1679 772 1726 et
792 1671 950 1725 malis
971 1670 1283 1725 redditurus
1305 1678 1451 1725 esset
1477 1679 1535 1725 ut
1580 1670 1779 1741 justus.

248 1768 306 1823 3.
338 1765 746 1822 Prmdestinavit
775 1778 905 1834 ergo
944 1765 1115 1834 gratis
1145 1763 1519 1834 justiﬁcandos
1562 1765 1778 1834 impios,

1897 578 2018 630 vina
2047 576 2453 646 praedustinatie
2475 577 2576 642 ;.in
2596 593 2711 650 ‘qua
2740 577 2900 646 digne
2929 588 3097 633 totum
3125 581 3360 648 gratuito
3387 583 3488 638 be-

1897 666 2090 722 nelicio
2118 666 2312 720 divinae
2342 667 2600 722 bonitatis
2619 669 2924 735 ascribitur,
2947 671 3072 740 quia
3114 673 3227 727 sola
3253 673 3326 727 ibi
3356 687 3486 741 erga

1895 774 1995 814 nos
2023 759 2330 814 miserantis
2358 758 2456 815 Dei
2482 761 2679 814 caritas
2703 761 2989 816 invenitur.
3017 762 3141 818 Ideo
3162 765 3492 821 subsecutus

1894 850 2206 920 Apostolus,
2235 851 2338 905 hoc
2361 852 2518 906 nobis
2539 851 2820 906 evidenter
2852 853 3127 908 inculcans
3155 853 3205 920 δ,
3233 856 3309 909 ait
3335 873 3346 908 :
3383 855 3488 920 Qui

1891 943 1946 995 in
1977 943 2197 996 caritate
2230 943 2616 1012 prcedestinat'it
2647 960 2739 997 nos
2777 946 2832 997 in
2880 944 3211 1015 adoptionem
3252 946 3486 1016 ﬁliorum

1891 1049 1983 1102 per
2009 1033 2187 1088 Jesum
2211 1034 2470 1089 Christum
2500 1039 2554 1090 in
2577 1037 2743 1106 ipsum
2769 1035 2958 1108 (Ibid.,
2993 1036 3066 1107 ὅ).
3103 1035 3173 1091 Et
3219 1045 3278 1092 ut
3307 1046 3484 1094 totum

1891 1140 1960 1178 ex
1983 1125 2101 1180 solo
2131 1127 2414 1196 proposito
2444 1127 2600 1182 bona:
2648 1128 2944 1184 voluntatis
3000 1130 3098 1186 Dei
3145 1130 3486 1187 descendere

1891 1214 2130 1284 doceret,
2162 1216 2377 1285 adjecit,
2397 1217 2696 1273 Secundum
2716 1222 3036 1291 propositum
3056 1221 3333 1276 voluntatis
3348 1237 3478 1278 suae.

1891 1305 1959 1360 Et
1987 1315 2045 1360 ut
2074 1308 2177 1363 hoc
2199 1311 2534 1379 propositum
2559 1310 2721 1366 beate
2742 1313 3037 1368 voluntatis
3063 1314 3157 1370 Dei
3192 1314 3483 1384 gratuitum

1888 1411 2010 1452 esse
2061 1406 2422 1464 monstraret,
2475 1408 2692 1455 secutus
2720 1401 2915 1470 adjecit
2947 1406 3016 1473 (v.
3048 1403 3125 1474 6),
3161 1403 3226 1458 In
3275 1406 3488 1463 laudem

1886 1488 2068 1558 gloria:
2088 1491 2276 1556 gratia
2318 1506 2447 1555 suae,
2492 1492 2547 1545 in
2578 1508 2679 1561 qua
2721 1495 3034 1564 gratiﬁcarit
3063 1513 3157 1550 nos
3188 1497 3243 1551 in
3285 1499 3478 1553 dilecto

1887 1578 2032 1634 Filio
2058 1597 2170 1634 suo.

1903 1689 1910 1694 ·
2050 1673 2448 1730 Prtedestinatio
2477 1677 2654 1749 utique
2678 1677 2910 1748 ﬁliorum
2941 1679 3038 1736 Dei
3065 1674 3136 1734 ad
3164 1682 3257 1736 hoc
3286 1683 3486 1738 utiliter

1886 1778 1992 1816 non
2023 1763 2194 1817 solum
2225 1766 2574 1835 cognoscitur,
2607 1785 2780 1822 verum
2830 1771 2987 1824 etiam
3027 1773 3374 1842 pradicatur,
3420 1778 3484 1829 ut

183 1856 638 1929 etgloriticandos
655 1856 854 1926 justos,
879 1871 1018 1927 quos
1047 1857 1374 1926 praeveniret
1402 1865 1456 1911 et
1485 1857 1780 1926 subseque-
1811 1869 1860 1931 Β
1888 1855 1940 1910 in
1969 1845 2221 1910 omnibus
2253 1856 2411 1918 lvnis
2436 1857 2686 1914 humanae
2715 1860 3008 1916 voluntatis
3034 1871 3090 1918 et
3115 1865 3318 1934 operis,
3347 1865 3480 1921 dum

180 1959 334 2005 retur
361 1947 728 2008 misericordia
757 1947 894 2018 ejus.
923 1947 989 2002 Hi
1035 1955 1162 2004 sunt
1189 1947 1484 2002 secundum
1525 1949 1775 2018 proposi-

180 2051 292 2096 tum
314 2040 496 2096 vocati
529 2057 543 2092 :
567 2039 620 2093 hi
643 2046 768 2095 sunt
788 2056 914 2110 quos
935 2039 1078 2094 Deus
1099 2041 1354 2110 prcescivit
1403 2049 1452 2093 et
1499 2039 1775 2109 praedesti»

180 2135 324 2187 natu't
345 2133 634 2202 conformes
661 2132 778 2202 ﬁeri
805 2132 1051 2202 imaginis
1103 2129 1234 2185 Filii
1280 2132 1392 2202 ejus
1448 2130 1624 2197 (Rom.
1660 2149 1770 2198 vm,

178 2223 290 2296 29).
323 2223 465 2278 Fieri
492 2232 673 2278 autem
697 2239 727 2276 a
748 2237 876 2292 quo,
909 2221 1012 2276 nisi
1063 2223 1130 2276 ab
1160 2221 1254 2276 illo
1279 2222 1371 2292 qui
1419 2237 1516 2278 eos
1545 2223 1774 2278 Abrabas

180 2314 462 2385 promisit?
481 2311 580 2368 Cui
609 2312 881 2368 Abraham
909 2312 1242 2369 confortatus
1289 2311 1394 2366 ﬁde
1422 2313 1651 2382 gloriam
1679 2314 1776 2370 de-

178 2410 272 2474 dit,
296 2409 594 2480 plenissime
620 2410 786 2464 scieus
805 2411 926 2480 quia
951 2425 1264 2482 quaecunque
1307 2412 1566 2480 promisit,
1591 2419 1774 2482 potens

181 2513 253 2559 est
281 2514 336 2558 et
381 2507 552 2574 facere
598 2503 773 2574 (Rom.
827 2518 901 2566 ιν,
931 2502 1046 2573 21).
1078 2501 1200 2572 Ipse
1233 2503 1414 2572 itaque
1443 2518 1583 2572 quos
1632 2521 1774 2575 pra:-

180 2597 493 2661 destinavit,
525 2593 651 2652 fecit
678 2604 734 2650 et
755 2595 882 2650 facit
902 2594 1210 2651 conformes
1241 2596 1490 2665 imaginis
1519 2597 1638 2652 Filii
1668 2599 1770 2666 sui,

180 2689 269 2759 qui
319 2695 402 2742 est
426 2687 596 2758 ﬁdelis
643 2688 699 2740 in
747 2686 984 2742 omnibus
1015 2687 1178 2741 verbis
1222 2689 1364 2754 suis,
1405 2698 1455 2740 et
1483 2698 1690 2742 sanctus
1719 2691 1773 2742 in

181 2781 414 2834 omnibus
443 2778 679 2850 operibus
700 2779 806 2834 suis
839 2777 1010 2851 (Psal.
1043 2795 1223 2846 cxuv,
1255 2779 1366 2849 i3).
1400 2780 1476 2834 De
1506 2781 1590 2835 his
1620 2781 1770 2851 Apo-

181 2872 354 2925 stolus
398 2870 529 2925 dicit
560 2888 572 2922 :
603 2867 742 2935 Quos
773 2870 1189 2939 prtedestinavit,
1223 2871 1317 2924 hos
1365 2879 1416 2924 et
1467 2874 1693 2936 vocavit;
1722 2880 1775 2926 et

183 2979 306 3034 quos
337 2963 552 3025 uocauit,
585 2962 680 3014 hos
703 2969 750 3015 et
770 2961 1270 3032 justiﬁeavityquos
1299 2972 1468 3015 autem
1501 2963 1772 3034 justi/ica-

185 3053 265 3116 eit,
299 3051 419 3106 illos
457 3058 507 3105 et
549 3051 859 3122 gloriﬁcavit
888 3050 1067 3121 (Rom.
1117 3067 1230 3117 vin,
1259 3051 1374 3122 $0).
1433 3050 1634 3109 Omnes
1683 3055 1772 3110 isti

186 3141 550 3212 prmdestinati
570 3143 650 3198 sic
670 3150 951 3208 vocantur,
980 3150 1036 3197 ut
1060 3140 1451 3211 justilieentur;
1483 3144 1561 3200 sic
1607 3145 1771 3213 justi-

1881 1947 2061 2001 divina
2089 1949 2489 2018 prmdestinatio
2519 1951 2573 2005 in
2601 1960 2806 2006 acterna
2851 1955 3038 2022 gratias
3079 1959 3482 2027 prmparationo

1881 2039 2267 2106 cognoscitur,
2315 2039 2557 2109 ejusdem
2619 2043 3110 2112 praedestinationis
3157 2047 3383 2105 effectus
3421 2049 3482 2108 in

1881 2124 1997 2195 ipsa
2045 2129 2233 2197 gratia:
2261 2129 2558 2187 donatione
2605 2134 2953 2192 nihilominus
3000 2147 3361 2206 agnoscatur;
3412 2153 3481 2195 ac

1878 2232 1976 2287 per
2005 2220 2110 2275 hoc
2154 2221 2208 2276 in
2239 2222 2342 2276 ista
2372 2223 2606 2278 ﬁliorum
2637 2224 2733 2280 Dei
2775 2226 3088 2297 adeptione,
3141 2244 3303 2299 quam
3336 2229 3480 2286 Deus

1878 2320 1934 2367 et
1956 2314 2390 2381 prmdestinando
2411 2319 2735 2387 prteparavit
2757 2333 2825 2375 ex
2845 2321 3167 2388 aeternitate,
3195 2329 3250 2377 et
3273 2337 3479 2378 vocan-

1875 2403 1947 2464 do
1989 2425 2053 2463 ac
2084 2407 2426 2478 justiﬁcando
2475 2412 2699 2479 largitur
2747 2414 2802 2469 in
2849 2420 3117 2484 tempore,
3173 2416 3344 2484 gratia
3374 2415 3472 2472 Dei

1877 2499 2228 2566 glorilicetur,
2273 2509 2328 2556 et
2357 2502 2469 2571 ipsa
2497 2503 2765 2557 laudetur.
2808 2503 2996 2573 Elegit
3023 2506 3166 2560 enim
3197 2522 3298 2562 nos
3331 2506 3476 2561 Deus

1877 2589 1932 2643 in
1959 2589 2174 2644 Christo
2215 2601 2341 2647 ante
2385 2593 2569 2648 mundi
2615 2595 3082 2661 constitutionem,
3133 2606 3192 2651 ut
3231 2613 3475 2654 essemus

1876 2683 2048 2736 sancti
2077 2690 2132 2736 et
2162 2683 2491 2739 immaculati
2524 2685 2579 2739 in
2612 2694 2908 2756 conspectu
2929 2688 3047 2757 ejus
3071 2687 3288 2760 (Ephes.
3321 2707 3360 2756 ι,
3389 2690 3472 2763 ι).

1946 2773 2074 2828 CAP.
2110 2790 2182 2829 tv.
2215 2806 2288 2818 —-
2317 2775 2432 2831 Non
2462 2791 2592 2846 ergo
2618 2793 2757 2848 quos
2799 2778 3056 2848 eligeret,
3098 2789 3191 2835 aut
3231 2790 3470 2848 sanctos,

1876 2878 1971 2923 aut
2001 2869 2374 2926 immaculatos
2402 2871 2626 2937 invenit,
2667 2879 2760 2926 aut
2803 2872 3154 2930 inveniendos
3182 2890 3300 2930 esse
3330 2890 3470 2944 [πως

1877 2962 2071 3027 scivit;
2124 2961 2222 3018 sed
2255 2971 2312 3016 ut
2338 2971 2557 3018 sanctos
2585 2971 2641 3018 et
2669 2964 3044 3020 immaculatos
3073 2967 3294 3031 faceret,
3339 2974 3470 3022 ante

1874 3052 2062 3108 mundi
2091 3037 2530 3108 constitutionem
2557 3054 2738 3121 elegit.
2780 3054 2898 3110 Non
2927 3069 3058 3125 ergo
3083 3072 3185 3110 nos
3213 3056 3334 3112 ideo
3355 3057 3471 3112 θιὼ

1875 3143 1970 3210 git.
2002 3142 2128 3212 quia
2157 3144 2330 3198 sancti
2360 3152 2414 3198 et
2444 3144 2776 3198 immaculati
2815 3143 2981 3200 futuri
3001 3160 3235 3212 eramus,
3267 3146 3364 3202 sed
3408 3154 3472 3210 ut

186 3235 430 3298 limatur,
456 3243 513 3288 ut
532 3233 918 3302 gloriﬁcentur.
961 3234 1040 3290 Ae
1083 3249 1180 3304 per
1211 3235 1316 3288 hoc
1372 3234 1774 3304 praedestinavit
1800 3237 1848 3304 C
1876 3235 2050 3290 sancti
2078 3243 2133 3290 et
2157 3235 2484 3291 immaculati
2513 3249 2772 3291 essemus.
2805 3235 2874 3292 Et
2899 3236 3023 3292 ideo
3051 3253 3152 3292 nos
3174 3239 3229 3291 in
3250 3239 3471 3294 caritate

186 3341 322 3395 quos
348 3325 521 3381 voluit
545 3334 591 3392 ι,
623 3333 678 3380 et
706 3323 771 3378 ad
792 3339 956 3395 opera
983 3325 1144 3388 bona,
1179 3332 1234 3378 et
1260 3324 1327 3378 ad
1357 3325 1576 3394 praemia
1627 3341 1772 3382 sem-

185 3417 393 3486 piterna
427 3433 441 3467 :
473 3415 875 3485 praedestinavit
903 3413 972 3468 ad
999 3415 1162 3468 vitam
1184 3415 1400 3476 bonam.
1425 3417 1770 3484 praedestina.

185 3510 260 3564 vit
285 3509 353 3563 ad
376 3510 545 3564 vitam
572 3516 856 3574 aeternam;
888 3508 1290 3578 pmdestinavit
1317 3509 1384 3563 ad
1417 3509 1594 3575 tidem,
1626 3527 1769 3580 prce-

185 3601 474 3657 destinavit
503 3601 569 3656 ad
596 3602 862 3670 speciem;
896 3600 1298 3670 praedestinavit
1327 3601 1663 3672 adoptandos
1717 3605 1769 3659 in

186 3693 397 3756 saeculo,
441 3692 839 3762 praedestinavit
884 3691 1260 3760 glorificandos
1308 3694 1361 3746 in
1391 3707 1589 3762 regno;
1635 3711 1770 3764 prae-

185 3784 470 3838 destinavit
495 3799 594 3854 per
612 3785 836 3853 gratiam
867 3783 1146 3839 faciendos
1175 3783 1523 3852 Primogeniti
1553 3785 1766 3850 fratres,

184 3876 586 3946 praedestinavit
607 3891 705 3946 per
723 3877 950 3944 gratiam
972 3875 1332 3948 perﬁciendos
1360 3877 1599 3946 ejusdem
1632 3877 1767 3933 Uni-

186 3966 348 4032 geniti
367 3965 700 4021 cohzcredes.
744 3991 750 4012 ;

249 4058 378 4113 Car.
407 4075 484 4114 ιιι.
509 4091 580 4104 -
598 4058 649 4113 4.
680 4058 807 4114 Haec
833 4059 1013 4114 omnia
1039 4061 1179 4116 sicut
1204 4060 1256 4114 in
1286 4075 1346 4116 se
1366 4062 1609 4116 continet
1631 4077 1770 4132 prae—

187 4148 558 4206 destinationis
610 4151 920 4216 atternitas,
971 4151 1049 4206 sic
1098 4151 1285 4222 implet
1339 4152 1770 4222 praedestinantis

187 4240 278 4295 Dei
307 4242 675 4297 misericordia
705 4251 758 4298 et
783 4241 927 4310 justa
950 4243 1224 4312 majestas.
1244 4243 1426 4313 Neque
1440 4246 1582 4299 enim
1607 4246 1769 4318 483

187 4331 399 4400 ignarus
426 4329 729 4388 futurorum
761 4348 995 4402 unquam
1025 4348 1144 4387 esse
1171 4334 1349 4402 potuit
1375 4331 1606 4388 filiorum
1629 4374 1642 4396 .
1677 4336 1768 4405 qui

188 4425 342 4480 unico
371 4423 526 4490 Filio,
551 4440 710 4494 quem
741 4425 844 4478 sibi
874 4432 1203 4479 coaeternum
1245 4439 1308 4478 ac
1342 4424 1458 4478 sine
1493 4425 1646 4479 initio
1671 4438 1768 4492 ge-

191 4517 334 4579 nuit,
381 4515 871 4586 pratdestinationis
919 4513 1113 4569 fratres
1167 4516 1492 4584 praeparavit
1543 4534 1554 4568 :
1615 4516 1769 4571 nobis

1877 3325 2300 3396 prtedestinavit,
2351 3327 2478 3394 quia
2528 3335 2588 3380 ut
2616 3342 2717 3381 nos
2743 3327 3170 3396 prmdestinaret,
3222 3329 3470 3397 gratuita

1877 3418 2032 3471 nobis
2060 3417 2308 3472 effectum
2338 3418 2579 3472 caritatis
2615 3418 2895 3488 impendit.
2937 3419 3338 3475 Predestinaeit
3367 3437 3467 3475 au-

1876 3517 1986 3562 tem
2017 3525 2110 3562 nos
2155 3510 2208 3562 in
2252 3509 2582 3577 adoptionem
2605 3510 2835 3579 ﬁliorum
2874 3527 2964 3580 per
3002 3509 3183 3564 Iesum
3209 3510 3469 3568 Christum

1875 3598 1929 3649 in
1961 3598 2129 3666 ipsum
2153 3596 2341 3668 (Ibid.,
2374 3596 2451 3665 5),
2487 3612 2594 3651 non
2632 3599 2928 3653 secundum
2952 3600 3202 3654 meritum
3247 3610 3340 3656 aut
3371 3618 3465 3657 vo-

1877 3689 2100 3743 luntatis
2135 3698 2228 3744 aut
2257 3690 2594 3758 operationis
2620 3697 2844 3758 nostrte,
2887 3692 2985 3747 sed
3013 3693 3312 3750 secundum
3339 3710 3470 3766 pro-

1877 3784 2114 3852 positum
2156 3783 2450 3838 voluntatis
2485 3798 2614 3838 suae.
2657 3783 2725 3837 Et
2770 3785 3027 3853 quoniam
3075 3786 3242 3854 gratis
3281 3803 3313 3841 a
3351 3787 3465 3844 Deo

1874 3872 2016 3927 lianc
2056 3873 2403 3942 adoptionem
2454 3871 2686 3928 ﬁliorum
2730 3875 3060 3943 accepimus,
3099 3889 3131 3929 a
3157 3890 3267 3944 quo
3294 3877 3464 3946 gratis

1875 3964 2037 4018 electi
2077 3979 2283 4026 sumus,
2317 3965 2577 4020 ut'sancti
2601 3973 2657 4020 et
2690 3965 3019 4021 immaculati
3049 3982 3309 4032 essemus,
3343 3969 3464 4026 ideo

1875 4056 1931 4110 in
1962 4056 2044 4110 his
2076 4056 2324 4110 omnibus
2351 4056 2560 4112 laudem
2583 4057 2767 4126 gloriae
2787 4059 2973 4127 gratim
2996 4057 3092 4114 Dei
3113 4060 3304 4115 beatus
3323 4059 3464 4117 Pau-

1875 4148 1958 4203 lus
1989 4148 2259 4204 insinuat:
2292 4156 2350 4203 ut
2386 4140 2564 4204 omnis
2590 4150 2682 4219 qui
2711 4149 2952 4218 ejusdem
2982 4151 3168 4219 gratiae
3196 4137 3464 4208 illumina-

1876 4246 1966 4293 tur
2011 4255 2256 4303 munere,
2307 4248 2362 4294 et
2387 4256 2572 4295 verum
2602 4242 2787 4309 gratia:
2811 4241 3015 4296 donum
3061 4258 3132 4298 ex
3159 4245 3461 4301 aeternitate

1873 4332 2364 4402 prredestinationis
2390 4333 2670 4402 intelligat,
2704 4340 2760 4388 et
2785 4342 3044 4389 aeternam
3065 4334 3162 4389 Dei
3192 4335 3464 4404 prsedestio

1874 4425 2151 4479 nationem
2179 4441 2244 4478 ex
2273 4426 2417 4479 dono
2439 4427 2624 4493 gratia:
2652 4426 2909 4494 spiritalis
2937 4434 3212 4494 agnoscat.

1946 4514 1999 4567 6.
2039 4515 2204 4582 Cujus
2230 4515 2718 4584 prmdestinationis
2747 4517 2819 4569 ita
2857 4524 3044 4571 manet
3065 4524 3268 4571 aeterna
3296 4514 3450 4572 ﬁrmi-

189 4611 351 4675 gratis
395 4609 623 4677 gratiam
656 4623 989 4679 praeparans,
1039 4611 1205 4676 gratis
1253 4610 1480 4676 gratiam
1528 4609 1764 4676 donans;
1793 4619 1846 4681 ι)
1874 4612 1958 4658 tas
2003 4613 2059 4658 et
2107 4603 2258 4657 lirma
2303 4604 2598 4669 aeternitas,
2650 4619 2757 4659 non
2794 4604 2969 4659 solum
3016 4604 3070 4659 in
3099 4604 3457 4675 dispositione

189 4718 320 4772 quos
335 4700 660 4770 justificaret
687 4700 892 4769 eligens
948 4701 1000 4754 in
1032 4702 1147 4770 ipso
1177 4711 1302 4755 ante
1349 4699 1532 4754 mundi
1562 4702 1766 4755 consti-

187 4793 475 4855 tationem,
509 4805 619 4845 non
663 4805 731 4844 ex
755 4791 1002 4846 humanis
1029 4791 1265 4857 meritis,
1292 4791 1384 4845 sed
1436 4805 1503 4844 ex
1531 4791 1764 4858 gratuito

187 4897 296 4938 sua:
316 4881 595 4952 proposito
633 4881 928 4936 voluntatis
958 4899 969 4933 :
996 4882 1330 4936 voluntatem
1387 4897 1538 4936 suam
1569 4883 1764 4937 bonam

187 4971 384 5027 faciens
410 4986 628 5028 causam
664 4970 1063 5039 justillcationis
1114 4987 1338 5037 nosme,
1371 4989 1476 5026 non
1501 4972 1766 5040 justitiam

189 5071 423 5116 nostram
469 5063 750 5117 inveniens
773 5077 991 5117 causam
1019 5063 1312 5117 voluntatis
1353 5078 1482 5117 suae.
1515 5063 1767 5119 Testatur

187 5155 328 5208 enim
352 5154 642 5225 Apostolus
665 5155 791 5224 quia
822 5155 963 5209 Dens
991 5156 1154 5224 elegit
1173 5171 1274 5210 nos
1313 5156 1368 5209 in
1396 5155 1612 5210 Christo
1641 5167 1768 5213 ante

187 5246 370 5301 mundi
397 5249 843 5303 constitutionem
867 5249 1081 5319 (Ep/tes.
1112 5265 1150 5314 ι,
1180 5248 1257 5318 Ii).
1287 5247 1352 5302 Et
1383 5258 1444 5303 ut
1462 5250 1769 5305 ostenderet

187 5355 288 5394 nos
308 5355 412 5396 non
440 5357 505 5397 ex
537 5343 792 5412 operibus
819 5342 943 5410 eligi
971 5343 1252 5408 meruisse,
1281 5342 1375 5396 sed
1398 5357 1464 5396 ex
1489 5342 1771 5398 electionis

189 5429 331 5484 dono
359 5431 493 5488 bona
520 5433 710 5487 merita
739 5433 1064 5502 percepisse,
1089 5432 1345 5488 continuo
1365 5431 1662 5500 subjuuxit,
1685 5432 1770 5486 di-

188 5537 318 5575 cens
347 5541 359 5574 :
385 5523 451 5577 Ut
471 5539 700 5577 essemus
742 5526 911 5578 sancti
947 5532 1000 5577 et
1039 5525 1360 5578 immaculati
1406 5525 1461 5577 in
1489 5533 1770 5593 conspectu

186 5615 300 5682 ejus
327 5614 592 5682 (Ibidem).
624 5615 749 5671 llmc
771 5617 964 5670 electio
995 5616 1091 5670 fuit
1120 5618 1172 5669 in
1203 5625 1406 5671 :eterna
1439 5616 1531 5672 Dei
1558 5630 1770 5685 praepa-

195 5706 413 5771 ratione,
439 5722 561 5776 qum
602 5723 698 5777 per
724 5707 840 5777 ejus
888 5711 1114 5776 gratiam
1145 5711 1491 5778 perlicerctur
1540 5707 1591 5761 in
1636 5717 1773 5762 tem-

270 5896 289 5921 λ
310 5887 358 5943 In
391 5892 600 5946 duobus
632 5907 761 5949 mss.
809 5889 1019 5944 additur
1048 5890 1154 5954 hic,
1188 5893 1306 5960 quia
1337 5887 1510 5941 voluit.

1873 4712 2122 4766 operum,
2149 4713 2336 4751 verum
2366 4697 2528 4750 etiam
2559 4697 2613 4750 in
2642 4711 2869 4752 numero
2892 4712 3267 4767 personarum,
3292 4697 3460 4771 494

1876 4801 1934 4848 ut
1974 4808 2075 4847 nec
2101 4793 2169 4847 de
2212 4791 2354 4847 illius
2384 4793 2590 4846 numeri
2621 4792 2952 4862 plenitudine
2979 4793 3243 4863 quispiam
3273 4795 3462 4850 salutis

1874 4893 2091 4938 aeterna:
2139 4883 2366 4952 gratiam
2413 4881 2644 4951 perdat,
2701 4897 2801 4937 nec
2845 4891 3000 4937 extra
3054 4882 3199 4938 illius
3249 4885 3460 4938 numeri

1873 4974 2230 5042 quantitatem
2255 4973 2322 5028 ad
2346 4974 2546 5028 donum
2573 4973 2760 5028 salutis
2779 4979 2993 5029 mternae
3015 4975 3314 5044 perveniat.
3348 4976 3460 5032 Deo

1877 5066 2044 5134 enim,
2074 5066 2164 5136 qui
2196 5066 2298 5121 scit
2325 5065 2506 5120 omnia
2538 5074 2825 5133 antequam
2856 5064 3008 5127 ﬁant,
3037 5065 3116 5121 sic
3142 5081 3250 5121 non
3278 5074 3361 5120 est
3387 5067 3463 5121 in-

1875 5165 2056 5214 certus
2084 5157 2579 5227 pmdestinatorum
2607 5169 2884 5220 numerus,
2911 5156 3049 5211 sicut
3076 5155 3459 5226 dispositorum

1877 5265 2101 5319 operum
2149 5247 2341 5304 dubius
2388 5247 2529 5316 apud
2579 5261 2703 5302 eum
2742 5261 2859 5300 non
2901 5247 3167 5302 invenitur
3212 5246 3456 5302 eil‘ectus:

1880 5341 2035 5412 Apud
2060 5355 2121 5395 se
2150 5340 2310 5394 habet
2339 5338 2698 5394 certissimum
2738 5353 3020 5394 numerum
3052 5337 3459 5408 praedestinato-

1878 5449 2000 5487 rum
2034 5433 2124 5486 ille
2156 5432 2248 5500 qui
2286 5445 2381 5484 eos
2422 5431 2474 5484 in
2505 5427 2854 5498 adoptionem
2895 5428 3126 5486 ﬁliorum
3170 5444 3268 5499 per
3301 5427 3461 5485 Chri-

1873 5531 2016 5576 stum
2048 5519 2484 5590 praadestinavit:
2523 5520 2649 5590 quia
2688 5520 2742 5574 in
2784 5535 3034 5576 mensura
3065 5527 3122 5574 et
3150 5534 3374 5578 numero
3403 5528 3460 5575 et

1877 5611 2115 5681 pondere
2156 5620 2349 5664 cuncta
2381 5610 2646 5679 disposuit
2675 5609 2828 5679 (Sap.
2871 5625 2942 5672 x1,
2975 5607 3088 5679 2|).
3129 5608 3280 5679 Ipsos
3313 5611 3455 5664 enim

1877 5707 2122 5777 promisit
2163 5705 2386 5760 Abrahae
2427 5704 2645 5760 dicens:
2693 5703 2906 5774 Respice
2934 5706 2989 5758 in
3027 5705 3228 5772 calum,
3276 5718 3326 5762 et
3361 5723 3459 5761 nu-

1946 5885 1972 5923 ι’
1997 5885 2120 5941 Mss.
2153 5885 2278 5948 duo,
2310 5885 2402 5940 hoc
2431 5885 2574 5937 nobis
2605 5885 2856 5939 satianter
2887 5885 3172 5940 inculcans.
