4064 6358
556 323 664 381 655

1591 320 1648 377 S.
1691 319 2053 395 FU‘LGF-NTll
2091 316 2401 377 EPISCOPI
2429 317 2805 377 RUSPENSIS

3733 298 3923 373 656‘

555 453 700 494 mera
725 434 926 501 stellas,
966 436 1010 490 si
1044 444 1188 506 potes
1218 434 1546 489 dinumerare
1573 448 1702 500 eas;
1750 441 1801 488 et
1824 434 2000 488 dixit:
2050 432 2142 489 Sic
2170 439 2221 497 Α
2247 440 2308 488 ιιι
2328 432 2575 488 homines
2603 431 2991 503 justilicentur,
3042 441 3098 486 et
3138 430 3280 488 bene
3327 430 3532 513 vivant,
3577 439 3634 487 et
3678 432 3843 489 vitam

554 531 656 585 erit
681 543 852 583 semen
876 536 1041 582 tuum.
1083 525 1155 580 Et
1175 525 1394 581 credidit
1419 523 1685 585 Abraham
1707 524 1838 592 Dm,
1863 536 1913 581 et
1934 534 2146 598 reputa-

555 631 664 676 turn
689 628 768 675 est
794 620 840 673 ei
870 619 938 672 ad
955 618 1217 688 justitiam
1239 615 1450 687 (Genes.
1486 632 1577 685 xv,
1610 606 1686 688 5).
1720 616 1797 673 De
1831 617 1915 677 his
1943 617 2145 673 dicitur

552 710 763 768 Danieli
792 709 1069 780 prophetae
1097 725 1109 761 :
1154 706 1224 760 Et
1251 709 1304 761 in
1337 716 1564 777 tempore
1590 709 1685 764 illo
1712 708 1883 765 salvus
1921 710 2019 764 erit
2049 726 2147 780 po-

551 804 715 876 putus
731 811 844 855 tuus
874 799 1042 854 omnis
1070 798 1156 868 qui
1181 798 1471 853 invenietur
1499 800 1722 870 scriptus
1743 801 1797 854 in
1820 798 1952 855 libro
1978 790 2145 871 ('Dan.

508 918 525 951 '.
553 909 649 958 xu,
684 890 758 961 l).
792 889 931 960 Ipsis
974 889 1162 958 utique
1211 886 1463 944 Salvator
1498 899 1683 945 noster
1722 890 1835 944 ait:
1889 889 2144 954 Gaudete,

552 985 676 1056 quia
695 982 911 1037 nomina
936 990 1106 1036 vestra
1134 982 1330 1052 scripta
1356 990 1476 1035 sunt
1494 980 1549 1036 in
1580 983 1722 1037 stetis
1756 981 1910 1053 (Luc.
1932 999 1988 1051 x,
2018 983 2134 1055 20).

531 1075 633 1131 'De
659 1073 745 1129 his
773 1073 828 1128 in
857 1072 996 1129 libro
1024 1073 1198 1129 sancti
1220 1073 1464 1131 .Danielis
1489 1073 1721 1130 dicitur:
1767 1073 1870 1140 Qui
1898 1075 1968 1129 ad
1987 1075 2149 1146 justi-

553 1168 683 1233 tiam
710 1166 959 1222 erudiunt
984 1167 1195 1232 multos,
1228 1166 1501 1239 fulgebunt
1528 1167 1676 1239 quasi
1703 1167 1869 1222 stella:
1892 1168 1945 1221 in
1965 1185 2152 1238 perpe-

554 1269 670 1316 tuas
702 1260 1016 1315 azternitates
1047 1257 1212 1329 (Dan.
1241 1274 1337 1326 xu,
1367 1259 1444 1330 '5).
1478 1258 1573 1315 lsti
1599 1260 1916 1330 spiritaliter
1946 1260 2149 1315 intelli-

553 1358 758 1423 guntur
804 1351 859 1406 in
887 1351 1096 1421 psalmo
1130 1349 1222 1405 ubi
1250 1349 1445 1405 dicitur
1479 1349 1547 1404 de
1575 1351 1688 1407 Deo
1715 1368 1728 1403 :
1781 1348 1884 1415 Qui
1913 1360 2150 1406 numerat

553 1444 940 1500 multitudinem
975 1442 1267 1509 stellarum,
1302 1451 1353 1497 et
1387 1440 1623 1519 omnibus
1653 1443 1728 1497 eis
1766 1443 1981 1497 nomina
2004 1452 2152 1497 vocat

556 1536 731 1608 (Psai.
765 1550 943 1601 crevi,
975 1534 1051 1605 ιι).
1084 1531 1320 1603 Proinde
1349 1533 1442 1603 qui
1470 1540 1720 1615 numerat
1748 1533 2151 1590 multitudinem

555 1631 838 1688 stellarum
869 1644 977 1685 non
1006 1634 1190 1700 potest
1220 1640 1439 1709 suorum
1470 1625 1722 1696 ignorare
1762 1640 2045 1682 numerum
2082 1625 2150 1678 ii-

555 1723 775 1785 liorem.

2249 535 2508 583 aeternam
2548 541 2647 598 pro
2692 532 2840 582 recte
2884 523 3036 580 factis
3083 524 3370 594 accipiant.
3400 523 3528 580 Ideo
3578 533 3762 580 autem
3789 535 3850 582 et

2251 617 2367 689 ipsa
2388 617 2497 672 vita
2516 625 2738 682 asterna,
2759 614 2930 684 gratia
2951 614 3047 669 Dei
3073 614 3141 670 ab
3161 613 3426 685 Apostolo
3447 613 3643 669 dicitur
3664 613 3845 686 (Rom.

2249 726 2324 775 vt,
2354 708 2471 778 25),
2502 709 2627 779 quia
2672 707 2840 776 gratis
2868 706 3179 762 hominibus
3206 705 3317 760 vita
3363 705 3507 761 bona
3538 705 3723 772 datur,
3756 706 3849 762 cui

2246 802 2392 872 juste
2418 801 2530 855 vita
2568 808 2772 856 aeterna
2800 798 3077 855 reddatur.
3127 796 3459 870 Praeparavit
3492 807 3668 853 autem
3698 797 3849 853 Deus

2255 893 2418 950 etiam
2451 891 2606 946 malis
2635 891 2814 960 ignem
2843 898 3104 945 aeternum
3129 906 3143 965 ς
3177 889 3284 945 illis
3322 887 3509 960 utique
3538 905 3675 959 quos
3698 889 3851 958 juste

2254 982 2583 1055 prmparavit
2610 981 2677 1037 ad
2705 980 2901 1035 luenda
2943 978 3225 1051 supplicia,
3276 995 3378 1035 nec
3420 987 3598 1034 tamen
3634 980 3844 1051 praede-

2254 1074 2477 1131 stinavit
2516 1073 2587 1128 ad
2634 1072 2878 1129 facienda
2924 1079 3166 1144 peccata.
3233 1070 3644 1127 Prmdestiuavit
3696 1071 3843 1125 enim

2253 1170 2397 1235 Deus
2416 1167 2560 1238 quod
2581 1167 2769 1223 divina
2783 1166 3010 1236 aequitas
3038 1165 3310 1232 redderet,
3341 1180 3449 1220 non
3470 1163 3616 1234 quod
3638 1163 3842 1234 iniqui-

2255 1270 2339 1319 tas
2368 1264 2604 1317 humana
2649 1260 2978 1316 admitteret.
3012 1257 3425 1316 Praedestinavit
3469 1273 3599 1329 ergo
3640 1256 3849 1314 homini

2254 1368 2351 1408 reo
2381 1368 2487 1407 non
2518 1351 2731 1423 culpam
2760 1365 2924 1420 quam
2951 1349 3085 1415 odit,
3130 1349 3226 1405 sed
3250 1348 3508 1418 judicium
3537 1348 3681 1418 quod
3725 1347 3849 1402 dili-

2254 1447 2352 1516 git.
2385 1445 2656 1516 Scriptum
2686 1451 2771 1500 est
2797 1444 2941 1499 enim
2978 1443 3104 1515 quia
3142 1443 3315 1515 diligit
3348 1442 3758 1498 misericordiam
3798 1454 3849 1497 et

2245 1535 2506 1609 judicium
2527 1533 2700 1606 (Psal.
2726 1549 2893 1599 xxxu,
2920 1531 2974 1605 5)
2997 1533 3275 1589 Dominus.
3309 1531 3377 1586 Et
3399 1531 3520 1588 ideo
3540 1547 3649 1587 non
3670 1532 3847 1587 solum

2252 1628 2535 1698 originale,
2587 1642 2775 1683 verum
2816 1628 2978 1683 etiam
3023 1642 3186 1683 omne
3229 1626 3440 1681 actuale
3480 1633 3759 1696 peceatum
3791 1625 3848 1678 in

2251 1720 2407 1775 malis
2435 1720 2721 1791 puniturus
2758 1726 2844 1775 est
2872 1718 3015 1774 Deus
3037 1757 3055 1784 ,
3104 1719 3233 1789 quia
3263 1718 3419 1774 malis
3448 1717 3703 1788 operibus
3742 1733 3843 1773 nec

576 1848 581 1857 ρ
627 1813 759 1872 Car.
788 1830 842 1869 v.
864 1846 938 1857 -—
966 1813 1017 1868 7.
1047 1811 1129 1868 llli
1155 1825 1287 1883 ergo
1312 1825 1540 1868 numero
1563 1826 1665 1867 nec
1692 1810 1887 1881 aliquis
1908 1809 2146 1888 additur,
2181 1822 2230 1884 Β
2256 1811 2460 1883 prazbet
2488 1810 2718 1875 initium,
2762 1824 2864 1865 nec
2901 1808 3123 1865 adhibet
3165 1808 3453 1880 aliquando
3498 1823 3845 1865 consensum.

557 1926 661 1968 nec
682 1908 878 1980 aliquis
903 1907 1139 1963 demitur
1165 1915 1192 1944 ι
1218 1924 1233 1972 ;
1263 1906 1389 1976 quia
1410 1904 1556 1961 idem
1578 1920 1838 1961 numerus
1857 1903 2154 1961 secundum

556 2001 898 2075 propositum
928 2000 1026 2055 Dei
1067 1999 1499 2070 prmdestinantis
1532 1998 1804 2068 impletur.
1841 1997 1976 2053 Nam
2026 1997 2156 2067 quia

560 2092 861 2151 secundum
900 2092 1237 2162 propositum
1268 2090 1561 2149 voluntatis
1605 2104 1717 2145 sua:
1765 2088 1909 2145 Deus
1935 2095 2156 2144 sanctos

562 2202 694 2243 suos
723 2183 1146 2256 praedestinavit,
1169 2181 1237 2237 de
1275 2196 1385 2251 quo
1405 2180 1663 2251 scriptum
1692 2188 1798 2248 est,
1828 2181 1952 2251 quia
1981 2181 2157 2235 omnia

561 2295 877 2355 quacunque
900 2278 1080 2342 uoluit,
1106 2276 1228 2348 fecit
1259 2274 1435 2346 (Psal.
1465 2290 1614 2340 exul,
1645 2272 1737 2345 '5);
1770 2273 1842 2328 ita
1871 2288 2032 2328 nemo
2058 2288 2158 2344 po-

560 2377 670 2428 test
698 2369 815 2440 ejus
843 2376 1054 2423 mutare
1079 2364 1650 2438 praedestinationem,‘
1679 2363 1817 2419 sicut
1844 2363 2023 2418 nullus
2052 2378 2156 2433 po-

534 2448 670 2521 test
714 2460 832 2531 ejus
857 2460 1077 2514 vincere
1117 2457 1470 2513 voluntatem.
1517 2454 1677 2521 Quod
1705 2454 1751 2510 si
1781 2469 2038 2509 numerus
2066 2454 2158 2509 ille

563 2559 747 2611 certus
772 2566 883 2606 non
914 2559 1000 2605 est
1022 2546 1164 2619 apud
1202 2547 1400 2629 Deum,
1443 2553 1538 2600 aut
1564 2544 1744 2600 divina
1773 2544 2001 2599 scientia
2028 2543 2162 2598 falli-

562 2654 677 2715 tur,
706 2652 801 2699 aut
840 2642 1092 2698 voluntas
1130 2638 1313 2695 divina
1364 2646 1624 2703 mutatur,
1653 2644 1747 2692 aut
1774 2636 1957 2692 divina
1986 2636 2160 2691 virtus

565 2735 893 2793 adversitate
927 2732 1170 2803 qualibet
1196 2739 1501 2803 superatur.
1543 2729 1698 2796 Quod
1738 2729 1786 2784 si
1819 2729 2021 2799 aliquid
2052 2729 2158 2785 ho-

564 2844 690 2885 rum
710 2826 812 2882 soli
841 2832 1069 2896 possunt
1097 2822 1247 2893 impii
1275 2822 1486 2888 dicere,
1519 2830 1613 2876 aut
1652 2818 1794 2877 forte
1833 2835 1936 2876 nec
1962 2821 2160 2890 impius

568 2918 769 2989 aliquis
796 2915 969 2971 audet
991 2914 1085 2970 hor
1097 2929 1185 2969 um
1215 2912 1397 2976 dicere
1423 2912 1627 2982 aliquid
1651 2953 1665 2971 .
1719 2927 1880 2967 nemo
1922 2912 2158 2967 divinam

568 3009 1102 3084 prmdestinationem
1149 3014 1347 3075 neget:
1401 3005 1837 3077 quandoquidem
1890 3004 2033 3059 illius
2061 3003 2159 3060 Dei

569 3101 977 3177 praedestinatio
1004 3115 1132 3155 vera
1159 3113 1382 3171 prorsus
1410 3098 1688 3161 asseritur,
1733 3096 1883 3167 cujus
1909 3104 1964 3152 et
1989 3095 2161 3152 scien-

2260 1903 2398 1959 Mala
2428 1903 2611 1973 itaque
2655 1916 2822 1973 opera
2847 1917 2959 1958 non
2988 1902 3207 1974 placent
3233 1901 3367 1966 Deo,
3419 1902 3545 1972 quia
3575 1918 3684 1957 non
3720 1909 3847 1958 sunt

2258 1994 2328 2051 ab
2348 2009 2434 2050 eo.
2468 1992 2601 2047 Nam
2621 1992 2667 2050 si
2692 1993 2760 2048 ab
2791 1995 2911 2064 ipso
2940 2001 3142 2059 essent,
3173 1994 3317 2049 mala
3342 2010 3451 2050 non
3478 2003 3681 2050 essent.
3707 1992 3847 2049 Pro-

2261 2090 2386 2146 inde
2414 2089 2555 2145 bona
2585 2104 2753 2160 opera
2779 2104 2899 2159 qua:
2929 2091 3074 2146 Deus
3098 2090 3519 2146 misericorditer
3546 2091 3730 2158 donat,
3754 2090 3846 2160 ju-

2259 2190 2342 2238 ste
2364 2192 2595 2238 coronat
2619 2199 2634 2248 ;
2679 2197 2845 2253 opera
2873 2197 3003 2238 vero
3030 2198 3149 2253 quas
3178 2183 3293 2253 ipse
3322 2199 3430 2238 non
3460 2183 3665 2247 tribuit,
3703 2183 3851 2252 juste

2259 2274 2413 2344 punit
2439 2290 2452 2326 :
2478 2272 2533 2327 in
2555 2272 2673 2330 istis
2700 2280 2993 2328 coronatur
3012 2272 3192 2328 divina
3221 2273 3456 2341 largitio,
3499 2273 3554 2328 in
3600 2273 3705 2327 illis
3745 2266 3848 2328 att-'-

2262 2372 2373 2419 tem
2417 2363 2706 2419 damnatur
2733 2364 2967 2419 humana
3016 2364 3393 2435 transgressio.
3448 2363 3624 2419 Homo
3665 2364 3850 2434 itaque

2262 2456 2394 2514 illud
2422 2457 2587 2512 habet
2612 2456 2902 2512 salubriter
2927 2456 3072 2526 quod
3121 2457 3394 2526 acceperit
3436 2472 3467 2510 a
3516 2455 3666 2522 Deo;
3715 2453 3849 2511 illud

2260 2548 2566 2619 perniciose
2593 2547 2738 2619 quod
2766 2548 3019 2604 habuerit
3045 2562 3113 2603 ex
3144 2548 3345 2619 seipso.

2333 2641 2462 2696 Car.
2493 2656 2567 2695 v1.
2596 2671 2669 2682 —
2694 2639 2747 2695 9.
2792 2637 3094 2701 Pessimum
3121 2646 3205 2695 est
3231 2646 3412 2695 autem
3441 2638 3619 2696 dicere
3645 2640 3771 2709 quia
3801 2638 3851 2695 si

2261 2739 2346 2789 est
2371 2730 2791 2802 praedestinatio,
2840 2745 2952 2786 non
2973 2729 3235 2786 debemus
3262 2744 3422 2785 orare
3448 2744 3549 2785 nec
3593 2729 3850 2798 vigilare,

2262 2823 2360 2881 sed
2389 2822 2570 2880 facere
2598 2837 2787 2879 omnes
2833 2820 3141 2879 voluntates
3183 2823 3383 2888 carnis,
3429 2837 3493 2878 eo
3536 2822 3681 2892 quod
3723 2820 3854 2891 jam

2262 2916 2635 2991 prtedestinati
2660 2917 2938 2975 fuerimus.
2981 2916 3116 2975 Cum
3168 2918 3355 2988 utique
3395 2916 3487 2971 illa
3525 2916 3700 2985 gratia
3725 2931 3853 2988 quae

2263 3010 2420 3067 nobis
2446 3010 2628 3066 divina
2655 3010 3131 3081 prtedestinatione
3158 3008 3259 3065 fuit
3287 3016 3612 3084 prteparata,
3642 3007 3715 3063 ad
3741 3008 3853 3064 hoc

2262 3101 2522 3157 divinitus
2549 3102 2706 3157 nobis
2728 3102 2886 3167 detur
2912 3109 2972 3157 ut
2998 3102 3279 3171 vigilemus
3307 3112 3363 3157 et
3389 3115 3638 3169 oremus,
3667 3109 3722 3156 et
3753 3103 3851 3155 sio-

571 3198 648 3256 tia
680 3192 1187 3267 irreprehensibilis,
1222 3199 1279 3247 et
1317 3191 1569 3247 voluntas
1602 3188 2074 3254 incommutabilis,
2104 3196 2162 3243 et
2183 3204 2233 3268 c
2263 3203 2318 3248 ut
2346 3196 2401 3247 in
2431 3194 2514 3247 die
2540 3194 2755 3249 honeste
2795 3192 3131 3261 ambulemus,
3163 3209 3266 3248 non
3304 3194 3359 3248 in
3389 3190 3853 3248 comessationilnts

569 3291 740 3347 virtus
765 3285 1137 3358 insuperabilis
1183 3282 1472 3338 invenitur.
1515 3280 1595 3336 Ad
1639 3280 1779 3335 hanc
1804 3278 2156 3350 praedestina-

568 3386 773 3442 tionem
802 3381 1054 3454 pertinet,
1085 3386 1140 3435 et
1168 3376 1400 3447 gratuita
1415 3374 1733 3445 justilicatio
1754 3371 2155 3443 Redemptoris,

567 3488 625 3534 et
645 3478 788 3547 justa
816 3475 1048 3532 redditio
1078 3456 1301 3528 iudicis.
1345 3469 1424 3526 Ad
1453 3469 1594 3525 hanc
1623 3466 2158 3538 praedestinationem

498 3594 503 3597 π
569 3569 808 3641 pertinet
845 3563 1215 3623 misericordia
1262 3577 1424 3632 quam
1479 3559 1676 3616 Paulus
1717 3566 2040 3615 consecutus
2076 3565 2160 3613 est

568 3668 628 3714 ut
672 3658 846 3721 ﬁdelis
891 3668 1032 3712 esset
1063 3653 1113 3711 (Ι
1159 3652 1280 3707 Cor.
1316 3668 1404 3717 vn,
1436 3648 1548 3705 25).
1600 3659 1657 3705 et
1686 3664 1889 3705 corona
1916 3648 2152 3717 iustitiae,

560 3765 731 3821 quam
760 3746 952 3803 reddet
980 3748 1027 3799 ei
1061 3745 1318 3799 Dominus
1341 3743 1394 3797 in
1418 3740 1505 3796 illa
1529 3741 1613 3795 die
1631 3740 1807 3807 justus
1822 3723 2016 3807 jude'x:
2050 3756 2157 3793 non

566 3846 739 3909 solum
772 3852 949 3897 autem
1006 3838 1192 3901 Paulo,
1246 3837 1341 3892 sed
1393 3845 1449 3890 et
1497 3835 1744 3890 omnibus
1792 3834 1880 3903 qui
1933 3833 2158 3900 diligunt

562 3938 857 3992 "adventum
880 3934 995 4002 ejus
1016 3931 1067 4003 (1
1078 3931 1105 3983 1
1126 3930 1257 3984 Tim.
1282 3946 1349 3989 Iv.
1377 3926 1668 3999 8,)..0mnes
1693 3927 1834 3980 enim
1859 3942 1994 3995 quos
2016 3922 2157 3979 Deus

568 4024 970 4097 praedestinavit
1010 4023 1063 4075 in
1092 4020 1459 4088 adeptionem,
1493 4018 1657 4086 gratis
1687 4018 1773 4070 hic
1802 4015 2159 4085 justilieantur

569 4133 635 4173 ex
664 4114 860 4186 impiis,
885 4112 1010 4183 quia
1041 4111 1277 4165 Christus
1303 4126 1396 4179 pro
1419 4109 1590 4177 impiis
1620 4117 1850 4162 mortuus
1877 4115 1951 4161 est
1976 4107 1994 4177 (
2005 4106 2153 4161 Rom.

566 4226 624 4276 ν,
641 4206 732 4279 6);
754 4215 829 4272 et,
856 4221 1031 4260 omnes
1053 4209 1408 4274 peccaverunt,
1436 4209 1646 4270 etegent
1668 4200 1835 4269 gloria
1864 4199 1981 4263 Dei,
1995 4201 2156 4270 justi-

567 4299 713 4370 ]icati
733 4298 898 4371 gratis
922 4295 948 4335 ι’
970 4311 1066 4367 per
1079 4294 1306 4366 gratiam
1318 4293 1484 4364 ipsius
1509 4290 1688 4363 (Rom.
1717 4307 1795 4358 tu,
1815 4291 1928 4359 25).
1953 4289 2158 4357 Quibus

567 4393 708 4447 sicut
737 4403 833 4460 per
871 4385 1294 4444 misericordiam
1323 4382 1648 4455 prteparavit
1673 4382 1966 4453 gratuitum
1997 4382 2157 4451 justi-

569 4481 841 4538 licationis
863 4480 1086 4541 donum,
1115 4479 1189 4533 ita
1218 4492 1316 4547 per
1350 4475 1613 4545 justitiam
1643 4474 1964 4546 praeparavit
1988 4484 2152 4532 aeter-

2262 3292 2312 3339 et
2337 3283 2684 3350 ebrietatibus,
2710 3300 2815 3339 non
2842 3285 2896 3339 in
2926 3282 3176 3339 cubitibus
3202 3294 3252 3339 et
3272 3283 3627 3355 impudicitiis,
3663 3301 3764 3339 non
3794 3285 3851 3338 in

2262 3378 2589 3433 contentione
2624 3387 2674 3432 et
2701 3378 3072 3442 aemulatione;
3113 3378 3205 3433 sed
3244 3377 3530 3433 induamur
3572 3376 3852 3432 Dominum

2260 3468 2439 3525 Jesum
2483 3468 2765 3534 Christum,
2816 3479 2867 3524 et
2908 3471 3079 3524 carnis
3126 3486 3307 3524 curam
3345 3485 3452 3525 non
3490 3467 3754 3524 faciamus
3791 3469 3849 3523 in

2263 3560 2531 3631 desideriis
2580 3559 2760 3633 (Rom.
2815 3577 2936 3626 xm,
2968 3560 3054 3625 l3,
3089 3559 3198 3632 14).
3242 3560 3526 3629 Quomodo
3556 3561 3704 3617 enim
3728 3560 3852 3617 ﬁeri

2262 3663 2445 3724 potest
2470 3662 2529 3708 ut
2551 3655 2777 3725 gratiam
2799 3655 3028 3725 quisque
3069 3655 3318 3727 accipiat,
3354 3664 3411 3711 et
3436 3670 3606 3725 opera
3631 3655 3849 3724 gratia,

2263 3747 2377 3815 ipsa
2408 3746 2580 3814 gratia
2609 3747 2663 3801 in
2683 3762 2742 3801 se
2766 3755 3047 3818 operante,
3082 3763 3189 3803 non
3212 3747 3412 3803 faciat?
3439 3746 3623 3802 Gratia
3649 3749 3855 3819 quippe

2263 3852 2359 3905 per
2394 3836 2655 3906 Spiritum
2681 3846 2928 3893 sanctum
2955 3837 3112 3893 datur
3137 3857 3150 3905 ;
3193 3842 3389 3911 fruetus
3420 3850 3592 3894 autem
3618 3836 3857 3910 Spiritus

2261 3938 2337 3980 est
2368 3930 2588 3993 caritas,
2622 3930 2886 4000 gaudium,
2922 3945 3047 3999 pax,
3080 3918 3472 4000 longanimitas,
3503 3930 3731 3994 bonitas,
3767 3933 3862 3984 be-

2262 4021 2511 4090 nignitas,
2543 4021 2693 4090 fides,
2721 4021 2992 4085 modestia,
3019 4022 3338 4076 continentia
3362 4020 3501 4091 (Gal.
3536 4039 3590 4089 ιν,
3610 4021 3703 4083 2‘2,
3735 4022 3859 4091 ‘25).

2261 4109 2392 4177 Quis
2433 4112 2594 4179 igitur
2633 4121 2856 4184 accepta
2883 4114 3054 4170 sancti
3083 4112 3315 4184 Spiritus
3355 4116 3525 4183 gratia
3568 4131 3680 4170 non
3709 4126 3860 4181 oret,

2262 4217 2368 4257 non
2419 4203 2621 4272 vigilet,
2670 4220 2777 4261 non
2833 4205 3285 4276 concupiscentiis
3331 4205 3637 4261 carnalibus
3683 4207 3868 4277 ipsius

2260 4294 2515 4363 sullragio
2541 4295 2727 4365 gratiae
2753 4306 2916 4367 atque
2938 4296 3216 4366 juvamiue
3241 4298 3548 4368 repugnet?
3573 4294 3717 4352 Cum
3747 4298 3867 4351 uti-

2259 4402 2366 4455 que
2396 4386 2646 4445 Salvator
2682 4398 2868 4446 noster
2903 4390 3127 4459 vigilare
3164 4397 3220 4445 et
3255 4404 3415 4445 orare
3443 4404 3545 4445 nos
3573 4390 3873 4461 praecipiat

2261 4478 2476 4549 (Matth.
2509 4496 2656 4547 xxvr,
2703 4481 2816 4551 41),
2869 4490 2925 4537 et
2972 4482 3162 4538 beatus
3200 4480 3399 4537 Paulus
3448 4488 3681 4537 testetur
3729 4483 3873 4554 quia

567 4591 651 4632 nte
676 4572 1076 4646 justilicationis
1105 4582 1128 4610 ο
1160 4570 1461 4641 praemium.
1504 4567 1650 4639 Opus
1681 4569 1862 4638 itaque
1888 4570 2075 4637 gratiae
2099 4569 2155 4624 in
2182 4586 2234 4645 ι)
2258 4573 2342 4644 qui
2384 4581 2505 4627 sunt
2532 4571 2725 4627 Christi
2751 4591 2961 4630 carnem
2989 4591 3138 4630 suam
3166 4575 3535 4645 cruciﬁxerunt
3563 4590 3686 4629 cum
3718 4576 3877 4633 uitiis

567 4668 817 4724 omnibus
835 4663 1230 4737 praedestinatis
1256 4662 1490 4732 gratuita
1516 4660 1887 4727 misericordia
1936 4661 2157 4717 inchoa-

567 4769 674 4826 tur,
706 4766 763 4815 et
785 4758 929 4828 justa
955 4755 1311 4812 retributione
1334 4753 1631 4824 perﬁcitur.

637 4851 692 4905 8.
734 4847 1145 4905 Praedestinavit
1192 4861 1321 4917 ergo
1363 4846 1507 4902 Deus
1551 4853 1773 4902 sanctos
1811 4862 1962 4913 suos,
2008 4855 2066 4901 et
2088 4845 2157 4902 ad

566 4943 797 5014 gratiam
844 4942 969 4997 vitae
1021 4941 1216 5004 home,
1262 4947 1320 4994 et
1368 4938 1436 4995 ad
1475 4939 1701 5008 gratiam
1748 4940 1871 4994 vitae
1916 4947 2153 4995 aeterna}.

565 5033 594 5071 ἀ
614 5033 799 5088 Gratia
813 5046 944 5102 ergo
960 5029 1060 5085 Dei
1079 5032 1185 5085 vita
1199 5036 1393 5084 wterna
1415 5030 1469 5082 in
1491 5027 1695 5086 Christo
1714 5028 1876 5100 585
1900 5027 2027 5083 Jesu
2043 5027 2155 5084 Do-

565 5126 708 5180 mino
730 5131 927 5178 nostro.
952 5120 1095 5191 Ergo
1116 5136 1214 5193 per
1233 5119 1464 5189 gratiam
1485 5118 1584 5174 Dei
1600 5118 1961 5188 justilicantur
1985 5120 2155 5192 impii,

565 5226 646 5281 ut,
672 5216 1003 5284 abuegantes
1028 5212 1362 5284 impietatem
1391 5219 1447 5268 et
1467 5211 1746 5269 saecularia
1763 5196 2047 5281 desideria,
2078 5228 2161 5270 so-

565 5310 704 5375 brie,
734 5314 790 5364 et
812 5304 977 5377 juste,
1011 5312 1067 5360 et
1093 5305 1184 5375 pie
1211 5304 1396 5360 vivant
1425 5306 1480 5361 in
1502 5305 1609 5360 hoc
1632 5305 1859 5373 saeculo;
1885 5313 1943 5361 et
1970 5313 2047 5374 ut,
2067 5304 2157 5377 ju-

565 5399 779 5457 stilicati
809 5399 979 5469 gratia
1021 5396 1208 5467 ipsius,
1249 5396 1493 5454 haeredes
1533 5398 1640 5453 sint
1666 5398 1962 5456 secundum
2003 5415 2154 5471 spem

566 5495 691 5548 vita:
716 5500 954 5548 aeternae.
984 5488 1349 5560 Prteparatam
1376 5490 1506 5560 ergo
1542 5490 1772 5559 gratiam
1799 5490 1965 5551 donat
1991 5490 2151 5559 Deus,

641 5705 666 5734 ⁸
697 5696 824 5757 Mss.
857 5696 984 5765 duo,
1011 5698 1487 5769 diminuitur;_tum
1516 5695 1719 5752 addunt
1742 5697 1861 5769 quia
1890 5699 2025 5752 idem
2062 5712 2151 5752 nu-

567 5783 738 5841 merus
766 5808 779 5822 .
806 5808 824 5841 ._
847 5808 862 5841 ε
892 5769 959 5826 ad
986 5770 1102 5827 haec
1128 5768 1316 5839 verba,
1341 5766 1483 5827 Nam
1508 5769 1651 5841 quia,
1680 5766 1798 5839 quae
1827 5784 1933 5825 non
1964 5770 2153 5838 legun-

570 5837 885 5894 writtedd.

2258 4673 2309 4717 et
2337 4664 2763 4736 concupiscentiis
2795 4664 2994 4736 (Galat.
3026 4683 3088 4731 v,
3117 4664 3230 4737 24).

2334 4754 2420 4811 l0.
2454 4755 2587 4812 Tale
2613 4765 2699 4812 est
2717 4766 2901 4812 autem
2926 4758 2974 4813 si
3001 4758 3122 4828 quis
3139 4757 3283 4814 dicat
3309 4776 3322 4812 :
3354 4757 3413 4814 Si
3436 4758 3885 4829 praedestinatum

2259 4854 2344 4903 est
2371 4847 2559 4915 homo,
2610 4862 2712 4905 nec
2739 4863 2897 4904 orare
2942 4848 3126 4917 debet,
3177 4864 3281 4905 nec
3308 4849 3554 4918 vigilare,
3601 4852 3787 4920 quale
3831 4854 3886 4910 si

2259 4936 2401 4992 dicat
2430 4937 2498 4992 ab
2525 4952 2593 4994 eo
2626 4938 2715 4995 cui
2754 4939 2865 4993 vita
2903 4936 3066 4996 fuerit
3107 4939 3363 4997 divinitus
3402 4942 3676 5012 promissa
3740 4946 3892 5001 vita:

2258 5029 2493 5086 subsidia
2523 5044 2634 5085 non
2660 5029 2971 5100 quierenda.
3008 5030 3143 5087 Nam
3171 5032 3399 5100 legimus
3433 5030 3683 5089 Ezechias
3718 5037 3892 5105 regis

2261 5124 2330 5179 ad
2359 5123 2522 5179 vitam
2552 5123 2857 5194 quindecim
2882 5138 3056 5181 annos
3082 5123 3230 5180 dono
3257 5124 3455 5181 divinae
3481 5126 3893 5187 miserationis

2260 5214 2500 5285 adjectos
2533 5214 2585 5287 (ι
2602 5214 2642 5270 γ
2666 5214 2797 5288 Reg.
2829 5232 2919 5284 xx,
2952 5215 3031 5287 ϐ).
3063 5216 3201 5273 Num
3228 5230 3359 5286 ergo
3383 5216 3569 5272 debuit
3588 5216 3894 5279 Ezechias

2257 5308 2458 5374 dicere,
2506 5323 2605 5379 pro
2656 5322 2724 5365 eo
2759 5308 2905 5378 quod
2945 5308 3088 5379 apud
3128 5324 3255 5365 eum
3292 5316 3443 5366 certa
3484 5317 3633 5366 esset
3672 5310 3896 5371 divina

2258 5400 2566 5470 promissio,
2612 5407 2902 5472 propterea
2945 5416 3006 5457 se
3030 5400 3231 5458 debere
3255 5416 3359 5458 nec
3384 5400 3587 5468 cibum,
3619 5418 3748 5460 nec
3783 5421 3902 5477 po.

2258 5498 2370 5547 tum
2394 5506 2630 5562 sumere,
2660 5507 2762 5549 nec
2783 5494 2848 5548 ea
2871 5507 2991 5563 quae
3015 5493 3083 5551 ad
3109 5494 3235 5549 viae
3252 5492 3551 5551 subsidium
3576 5496 3909 5564 pertinent

2329 5695 2357 5736 δ
2386 5696 2500 5752 Non
2524 5696 2718 5767 legitur
2736 5698 2898 5767 gratis
2923 5697 2975 5752 in
3007 5696 3153 5764 edd.,
3180 5697 3376 5767 legitur
3397 5699 3451 5753 in
3479 5698 3716 5758 duobus
3744 5688 3909 5765 mss.

2341 5779 2361 5849 ξ
2389 5768 2584 5849 forte,
2619 5769 3268 5849 wtemwﬂloriﬁcationis.

2335 5837 2357 5876 ά
2387 5837 2663 5895 Habentur
2690 5838 2806 5895 haec
2832 5837 2888 5896 in
2911 5837 3067 5910 mss,
3097 5848 3205 5905 nan
3236 5856 3366 5897 vero
3389 5840 3442 5897 in
3466 5842 3735 5901 excusis.
