4064 6358
215 419 309 474 657

1126 417 1214 472 DE
1253 409 1600 474 VERITATE
1641 405 2320 474 PREDESTINATIONIS
2358 419 2486 475 LIB.
2529 420 2614 475 lll.

3395 421 3500 477 658

213 531 501 602 cogitare?
548 526 685 586 Cum
729 536 916 599 utique
945 525 1066 584 ideo
1112 529 1270 585 detur
1310 530 1477 599 ipsius
1507 529 1625 583 vita!
1657 544 1802 596 usus,
1837 533 1887 592 Α
1913 531 2108 600 arguit,
2140 531 2184 586 si
2212 546 2374 602 quem
2403 533 2455 586 in
2488 531 2793 588 hominibus
2833 532 3088 602 cognovit
3115 545 3372 598 errorem,
3424 521 3505 589 sic

214 631 272 679 ut
322 623 376 678 in
418 620 584 678 corde
638 622 868 676 Viventis
916 621 1130 677 vivendi
1176 633 1489 694 perseveret
1538 621 1802 689 affectus;

212 717 376 790 486
403 726 458 772 et
489 717 541 771 in
572 732 639 772 eo
665 714 811 786 quod
839 714 1070 785 quisque
1112 716 1277 771 vitam
1308 733 1460 772 suam
1490 725 1652 783 amat,
1684 715 1807 771 vita:

212 808 447 865 subsidia
504 823 614 863 non
650 807 900 878 repellat.
941 807 1020 862 Ab
1052 808 1166 878 ipsa
1214 822 1346 877 ergo
1392 809 1502 863 vita
1549 809 1808 862 ha'bemus

213 908 270 955 ut
299 900 368 955 de
397 907 543 954 statu
575 899 742 969 ipsius
781 898 906 953 vitae
948 899 1179 955 sollicite
1215 901 1533 968 cogitemus.
1576 899 1809 955 Proinde

210 993 381 1062 gratia
413 1007 574 1062 quam
603 988 748 1046 Deus
775 989 1194 1061 praedestinavit,
1228 990 1282 1045 id
1309 998 1391 1045 est
1416 1005 1483 1046 ex
1505 991 1810 1046 aeternitate

211 1084 323 1141 suis
354 1081 603 1138 ﬁdelibus
643 1082 1001 1154 praeparavit,
1049 1082 1154 1143 hoc
1200 1081 1255 1136 in
1306 1082 1463 1137 nobis
1508 1082 1618 1150 agit
1646 1097 1713 1136 ex
1742 1097 1809 1138 eo

211 1176 357 1245 quod
387 1191 508 1231 eam
538 1175 880 1246 accepimus,
912 1182 971 1230 ut
999 1174 1052 1228 in
1081 1174 1240 1229 nobis
1269 1188 1388 1229 eam
1429 1173 1695 1229 custodiri
1724 1174 1808 1229 di-

211 1270 340 1324 vino
380 1283 606 1324 munere
633 1267 987 1338 postulemus,
1017 1274 1072 1322 et
1094 1266 1198 1322 hoc
1227 1266 1279 1321 in
1311 1267 1565 1337 operibus
1605 1266 1808 1328 habea-

211 1379 352 1431 mus,
385 1363 529 1433 quod
559 1363 673 1432 ipsa
704 1362 966 1430 largiente
996 1361 1360 1433 percepimus.
1404 1359 1463 1415 ln
1490 1359 1597 1414 illis
1627 1365 1810 1414 autem

211 1465 536 1530 permanent
585 1456 752 1526 ipsius
787 1455 974 1525 gratim
1002 1455 1166 1522 dona,
1215 1453 1412 1523 quibus
1451 1461 1579 1509 sunt
1614 1451 1813 1507 divina:

211 1547 706 1621 prmdestinationis
755 1561 978 1603 munere
1021 1554 1344 1618 praeparata.
1386 1545 1504 1601 Non
1554 1558 1684 1613 ergo
1730 1543 1814 1599 di-

212 1642 447 1700 cendum
475 1649 590 1697 est:
640 1639 698 1695 Si
727 1639 1095 1710 praedestinati
1123 1653 1328 1705 sumus,
1361 1651 1464 1692 nec
1504 1635 1808 1705 vigilemus,

212 1752 316 1793 nec
349 1750 588 1792 oremus.
632 1732 746 1787 lmo
791 1747 914 1787 cum
943 1731 1228 1800 vigilamus
1271 1737 1327 1785 et
1355 1743 1591 1794 oramus,
1624 1727 1812 1797 gratim

212 1829 308 1884 Dei
335 1825 602 1883 beneﬁcia
625 1839 1015 1896 cognoscamus
1041 1841 1056 1890 ;
1082 1839 1183 1879 nec
1203 1822 1534 1892 denegemus
1554 1827 1813 1876 aeternam

1912 621 2162 677 omnibus
2191 623 2502 678 hominibus
2530 623 2808 694 prtedicari
2836 623 3009 679 voluit
3029 639 3189 695 quam
3221 623 3332 678 suis
3360 623 3505 679 inse-

1911 714 2020 768 ruit
2045 713 2238 769 litterk
2257 715 2566 774 veritatem.
2608 716 2702 772 llle
2730 717 2911 787 itaque
2934 716 3230 786 apostolica
3253 715 3505 771 mandata

1912 806 2030 862 sine
2056 807 2219 862 dubio
2261 808 2454 875 solvit,
2510 809 2602 880 qui
2641 809 2936 880 apostolica
2985 809 3128 865 dicta
3175 818 3269 869 aut
3305 824 3509 880 negare

1914 907 2007 955 aut
2027 915 2340 972 oppugnare
2370 903 2667 958 contendit.
2707 902 3244 960 Prmdestinationem
3274 919 3509 975 namque

1913 994 2054 1050 sicut
2085 1003 2196 1049 tam
2238 993 2465 1050 ﬁdenter
2490 1011 2651 1066 quam
2698 996 2967 1051 veraciter
2994 996 3187 1052 beatus
3229 997 3509 1068 apostolus

1913 1086 2244 1157 praedicavit,
2290 1087 2364 1141 ita
2403 1087 2560 1143 nobis
2604 1087 3006 1158 praedicandam
3044 1088 3272 1144 ﬁdenter
3300 1090 3510 1144 veraci-

1915 1187 2104 1250 terque
2134 1180 2431 1235 mandavit.
2472 1180 2583 1235 Nec
2610 1180 2771 1252 487
2805 1181 2984 1236 timuit
3017 1197 3086 1237 ne
3116 1182 3390 1238 videretur
3424 1196 3515 1251 ge-

1914 1271 2106 1339 nesim,
2137 1272 2225 1327 vel
2250 1273 2437 1337 fatum,
2482 1282 2578 1328 aut
2605 1275 3076 1352 constellationem
3121 1277 3508 1333 introducere:

1916 1364 2058 1436 quod
2079 1365 2126 1421 si
2149 1365 2238 1420 isti
2268 1365 2463 1421 fratres
2500 1366 2735 1421 inaniter
2762 1375 3035 1435 metuunt,
3083 1369 3192 1425 illic
3233 1369 3525 1441 trepidan-.

1914 1464 1998 1511 tes
2019 1456 2214 1512 timore
2241 1457 2332 1512 ubi
2363 1473 2471 1512 non
2499 1466 2584 1514 est
2610 1459 2773 1514 timor
2802 1459 2976 1532 (Psat.
3009 1475 3121 1527 xm,
3155 1459 3207 1532 5)
3235 1478 3249 1527 ;
3299 1471 3355 1516 et
3387 1477 3526 1522 cum

1915 1549 2095 1620 impiis
2134 1550 2459 1622 reprehendi
2497 1551 2821 1617 formidant,
2869 1553 3035 1624 impie
3063 1555 3132 1610 de
3167 1553 3279 1610 Deo
3307 1555 3512 1631 septiro

1915 1659 2026 1699 non
2073 1643 2338 1699 dubitant.
2413 1643 2544 1711 Quis
2591 1646 2734 1700 enim
2781 1645 3018 1703 deterius
3064 1654 3245 1718 potest
3284 1646 3352 1702 de
3397 1647 3528 1708 Deo,

1915 1742 2143 1804 aeterno,
2175 1735 2243 1792 de
2269 1734 2382 1792 Deo
2403 1752 2553 1803 vero,
2587 1737 2654 1793 de
2687 1738 2968 1794 Deo~bono
3001 1754 3067 1794 ac
3091 1739 3254 1796 beato
3282 1739 3510 1807 sentire,

1915 1841 2077 1898 quam
2105 1829 2199 1897 qui
2230 1843 2354 1885 eum
2394 1838 2557 1898 negat
2585 1845 2652 1884 ex
2682 1831 2988 1885 aeternitate
3016 1831 3155 1886 scire
3194 1831 3341 1902 quod
3367 1840 3530 1889 esset.

210 1921 483 1977 bonorum
532 1919 760 1973 istorum
810 1915 1099 1985 ονὶείηθιη,
1131 1929 1367 1999 filiorum
1398 1913 1452 1968 in
1482 1912 1643 1969 "ObiS
1669 1911 1810 1967 diVi-
1841 1939 1888 1999 Β
1918 1919 2160 1976 facturus
2202 1922 2255 1976 in
2286 1930 2570 1992 tempore;
2621 1929 2715 1976 aut
2744 1921 3026 1977 fortuitum
3059 1923 3278 1979 ascribit
3316 1923 3514 1978 divinis

211 2029 338 2068 nam
377 2011 651 2068 cernimus
690 2009 1036 2078 largitatem;
1087 1992 1318 2076 quorum
1363 2006 1442 2061 sic
1491 2019 1600 2060 non
1628 2011 1814 2076 potest

211 2121 330 2162 esse
363 2102 772 2176 prmdestinatio
795 2099 1006 2167 'dubia,
1057 2098 1199 2154 sicut
1246 2113 1436 2153 eorum
1466 2095 1814 2165 cognoscitur

210 2200 540 2272 prmparatio
585 2197 936 2267 sempiterna.
979 2192 1210 2262 Propter
1236 2190 1380 2261 quod
1421 2190 1552 2245 dicit
1579 2190 1814 2259 Aposto-

209 2291 293 2347 lus
319 2311 332 2344 :
368 2291 712 2362 Ipsiusenim
742 2304 920 2342 sumus
949 2287 1188 2358 factura,
1223 2284 1383 2338 creati
1412 2284 1466 2337 in
1497 2282 1702 2336 Christo
1729 2279 1816 2335 Je-

209 2401 269 2436 su
295 2384 353 2437 in
385 2379 625 2452 aperibus
657 2380 826 2444 bonis,
861 2392 975 2448 qua:
1002 2375 1318 2447 prwparavit
1351 2372 1488 2428 Deus
1527 2383 1585 2427 ut
1611 2374 1668 2426 in
1697 2371 1804 2426 illis

211 2473 539 2528 ambulemus
569 2469 785 2542 (Ep/tes.
816 2485 872 2533 ιι,
906 2467 1018 2538 10).

282 2567 419 2622 Car.
451 2580 545 2619 vn.
578 2596 648 2606 ρ-
687 2562 775 2616 ll.
821 2560 974 2616 Absit
1013 2568 1194 2614 autem
1223 2565 1282 2612 ut
1311 2557 1440 2613 dum
1463 2555 1817 2628 praedestina-

211 2663 290 2718 tio
319 2659 605 2724 asseritur,
649 2654 962 2726 evangelica
1002 2662 1058 2709 et
1098 2651 1397 2724 apostolica
1425 2650 1678 2706 mandata
1707 2649 1819 2704 sol-

212 2760 435 2807 vantur.
482 2746 617 2818 Cum
647 2746 835 2816 utique
862 2742 1017 2800 Jesus
1046 2745 1114 2799 ab
1143 2743 1298 2798 initio
1326 2743 1490 2798 sciret
1515 2741 1608 2811 qui
1636 2742 1818 2796 esSent

212 2841 496 2907 credituri,
527 2848 586 2896 et
612 2839 703 2909 qui
729 2853 853 2894 eum
880 2845 1026 2892 esset
1054 2835 1353 2892 traditurus
1385 2835 1564 2908 (Joan.
1595 2851 1671 2902 vt,
1699 2833 1812 2906 65),

214 2952 318 2993 nec
348 2935 486 2990 falsa
526 2932 768 3004 potuerit
804 2945 925 2986 esse
967 2929 1196 2987 scientia
1223 2926 1538 2984 Creatoris:
1589 2935 1645 2982 et
1692 2926 1815 2982 ideo

210 3031 357 3087 sicut
385 3028 658 3100 praescivit
685 3025 1005 3082 traditorem
1041 3039 1220 3091 suum,
1251 3038 1354 3079 nec
1383 3023 1520 3077 alius
1550 3037 1674 3076 eum
1705 3029 1817 3076 tra-

210 3121 352 3178 didit
384 3120 491 3176 nisi
531 3118 623 3174 ille
663 3133 826 3188 quem
856 3117 973 3187 ipse
1001 3115 1274 3187 pratscivit
1299 3156 1315 3183 ,
1368 3114 1446 3169 sic
1480 3114 1666 3183 utique
1693 3112 1819 3168 illos

207 3226 357 3283 quos
385 3208 789 3282 prmparatione
817 3223 915 3264 sua
944 3207 1155 3264 sciebat
1177 3205 1247 3262 ad
1276 3205 1437 3260 ﬁdem
1463 3205 1818 3276 praedestina-

1919 2012 2174 2081 operibus
2215 2026 2452 2078 cursum,
2501 2021 2703 2081 negans
2751 2019 3016 2067 mternum
3053 2028 3274 2069 manere
3321 2013 3515 2071 futura:

1919 2118 2030 2158 suae
2073 2103 2406 2173 operationis
2458 2103 2514 2158 in
2543 2103 2633 2158 illa
2681 2104 3133 2160 incommutabilis
3171 2104 3269 2160 Dei
3311 2113 3519 2161 :eterna

1917 2198 2196 2254 voluntate
2225 2197 2556 2253 consilium?
2597 2195 2725 2252 Haec
2763 2197 2907 2252 enim
2951 2198 3197 2264 assertio,
3239 2213 3360 2268 qua:
3388 2213 3519 2254 vere

1917 2288 2100 2345 divino
2146 2296 2232 2344 est
2276 2289 2491 2344 inimica
2538 2289 2788 2355 consilio,
2831 2289 2972 2345 sicut
3019 2290 3192 2346 bonas
3234 2290 3518 2345 hominum

1916 2382 2223 2438 voluntates
2270 2390 2327 2436 et
2381 2396 2546 2452 opera
2588 2381 2643 2435 in
2669 2389 2869 2436 mterna
2915 2380 3011 2443 Dei
3041 2376 3520 2451 praedestinatione

1917 2476 2108 2531 haberi
2147 2474 2473 2530 omnimodis
2511 2480 2712 2542 negat,
2767 2472 2842 2526 ita
2892 2470 2987 2526 Dei
3017 2473 3301 2528 scientiam
3329 2487 3398 2527 ex
3425 2472 3519 2526 hu-

1917 2565 2093 2620 manis
2117 2563 2486 2619 voluntatibus
2506 2569 2670 2632 atque
2699 2561 2907 2617 actibus
2934 2560 3175 2632 pendere
3203 2562 3513 2617 conﬁrmat.

1919 2657 1978 2713 Si
2005 2657 2170 2728 ,enim
2212 2654 2353 2710 Deus
2399 2654 2580 2709 omnia
2636 2652 2813 2708 futura
2863 2668 3030 2724 opera
3073 2669 3172 2713 sua
3218 2669 3288 2710 ex
3311 2662 3521 2709 aeterno

1920 2747 2212 2819 praescivit,
2243 2745 2434 2816 procul
2472 2744 2637 2800 dubio
2662 2744 2854 2801 eadem
2896 2761 3062 2816 opera
3093 2761 3190 2802 sua
3233 2746 3389 2802 bona:
3417 2763 3520 2802 vo-

1919 2841 2148 2905 luntatis
2193 2853 2303 2895 suae
2331 2838 2614 2911 proposito
2659 2839 3022 2909 praeparavit,
3078 2848 3136 2895 et
3186 2842 3334 2909 quod
3377 2847 3522 2895 esset

1919 2937 2242 3001 operaturus
2262 2971 2277 2996 ,
2321 2929 2780 2986 incommutabilis
2807 2929 3018 2985 consilii
3050 2928 3307 2986 ﬁrmitate
3335 2930 3520 3002 dispo-

1920 3021 2029 3076 suit
2057 3039 2070 3074 :
2121 3036 2223 3076 nec
2251 3021 2408 3077 aliter
2436 3028 2618 3092 potest
2644 3021 2779 3077 ordo
2805 3021 3111 3078 divinorum
3138 3038 3362 3093 operum
3393 3039 3524 3079 cur-

1921 3128 2065 3180 rere,
2097 3128 2261 3184 quam
2299 3112 2574 3168 invenitur
2603 3113 2658 3168 in
2682 3113 2800 3183 ejus
2847 3113 3308 3172 incotnmutabilis
3333 3115 3526 3184 cogni-
3627 3191 3630 3194 ἢ

1923 3208 2088 3264 tionis
2115 3197 2515 3278 praeparatione
2543 3216 2814 3264 constare.

206 3316 335 3376 tos,
384 3305 534 3376 ipsos
577 3311 807 3359 noverat
856 3302 924 3358 ab
964 3301 1119 3357 initio
1159 3298 1485 3355 credituros.
1535 3296 1817 3364 Quomodo
1847 3314 1895 3378 ο
1996 3298 2128 3354 CAP.
2161 3315 2234 3354 ιιι.
2265 3329 2337 3341 —-
2364 3298 2452 3352 1⁸5.
2487 3298 2758 3369 Quidquid
2803 3299 2859 3354 in
2905 3307 3151 3370 tempore
3195 3301 3528 3358 mutabiliter

208 3409 414 3456 autem
444 3399 743 3454 assertione
783 3393 1277 3468 praedestinationis
1326 3390 1625 3463 apostolica
1666 3402 1817 3468 man-

205 3483 349 3546 data
393 3489 684 3554 solvimus,
734 3502 857 3543 cum
909 3501 1020 3541 non
1072 3484 1247 3541 solum
1288 3498 1383 3539 eos
1433 3482 1526 3552 qui
1577 3481 1819 3558 membra

205 3581 426 3638 Christi
450 3588 597 3645 sunt,
625 3577 720 3634 sed
746 3579 922 3650 ipsum
949 3591 1168 3646 quoque
1215 3573 1491 3628 Christum
1539 3570 1818 3640 praedesti-

206 3683 446 3740 natum,
475 3671 738 3743 Apostolo
778 3668 1126 3741 praedicante,
1177 3665 1533 3723 noverimus?
1583 3662 1660 3718 De
1701 3663 1819 3732 ipso

201 3766 368 3822 enim
410 3765 603 3820 beatus
631 3762 828 3818 Paulus
856 3762 1025 3816 dicit:
1059 3759 1160 3825 Qui
1190 3762 1358 3830 factus
1388 3767 1464 3812 est
1501 3758 1549 3811 ei
1570 3771 1635 3810 ex
1673 3757 1825 3810 semi-

203 3875 278 3913 ηε
317 3856 498 3912 Dauid
535 3856 818 3912 secundum
870 3870 1120 3919 carnem;
1171 3853 1258 3924 qui
1296 3851 1696 3922 prazdestinatus
1745 3855 1821 3902 est

202 3952 399 4007 Filius
427 3951 525 4006 Dei
550 3953 603 4006 in
631 3953 835 4016 virtute,
862 3949 1145 4003 secundum
1167 3945 1420 4017 Spiritum
1442 3943 1820 4013 sanctiﬁcatio-

198 4049 296 4102 nis
335 4045 520 4118 (Rom.
555 4035 594 4112 ι,
625 4045 702 4114 5).
749 4043 870 4098 Alio
897 4056 1116 4113 quoque
1146 4041 1266 4095 loco
1295 4039 1424 4095 dicit
1451 4057 1462 4091 :
1497 4037 1823 4108 Sapientiam

199 4151 399 4194 autem
430 4140 690 4211 loquimur
711 4138 847 4191 inter
890 4137 1144 4207 perfectos
1172 4150 1190 4187 :
1233 4132 1545 4203 sapientiam
1573 4146 1689 4183 vero
1719 4145 1822 4182 non

194 4229 377 4300 hujus
423 4227 623 4292 surculi,
670 4242 832 4296 neque
860 4225 1152 4294 principum
1186 4222 1338 4293 hujus
1368 4219 1562 4284 saeculi,
1604 4219 1691 4289 qui
1728 4217 1823 4271 de-

189 4332 540 4387 struantur;
578 4320 668 4375 sed
702 4319 958 4391 loquimur
987 4315 1084 4370 Dei
1105 4315 1417 4386 sapientiam
1461 4314 1517 4367 in
1554 4311 1821 4382 mysterio,

189 4435 330 4490 qua:
379 4414 694 4470 abscondita
731 4421 847 4480 est,
894 4427 1048 4483 quam
1095 4407 1483 4477 praedestinavit
1527 4403 1666 4457 Deus
1704 4410 1826 4456 ante

186 4509 419 4565 swcula
449 4509 505 4561 in
531 4506 754 4577 gloriam
795 4512 1029 4558 nostram
1060 4499 1114 4573 (Ι
1146 4499 1266 4554 Cor.
1299 4515 1356 4562 ιι,
1389 4497 1446 4565 6,
1478 4494 1553 4568 7).
1593 4494 1824 4562 Quociro

1922 3393 2167 3461 geritur,
2219 3391 2324 3446 hoc
2372 3391 2425 3444 in
2471 3388 2752 3444 altitudine
2794 3389 3102 3444 divitiarum
3152 3391 3429 3460 sapientia.-
3472 3399 3530 3447 et

1923 3485 2162 3542 scientiae
2193 3483 2290 3538 Dei
2335 3489 2598 3538 tetemum
2643 3488 2808 3550 atque
2845 3481 3282 3538 incommutabile
3308 3491 3529 3538 natura-

1923 3580 2048 3635 liter
2073 3577 2363 3640 invenitur,
2407 3575 2498 3644 qui
2525 3573 2764 3629 scientia:
2784 3558 2894 3628 suae
2913 3573 3247 3646 plenitudine
3276 3575 3530 3630 universa

1923 3670 2103 3727 futura
2132 3667 2430 3739 cognovit,
2471 3674 2526 3721 et
2569 3665 2851 3720 altitudine
2891 3665 3170 3735 sapientim
3197 3680 3306 3720 sua:
3334 3674 3532 3734 cuncta

1925 3778 2091 3834 opera
2120 3778 2236 3824 sua,
2263 3760 2574 3830 priusquam
2606 3759 2816 3824 ﬁerent,
2849 3757 3077 3814 mirabili
3105 3757 3292 3814 ordine
3320 3774 3532 3830 praepa-

1926 3857 2085 3911 ravit.
2116 3853 2368 3924 Alioquin
2394 3851 2665 3923 praecedet
2683 3851 2918 3906 divinam
2948 3851 3267 3922 sapientiam
3297 3853 3534 3908 humans

1927 3946 2182 4017 cogitatio
2229 3953 2392 4014 atque
2440 3943 2686 4015 operatio
2709 3984 2723 4010 ,
2766 3944 2809 3998 si
2849 3959 2957 3999 non
2983 3958 3106 3998 eam
3134 3959 3205 4000 ex
3231 3944 3534 3999 :eternitato

1930 4039 2348 4111 comprehendit
2373 4038 2556 4093 divina
2587 4036 2846 4106 cognitio.
2888 4035 3121 4093 Necesse
3148 4048 3232 4093 est
3259 4045 3440 4091 autem
3471 4043 3536 4091 ut

1929 4132 1974 4187 si
2007 4131 2148 4186 Deus
2190 4127 2646 4185 incommutabilis
2686 4136 2772 4183 est
2799 4135 2854 4184 et
2877 4136 3140 4194 aeternus,
3179 4128 3252 4183 sit
3288 4127 3404 4198 ejus
3446 4128 3532 4183 in-

1931 4222 2332 4279 commutabilis
2359 4231 2415 4278 et
2441 4229 2642 4277 (eterna
2669 4221 2926 4293 cognitio.
2967 4220 3397 4278 Incommutabili
3433 4237 3534 4277 au-

1931 4324 2041 4370 tem
2067 4323 2122 4370 et
2142 4324 2360 4371 aeternae
2389 4315 2628 4370 scientiae
2657 4315 2788 4369 nihil
2819 4313 3018 4370 accidit
3041 4317 3355 4386 temporale.
3386 4315 3536 4382 Quo-

1931 4410 2076 4464 niam
2106 4411 2151 4464 si
2181 4409 2380 4478 aliquid
2409 4410 2456 4464 ei
2489 4410 2541 4463 in
2588 4418 2834 4480 tempore
2883 4410 3141 4464 accidisse
3169 4413 3530 4478 cognoscitur,

1933 4516 2157 4556 necesse
2200 4509 2285 4556 est
2318 4509 2377 4554 ut
2407 4501 2559 4554 initio
2598 4499 3051 4568 mutabilitatique
3097 4499 3386 4567 subdatur;
3436 4517 3535 4558 nec

184 4621 296 4671 ca,
360 4602 497 4674 quid
529 4608 612 4656 est
649 4595 1139 4670 prmdestinationis
1180 4591 1534 4652 assertionem
1575 4600 1822 4656 arguere,

182 4697 309 4752 nisi
348 4691 719 4764 apostolicam
748 4688 1051 4744 doctrinam
1089 4679 1367 4740 mortifera
1400 4680 1678 4750 impietate
1707 4677 1825 4733 cul-

179 4803 344 4858 pare
373 4788 402 4841 ?
435 4783 753 4840 Certissima
779 4779 980 4850 quippe
1019 4777 1257 4832 divinam
1302 4771 1831 4846 prmdestinationem

177 4878 428 4934 Paulus
459 4884 514 4930 et
543 4873 836 4939 didicerat,
869 4880 925 4926 ct
952 4869 1180 4926 docebat
1206 4885 1220 4934 ;
1253 4875 1309 4922 et
1337 4880 1498 4936 quam
1524 4870 1753 4919 noverat
1778 4863 1832 4916 in

168 4971 445 5040 capite,
499 4980 611 5020 non
655 4962 961 5032 denegabat
1006 4962 1058 5016 in
1109 4973 1359 5030 corpore.
1413 4957 1633 5027 Sciebat
1689 4955 1834 5010 enim

166 5070 493 5115 :etermtm
544 5065 708 5126 atque
755 5051 1248 5109 incommutabilem
1299 5050 1488 5115 Deum,
1534 5047 1835 5103 secundum

160 5161 493 5207 mter-nam
532 5154 698 5215 atque
737 5142 1235 5200 incommutabilem
1283 5140 1618 5196 voluntatem
1658 5154 1834 5206 suam,

163 5243 408 5298 omnia
459 5237 744 5308 praescisse
795 5251 915 5306 qua:
961 5250 990 5288 a
1045 5249 1102 5289 se
1141 5231 1384 5288 facienda
1432 5231 1730 5301 disposuit,
1781 5238 1836 5284 et

155 5335 404 5392 omnia
465 5329 886 5401 pnedestinasse
928 5344 1046 5399 que
1075 5343 1136 5383 se
1167 5327 1219 5381 in
1248 5326 1450 5381 sanctis
1490 5326 1602 5380 suis
1631 5323 1837 5378 miseri-

153 5430 476 5487 corditer
504 5441 569 5479 ac
589 5424 734 5494 juste
764 5424 1026 5479 facturum
1051 5437 1170 5477 esse
1197 5419 1484 5492 prmscivit.

241 5522 434 5577 CAP-
472 5533 584 5572 vnt.
618 5547 690 5558 -—
721 5515 806 5568 12.
838 5513 1094 5584 Quisquis
1123 5529 1254 5584 ergo
1280 5525 1835 5591 qaxnssrtantosen

150 5628 422 5672 KEGA‘I',
467 5608 534 5661 de
565 5607 880 5677 apostolicis
916 5621 1033 5660 eam
1066 5606 1215 5677 prius
1247 5603 1502 5674 Epistolis
1531 5604 1746 5667 deleat;
1777 5617 1838 5656 ac

147 5704 424 5766 deinde
476 5715 596 5753 cum
643 5697 946 5752 ostenderit
978 5698 1124 5767 juste
1155 5712 1184 5750 a
1207 5712 1264 5752 se
1297 5695 1682 5766 reprehensum
1711 5709 1845 5762 apo-

139 5805 420 5859 stolum
483 5790 740 5858 Paulum,
816 5803 944 5846 tunc
997 5807 1058 5846 se
1122 5785 1428 5844 hominibus
1475 5788 1844 5843 indubitanter

133 5894 478 5972 praebeat
507 5885 859 5940 audiendum.
903 5885 1103 5939 Beatus
1131 5882 1410 5953 apostolus
1443 5880 1639 5935 Paulus
1671 5880 1844 5935 noluit

131 5969 340 6050 sileri
389 5976 564 6050 quod
596 5975 766 6032 voluit
793 5975 992 6031 scribi'
1047 5972 1144 6031 sed
1185 5973 1325 6030 sicut
1365 5973 1417 6030 in
1446 5969 1702 6042 Epistolis
1730 5973 1842 6028 suis

1934 4605 2116 4666 potest
2163 4611 2282 4651 esse
2329 4596 2445 4650 sine
2495 4594 2650 4649 initio
2672 4602 2861 4648 natura
2886 4635 2900 4659 ,
2942 4595 3096 4663 cujus
3123 4594 3347 4650 scientia
3379 4593 3534 4648 initio

1940 4686 2212 4740 invenitur
2232 4700 2352 4738 esse
2379 4683 2637 4752 subjecta.
2672 4683 2847 4752 Cmpit
2867 4683 3009 4737 enim
3032 4699 3152 4739 esse
3170 4685 3261 4755 qui
3285 4700 3388 4738 non
3411 4685 3532 4750 fuit,

1939 4780 2022 4835 cui
2054 4779 2277 4834 scientia
2301 4777 2465 4846 ccepit
2495 4791 2614 4831 esse
2643 4791 2763 4844 qua:
2791 4774 2984 4842 defuit;
3020 4791 3120 4832 nec
3148 4777 3326 4832 omnia
3356 4785 3538 4847 potest

1938 4869 2096 4924 simul
2127 4868 2365 4923 scientize
2396 4866 2727 4936 plenitudine
2753 4866 3058 4932 continere,
3093 4867 3184 4937 qui
3225 4869 3401 4938 potuit
3438 4869 3539 4922 all-

1941 4960 2068 5031 quid
2099 4958 2388 5031 aliquando
2431 4959 2660 5014 nescire.
2709 4957 2933 5029 Semper
2970 4973 3098 5028 ergo
3135 4961 3408 5015 mutabilis
3440 4959 3539 5014 fuit

1941 5052 2031 5121 qui
2065 5049 2400 5122 plenitudine
2429 5051 2747 5120 cognitionis
2773 5050 3028 5120 indiguit;
3061 5066 3160 5107 nec
3181 5051 3297 5120 ejus
3324 5053 3539 5122 sapien-

1945 5144 2016 5196 tia
2048 5145 2256 5214 attingit
2293 5160 2324 5196 α
2359 5144 2463 5212 [ine
2491 5159 2648 5214 usque
2689 5142 2756 5195 ad
2787 5143 2939 5212 ﬁnem
2974 5144 3200 5213 fortiter,
3233 5153 3282 5196 et
3311 5145 3539 5214 disponit

1948 5237 2122 5290 omnia
2151 5238 2374 5289 suariter
2404 5235 2558 5307 (Sap.
2588 5251 2698 5301 vtu,
2731 5235 2814 5304 1);
2847 5251 2946 5290 nec
2975 5237 3183 5308 attingit
3208 5236 3390 5308 ubique
3414 5253 3538 5307 pro-

1947 5336 2061 5398 pter
2090 5327 2396 5381 multditiam
2424 5342 2571 5380 suam
2615 5326 2768 5396 (Sap.
2801 5341 2903 5392 vn,
2936 5325 3026 5395 2i)
3053 5368 3068 5392 ,
3108 5327 3153 5380 si
3178 5326 3262 5381 vel
3292 5342 3411 5381 eam
3442 5328 3542 5380 ali-

1948 5419 2074 5489 quid
2107 5419 2270 5473 futuri
2299 5418 2479 5488 operis
2510 5417 2696 5483 latuit,
2732 5419 2816 5473 vel
2863 5433 2970 5472 non
3015 5418 3200 5472 habuit
3249 5419 3301 5472 in
3336 5427 3539 5472 interna

1947 5513 2300 5582 dispositione
2332 5526 2394 5566 ac
2422 5511 2893 5582 prmdestinatione
2913 5511 3054 5582 quod
3087 5511 3239 5578 facit;
3283 5527 3382 5568 nec
3412 5513 3542 5568 reti-

1950 5611 2041 5657 net
2070 5603 2335 5671 integrum
2365 5617 2474 5657 sum
2503 5602 3053 5659 incommutabilitatis
3080 5610 3301 5674 statum,
3332 5604 3375 5660 si
3407 5612 3541 5659 tem-

1948 5695 2229 5764 poralibus
2257 5693 2511 5764 operibus
2540 5695 2650 5750 suis
2683 5711 2786 5750 non
2811 5704 3069 5750 aeternum
3094 5737 3108 5763 ,
3133 5697 3224 5754 sed
3245 5696 3541 5768 temporale

1949 5794 2128 5855 potest
2159 5785 2413 5840 adhibere
2442 5787 2744 5842 consilium.

2022 5877 2107 5931 Η.
2140 5878 2481 5950 Quapropter
2502 5881 2732 5935 scientes
2751 5877 2918 5934 Deum
2944 5880 3451 5946 incommutabilem,
3483 5890 3540 5936 et

1946 5982 2248 6045 aeternum,
2294 5987 2348 6034 et
2396 5977 2727 6050 perfectum,
2771 5986 3034 6036 creatura:
3083 5976 3536 6052 omnipotentissi-
3587 5963 3594 5966 ’
