4064 6358
550 396 657 457 ιω

1524 446 1529 449 ι
1596 399 1653 457 8.
1694 399 2061 458 FUbGENTll
2099 395 2411 457 EPISCOPI
2449 396 2820 455 RUSPENSIS

3738 393 3844 451 003

549 522 698 566 muni
724 512 1089 582 conditorem,
1121 523 1178 573 et
1214 515 1455 572 omnium
1482 528 1603 585 quae
1631 514 1870 573 facturus
1898 525 2015 573 erat
2041 532 2139 573 co-
2158 522 2219 581 Α
2317 513 2404 567 l6.
2437 512 2642 583 Nempe
2669 518 2897 583 apparet
2941 511 3017 566 ita
3062 509 3350 567 Dominum
3379 509 3552 567 turbis
3580 509 3840 581 locutum,

558 603 817 671 ,nitorem
846 614 1007 676 atque
1035 606 1419 677 dispositorem
1461 614 1745 672 aeternum,
1792 607 2143 667 conﬁteamur

550 705 675 748 eum
698 709 862 765 opera
890 711 988 751 sua
1014 697 1197 752 omnia
1225 713 1291 752 ex
1310 698 1615 753 mternitate
1635 698 2048 769 prmordinasse,
2074 715 2143 755 ex

549 785 851 841 cternitate
879 786 1021 842 dona
1050 803 1145 842 sua
1174 796 1229 843 et
1252 787 1452 858 judicia
1483 805 1833 860 prmparasse.
1872 790 1969 847 Ille
1996 793 2141 848 enim

545 875 633 931 cui
665 877 928 947 propheta
972 878 1101 936 dicit
1129 898 1141 934 :
1178 879 1370 936 Omnia
1400 884 1456 936 in
1487 883 1746 953 sapientia
1766 884 1934 956 fecisti
1965 884 2138 958 (Psal.

546 984 654 1031 cm,
687 966 809 1039 24),
857 969 910 1024 in
941 970 1129 1028 eadem
1156 973 1416 1047 sapientia
1445 974 1499 1029 in
1529 990 1636 1046 qua
1669 977 1849 1031 omnia
1880 977 2138 1044 condidit,

541 1068 738 1114 cuncta
767 1074 887 1130 qua:
930 1077 991 1118 se
1030 1063 1297 1121 facturum
1343 1074 1674 1135 cognoverat
1724 1083 1790 1123 ex
1841 1069 2143 1125 aeternitate

541 1148 829 1222 disposuit,
869 1155 996 1223 quia
1024 1156 1157 1211 nihil
1181 1172 1368 1213 eorum
1388 1172 1508 1227 qua:
1532 1157 1769 1215 facturus
1789 1158 1964 1215 fuerat
1986 1160 2142 1230 igno-

537 1240 704 1294 ravit.
756 1240 959 1299 Omnes
997 1259 1128 1316 ergo
1157 1256 1285 1303 ante
1313 1247 1496 1304 mundi
1530 1250 1974 1306 constitutionem
1999 1267 2141 1322 prm-

541 1328 868 1390 destinando
896 1326 1040 1392 Deus
1067 1334 1252 1408 elegit,
1282 1354 1419 1408 quos
1446 1338 1533 1397 hic
1562 1340 1616 1395 in
1644 1356 1964 1413 quacunque
1992 1343 2142 1412 posi-

538 1428 627 1479 tos
657 1430 817 1480 aetate
842 1468 858 1495 ,
890 1424 1130 1498 quolibet
1176 1436 1450 1501 tempore,
1481 1431 1777 1488 secundum
1804 1434 2143 1505 propositum

540 1525 702 1572 vocat
742 1524 905 1588 atque
929 1519 1187 1589 justiﬁcat
1217 1540 1229 1575 :
1264 1523 1394 1593 ipsis
1627 1525 1792 1580 etiam
1820 1524 1987 1582 donat
2013 1542 2141 1598 per-

539 1609 903 1664 severantiam
929 1652 944 1677 ,
985 1622 1042 1666 et
1070 1610 1288 1669 eosdem
1340 1630 1529 1669 omnes
1576 1615 1821 1686 perducit
1864 1616 1936 1672 ad
1974 1617 2143 1672 vitam

539 1704 819 1755 aeternam.
845 1699 956 1757 llos
976 1703 1117 1758 enim
1141 1721 1318 1759 omnes
1344 1707 1446 1760 vult
1475 1706 1643 1761 salvos
1667 1694 1804 1777 ﬁeri,
1828 1716 1879 1764 et
1903 1708 1973 1761 ad
1993 1709 2143 1780 agni—

448 1810 452 1817 ε
543 1792 733 1846 lienem
763 1794 992 1849 veritatis
1022 1796 1194 1850 venire
1224 1795 1279 1867 (Ι
1302 1794 1436 1852 Tim.
1468 1815 1525 1864 ιι,
1557 1797 1636 1870 4).
1669 1798 1933 1856 Voluntas
1961 1810 2144 1858 autem

2242 613 2305 659 ut
2337 615 2519 660 tamen
2558 605 2639 660 eis
2676 604 2826 673 regni
2871 603 3130 659 caelorum
3176 604 3345 659 nollet
3391 605 3606 675 aperire
3646 615 3843 678 myste-

2243 697 2403 752 rium.
2455 696 2611 764 Quod
2656 697 2840 767 utique
2881 696 3084 753 faciens
3105 738 3120 764 ,
3161 697 3285 753 ideo
3312 711 3410 753 sua
3437 699 3603 754 verba
3628 699 3845 756 nolebat

2245 782 2512 858 intelligi,
2549 789 2675 859 quia
2722 804 2784 844 se
2827 789 2881 844 in
2922 788 3015 844 illo
3050 791 3311 862 mysterio
3348 791 3571 848 nolebat
3604 794 3847 863 agnoscis

2237 879 2395 935 illam
2423 880 2623 950 quippe
2649 880 2979 950 agnitionem
3017 882 3262 953 mysterii
3289 880 3490 940 Christi
3520 899 3641 941 esse
3661 925 3677 952 ,
3707 884 3847 942 Pau-

2245 972 2331 1027 lus
2360 981 2587 1028 testatur
2614 973 2895 1044 apostolus
2921 973 3107 1030 dicens
3138 992 3151 1027 :
3182 973 3433 1031 Instructi
3454 977 3510 1031 in
3531 979 3771 1044 caritate,
3798 983 3848 1035 et

2243 1062 2301 1117 in
2328 1078 2503 1116 omnes
2531 1062 2739 1118 diuitias
2770 1062 3111 1135 plenitudinis
3142 1066 3460 1133 intellectus,
3488 1068 3545 1122 in
3586 1070 3849 1140 agnitione

2245 1155 2481 1225 mysterii
2508 1152 2703 1209 Christi
2729 1153 2854 1210 Iesu
2872 1195 2890 1223 ,
2927 1156 2984 1208 in
3010 1172 3111 1224 quo
3145 1165 3265 1211 situt
3293 1174 3472 1214 omnes
3506 1160 3739 1215 thesauri
3765 1179 3852 1216 se-

2246 1244 2459 1313 pientia:
2482 1251 2532 1296 et
2558 1244 2791 1299 scientia:
2816 1245 3109 1301 absconditi
3155 1246 3377 1318 (Coloss.
3409 1266 3466 1315 ιι,
3495 1250 3550 1315 2,
3582 1252 3663 1322 5).
3718 1251 3849 1309 Nam

2248 1346 2307 1392 et
2332 1338 2387 1392 in
2418 1337 2525 1393 alio
2552 1338 2675 1396 loco
2705 1338 2902 1399 dicitur
2934 1358 2946 1394 :
2984 1339 3055 1395 Ut
3088 1340 3226 1397 Deus
3254 1346 3456 1414 aperiat
3482 1345 3637 1401 nobis
3665 1348 3851 1402 ostium

2249 1428 2502 1482 sermonis
2525 1468 2541 1495 ,
2578 1427 2647 1483 ad
2682 1427 2996 1500 loquendum
3032 1433 3331 1501 mysterium
3371 1432 3564 1488 Christi
3613 1434 3851 1504 (Coloss.

2249 1532 2323 1584 tv,
2350 1516 2430 1589 5).
2460 1516 2732 1574 Fidelibus
2758 1535 2976 1590 quoque
3001 1521 3313 1577 instantiam
3341 1525 3602 1580 orationis
3632 1543 3743 1582 sua:
3772 1529 3853 1583 in-

2248 1606 2475 1689 sinuans
2503 1607 2582 1661 ait
2620 1626 2633 1661 :
2667 1606 2795 1664 Non
2822 1626 2965 1664 cesso
2993 1607 3193 1682 gratias
3223 1629 3382 1682 agens
3412 1631 3510 1684 pro
3542 1614 3682 1670 vobis
3700 1656 3717 1683 ,
3748 1634 3856 1672 me-

2249 1701 2472 1754 moriam
2517 1702 2673 1754 uestri
2714 1702 2915 1773 faciens
2953 1703 3009 1757 in
3051 1703 3373 1759 orationibus
3418 1706 3582 1771 meis;
3628 1716 3688 1760 ut
3712 1705 3856 1762 Deus

2250 1787 2465 1843 Domini
2511 1791 2678 1845 nostri
2721 1789 2851 1846 Iesu
2898 1792 3112 1859 Christi,
3153 1792 3318 1849 Pater
3347 1795 3557 1867 gloriaz,
3586 1797 3679 1851 det
3714 1798 3856 1854 vobis

538 1882 937 1962 omnipotentis
964 1903 1186 1945 necesse
1213 1899 1297 1953 est
1326 1891 1378 1945 in
1408 1892 1657 1947 omnibus
1695 1893 2004 1966 impleatur.
2052 1894 2141 1950 Fit

2252 1880 2509 1953 Spiritum
2533 1882 2700 1957 [‘89
2725 1885 2995 1956 sapientia:
3022 1894 3071 1939 et
3102 1886 3430 1943 reuelationis
3455 1889 3509 1942 in
3531 1890 3857 1961 agnitionem

542 1989 675 2043 ergo
705 1972 964 2048 quidquid
988 1974 1077 2033 ille
1103 1979 1332 2035 voluerit
1355 1980 1491 2050 fieri,
1522 1983 1674 2052 cujus
1694 1983 1960 2040 voluntati
1979 1999 2144 2041 nemo

540 2065 746 2119 resistit
772 2082 786 2131 ;
830 2081 928 2121 nec
954 2068 1098 2122 enim
1128 2076 1371 2139 potestas
1401 2068 1498 2125 Dei
1530 2072 1706 2127 minor
1745 2081 1829 2128 est
1853 2088 2016 2144 quam
2048 2089 2144 2130 vo—

538 2152 749 2221 luntas,
782 2165 838 2210 et
876 2156 997 2213 ideo
1025 2154 1156 2212 nihil
1194 2159 1465 2216 invenitur
1492 2159 1632 2217 velle
1660 2161 1806 2233 quod
1833 2178 1940 2219 non
1969 2165 2147 2234 possit

540 2245 778 2302 et‘licere.
812 2245 1065 2315 Quaedam
1096 2248 1312 2322 quidem
1342 2250 1484 2306 Deus
1508 2250 1687 2309 facere
1715 2261 1916 2325 posset,
1949 2263 2006 2311 et
2031 2271 2143 2312 non

538 2339 698 2407 facit;
746 2342 877 2396 niizil
906 2350 989 2398 est
1017 2351 1197 2398 tamen
1227 2343 1371 2413 quod
1397 2342 1512 2400 ﬁeri
1541 2342 1672 2402 velit
1699 2346 2011 2419 aliquando,
2042 2364 2146 2405 nec

537 2432 699 2488 faciat
731 2452 743 2486 :
779 2432 969 2489 Omnia
1000 2433 1144 2490 enim
1172 2451 1490 2508 quwcunque
1528 2437 1686 2493 voluit
1713 2437 1970 2495 Dominus
1999 2443 2141 2513 fecit,

536 2527 594 2580 in
639 2528 765 2583 coelo
813 2538 864 2583 et
908 2529 962 2584 in
1010 2540 1183 2598 terra,
1212 2532 1268 2584 in
1310 2530 1446 2585 mari
1487 2541 1539 2586 et
1576 2535 1632 2588 in
1674 2534 1911 2590 otnnibus
1942 2535 2145 2608 abyssis

539 2616 713 2686 (Psal.
749 2635 965 2688 cxxxrv,
1000 2619 1076 2693 6).
1108 2616 1342 2677 Proinde
1382 2630 1439 2676 et
1471 2622 1527 2678 in
1551 2624 1860 2682 hominibus
1884 2626 2143 2695 quoniam

538 2725 876 2783 qumcunque
907 2712 1075 2769 voluit
1102 2712 1249 2782 fecit,
1273 2727 1627 2787 quoscunque
1652 2717 1771 2772 vult
1795 2718 1912 2773 tieri
1940 2718 2142 2784 salvos,

537 2802 668 2858 facit
694 2821 705 2856 :
733 2812 788 2859 et
815 2802 1071 2875 quoniam
1093 2805 1208 2877 ipsa
1238 2802 1452 2867 Veritas
1477 2810 1744 2866 veraciter
1766 2810 1898 2867 dicit
1929 2827 1941 2863 :
1970 2808 2146 2866 Nemo

536 2896 674 2950 venit
704 2890 772 2950 ad
799 2906 912 2965 me,
939 2898 1042 2952 nisi
1071 2896 1266 2968 Pater,
1300 2903 1387 2974 qui
1414 2903 1557 2958 misit
1583 2919 1692 2968 me,
1722 2902 1999 2957 attraxerit
2027 2917 2147 2955 eum

539 2980 721 3057 (Joan.
740 2986 918 3059 vnit)
934 3030 949 3055 ,
981 2986 1102 3046 illos
1114 2990 1519 3050 omnesfacitad
1546 2993 1874 3063 agnitionem
1899 2991 2148 3049 veritatis

538 3076 753 3142 venire,
785 3093 922 3148 quos
947 3080 1062 3151 ipse
1108 3081 1530 3140 misericorditer
1564 3085 1815 3155 dignatur
1842 3083 2141 3140 attrahere.

605 3166 737 3224 CAP.
772 3184 826 3224 χ.
870 3203 941 3213 —-
972 3168 1074 3228 .15.
1103 3166 1234 3228 Ideo
1263 3182 1447 3233 autem
1477 3175 1671 3231 Omnes
1699 3175 1981 3242 dicuntur,
2014 3175 2144 3246 quia

2252 1976 2368 2046 ejus
2412 1974 2631 2046 (Ephes.
2664 1992 2701 2040 ι,
2734 1974 2969 2048 16,17).
3020 1977 3077 2032 Si
3120 1992 3250 2049 ergo
3294 1980 3624 2050 generaliter
3667 1998 3859 2040 omnes

2252 2065 2506 2123 homines
2533 2067 2651 2122 vult
2680 2066 2823 2123 Deus
2851 2068 3030 2126 salvos
3054 2069 3191 2136 ﬁeri,
3225 2079 3280 2125 et
3307 2070 3375 2135 ad
3402 2072 3733 2140 agnitionem
3763 2090 3859 2131 ve-

2255 2156 2434 2212 ritatis
2462 2158 2672 2226 venire,
2701 2158 2833 2229 quid
2859 2168 2945 2217 est
2975 2160 3120 2231 quod
3147 2161 3263 2233 ipsa
3292 2162 3506 2219 Veritas
3533 2165 3859 2235 quibusdam

2250 2251 2568 2322 mysterium
2593 2266 2705 2308 suae
2733 2248 3025 2321 agnitionis
3052 2254 3328 2311 occultat?
3357 2252 3424 2311 Et
3451 2257 3638 2328 utique
3662 2259 3861 2330 quibus

2250 2360 2405 2402 suam
2431 2344 2661 2415 denegat
2681 2347 3032 2415 agnitionem,
3056 2347 3289 2419 denegat
3306 2358 3363 2405 et
3382 2351 3635 2407 salutem.
3666 2351 3726 2408 In
3752 2352 3862 2410 hoc

2251 2436 2396 2491 enim
2425 2437 2673 2493 homines
2720 2437 2855 2493 salvi
2885 2437 3047 2505 fiunt,
3078 2440 3132 2495 in
3160 2456 3273 2510 quo
3301 2440 3369 2496 ad
3397 2444 3733 2512 agnitionem
3761 2461 3859 2502 vc-

2250 2528 2430 2583 ritatis
2486 2530 2828 2598 perveniunt.
2879 2527 2956 2585 De
3004 2530 3219 2586 Christo
3272 2532 3474 2604 quippe
3521 2533 3727 2591 dictum
3774 2544 3863 2593 est

2253 2618 2377 2687 quia
2414 2621 2526 2690 ipse
2562 2620 2763 2674 salvum
2797 2622 2959 2691 faciet
2993 2623 3238 2694 populum
3273 2640 3423 2679 suum
3452 2642 3485 2679 a
3510 2629 3745 2697 peccatis
3772 2646 3865 2685 eo-

2252 2725 2368 2765 rum
2405 2708 2631 2781 (Matth.
2663 2727 2700 2776 ι,
2729 2709 2791 2763 21
2815 2710 2870 2780 );
2914 2709 2983 2767 de
3009 2727 3118 2781 quo
3146 2714 3309 2771 etiam
3341 2716 3529 2772 beatus
3555 2715 3756 2774 Petrus
3783 2722 3867 2777 ait

2252 2800 2380 2870 quia
2408 2816 2514 2855 non
2552 2810 2629 2856 est
2658 2800 2805 2856 aliud
2833 2818 3018 2880 nomen
3043 2803 3134 2858 sub
3169 2806 3295 2860 coelo
3326 2806 3497 2861 datum
3529 2807 3864 2874 hominibus.

2251 2892 2309 2944 in
2335 2907 2434 2962 quo
2463 2900 2698 2962 oporteat
2723 2909 2818 2947 nos
2841 2893 3009 2948 salvos
3037 2894 3153 2965 ﬁeri
3179 2895 3316 2966 (Act.
3342 2911 3411 2963 tv,
3434 2894 3545 2967 12).
3565 2894 3867 2965 Quomodo

2251 2996 2384 3052 ergo
2414 2992 2531 3038 erat
2554 2984 2802 3040 voluntas
2832 2985 2924 3040 Dei
2954 2987 3007 3041 in
3039 2986 3143 3042 illis
3180 2988 3483 3055 salvandis,
3511 2991 3715 3062 quibus
3733 2993 3863 3050 abs-

2251 3073 2583 3130 condebatur
2612 3076 2723 3146 ipsa
2752 3077 2988 3145 cognitio
3018 3078 3302 3134 veritatis?

2324 3160 2455 3221 CAP.
2488 3182 2560 3221 χι.
2591 3195 2663 3204 -
2692 3166 2780 3221 17.
2809 3167 2890 3222 An
2921 3167 3059 3225 forte
3087 3169 3304 3239 dicitur,
3330 3170 3511 3228 cordis
3539 3187 3729 3230 eorum
3754 3173 3861 3232 du-

539 3275 610 3315 ex
640 3260 788 3315 omni
818 3261 1096 3318 hominum
1140 3279 1343 3331 genere
1380 3264 1743 3336 colliguntur,
1792 3282 1860 3321 ex
1890 3266 2147 3321 omnibus
2176 3301 2227 3369 ε
2252 3260 2376 3316 ritia
2414 3258 2685 3330 faciente,
2725 3261 3063 3319 Salvatorem
3107 3272 3351 3369 nostrum
3404 3280 3518 3321 sure
3566 3267 3861 3338 agnitionis

538 3348 825 3424 gentibus,
849 3371 917 3412 ex
945 3358 1195 3415 omnibus
1222 3360 1565 3426 nationibus,
1595 3378 1661 3419 ex
1687 3362 1939 3418 omnibus
1964 3361 2145 3419 domi-

539 3446 644 3512 nis,
675 3462 739 3501 ex
772 3446 1023 3504 omnibus
1051 3455 1240 3518 servis,
1273 3467 1343 3509 ex
1371 3452 1624 3508 omnibus
1653 3453 1890 3522 regibus,
1921 3469 1988 3508 ex
2017 3469 2141 3510 om-

537 3537 697 3595 nibus
724 3539 1012 3607 militibus,
1042 3558 1113 3598 ex
1163 3544 1414 3617 omnibus
1443 3545 1764 3615 provinciis,
1797 3559 1862 3599 ex
1889 3543 2145 3599 omnibus
2194 3588 2199 3597 ε

536 3630 752 3702 linguis,
784 3647 850 3687 ex
881 3633 1129 3691 omnibus
1161 3636 1438 3701 aetatibus,
1473 3652 1542 3692 ex
1582 3636 1830 3694 omnibus
1863 3635 2138 3706 gradibus.

535 3720 614 3779 Ita
638 3725 769 3779 salvi
795 3724 929 3782 fiunt
959 3743 1149 3783 omnes
1179 3744 1315 3800 quos
1336 3730 1454 3785 vult
1478 3730 1616 3786 Deus
1644 3729 1822 3787 salvos
1855 3726 1989 3811 fieri,
2013 3729 2141 3802 quia

534 3832 698 3873 nemo
727 3819 984 3887 salvatur,
1017 3820 1120 3878 nisi
1153 3837 1314 3892 quem
1344 3823 1434 3878 ille
1462 3823 1695 3879 voluerit
1721 3823 1953 3892 gratuita
1976 3822 2142 3893 justi-

536 3907 793 3967 flcatione
824 3912 1054 3969 salvare.
1104 3913 1238 3969 Nam
1268 3931 1391 3971 cum
1430 3914 1682 3971 Salvator
1722 3923 1907 3971 noster
1945 3912 2175 3990 dixerit_

537 3997 756 4070 (Matth.
782 4018 858 4069 ιιι,
881 3999 974 4072 27)
1004 4021 1016 4056 :
1045 3999 1216 4059 Nemo
1248 4006 1386 4060 novit
1416 4002 1615 4061 Filium
1642 4009 1744 4063 nisi
1770 4007 1954 4077 Pater,
1981 4024 2145 4081 neque

535 4092 754 4153 Patrem
783 4101 895 4173 quis
934 4103 1078 4156 novit
1119 4104 1221 4157 nisi
1261 4100 1309 4156 F
1313 4103 1471 4173 ilius,
1502 4114 1551 4160 et
1592 4107 1674 4159 cui
1716 4106 1933 4160 voluerit
1969 4103 2145 4159 Filius

533 4190 763 4247 revelare
814 4192 1000 4263 (quod
1027 4195 1213 4264 utique
1242 4193 1430 4252 dicens
1461 4196 1698 4253 ostendit
1731 4211 1791 4251 se
1820 4194 2143 4266 quibusdam

533 4281 766 4338 revelari
793 4283 967 4351 velle,
1001 4285 1325 4356 quibusdam
1358 4286 1574 4359 nolle),
1620 4287 1830 4343 dicatur
1865 4288 2144 4357 quomodo

532 4374 714 4434 salvos
759 4375 874 4433 ﬁeri
918 4378 1050 4435 velit
1095 4381 1293 4451 quibus
1345 4378 1562 4435 Patrem
1601 4396 1756 4435 suum
1807 4388 1861 4435 et
1902 4380 2140 4450 Seipsum

531 4467 780 4525 revelare
818 4469 1092 4526 noluerit?
1134 4469 1453 4527 Ostenditur
1495 4470 1697 4542 quippe
1747 4470 1800 4526 in
1848 4467 2141 4540 Evangelio

532 4561 854 4631 quibusdam
884 4561 939 4617 in
965 4560 1237 4634 parabolis
1259 4563 1338 4617 sic
1362 4563 1595 4629 locutus,
1619 4569 1680 4616 ut
1700 4561 1863 4617 verba
1885 4577 1981 4616 sua
2006 4578 2142 4616 ver-
2181 4578 2183 4581 '

530 4672 639 4712 LET
659 4672 860 4725 auom,
876 4672 977 4713 nec
997 4672 1210 4712 verum
1233 4672 1525 4712 INTELLIGI.
1551 4654 1709 4722 Quod
1738 4654 1854 4725 ipse
1875 4652 2140 4710 Dominus

531 4749 905 4806 indubitanter
934 4749 1166 4820 aperuit.
1216 4747 1680 4817 lnterrogantibus
1710 4760 1942 4815 namque
1970 4744 2135 4800 disci-

531 4841 692 4913 pulis,
713 4841 825 4897 haec
846 4856 972 4896 eum
991 4839 1276 4896 Matthmus
1298 4839 1498 4895 dixisse
1520 4845 1943 4896 commemorat:
1975 4835 2133 4892 Vobis

532 4934 713 4988 datum
741 4941 818 4987 est
846 4949 999 4988 nosse
1024 4933 1326 5005 mysterium
1353 4932 1499 5003 regni
1529 4930 1626 4986 Dei
1644 4970 1660 4997 ,
1689 4930 1795 4985 illis
1823 4938 1993 4983 autem
2022 4924 2129 4983 non

530 5036 607 5081 cst
635 5026 816 5080 datum
840 5024 1053 5096 (Matth.
1082 5038 1206 5091 xm,
1239 5022 1350 5097 ll).
1393 5022 1606 5079 Marcus
1633 5036 1985 5095 quoquenon
2013 5017 2128 5074 dis-

530 5119 765 5176 similem
794 5116 1091 5175 Salvatoris
1115 5116 1523 5189 responsionem
1551 5115 1805 5181 insinuat,
1833 5112 1986 5183 cujus
2013 5111 2133 5168 haec

530 5227 652 5267 esse
677 5211 842 5266 verba
872 5219 1102 5266 testatur
1131 5228 1144 5263 :
1184 5207 1338 5265 Vobis
1367 5207 1544 5262 datum
1569 5216 1645 5262 est
1670 5204 1802 5260 scire
1827 5205 2127 5275 mysterium

529 5304 679 5377 regni
702 5302 836 5371 Dei;
867 5304 972 5360 illis
990 5312 1161 5358 autem
1181 5303 1267 5374 qui
1289 5303 1419 5375 [oris
1443 5299 1639 5355 suntin
1664 5295 1927 5371 parabolis
1950 5296 2132 5351 omnia

530 5398 696 5467 ﬁunt:
720 5407 774 5451 ut
804 5396 1032 5453 videntes
1059 5395 1285 5463 videant,
1317 5404 1367 5450 et
1395 5409 1497 5450 non
1526 5392 1749 5458 uideant,
1781 5400 1831 5445 et
1860 5390 2131 5444 audientes

531 5489 751 5543 audiant
776 5530 792 5557 ,
836 5498 886 5543 et
915 5505 1021 5545 non
1048 5488 1376 5564 intelligant;
1414 5504 1479 5542 ne
1507 5486 1715 5561 quando
1742 5493 2123 5548 convertantur,

527 5589 581 5637 et
608 5582 938 5639 dimittantur
974 5584 1049 5637 eis
1081 5590 1292 5655 peccata
1341 5579 1534 5654 (Marc.
1570 5596 1644 5647 tv,
1673 5577 1758 5641 il,
1797 5576 1904 5647 12).
1957 5574 2133 5631 Lucas

529 5671 692 5727 etiam
723 5672 914 5730 eadem
937 5674 1223 5730 Dominum
1252 5670 1597 5743 respondisse
1626 5667 1977 5735 confirmans,
2007 5667 2084 5722 ait
2108 5684 2122 5721 :

536 5762 695 5820 Vobis
725 5765 906 5821 datum
931 5775 1007 5821 est
1042 5783 1196 5822 nosse
1231 5764 1533 5835 mysterium
1562 5760 1706 5832 regni
1745 5758 1883 5827 Dei,
1924 5761 2131 5814 ueteris

524 5866 700 5912 autem
716 5861 771 5913 in
802 5859 1086 5927 parabolis,
1116 5868 1172 5912 ut
1193 5857 1418 5913 videntes
1447 5871 1553 5909 non
1579 5854 1807 5920 videant,
1835 5862 1883 5908 et
1906 5852 2124 5908 audien-

525 5957 602 6003 tes
629 5965 731 6004 non
758 5950 1052 6020 intelligant
1083 5946 1232 6019 (Luc.
1263 5960 1377 6014 vui,
1411 5944 1521 6014 10).

2040 6057 2120 6141 ..πί

2254 3352 2469 3424 aperire
2516 3353 2753 3410 noluisse
2798 3356 3159 3428 mysterium?
3214 3353 3316 3412 Ubi
3364 3372 3651 3429 possemus
3698 3360 3858 3417 latius

2248 3444 2604 3515 respondere.
2638 3446 2745 3501 Sed
2772 3455 2832 3502 ut
2858 3447 3040 3519 aliquo
3069 3455 3287 3504 utamur
3313 3464 3415 3519 pro
3441 3450 3704 3507 servanda
3734 3451 3858 3509 lite‘

2247 3539 2419 3595 vitate
2438 3539 2785 3611 compendio,
2806 3540 3113 3612 quicunque
3132 3541 3316 3598 dicunt
3343 3552 3569 3616 propter
3602 3544 3859 3602 duritiam

2250 3631 2429 3686 cordis
2457 3646 2649 3688 eorum
2677 3632 2915 3689 noluisse
2944 3632 3115 3703 ipsam
3162 3631 3456 3691 Veritatem
3484 3650 3598 3691 sua:
3625 3637 3861 3706 agnitio-

2251 3725 2337 3780 nis
2364 3725 2678 3797 mysterium
2706 3725 2950 3783 revelare
2972 3767 2989 3794 ,
3022 3726 3237 3784 interim
3290 3724 3346 3784 in
3384 3729 3490 3786 hoc
3533 3740 3857 3801 agnoscant,

2251 3831 2359 3872 non
2379 3832 2446 3872 ne
2470 3831 2743 3873 umvsnsrs
2766 3833 3000 3874 rnonsus
3025 3817 3334 3875 hominibus
3361 3820 3488 3887 dici,
3512 3822 3640 3893 quia
3666 3838 3864 3879 omnes

2250 3908 2502 3965 homines
2529 3908 2709 3965 salvos
2734 3908 2849 3965 vult
2874 3907 3015 3965 Deus
3040 3909 3187 3978 fieri,
3217 3919 3275 3967 et
3302 3913 3370 3967 ad
3400 3914 3733 3982 agnitionem
3762 3930 3864 3970 ve-

2250 4000 2429 4062 ritatis
2455 4001 2643 4057 venire
2676 4019 2689 4055 :
2722 4017 2844 4057 cum
2894 4002 3016 4059 illos
3062 4016 3200 4073 quos
3248 3996 3496 4060 Christus
3538 4006 3864 4063 durioordes

2251 4096 2504 4163 videbat,
2544 4097 2715 4153 nollet
2743 4097 2930 4169 utique
2959 4097 3201 4167 salvere,
3230 4099 3425 4169 quibus
3453 4110 3676 4170 propter
3704 4099 3865 4156 duri-

2250 4188 2384 4243 tiam
2411 4188 2591 4245 cordis
2638 4203 2828 4245 eorum
2876 4188 3097 4245 nolebat
3139 4205 3251 4247 suae
3297 4190 3591 4268 agnitionis
3639 4191 3870 4261 aperire

2249 4281 2588 4355 mysterium.
2628 4281 2739 4338 Aut
2765 4295 2896 4351 ergo
2924 4291 3123 4352 negent
3158 4282 3327 4339 Deum
3364 4283 3504 4339 velle
3534 4299 3724 4340 omnes
3755 4284 3871 4340 ho-

2248 4375 2424 4431 mines
2449 4376 2632 4432 salvos
2667 4375 2802 4438 ﬁeri,
2834 4383 2888 4430 et
2914 4375 2983 4431 ad
3012 4376 3341 4446 agnitionem
3373 4377 3619 4433 veritatis
3642 4390 3871 4446 venire,

2247 4468 2342 4539 qui
2362 4464 2701 4523 Salvatorem
2728 4452 2971 4523 uestrum
2991 4467 3310 4538 quibusdam
3338 4468 3704 4538 cognitionem
3731 4484 3877 4542 my-

2248 4558 2398 4613 sterii
2429 4556 2581 4627 regni
2609 4556 2875 4614 cmlorum
2919 4557 3049 4613 dare
3095 4558 3333 4615 noluisse
3379 4567 3755 4629 cognoscunt;
3806 4569 3884 4616 et

2247 4651 2562 4707 mendacem
2608 4651 2963 4721 pronuntient
3004 4651 3308 4722 apostolum
3360 4650 3588 4708 Paulum
3622 4671 3635 4707 :
3664 4661 3762 4708 aut
3815 4654 3882 4710 si

2248 4743 2479 4814 apostoli
2523 4740 2725 4797 dictum
2756 4742 3131 4798 universaliter
3158 4742 3228 4798 ad
3259 4752 3486 4801 cunctos
3514 4745 3737 4801 omnino
3766 4762 3887 4803 re-

2246 4836 2420 4890 fertur
2448 4832 2694 4889 homines
2717 4871 2733 4899 ,
2762 4840 3025 4902 cogentur
3067 4840 3287 4889 sanctos
3324 4835 3683 4905 evangelistas
3724 4851 3891 4906 pro-

2248 4926 2499 4982 nuntiare
2526 4924 2838 4981 mendaces.
2881 4924 3166 4991 Quomodo
3193 4926 3336 4981 enim
3364 4927 3690 4998 quibusdam
3718 4927 3897 4988 dare

2248 5019 2420 5075 noluit
2444 5033 2609 5074 nosse
2637 5018 2954 5090 mysterium
2999 5017 3155 5088 regni
3200 5017 3462 5075 cmlormn
3490 5063 3509 5088 ,
3539 5021 3633 5090 qui
3657 5035 3903 5082 omnes

2244 5112 2494 5169 homines
2522 5112 2701 5169 salvos
2727 5112 2842 5168 vult
2870 5111 3021 5182 lieri,
3059 5120 3117 5168 et
3143 5112 3212 5167 ad
3247 5112 3577 5181 agnitionem
3608 5114 3907 5175 veritatis

2248 5206 2466 5262 venire?
2495 5204 2947 5277 Quandoquidem
2973 5206 3020 5261 si
3041 5221 3230 5262 omnes
3258 5207 3481 5262 omnino
3511 5207 3644 5274 vult,
3673 5212 3906 5266 nemi-

2246 5314 2369 5354 nem
2392 5300 2575 5370 utique
2597 5316 2706 5355 non
2728 5298 2874 5365 vult;
2911 5308 2965 5355 et
2989 5299 3034 5354 si
3064 5314 3254 5356 omnes
3278 5300 3391 5354 vult
3420 5299 3490 5355 ad
3517 5300 3915 5370 agnitionem

2243 5406 2399 5455 suam
2424 5392 2632 5458 venire,
2665 5390 2913 5446 omnibus
2941 5389 3105 5446 debet
3132 5390 3447 5463 mysterium
3475 5406 3589 5446 suae
3617 5393 3918 5460 agnitio-

2246 5484 2329 5539 nis
2350 5482 2656 5539 ostendere.
2683 5482 2789 5539 Sed
2808 5480 3130 5554 quibusdam
3152 5484 3326 5554 ipsum
3347 5484 3664 5555 mysterium
3686 5500 3921 5547 nosse

2243 5591 2356 5631 non
2382 5574 2550 5630 dedit.
3527 5644 3532 5652 _

2317 5662 2403 5720 l8.
2438 5664 2607 5732 Quale
2636 5662 2736 5719 fuit
2764 5679 2894 5734 ergo
2923 5672 2977 5721 et
3006 5666 3144 5722 velle
3172 5666 3381 5724 salvare
3407 5709 3422 5733 ,
3466 5676 3524 5723 et
3553 5668 3702 5725 nolle
3745 5687 3932 5749 my-

2239 5759 2469 5815 sterium
2498 5757 2686 5815 salutis
2715 5756 3040 5813 ostendere?
3078 5758 3246 5825 Quale
3272 5756 3398 5827 fuit,
3428 5775 3646 5831 quaeso,
3668 5761 3735 5817 si
3770 5763 3936 5824 Ve.

2238 5852 2374 5906 ritas
2402 5849 2571 5905 voluit
2618 5857 2678 5904 ut
2726 5847 2794 5904 ad
2841 5849 3169 5920 agnitionem
3216 5852 3334 5920 ejus
3370 5866 3562 5908 omnes
3599 5852 3941 5919 homines

2236 5943 2509 6012 venirent,
2541 5948 2597 5999 et
2623 5940 2703 5998 eis
2724 5939 2898 5998 noluit
2925 5941 3213 6001 ostendere
3236 5958 3342 6017 qua
3365 5943 3644 6001 venirent?
3668 5942 3947 6018 ριιειι,
