4048 6342
223 351 324 410 σοι

1129 361 1215 418 DE
1252 358 1605 420 VERITATE
1646 357 2326 418 PRIEDESTINATIONIS
2363 358 2490 415 LIB.
2532 359 2617 415 lli.

3410 361 3515 419 662

223 471 328 526 hoc
357 481 464 539 est,
488 481 548 529 ut
570 473 649 530 eis
671 483 833 547 neget
861 479 1056 545 vitam,
1086 493 1224 548 quos
1254 481 1441 535 invitat
1467 480 1531 534 ad
1562 481 1823 551 patriam?
1850 488 1902 546 Α
1930 493 2038 532 non
2070 491 2198 547 ergo
2225 463 2380 532 erant
2408 475 2547 530 inter
2573 473 2694 528 illos
2719 468 2917 529 Omnes
2943 474 3035 546 qui
3063 489 3156 529 sua
3182 477 3514 546 qumrehant,

221 561 341 632 Ipsa
391 566 536 619 enim
590 567 664 620 ait
699 585 711 620 :
746 566 862 640 Ego
901 584 1012 624 tum
1042 571 1124 624 via
1147 611 1162 634 ,
1193 573 1381 625 ueritas
1409 580 1456 625 et
1486 572 1590 624 vita
1620 588 1637 624 :
1669 588 1816 626 nemo

220 655 359 708 venit
386 656 457 709 ad
484 655 698 711 Patrem
729 661 829 712 nisi
857 677 950 730 per
977 678 1059 715 me
1085 661 1264 732 (Joan.
1290 677 1398 723 nv,
1423 660 1500 729 6).
1534 660 1817 727 Quomodo

220 760 353 814 ergo
385 746 510 802 illos
542 749 653 802 vult
679 751 867 806 venire
897 750 966 804 ad
997 752 1324 820 agnitionem
1348 767 1500 806 suam
1521 752 1712 822 quibus
1733 751 1822 807 de-

219 847 384 906 negat
415 841 744 910 agnitionem
773 846 966 900 suam?
1003 844 1140 911 Quid
1169 853 1255 900 est
1282 846 1423 899 enim
1455 844 1597 900 nolle
1626 854 1820 917 myste-

219 932 361 985 rium
391 949 503 988 suae
529 935 820 1004 agnitionis
867 939 1154 994 ostendere
1178 981 1193 1006 ,
1221 939 1321 993 nisi
1373 938 1516 992 nolle
1562 939 1818 993 salvare?

218 1019 338 1075 Non
367 1037 500 1092 ergo
528 1041 717 1082 omnes
763 1028 1012 1084 homines
1050 1029 1163 1084 vult
1206 1031 1384 1086 salvos
1425 1029 1542 1085 ﬁeri
1568 1072 1582 1097 ,
1614 1032 1702 1100 qui
1733 1031 1820 1086 vel

217 1115 542 1184 quibusdam
573 1135 672 1188 pro
703 1119 901 1175 duritia
931 1121 1110 1176 cordis
1137 1123 1220 1177 sui
1257 1123 1429 1178 noluit
1457 1140 1566 1178 suae
1596 1123 1821 1192 ξιεηὶιίοο

218 1209 306 1262 uis
339 1211 552 1279 aperire
596 1214 908 1283 mysterium
932 1255 948 1279 ,
977 1215 1093 1270 sine
1122 1232 1229 1285 quo
1272 1216 1446 1270 nullus
1474 1217 1720 1286 pervenit
1749 1216 1816 1270 ad

218 1301 475 1356 salutem.
508 1301 614 1358 Sed
645 1303 939 1384 Apostqlus
966 1309 1180 1362 mentiri
1211 1325 1316 1363 non
1342 1311 1536 1382 potuit,
1567 1311 1656 1378 qui
1683 1310 1819 1364 dixit

217 1391 342 1459 quia
366 1410 544 1447 omnes
575 1395 805 1450 homines
835 1397 939 1450 vult
966 1397 1134 1453 salvos
1162 1401 1296 1468 fieri,
1324 1409 1371 1454 et
1402 1401 1470 1453 ad
1499 1401 1817 1472 agnitionem

216 1484 449 1538 veritatis
493 1485 665 1538 uenire
711 1485 767 1554 (1
800 1485 932 1541 Tim.
967 1505 1022 1553 ιι,
1057 1489 1132 1558 4).
1189 1489 1296 1544 Sed
1330 1507 1430 1546 nec
1473 1493 1816 1560 evangelista:

217 1573 433 1626 mentiti
455 1581 600 1638 sunt,
629 1576 720 1643 qui
747 1576 1000 1632 dixerunt
1029 1579 1200 1649 ipsum
1229 1580 1511 1636 Dominum
1541 1583 1816 1653 discipulis

216 1661 472 1727 dedisse,
505 1665 626 1720 aliis
675 1682 781 1722 non
828 1668 1044 1724 dedisse
1094 1686 1254 1727 nosse
1303 1673 1616 1743 mysterium
1665 1676 1816 1742 regni

218 1753 505 1808 ctelorum.
536 1754 604 1809 Et
633 1757 818 1828 utique
849 1759 952 1815 iliis
975 1761 1102 1832 quia
1133 1761 1263 1816 dare
1292 1763 1482 1828 voluit,
1506 1763 1680 1830 dedit;
1712 1765 1816 1820 illis

217 1854 400 1900 autem
430 1846 557 1915 quia
581 1847 712 1903 dare
741 1849 934 1915 noluit,
958 1867 1064 1906 non
1092 1851 1243 1907 dedit
1267 1870 1280 1905 :
1310 1860 1364 1908 et
1391 1853 1515 1923 quia
1547 1853 1664 1909 istis
1693 1871 1818 1925 pro—
1846 1873 1898 1935 Β

219 1946 408 2007 pterea
435 1938 588 1993 dedit
619 1940 822 1996 utsalvi
843 1942 1052 2006 tierent,
1085 1943 1396 2012 agnoscitur
1423 1943 1527 1998 illis
1555 1944 1679 2000 ideo
1707 1961 1818 2000 non

216 2028 432 2084 dedisse
463 2043 532 2085 ne
571 2028 782 2086 tierent.
838 2031 974 2087 latos
997 2045 1128 2101 ergo
1156 2033 1336 2088 salvos
1364 2032 1478 2088 ﬁeri
1505 2035 1677 2089 voluit
1705 2036 1819 2106 qui-

216 2119 318 2174 bus
345 2135 510 2176 nosse
535 2122 854 2192 mysterium
882 2123 1071 2180 salutis
1092 2124 1268 2191 dedit;
1297 2125 1416 2180 illos
1436 2134 1616 2181 autem
1645 2127 1820 2182 noluit

215 2211 416 2280 quibus
452 2213 705 2268 salutaris
733 2215 978 2287 mysterii
1006 2217 1255 2271 notitiam
1301 2217 1466 2289 590
1505 2218 1812 2290 denegavit.

216 2299 352 2356 Nam
378 2303 426 2358 si
456 2313 716 2375 utrosque
743 2305 922 2362 salvos
951 2305 1066 2361 ﬁeri
1096 2308 1376 2379 voluisset,
1399 2310 1644 2382 utrisque
1673 2312 1818 2382 agni-

215 2392 424 2449 tionem
453 2395 704 2451 salutaris
736 2399 980 2469 mysterii
1010 2399 1346 2456 contulisset.

287 2484 420 2540 Car.
455 2502 548 2540 xu.
579 2518 650 2528 —
686 2487 776 2544 i9.
819 2487 1084 2555 Quoniam
1111 2505 1240 2560 ergo
1268 2501 1497 2563 utraque
1540 2493 1817 2564 Scriptura

215 2591 345 2632 vera
373 2587 481 2647 est,
505 2588 738 2650 utraque
765 2590 974 2647 sancta,
995 2590 1226 2654 utraque
1253 2584 1507 2640 divinitus
1536 2587 1814 2656 inspirata.

216 2677 272 2723 et
297 2671 369 2724 ob
399 2671 506 2726 hoc
538 2681 764 2743 utraque
801 2675 1185 2730 venerabiliter
1212 2685 1293 2731 est
1321 2678 1582 2733 servanda
1603 2720 1616 2744 ,
1651 2688 1705 2733 ct
1729 2681 1817 2733 in-

216 2763 531 2820 dubitanter
556 2765 819 2821 audienda
857 2775 913 2820 et
946 2768 1259 2838 accipienda
1279 2812 1294 2836 ,
1337 2779 1722 2824 removeantur
1748 2771 1818 2825 ab

215 2857 468 2910 omnibus
496 2857 600 2912 illis
631 2872 820 2913 omnes
866 2859 952 2913 isti
1000 2860 1196 2930 quibus
1241 2860 1486 2917 Christus
1532 2877 1640 2916 non
1670 2863 1820 2917 dedit

219 2951 721 3028 nossemysteriuin
747 2952 897 3020 regni
927 2953 1212 3019 caelorum;
1241 2962 1296 3008 et
1323 2954 1484 3022 digne
1514 2954 1819 3025 intelligan-

220 3052 306 3098 tur
335 3044 411 3097 illi
452 3059 642 3100 omnes
679 3045 928 3101 homines
963 3046 1100 3116 quos
1136 3046 1253 3102 vult
1289 3047 1432 3102 Deus
1470 3047 1650 3102 salvos
1698 3046 1818 3102 ﬁeri

217 3143 271 3189 et
299 3135 369 3190 ad
417 3136 751 3204 agnitionem
795 3137 1041 3191 veri-tatis
1085 3140 1273 3194 venire
1307 3156 1319 3190 :
1351 3138 1476 3208 quia
1523 3153 1714 3193 revera
1761 3138 1817 3193 in

1925 578 1981 624 et
2009 584 2119 624 non
2161 582 2278 637 qua:
2308 565 2432 642 Je‘su
2461 563 2680 618 Christi.
2715 563 2825 617 Hos
2849 564 3022 618 bonos
3051 564 3104 618 in
3134 563 3239 619 line
3269 561 3518 634 Epistolze

1924 676 2033 716 suae
2075 663 2292 716 sanctos
2338 657 2608 728 appellat;
2653 666 2709 712 et
2746 657 2884 711 sicut
2930 656 3051 712 illos
3103 658 3274 712 malos
3322 657 3522 713 Omnes

1925 754 2087 820 dicit,
2135 753 2207 808 ita
2238 761 2293 808 et
2339 752 2684 822 istosbonos
2723 748 2924 806 Omnes
2967 750 3314 805 nihilominus
3349 749 3518 816 dicit;

1925 848 2002 902 ait
2030 847 2175 903 enim
2205 865 2218 900 :
2254 846 2504 902 Salutant
2530 861 2617 900 vos
2645 844 2815 900 sancti
2844 860 3022 900 omnes
3053 843 3273 914 (Philip.
3303 861 3376 911 IV,
3404 844 3518 914 22).

1924 935 2068 995 Ecce
2095 938 2149 995 in
2166 953 2271 993 una
2297 937 2595 1007 eademque
2622 937 2769 992 beati
2799 936 3032 1007 apostoli
3049 935 3288 1006 Epistula
3308 951 3525 1006 ponun-

1925 1039 2033 1097 tur,
2061 1039 2117 1086 et
2138 1045 2327 1086 omnes
2347 1029 2540 1095 sancti,
2574 1038 2628 1084 et
2656 1044 2844 1086 omnes
2869 1028 2962 1101 qui
2990 1044 3086 1083 sua
3114 1034 3380 1098 quatrunt,
3415 1044 3522 1081 non

1926 1139 2046 1192 qua:
2071 1120 2197 1179 Jesu
2225 1121 2462 1189 Christi;
2512 1138 2634 1177 cum
2664 1123 2850 1193 utique
2895 1130 2951 1176 et
2993 1136 3182 1177 omnes
3229 1121 3319 1190 qui
3351 1119 3527 1175 sancti
3596 1156 3598 1160 τ

1927 1220 2083 1266 erant
2112 1229 2208 1267 sua
2242 1228 2350 1267 non
2390 1221 2725 1283 quazrerent,
2769 1220 2823 1265 et
2853 1226 3042 1266 omnes
3069 1210 3162 1280 qui
3193 1225 3287 1265 sua
3317 1222 3527 1276 quaere-

1926 1306 2058 1360 bant
2096 1305 2266 1361 sancti
2309 1322 2415 1360 non
2446 1311 2650 1360 essent.
2707 1303 3054 1373 Accipiantur
3093 1316 3223 1370 ergo
3253 1309 3309 1356 et
3333 1314 3525 1354 omnes

1926 1395 2015 1450 isti
2046 1405 2101 1451 et
2129 1411 2320 1452 omnes
2358 1397 2456 1462 illi,
2485 1411 2592 1448 non
2625 1394 2868 1459 confuse,
2900 1393 2995 1448 sed
3025 1392 3277 1447 distincte
3303 1409 3318 1457 ;
3362 1399 3418 1446 et
3445 1389 3526 1446 sic
3599 1413 3602 1416 η

1926 1485 2145 1554 utrique
2172 1484 2373 1541 Omnes
2398 1485 2663 1549 dicantur,
2698 1491 2756 1537 ut
2784 1498 2973 1538 omnes
3002 1483 3086 1536 isti
3119 1482 3185 1536 ab
3215 1483 3317 1536 illis
3347 1481 3525 1537 omni-

1927 1573 2061 1643 bus,
2102 1584 2157 1630 et
2193 1576 2268 1630 illi
2300 1591 2489 1631 omnes
2528 1575 2594 1630 ab
2633 1575 2749 1630 istis
2785 1574 3036 1630 omnibus
3081 1583 3228 1629 recto
3278 1572 3526 1629 veritatis

1927 1667 2120 1721 ordine
2150 1667 2549 1723 discernantur.
3507 1671 3511 1678 ’

1997 1757 2087 1812 21.
2126 1757 2273 1812 Ideni
2303 1775 2492 1814 sensus
2528 1767 2610 1814 est
2639 1767 2694 1814 et
2743 1759 2797 1812 in
2836 1758 3086 1812 omnibus
3114 1757 3360 1812 tribubus
3388 1767 3526 1825 quas

1927 1849 2069 1904 Deus
2098 1851 2288 1904 semini
2319 1851 2547 1905 Abrahtc
2577 1850 2844 1920 promisit,
2869 1860 2924 1904 et
2953 1851 3005 1904 in
3035 1867 3102 1905 eo
3129 1849 3527 1905 benedicendas

1929 1941 2192 2007 ostendit,
2233 1943 2417 1998 dicens
2459 1960 2471 1994 :
2507 1942 2576 1995 Et
2604 1942 2965 1996 benedicentur
2993 1943 3048 1994 in
3078 1951 3128 1995 te
3154 1958 3331 1996 omnes
3361 1939 3525 1996 tribus

1927 2042 2082 2086 terrae
2111 2032 2324 2104 (Cenes.
2358 2049 2542 2095 xxvm,
2577 2032 2692 2101 14).
2726 2031 2880 2098 Quod
2911 2032 3074 2086 etiam
3111 2031 3304 2085 beatus
3335 2029 3530 2084 Petrus

1926 2127 2255 2182 conlirmans
2277 2171 2292 2196 ,
2323 2128 2399 2182 ait
2427 2127 2624 2182 Judmis
2657 2147 2668 2180 :
2709 2127 2814 2182 Vos
2855 2127 2976 2182 estis
3005 2127 3106 2197 filii
3135 2124 3526 2196 praphetarum,

1925 2227 1977 2271 ct
2009 2220 2302 2274 testamenti
2330 2219 2466 2291 quod
2507 2220 2759 2289 disposuit
2800 2217 2938 2271 Deus
2984 2219 3053 2270 ad
3081 2227 3252 2287 patres
3296 2224 3524 2278 nostros,

1927 2314 2102 2370 dicens
2135 2316 2204 2369 ad
2231 2315 2494 2368 Abraham
2526 2332 2543 2368 :
2579 2313 2642 2368 In
2670 2316 2864 2369 semine
2903 2323 2987 2367 tuo
3020 2313 3381 2366 benedicentur
3409 2327 3526 2364 om-

1926 2427 2018 2464 nes
2045 2419 2220 2480 gentes
2249 2418 2400 2462 t.=rra’
2424 2408 2560 2475 (Act.
2589 2424 2662 2472 Ill,
2686 2407 2799 2477 25).
2833 2405 3133 2460 Ostendens
3162 2414 3342 2459 autem
3370 2404 3529 2458 Chri-

1925 2509 2067 2554 stum
2092 2515 2209 2554 esse
2232 2514 2417 2554 semen
2442 2498 2691 2559 Abrahm,
2719 2499 2772 2550 in
2794 2513 2901 2567 quo
2919 2507 3002 2551 est
3023 2497 3262 2549 omnium
3288 2494 3524 2547 tribuum

1926 2589 2236 2644 benedictio
2264 2590 2612 2658 repromissa,
2639 2589 2898 2642 continuo
2931 2587 3043 2640 lucc
3062 2587 3224 2640 verba
3252 2584 3480 2653 subjecit
3507 2623 3520 2637 .

1934 2680 2094 2735 Vobis
2136 2680 2278 2734 Deus
2323 2680 2548 2750 primum
2603 2680 2862 2733 suscitans
2912 2677 3111 2731 Filium
3156 2693 3341 2740 suum,
3384 2676 3527 2729 misit

1924 2773 2085 2844 [‘91
2110 2789 2225 2826 eum
2248 2771 2627 2825 benedicentem
2649 2771 2792 2824 vobis
2823 2768 3007 2840 (lbid.,
3030 2766 3143 2839 εδ).
3175 2766 3418 2822 Christus
3439 2772 3526 2820 est

1925 2867 2107 2935 itaque
2155 2882 2341 2921 semen
2392 2865 2620 2919 Abrahae
2643 2906 2657 2930 ,
2693 2865 2744 2918 in
2782 2878 2891 2932 quo
2918 2863 3307 2918 benedicentur
3335 2874 3524 2914 omnes

1923 2957 2097 3012 tribus
2121 2966 2300 3012 teme.
2345 2956 2411 3011 Et
2436 2957 2620 3026 utique
2649 2971 2775 3010 vera
2807 2963 2887 3009 est
2928 2955 3020 3009 Dei
3049 2954 3367 3025 promissio,
3397 2953 3525 3022 quia

1924 3050 2097 3119 ﬁdelis
2128 3057 2209 3105 est
2239 3049 2496 3104 Dominus
2524 3051 2578 3103 in
2611 3047 2848 3104 omnibus
2875 3049 3041 3104 verbis
3071 3051 3207 3113 suis,
3237 3058 3285 3101 et
3314 3055 3526 3100 sanctus

1924 3140 1980 3193 in
2011 3139 2248 3194 omnibus
2279 3141 2516 3211 operibus
2564 3140 2670 3194 suis
2703 3138 2874 3211 (Psal.
2908 3155 3086 3204 cxuv,
3138 3138 3256 3208 15),
3289 3139 3341 3193 in
3371 3139 3526 3206 cujus

220 3225 328 3280 illis
352 3225 609 3280 voluntas
637 3227 895 3283 salvantis
925 3229 1266 3296 agnoscitur,
1297 3230 1492 3299 quibus
1520 3214 1818 3300 agnoscen-
1845 3261 1893 3324 ο
1929 3232 2290 3301 promissione
2319 3232 2590 3286 Abraham
2635 3248 2738 3286 non
2779 3232 3032 3286 hazsitav't
3067 3232 3352 3303 difﬁdentia
3379 3271 3394 3296 ,
3435 3229 3528 3285 sed

219 3315 302 3370 da:
330 3317 576 3372 veritatis
603 3319 777 3386 gratia
809 3334 915 3372 non
945 3330 1190 3390 negatur.
1219 3319 1308 3376 Sic
1337 3321 1477 3376 Deus
1496 3364 1510 3387 ,
1543 3322 1668 3392 quia
1695 3337 1820 3376 om-

219 3408 306 3462 nia
336 3424 676 3481 quaecunque
697 3411 870 3466 voluit
896 3409 1050 3477 fecit,
1084 3428 1236 3467 suam
1267 3413 1456 3483 implet
1483 3413 1536 3466 in
1567 3413 1820 3468 omnibus

219 3503 560 3558 voluntatem
595 3521 608 3557 :
641 3504 765 3575 quia
798 3507 1048 3561 erunibus
1075 3522 1212 3576 quos
1239 3507 1354 3561 vult
1389 3508 1570 3564 salvos
1599 3505 1736 3574 ﬁeri,
1763 3516 1820 3563 et

221 3596 288 3661 ad
334 3597 667 3665 agnitionem
714 3599 956 3654 veritatis
981 3601 1166 3656 venire
1190 3641 1205 3666 ,
1235 3600 1403 3656 donat
1431 3602 1681 3656 salutaris
1709 3617 1819 3673 my-

221 3688 370 3742 sterii
402 3696 607 3743 rectam
637 3703 759 3745 cum
786 3691 1012 3746 caritate
1039 3691 1309 3746 notitiam.
1341 3691 1453 3750 llos
1479 3708 1668 3766 omnes
1695 3694 1819 3748 bea-

224 3790 308 3834 tus
339 3781 528 3836 Petrus
553 3781 634 3836 sic
664 3782 1040 3850 intelligendos
1081 3785 1351 3852 ostendit,
1381 3794 1440 3839 ut
1468 3785 1588 3840 illos
1622 3784 1819 3840 Omnes

221 3870 445 3937 diceret,
469 3887 606 3941 quos
625 3871 767 3930 Deus
786 3889 982 3943 vocare
1004 3875 1272 3945 dignatur.
1295 3876 1466 3946 ipsius
1487 3879 1630 3933 enim
1649 3877 1818 3933 verba

223 3971 366 4027 sunt,
396 3963 464 4016 ad
493 3962 708 4020 .ludazos
736 3965 809 4019 ita
836 3965 1105 4037 loquentis
1137 3986 1148 4020 :
1192 3967 1350 4022 Vobis
1378 3970 1514 4023 enim
1542 3979 1618 4023 est
1645 3985 1821 4039 repro-

221 4055 399 4108 missio
425 4095 439 4120 ,
470 4065 522 4108 et
545 4056 673 4126 filiis
715 4059 900 4112 uestris
924 4098 940 4124 ,
978 4069 1030 4114 et
1073 4059 1309 4114 omnibus
1345 4061 1433 4131 qui
1479 4061 1630 4132 longe
1675 4075 1817 4132 sunt,

223 4164 553 4221 quoscunque
592 4150 915 4218 advocaverit
950 4149 1205 4208 Dominus
1249 4153 1388 4209 Deus
1437 4163 1611 4210 noster
1658 4157 1816 4228 (Act.

223 4253 286 4303 ις,
315 4237 444 4308 59).

289 4331 383 4386 ευ.
419 4331 555 4387 Nam
588 4339 642 4389 ct
673 4333 863 4388 beatus
894 4333 1090 4390 Paulus
1116 4334 1348 4405 quodam
1379 4335 1500 4390 loco
1529 4336 1655 4391 dicit
1687 4335 1815 4392 0m-

224 4438 331 4485 ues,
363 4439 492 4478 cum
543 4433 720 4479 tamen
771 4425 909 4478 nolit
947 4424 1324 4479 nuiversaliter
1351 4440 1540 4480 omnes
1571 4428 1814 4496 intelligi.

225 4515 479 4571 Scriberis
507 4515 651 4571 enim
692 4514 1154 4586 Philippensibus,
1185 4515 1261 4568 ait
1294 4533 1307 4567 :
1343 4514 1534 4569 Omnes
1562 4519 1696 4570 enim
1723 4534 1820 4570 sua

226 4617 463 4678 qnmunt
487 4648 501 4663 .
534 4624 636 4662 non
663 4623 778 4680 qua:
803 4607 930 4661 Iesu
971 4605 1160 4660 Christi
1211 4604 1433 4677 (Philip.
1463 4623 1518 4671 ιι,
1551 4606 1662 4676 2!).
1716 4606 1817 4663 Ubi

227 4699 414 4768 utique
444 4699 488 4753 si
521 4699 588 4752 ab
631 4699 878 4754 omnibus
916 4698 1032 4752 istis
1058 4697 1237 4752 nullus
1265 4697 1560 4768 excipitur,
1596 4712 1820 4752 necesse

227 4798 307 4841 est
333 4799 390 4842 ut
420 4790 584 4843 etiam
615 4803 802 4844 manes
823 4787 1076 4858 apostoli,
1104 4797 1160 4842 et
1186 4787 1368 4842 caueri
1397 4787 1540 4843 illius
1563 4790 1823 4858 temporis

230 4882 416 4938 ﬁdeles
444 4897 565 4936 cum
598 4881 712 4936 istis
739 4882 988 4936 omnibus
1010 4888 1395 4949 computentur
1429 4898 1440 4932 :
1470 4879 1614 4949 quod
1643 4880 1823 4934 nullus

229 4974 626 5043 quantumlibet
670 4974 866 5044 impius
912 4974 1292 5043 suspicabitur.
1351 4971 1540 5028 Restat
1587 4988 1717 5043 ergo
1764 4983 1826 5029 ut

228 5067 495 5136 quosdam
538 5063 732 5120 Omnes
759 5066 1052 5121 debeamus
1079 5066 1345 5134 accipere,
1378 5065 1430 5120 id
1460 5076 1542 5122 est
1568 5083 1676 5121 non
1704 5082 1825 5121 om-

230 5160 358 5214 nino
385 5173 577 5214 omnes
606 5157 872 5224 homines,
893 5157 987 5212 sed
1019 5157 1212 5212 Omnes
1238 5157 1330 5225 qui
1359 5172 1454 5211 sua
1489 5157 1825 5227 quaerebant,

228 5274 336 5315 non
364 5274 487 5330 qua:
509 5257 636 5314 Jcsu
664 5257 886 5314 Christi.
919 5255 1050 5310 Nam
1081 5255 1134 5309 in
1172 5251 1361 5308 eadem
1395 5249 1632 5320 Epistula
1671 5264 1829 5318 supe-

228 5352 340 5408 rius
374 5352 637 5424 quosdam
666 5353 841 5408 bonos
882 5349 1172 5405 ostendens
1196 5389 1210 5413 ,
1242 5347 1316 5401 ait
1349 5363 1363 5398 :
1397 5344 1623 5409 Quidam
1651 5353 1826 5400 autem

228 5454 281 5500 et
315 5455 528 5517 propter
578 5445 768 5502 bonam
815 5445 1127 5498 voluntatem
1182 5440 1445 5495 Christum
1491 5437 1826 5503 annuntiant,

228 5538 441 5608 quidam
481 5555 546 5594 ea:
574 5538 940 5600 contentione,
986 5531 1389 5604 scientesquod
1426 5531 1480 5584 in
1527 5528 1830 5600 defensione

228 5626 506 5704 Evangelii
534 5633 735 5704 positus
762 5647 877 5686 sum
916 5627 1136 5700 (Philip.
1170 5643 1217 5690 ι,
1249 5623 1360 5695 15).
1406 5624 1509 5690 Qui
1538 5636 1666 5691 ergo
1694 5638 1825 5692 pro—
1865 5620 1874 5629 ’

227 5736 350 5798 pter
377 5727 578 5781 bonam
608 5724 941 5780 voluntatem
972 5737 1040 5776 ex
1065 5720 1293 5775 caritate
1320 5716 1592 5772 Christum
1625 5731 1829 5768 annun-

232 5819 455 5882 tiabaut,
483 5817 610 5887 quia
637 5825 832 5870 cantas
858 5831 961 5869 non
991 5814 1176 5884 quierit
1195 5827 1310 5880 qua:
1338 5826 1432 5863 sua
1462 5816 1582 5862 sunt
1627 5807 1677 5878 (Ι
1702 5805 1822 5862 Cor.

229 5923 343 5981 xta,
369 5910 431 5985 ἢ
450 5955 467 5984 ,
499 5926 612 5967 non
643 5924 738 5966 sua
775 5907 1119 5983 quaerebant,
1149 5903 1244 5961 sed
1274 5916 1395 5976 quae
1423 5900 1548 5958 Iesu
1573 5899 1775 5956 Christi
1809 5916 1822 5952 :

1847 5979 1899 6039 ἦ

1927 3325 2256 3393 confortatus
2293 3333 2370 3376 est
2397 3323 2533 3393 ﬁde,
2571 3323 2706 3376 dans
2736 3323 2954 3393 gloriam
2986 3321 3119 3386 Deo,
3153 3331 3201 3375 et
3231 3322 3527 3392 plenissime

1926 3418 2096 3470 sciens
2155 3418 2274 3486 quia
2327 3413 2643 3489 quotcunque
2689 3416 2966 3484 promisit,
3018 3423 3186 3483 potest
3232 3424 3281 3467 et
3354 3417 3526 3484 facere

1927 3505 2109 3573 (Rom.
2135 3523 2206 3568 iv,
2239 3505 2310 3560 9.0
2328 3507 2366 3575 ).

1997 3596 2129 3653 Car.
2163 3614 2276 3652 xui.
2307 3626 2378 3638 —
2404 3596 2539 3652 Cum
2570 3611 2699 3665 ergo
2729 3597 2781 3650 in
2812 3594 3027 3651 Christo
3061 3595 3303 3650 benedici
3335 3611 3524 3649 omnes

1925 3689 2100 3744 tribus
2136 3698 2294 3744 terrae
2332 3690 2508 3744 nullus
2539 3689 2776 3757 ambigat
2814 3687 3151 3743 Christianus
3177 3731 3192 3755 ,
3222 3687 3413 3743 beatus
3448 3696 3526 3743 ta-

1925 3796 2051 3836 men
2081 3779 2317 3836 Joannes
2347 3780 2399 3834 in
2432 3779 2753 3850 Apocalypsi
2795 3779 3022 3851 loquens
3058 3780 3125 3834 de
3167 3777 3383 3835 Christo
3411 3823 3423 3845 ,
3472 3779 3529 3834 id

1926 3882 2012 3928 est
2040 3873 2109 3929 de
2156 3875 2273 3944 ipso
2319 3873 2526 3928 semine
2568 3872 2833 3939 Abrahae,
2881 3873 2933 3927 in
2981 3889 3092 3951 quo
3137 3873 3528 3927 benedicentur

1928 3982 2120 4022 omnes
2148 3967 2322 4022 tribus
2347 3975 2532 4034 terrze,
2566 3967 2832 4022 veraciter
2860 3967 3046 4036 utique
3074 3965 3202 4020 dicit
3235 3985 3248 4019 :
3283 3965 3416 4019 Ecce
3444 3983 3529 4020 re-

1929 4062 2037 4114 niet
2065 4076 2179 4114 cum
2208 4059 2428 4115 nubibus
2449 4101 2463 4126 ,
2492 4069 2540 4114 et
2569 4061 2756 4114 ridebit
2785 4076 2897 4113 ei-m
2928 4060 3094 4114 omnis
3123 4060 3330 4124 oculus,
3363 4067 3414 4112 et
3440 4057 3530 4130 qui

1925 4169 2046 4207 eum
2075 4163 2485 4222 compunxerunt
2510 4171 2528 4218 ;
2572 4162 2624 4206 et
2663 4153 2908 4225 plangent
2937 4169 2992 4206 se
3027 4168 3179 4222 super
3209 4168 3322 4204 eunt
3352 4167 3530 4207 omnes

1930 4246 2095 4300 tribus
2127 4256 2278 4300 terra:
2310 4247 2494 4316 (Apoc.
2527 4263 2564 4309 ι,
2597 4245 2672 4314 7).
2726 4245 2866 4300 Ecce
2913 4261 3102 4298 omnes
3151 4245 3322 4298 tribus
3370 4251 3530 4297 terra:

1930 4337 2329 4392 benedicentur
2358 4338 2409 4391 in
2440 4336 2679 4401 Christo,
2711 4352 2818 4406 quo
2850 4343 3027 4390 tamen
3059 4337 3339 4401 veniente,
3372 4335 3528 4403 plan—

1928 4441 2060 4496 gcnt
2089 4445 2147 4484 se
2175 4444 2365 4484 omnes
2395 4429 2564 4483 tribus
2590 4436 2766 4482 terrze.

2005 4519 2094 4574 22.
2139 4518 2426 4586 Quomodo
2454 4519 2636 4586 itaque
2661 4518 2818 4571 nobis
2847 4526 3140 4584 utrumque
3171 4514 3458 4578 constabit,
3483 4513 3530 4568 si

1930 4610 2019 4664 vel
2049 4610 2102 4663 in
2131 4609 2301 4674 bono,
2329 4607 2416 4661 vel
2448 4608 2502 4662 in
2532 4607 2676 4661 malo
2706 4607 2785 4661 sic
2822 4607 3062 4661 omnium
3093 4605 3325 4658 tribuum
3355 4603 3528 4672 pleni-

1934 4700 2073 4756 tudo
2105 4698 2423 4754 universalis
2453 4697 2734 4767 accipitur,
2768 4705 2827 4750 ut
2848 4697 2981 4750 nihil
3005 4697 3145 4766 parti
3177 4695 3330 4748 alteri
3368 4695 3531 4748 relin-

1936 4793 2172 4862 quatur?
2200 4790 2306 4845 Sed
2330 4790 2469 4844 idem
2500 4791 2690 4844 beatus
2711 4787 2970 4853 Joannes,
3003 4790 3094 4858 qui
3126 4789 3192 4842 de
3222 4789 3387 4857 ipsius
3435 4803 3532 4857 pe-

1936 4893 2089 4940 ctore
2119 4883 2374 4938 Veritatis
2405 4881 2703 4936 ubertatem
2725 4881 2973 4936 veridica:
2997 4879 3394 4948 praedicationis
3415 4879 3533 4934 ebi-

1936 4977 2114 5045 berat,
2146 4975 2225 5030 sic
2255 4973 2491 5029 ostendit
2514 4973 2713 5028 Omnes
2742 4973 2871 5027 istas
2900 4971 3072 5026 tribus
3104 4986 3224 5039 qua:
3263 4986 3321 5025 se
3351 4971 3402 5024 in
3433 4971 3531 5024 ad-

1937 5077 2103 5122 ventu
2157 5065 2357 5121 Christi
2398 5063 2693 5134 planctum
2714 5070 2872 5127 sunt,
2906 5069 2964 5115 ut
2986 5075 3175 5115 omnes
3204 5061 3335 5114 istas
3365 5061 3533 5114 tribus

1935 5173 2074 5228 quas
2116 5158 2169 5212 in
2212 5156 2419 5212 semine
2467 5155 2697 5209 Abrahae
2752 5151 3152 5208 benedicendas
3202 5151 3343 5208 Deus
3366 5167 3535 5208 verax

1935 5252 2187 5323 promisit
2233 5267 2299 5306 ex
2338 5251 2441 5304 illis
2470 5250 2722 5304 omnibus
2769 5249 3014 5304 tribubus
3074 5249 3252 5318 colligi
3302 5249 3532 5304 demon-

1897 5404 1916 5422 ο
1938 5353 2158 5402 straret.
2191 5343 2247 5396 ln
2278 5341 2468 5396 eodem
2495 5342 2693 5411 quippe
2717 5341 2852 5396 libro
2877 5357 2972 5396 eos
2993 5343 3084 5411 qui
3107 5342 3243 5410 Agni
3265 5342 3535 5411 redempti

1936 5447 2065 5492 sunt
2093 5434 2352 5502 sanguine
2393 5432 2599 5487 inducit
2640 5441 2923 5488 cantantes
2944 5433 3213 5488 canticum
3244 5440 3538 5498 novnm,et

1940 5531 2221 5586 dicentes:
2270 5525 2472 5596 Dignus
2527 5543 2600 5592 es,
2655 5525 2892 5587 Domine,
2947 5527 3180 5595 accipere
3233 5525 3440 5589 librant,
3487 5533 3538 5580 et

1946 5623 2152 5693 aperire
2181 5620 2452 5690 signacula
2478 5619 2589 5689 ejus
2617 5635 2634 5672 :
2663 5619 2784 5690 quia
2812 5620 3009 5672 occisus
3045 5634 3120 5680 es,
3179 5627 3228 5671 et
3277 5619 3538 5672 redemisti

1944 5731 2040 5766 nos
2069 5715 2122 5766 in
2152 5701 2408 5782 sanguine
2435 5722 2538 5774 tuo,
2565 5727 2630 5764 ea:
2651 5713 2791 5764 omni
2817 5708 2964 5772 tribu,
2994 5720 3043 5763 et
3097 5710 3296 5781 lingua,
3344 5721 3393 5764 et
3445 5727 3538 5780 po-

1943 5806 2088 5870 pulo,
2116 5814 2165 5858 et
2192 5814 2342 5876 gente
2363 5821 2381 5858 .'
2413 5814 2461 5858 et
2493 5805 2660 5874 fecisti
2685 5821 2779 5856 nos
2806 5801 2915 5857 Deo
2940 5812 3117 5857 nostro
3148 5821 3360 5874 regnum
3385 5814 3432 5855 et
3451 5818 3538 5856 sa-

1945 5898 2202 5965 cerdotes,
2229 5907 2280 5951 et
2309 5895 2598 5967 regnabant
2615 5912 2771 5967 super
2813 5904 3003 5951 terram
3043 5894 3229 5966 (Apoc.
3253 5910 3307 5961 ν,
3339 5893 3394 5960 9,
3421 5890 3535 5960 10).
