4048 6342
525 349 634 407 6-65

1563 348 1620 406 Β.
1661 345 2028 404 FULGENTII
2064 340 2366 399 EPISCOPI
2406 338 2780 401 RUSPENSIS

3700 341 3824 398 664

527 464 651 520 Alio
680 478 900 536 quoque
921 463 1204 522 memorati
1240 462 1361 519 libri
1388 462 1531 529 loco,
1554 461 1687 517 dum
1716 471 1786 518 ex
1830 461 2112 519 duodecim
2144 462 2195 523 Α
2222 466 2429 530 posset,
2458 458 2504 514 si
2530 457 2712 525 vellet,
2737 458 2791 513 in
2821 455 3012 513 eadem
3042 454 3363 513 rectitudine
3391 469 3731 526 permanere,
3754 463 3823 512 et

523 554 769 612 tribubus
804 556 1048 612 ,ﬁliorum
1102 555 1267 611 Israel
1295 553 1548 610 duodena
1577 553 1645 627 de
1687 554 1910 628 singulis
1939 554 2109 609 tribu-

520 643 625 702 bus
645 655 997 704 memorasset
1024 646 1189 721 millia
1216 645 1549 717 signatorum
1567 689 1582 714 ,
1607 644 1668 702 ut
1696 646 1860 702 etiam
1901 661 1965 703 ex
1990 660 2110 701 om-

520 734 683 793 nibus
701 737 945 793 tribubus
972 745 1131 791 teme
1151 736 1599 793 innumerabilem
1621 736 1835 799 turbam
1875 736 2111 792 tidelium

523 829 946 909 demonstraret,
976 829 1053 884 ita
1101 829 1342 901 loquitur
1374 849 1386 885 :
1423 829 1551 886 Post
1591 831 1723 898 lucc,
1778 831 1882 905 vidi
1911 829 2114 885 turbam

522 938 792 993 magnam,
822 937 976 993 quam
1005 922 1337 998 dinumerare
1359 940 1508 979 nemo
1533 934 1755 995 poterat,
1787 941 1853 979 ex.
1880 923 2112 978 omnibus

518 1012 779 1082 gentibus,
800 1022 849 1069 et
870 1010 1121 1090 tribubus,
1143 1021 1192 1067 et
1217 1014 1427 1087 linguis,
1451 1024 1503 1091 et
1522 1014 1747 1086 populis,
1778 1023 1972 1070 stantes
1995 1023 2114 1068 ante

521 1101 760 1157 thronum
782 1114 831 1157 et
860 1114 981 1158 ante
1012 1105 1233 1175 Agnum,
1267 1107 1482 1184 amictos
1509 1108 1656 1161 stolis
1686 1106 1840 1171 albis,
1857 1115 1906 1160 et
1925 1105 2114 1177 palma:

519 1203 669 1247 erant
690 1195 742 1248 in
763 1195 1002 1250 manibus
1023 1213 1199 1250 eorum
1223 1195 1403 1268 (Apoc.
1431 1214 1522 1266 vn,
1541 1197 1651 1269 l9).
1674 1197 1767 1253 Hae
1784 1206 2125 1276 suntomnes‘

521 1285 692 1341 tribus
738 1285 813 1363 [de
869 1288 1119 1342 omnibus
1168 1288 1414 1343 tribubus
1452 1296 1812 1358 congregatae.
1844 1287 1964 1343 Ista:
1989 1293 2114 1342 sunt

521 1394 731 1455 omnes.
764 1380 936 1435 tribus
984 1395 1104 1459 qua:
1131 1379 1522 1436 benedicuntur
1567 1380 1847 1436 credentes
1878 1381 1930 1435 in
1959 1378 2111 1435 Chri«

522 1479 686 1535 stum,
716 1470 782 1526 de
808 1470 1060 1527 omnibus
1083 1471 1326 1527 tribubus
1365 1472 1469 1527 illis
1495 1487 1614 1543 qua:
1630 1487 1688 1528 se
1716 1472 1836 1528 ideo
1860 1473 2116 1542 plangent

516 1562 781 1638 (quianon
809 1564 1154 1620 crediderunt
1176 1564 1228 1618 in
1259 1564 1554 1620 Christum.
1603 1565 1693 1621 Sic
1744 1565 2114 1634 intelliguntur

522 1670 713 1710 omnes
741 1655 944 1721 lidelcs,
974 1666 1031 1711 et
1057 1674 1247 1714 omnes
1296 1658 1571 1726 inﬁdeles;
1625 1674 1813 1715 omnes
1857 1660 2005 1726 boni,
2058 1668 2114 1717 et

523 1761 715 1802 omnes
743 1748 869 1803 mali
888 1764 1116 1819 ;,omnes
1139 1764 1276 1821 quos
1303 1750 1446 1806 Deus
1490 1751 1987 1808 misericordissima
2011 1753 2111 1809 bo-

521 1837 694 1892 nitate
739 1838 932 1907 salvat,
990 1848 1045 1894 et
1099 1855 1289 1896 omnes
1343 1856 1481 1912 quos
1499 1842 1798 1911 justissima
1826 1843 2113 1900 severitate

524 1929 882 1996 condemnat;
913 1931 1235 2000 quibusdam
1261 1932 1407 2002 juste
1456 1948 1564 1988 non
1608 1932 1818 1991 donans
1873 1935 2118 1991 veritatis

524 2020 881 2091 agnitionem,
904 2023 1224 2093 quibusdam
1253 2023 1673 2081 misericorditer
1719 2026 2117 2095 agnoscendant

525 2110 774 2164 rcvelans
812 2113 1130 2180 veritatem;
1189 2124 1245 2169 et
1288 2114 1342 2169 in
1389 2116 1637 2171 omnibus
1690 2115 1917 2187 implens
1964 2133 2116 2174 suam

454 2216 459 2220 ‘
527 2203 1110 2281 omnipotentissimam
1133 2206 1493 2273 voluntatem._
2106 2198 2111 2267 ξ

529 2356 533 2361 ,
600 2295 732 2352 Car.
764 2314 872 2353 xxv.
899 2327 969 2337 —
991 2298 1079 2354 25.
1124 2299 1382 2370 Plurima,
1407 2305 1702 2361 secundum
1733 2306 1885 2362 istius
1915 2307 2116 2362 intelli-

524 2389 720 2456 gentize
770 2390 1177 2448 saluberrimam
1231 2395 1492 2465 regulam,
1544 2397 1598 2451 in
1628 2396 1824 2453 divinis
1864 2398 2114 2469 eloquiis,

526 2479 835 2535 testimonia
888 2484 1089 2553 poterit
1136 2484 1379 2542 invenire
1424 2488 1668 2560 quisquis
1696 2489 1929 2546 voluerit
1972 2490 2119 2548 Scri-

523 2577 715 2641 pturas
730 2570 937 2628 divinas
957 2582 1109 2629 recto
1131 2575 1311 2632 cordis
1332 2577 1494 2634 oculo
1509 2594 1815 2637 recensere.
1835 2579 1969 2637 Cum
1986 2598 2117 2642 vero

524 2663 595 2718 de
623 2664 856 2721 humana
876 2667 1157 2736 voluntate
1187 2676 1475 2741 tractatur,
1500 2673 1646 2742 quod
1675 2675 1912 2745 pertinet
1931 2676 1998 2732 ad
2024 2692 2116 2733 sa-

521 2757 655 2819 lutis
677 2760 764 2814 vel
791 2760 1092 2833 exordium,
1126 2763 1215 2819 vel
1243 2762 1517 2831 effectum,
1550 2783 1730 2822 VERUII
1761 2785 1859 2825 ss'r
1891 2785 2112 2836 QUIDBI,

526 2849 652 2924 qqia
682 2849 750 2905 de
778 2850 880 2907 illis
904 2852 995 2922 qui
1024 2853 1237 2911 ratione
1267 2862 1512 2925 utuntur,
1541 2858 1633 2926 qui
1675 2859 1863 2914 volunt
1900 2860 2116 2916 salvan-

526 2949 634 3007 tur,
667 2951 724 2998 et
748 2944 838 3013 qui
862 2945 1051 3000 nolunt
1077 2961 1183 3002 non
1216 2947 1528 3015 salvantur;
1577 2950 1672 3005 sed
1719 2951 1796 3006 illi
1837 2954 1929 3022 qui
1983 2954 2117 3009 salvi

525 3029 680 3095 ﬁunt,
716 3041 845 3089 tunc
868 3036 1062 3091 salvari
1097 3036 1306 3103 volunt,
1344 3039 1561 3108 quando
1590 3040 1768 3096 divina
1795 3044 1967 3112 gratia
1990 3060 2119 3115 prte-

470 3168 474 3173 .
526 3125 817 3181 veniuntur
847 3136 904 3181 ut
935 3128 1133 3193 velint;
1165 3128 1327 3202 492
1358 3131 1466 3186 imo
1494 3140 1623 3189 tunc
1661 3135 1856 3191 salvari
1904 3137 2117 3209 volunt,

522 3217 740 3323 quando
767 3218 947 3323 ipsum
967 3221 1103 3323 velle
1122 3221 1266 3277 dono
1306 3221 1501 3323 divinae
1529 3224 1792 3323 largitatis
1819 3229 2111 3299 accipiunt.
2145 3260 2191 3323 ρ

520 3306 724 3364 Sancta
749 3309 891 3364 enim
914 3310 1192 3382 Scriptura
1220 3312 1439 3369 mentiri
1460 3314 1768 3373 nullatenus
1778 3326 1976 3388 potest,
1992 3336 2113 3391 quae

524 3400 638 3455 ait:
699 3400 1036 3473 Prreparatur
1065 3404 1300 3459 voluntas
1327 3422 1360 3459 a
1397 3404 1625 3463 Domino
1661 3407 1843 3480 (Prov.
1875 3427 1987 3475 vur,
2021 3411 2109 3481 ‘55,

522 3508 627 3547 sec.
659 3490 856 3566 LXX).
896 3493 1046 3551 Unde
1074 3509 1293 3566 quoque
1321 3497 1631 3569 Apostolus,
1686 3499 1906 3557 Christo
1951 3504 2005 3559 in
2051 3521 2114 3562 se

521 3586 801 3660 loquente,
828 3589 1247 3667 veraciter'dicit
1272 3609 1283 3645 :
1309 3589 1435 3647 Cum
1460 3592 1644 3649 timore
1670 3605 1719 3649 et
1759 3604 1979 3657 tremore
2023 3614 2111 3654 sa-

461 3684 465 3689 ’
522 3688 681 3735 tatem
709 3691 928 3736 vestram
947 3684 1268 3753 operamini;
1294 3682 1436 3739 Deus
1456 3695 1535 3739 est
1574 3688 1714 3742 enim
1741 3690 1827 3759 qui
1867 3700 2115 3761 aperatur

520 3773 575 3826 in
600 3771 736 3826 vobis
761 3782 808 3826 et
830 3773 954 3827 velle
979 3782 1031 3826 et
1054 3777 1321 3844 per/icere,
1339 3793 1434 3846 pro
1452 3775 1587 3831 bona
1610 3779 1871 3835 voluntate
1887 3779 2109 3854 (Philip.

519 3879 579 3929 tr,
614 3862 699 3928 l2,
732 3863 839 3931 15).
868 3863 977 3921 Nec
1024 3864 1201 3920 solum
1255 3865 1465 3921 initium
1521 3867 1677 3923 bona:
1720 3870 2017 3928 voluntatis
2057 3882 2114 3929 et

522 3953 702 4023 operis
722 3953 836 4008 Deo
865 3955 1104 4024 assignat
1125 3956 1437 4026 Apostolus,
1462 3974 1653 4015 verum
1677 3961 1838 4016 etiam
1886 3962 1955 4019 ab
1992 3964 2114 4035 ipso

522 4054 810 4115 utrumque
838 4054 1065 4102 testatur
1093 4048 1321 4119 impleri,
1370 4050 1590 4107 dicens:
1641 4053 1709 4108 Ut
1747 4055 1985 4127 dignetur
2022 4073 2113 4114 vos

521 4140 789 4193 vocatione
810 4155 906 4192 sua
930 4138 1069 4194 Deus
1091 4150 1264 4196 noster
1288 4158 1306 4195 :
1353 4151 1409 4196 ut
1426 4144 1637 4214 impleat
1683 4164 1885 4201 omnem
1934 4150 2116 4205 volun-

524 4237 683 4283 talem
713 4227 978 4299 bonitatis,
1009 4239 1058 4284 et
1085 4248 1214 4301 opus
1242 4232 1369 4302 fidei
1416 4234 1469 4286 in
1521 4235 1706 4289 virtute
1746 4235 1835 4306 (II
1866 4236 2045 4294 Thess.
2071 4255 2110 4307 ι,

521 4318 634 4390 il).
668 4317 732 4373 Et
760 4327 819 4375 ut
845 4321 1159 4377 ostenderet
1182 4323 1284 4378 hoc
1314 4338 1411 4392 per
1438 4326 1666 4392 gratiam
1714 4326 1849 4393 lieri,
1896 4339 2114 4387 secutus

523 4410 771 4480 adjunxit
801 4413 870 4483 (v.
902 4412 991 4483 l2)
1022 4431 1035 4466 :
1074 4413 1142 4468 Ut
1172 4415 1490 4485 clariﬁcetur
1536 4423 1720 4473 nomen
1767 4418 1984 4476 Domini
2010 4439 2111 4480 no-

522 4504 618 4558 stri
641 4502 766 4558 Jesu
797 4502 990 4559 Christi
1011 4506 1065 4560 in
1091 4503 1253 4576 vobis,
1279 4514 1328 4561 et
1350 4523 1435 4562 ros
1454 4508 1509 4562 in
1550 4508 1661 4576 illo,
1692 4512 1972 4568 secundum
1989 4532 2114 4586 gra-

522 4596 647 4650 tiam
695 4594 794 4650 Dei
814 4600 976 4653 nostri
1001 4609 1049 4653 et
1080 4598 1289 4654 Domini
1306 4599 1433 4655 Iesu
1455 4600 1668 4659 Christi.
1713 4605 1771 4661 Itt
1822 4606 1927 4664 illis
1980 4622 2112 4679 ergo

521 4686 612 4756 qui
653 4687 953 4753 voluntarie
982 4690 1261 4746 salvantur
1294 4694 1465 4761 gratia
1517 4695 1695 4751 divina
1745 4708 2002 4768 operatur
2050 4710 2114 4757 ut

521 4776 722 4843 velint;
754 4778 805 4832 in
836 4777 940 4835 illis
966 4789 1145 4835 autem
1167 4781 1256 4852 qui
1282 4783 1491 4851 nolunt,
1519 4784 1750 4841 humana
1778 4787 1971 4844 duritia
1988 4805 2112 4862 per—

522 4878 738 4923 severat
760 4878 818 4923 ut
847 4872 1040 4925 nolint.
1071 4871 1243 4938 Quam
1271 4880 1450 4929 tamen
1481 4874 1731 4933 duritiam
1781 4879 1947 4937 homo
1999 4898 2112 4939 non

519 4960 762 5026 habebit,
786 4978 908 5017 cum
939 4977 1057 5017 eam
1081 4962 1224 5017 Deus
1253 4963 1465 5020 auferre
1488 4966 1739 5024 voluerit.
1789 4969 1920 5028 Sine
1966 4972 2112 5029 difﬁ-

519 5051 724 5107 cultate
751 5053 950 5124 quippe
970 5053 1111 5109 Deus
1147 5059 1331 5124 potest
1368 5056 1593 5127 implere
1619 5061 1980 5132 quodcunque
2006 5081 2109 5120 vo-

518 5144 698 5211 luerit,
729 5146 821 5216 qui
840 5146 917 5200 ait
935 5146 1004 5201 de
1022 5147 1341 5216 quibusdam
1370 5167 1383 5203 :
1417 5150 1666 5222 Auferam
1690 5153 1755 5207 ab
1774 5155 1848 5209 eis
1871 5171 1960 5211 cor
1979 5156 2116 5228 lapi-

520 5236 695 5303 dennt,
751 5243 800 5290 et
840 5235 974 5290 dabo
1014 5238 1089 5291 eis
1142 5254 1232 5302 cor
1256 5255 1503 5294 carneum
1530 5240 1747 5312 (Ezech.
1780 5260 1965 5312 xxxvr,
1994 5245 2111 5319 26).

521 5327 711 5383 Aufert
729 5341 859 5396 ergo
881 5342 978 5383 cor
1006 5326 1296 5399 lapideum,
1321 5330 1570 5387 duritiam
1598 5334 1781 5391 cordis
1830 5337 2112 5405 auferens;

521 5418 616 5487 dat
642 5434 737 5475 cor
762 5435 1040 5484 carneurn,
1070 5421 1297 5489 gratiam
1338 5432 1540 5479 sanctae
1568 5425 1904 5484 credulitatis
1931 5428 2114 5486 inlun-
2140 5409 2162 5431 ’

523 5513 677 5568 dens.
700 5512 792 5569 Sic
817 5516 1093 5573 emollitur
1121 5532 1217 5573 cor
1234 5518 1380 5589 quod
1404 5518 1579 5577 fuerat
1606 5520 1822 5597 durum,
1854 5539 1962 5596 quo
1982 5540 2107 5581 san-

523 5614 627 5662 ctrc
656 5605 780 5663 lidci
810 5611 1073 5667 tribuatur
1099 5610 1405 5667 exordium.

595 5697 724 5755 Car.
749 5703 1004 5758 xv.—2i.
1047 5703 1301 5760 Liberum
1329 5720 1458 5762 vero
1486 5707 1735 5764 humana:
1780 5710 1979 5765 mentis
2018 5726 2112 5765 ar-

528 5787 744 5849 bitrium
788 5795 844 5850 in
872 5798 1046 5866 primo
1074 5799 1293 5855 homine
1322 5809 1529 5857 rectum
1559 5811 1799 5859 creatum
1818 5809 1943 5865 est,
2001 5818 2110 5857 non

526 5895 711 5962 tamen
727 5886 844 5956 sine
872 5887 1142 5968 adjutorio
1161 5892 1347 5961 gratia:
1372 5910 1386 5947 :
1411 5893 1534 5955 talis
1561 5896 1745 5968 utique
1772 5895 1980 5967 gratim,
2002 5910 2111 5969 qua

1459 6063 1519 6075 οη.

2213 568 2245 608 a
2270 567 2374 623 qua
2404 559 2606 624 posset,
2637 552 2683 607 si
2710 550 2894 619 vellet,
2937 564 3132 607 aversa
3177 550 3456 606 voluntate
3505 547 3817 609 discedere.

2212 641 2365 717 Nunc
2387 651 2569 697 autem
2591 641 2644 697 in
2668 656 2999 713 unoquoque
3028 640 3249 699 homine
3271 640 3443 711 gratia
3474 640 3824 711 praeveniens

2214 743 2492 806 operatur,
2522 742 2581 790 ut
2616 735 2842 805 libertas
2895 734 3104 790 arbitrii
3150 734 3472 804 corrigatur.
3513 732 3817 788 Arbitrium

2215 834 2393 884 autem
2415 827 2648 883 hominis
2670 827 2721 882 in
2749 836 3008 899 quantum
3052 826 3361 896 corrigitur,
3395 826 3447 880 in
3491 832 3695 880 tantum
3740 823 3820 879 li-

2214 919 2467 985 beratur;
2492 918 2544 973 in
2569 925 2775 973 tantum
2802 926 2983 973 autem
3005 916 3279 989 captivum
3300 915 3534 981 ducitur,
3564 916 3620 971 in
3639 930 3822 986 quan-

2217 1016 2328 1062 tum
2360 1008 2535 1063 adhuc
2563 1007 2738 1063 noxiae
2765 1008 3042 1062 servitutis
3100 1007 3514 1079 necessitatibus
3565 1006 3818 1077 implica-

2217 1107 2320 1154 tur.
2348 1099 2479 1167 ρυλε
2512 1115 2900 1173 nncnssrrnes
2938 1115 3046 1155 non
3073 1099 3247 1155 solum
3278 1099 3419 1156 lilios
3444 1100 3627 1157 stecnli
3656 1114 3812 1155 mor-

2216 1191 2396 1247 taliter
2447 1199 2719 1261 premunt,
2773 1205 2962 1246 verum
3015 1190 3180 1255 etiam
3210 1187 3349 1247 ﬁlios
3378 1189 3473 1245 Dei
3503 1188 3822 1259 frequenter

2215 1283 2479 1353 amigunt.
2501 1283 2620 1355 Ipsa
2649 1292 2732 1341 est
2758 1283 2846 1338 illa
2875 1282 2964 1340 lex
2992 1282 3227 1356 peccati,
3259 1276 3379 1354 qua:
3409 1280 3558 1338 illum
3581 1281 3817 1337 militem

2214 1385 2513 1443 strenuum,
2544 1375 2597 1431 id
2619 1382 2705 1431 est
2726 1375 2954 1431 Paulum
2978 1375 3305 1447 apostolum,
3335 1374 3816 1443 condelectantem

2215 1468 2320 1539 legi
2348 1467 2444 1522 Dei
2472 1467 2767 1524 secundum
2794 1450 3110 1525 interiorem
3133 1468 3429 1535 hominem,
3455 1467 3545 1527 illa
3575 1468 3627 1522 in
3642 1483 3822 1523 mem-

2212 1559 2326 1615 bris
2354 1560 2625 1626 habitans,
2656 1568 2714 1616 et
2741 1561 2847 1629 legi
2868 1562 3066 1617 mentis
3093 1575 3417 1632 repugnans,
3447 1561 3696 1630 quamvis
3712 1560 3816 1615 sibi

2214 1667 2321 1708 non
2350 1659 2535 1722 posset
2565 1651 2619 1707 in
2650 1650 2849 1708 eﬂ'ectu
2879 1652 3165 1723 subjicere,
3196 1668 3305 1708 non
3355 1661 3535 1708 tamen
3566 1652 3819 1723 quiesce-

2211 1741 2307 1797 bat
2336 1742 2389 1797 in
2419 1743 2856 1811 suggestionibus
2875 1742 3327 1814 concupiscentia:
3344 1741 3639 1812 captivare.
3661 1739 3821 1797 Unde

2142 1858 2191 1920 Β
2215 1834 2358 1891 idem
2388 1836 2666 1906 apostolus
2693 1837 2770 1891 ait
2799 1854 2813 1890 :
2843 1828 3180 1892 Condelector
3198 1837 3335 1890 enim
3363 1836 3466 1907 legi
3496 1833 3599 1889 Dei
3625 1851 3815 1890 secun-

2219 1926 2341 1980 dum
2368 1927 2667 1982 interiorem
2695 1927 2954 1982 hominem
2976 1944 2996 1981 :
3027 1926 3176 1982 video
3220 1933 3393 1980 autem
3445 1926 3606 1981 aliam
3652 1926 3816 1998 legem

2216 2019 2271 2074 in
2298 2017 2540 2074 membris
2561 2020 2710 2087 meis,
2740 2027 3117 2090 repugnantem
3145 2018 3246 2091 legi
3266 2018 3453 2072 mentis
3478 2033 3631 2085 metr,
3650 2027 3702 2071 et
3723 2034 3817 2071 ca-

2217 2111 2493 2181 ptivantem
2532 2126 2613 2165 me
2648 2111 2705 2165 in
2750 2111 2912 2181 legem
2965 2110 3167 2181 peccati
3207 2125 3323 2181 quae
3368 2117 3446 2164 est
3473 2110 3528 2163 in
3570 2108 3816 2164 membris

2218 2201 2346 2254 meis
2368 2198 2654 2272 (Rom.vn,
2675 2199 2763 2266 22,
2787 2199 2904 2271 25).
2932 2198 3044 2255 Nec
3071 2199 3220 2254 siluit
3245 2198 3367 2254 solo
3394 2214 3454 2255 se
3483 2213 3643 2269 posse
3662 2199 3819 2252 auai-

2217 2287 2292 2345 lio
2318 2289 2503 2358 gratite
2518 2289 2768 2356 liberari;
2797 2288 2921 2344 ideo
2945 2289 3190 2358 sequitur
3210 2287 3398 2343 dicens
3425 2289 3496 2358 (υ.
3519 2285 3589 2339 24
3617 2296 3665 2340 et
3686 2284 3815 2358 25):

2221 2379 2420 2452 Infelix
2448 2398 2544 2452 ego
2568 2381 2745 2451 homo,
2768 2381 2881 2452 quis
2908 2396 2991 2435 me
3016 2377 3255 2434 liberabit
3302 2377 3366 2433 de
3393 2394 3609 2449 corpore
3634 2379 3815 2434 mortis

2218 2472 2412 2544 hujus?
2432 2470 2618 2527 Gratia
2650 2470 2748 2526 Dei
2780 2488 2872 2542 per
2898 2469 3078 2526 Iesum
3105 2468 3366 2525 Christum
3409 2467 3689 2524 Dominum
3716 2486 3813 2523 no-

2218 2578 2401 2624 strum.
2436 2565 2636 2623 Habuit
2663 2579 2793 2636 ergo
2815 2566 2868 2620 in
2895 2573 3079 2635 mente
3098 2564 3287 2634 gratia:
3306 2562 3701 2626 fortitudinem,
3718 2561 3816 2617 sed

2219 2664 2273 2719 in
2302 2676 2465 2718 carne
2489 2660 2859 2715 inﬁmitatem
2908 2657 3181 2715 sentiebat
3232 2655 3460 2722 arbitrii,
3494 2671 3672 2727 quam
3704 2671 3818 2710 non

2219 2752 2408 2808 habuit
2479 2750 2652 2809 Adam
2700 2749 3018 2821 priusquam
3068 2746 3456 2819 depravaretur
3507 2744 3815 2800 voluntaria

2219 2843 2667 2917 praevaricatione
2713 2841 2976 2898 mandati.
3032 2838 3162 2895 Inde
3216 2848 3304 2896 est
3329 2837 3468 2909 quod
3494 2837 3813 2907 Apostolus,

2221 2958 2331 2998 non
2359 2941 2461 2998 sub
2488 2940 2630 3011 lege,
2653 2938 2748 2996 sed
2768 2938 2883 3009 jam
2929 2937 3030 2994 sub
3078 2936 3250 3007 gratia
3295 2935 3637 2999 constitutus,
3683 2933 3817 2988 licet

2182 3097 2190 3104 ,
2221 3042 2403 3092 mente
2414 3035 2647 3091 serviret
2666 3033 2771 3103 legi
2789 3032 2906 3098 Dei,
2926 3030 3225 3100 cogebatur
3243 3037 3424 3084 tamen
3434 3041 3596 3083 carne
3606 3025 3815 3081 servire

2221 3125 2324 3194 legi
2337 3126 2570 3197 peccati:
2597 3125 2722 3195 quia
2743 3122 2876 3179 illud
2890 3123 2966 3178 illi
2984 3122 3038 3178 in
3054 3122 3332 3178 voluntate
3352 3120 3606 3176 divinitus
3622 3119 3807 3173 datum

2221 3225 2359 3283 erat,
2390 3216 2520 3274 illud
2550 3217 2694 3272 ineo
2716 3215 3044 3272 necessitate
3070 3222 3423 3271 remanserat.
3474 3212 3587 3268 Illis
3611 3212 3813 3283 quippe

2219 3307 2629 3364 necessitatibus
2654 3307 2943 3375 urgebatur
2971 3306 3193 3374 invitus,
3226 3321 3258 3360 a
3284 3304 3484 3375 quibus
3509 3304 3647 3375 eripi
3695 3318 3816 3359 om-

2217 3400 2302 3456 nis
2320 3406 2541 3456 sanctus
2572 3407 2628 3454 et
2667 3406 2822 3469 optat
2848 3405 2904 3453 et
2924 3397 3185 3470 postulat,
3215 3396 3405 3453 dicens
3427 3394 3541 3452 Deo
3566 3414 3578 3448 :
3614 3393 3694 3450 De
3723 3410 3815 3449 ne-

2215 3489 2542 3546 cessitatibus
2595 3489 2758 3561 593
2804 3491 2933 3544 meis
2981 3490 3123 3561 eripe
3172 3504 3253 3544 me
3292 3486 3466 3560 (Psal.
3519 3502 3665 3556 ntv,
3690 3486 3811 3560 ιτ),

2215 3582 2421 3640 Harum
2446 3582 2835 3640 necessitatum
2859 3580 2912 3637 in
2942 3595 3004 3639 se
3027 3579 3324 3653 Apostolus
3349 3580 3658 3637 molestiam
3683 3594 3815 3636 sen-

2217 3677 2358 3733 tiens
2379 3676 2599 3733 dicebat
2632 3694 2645 3731 :
2678 3674 2805 3731 Non
2826 3676 2964 3730 enim
2990 3674 3127 3749 quod
3147 3674 3260 3731 volo
3292 3673 3507 3743 bonum,
3536 3672 3635 3727 hoc
3678 3688 3811 3743 ago;

2215 3769 2309 3824 sed
2335 3769 2473 3842 quod
2513 3760 2600 3824 odi
2644 3769 2860 3837 malum,
2905 3768 3001 3824 hoc
3032 3768 3193 3841 facio.
3238 3765 3301 3823 Si
3329 3776 3502 3821 autem
3545 3765 3684 3838 quod
3723 3765 3815 3818 odi

2214 3864 2432 3931 malum,
2461 3863 2557 3919 hoc
2584 3880 2682 3936 ago
2703 3904 2719 3932 ,
2734 3863 2851 3934 jam
2877 3879 2985 3918 non
3003 3878 3098 3935 ego
3127 3876 3313 3941 operor
3343 3859 3499 3924 illud,
3545 3859 3638 3914 sed
3677 3857 3816 3930 quod

2216 3956 2417 4013 habitat
2440 3959 2497 4013 in
2515 3974 2598 4013 me
2617 3965 2882 4029 peccatum
2911 3954 3092 4029 (Rom.
3121 3970 3215 4023 vn,
3241 3953 3328 4022 l9,
3353 3952 3469 4025 20).

2287 4051 2414 4108 CAP.
2440 4067 2548 4107 xvr.
2582 4082 2657 4093 —-
2694 4048 2784 4105 25.
2819 4047 2914 4104 Ha:
2951 4047 3303 4107 necessitates
3326 4061 3438 4102 non
3467 4043 3728 4103 desinunt
3757 4043 3817 4100 in

2215 4159 2448 4216 corpore
2475 4144 2668 4201 mortis
2695 4142 2856 4213 hujus
2893 4140 3195 4219 mortaliter
3219 4138 3525 4196 viventibus
3566 4138 3813 4203 sanctis;

2215 4235 2411 4306 quibus
2430 4235 2812 4292 miserabiliter
2836 4233 3058 4306 quidem
3086 4233 3488 4298 concutiuntur,
3540 4239 3599 4286 ut
3641 4246 3817 4302 agno-

2215 4338 2369 4385 scant
2401 4343 2462 4386 se
2488 4328 2636 4384 illam
2660 4328 2889 4399 gratiam
2915 4333 3117 4386 sanctae
3140 4325 3409 4383 libertatis
3432 4332 3488 4381 et
3515 4324 3669 4396 pacis
3697 4324 3817 4396 pri-

2216 4437 2319 4477 mre
2339 4422 2393 4477 in
2419 4420 2594 4491 primo
2624 4420 2847 4477 homine
2878 4419 3087 4492 peccati
3115 4419 3311 4474 merito
3339 4416 3679 4489 perdidisse;
3712 4429 3819 4471 nec

2217 4528 2340 4570 eam
2370 4528 2530 4584 posse
2570 4512 2671 4569 nisi
2716 4527 2816 4583 per
2843 4512 3074 4582 gratiam
3098 4509 3300 4567 Christi
3328 4509 3602 4579 recipere,
3638 4509 3692 4562 in
3723 4507 3819 4562 illa

2217 4604 2481 4661 duntaxat
2503 4604 2614 4660 vita
2638 4604 2692 4659 in
2713 4618 2820 4674 qua
2844 4602 2989 4659 nulla
3026 4602 3131 4658 erit
3153 4600 3356 4657 sanctis
3374 4598 3685 4656 sollicitudo
3703 4614 3823 4655 cer-

2219 4697 2466 4764 taminis,
2514 4695 2613 4752 sed
2639 4692 2881 4766 perlecta
2925 4692 3190 4749 securitas
3233 4691 3411 4763 pacis;
3456 4698 3585 4746 tunc
3627 4690 3823 4760 utique

2219 4788 2437 4860 quando
2484 4787 2833 4844 insultabitur
2873 4786 3073 4854 morti,
3118 4784 3416 4854 exstirpata
3456 4782 3527 4838 de
3555 4781 3825 4838 membris

2220 4883 2370 4938 omni
2398 4880 2747 4937 contentione
2767 4877 2996 4949 peccati.
3022 4875 3174 4931 Tunc
3191 4875 3461 4931 veraciter
3486 4875 3540 4929 in
3568 4873 3661 4929 illa
3681 4885 3827 4944 pace

2220 4970 2433 5026 dicet-ur
2458 4988 2470 5024 :
2498 4970 2755 5042 Absorpta
2780 4978 2857 5025 est
2884 4984 3027 5025 mors
3051 4968 3109 5022 in
3140 4967 3377 5022 victoria.
3410 4964 3510 5021 Ubi
3528 4974 3628 5031 est,
3652 4981 3826 5035 mors,

2219 5064 2436 5118 victoria
2460 5063 2586 5116 tua?
2610 5061 2708 5116 Ubi
2723 5071 2821 5128 est,
2844 5077 3006 5128 mors,
3030 5060 3268 5115 stimulus
3283 5068 3400 5114 tuus
3413 5059 3438 5113 .9
3452 5058 3711 5114 Stimulus
3728 5076 3830 5113 au-

2224 5166 2325 5212 tem
2349 5156 2531 5211 mortis
2574 5165 2841 5228 peccatum
2881 5164 2957 5210 est
2988 5153 3044 5227 (Ι
3073 5153 3194 5210 Cor.
3225 5169 3314 5220 xv,
3348 5152 3435 5217 54,
3467 5151 3557 5220 55,
3585 5151 3714 5223 56),
3767 5154 3827 5209 in

2218 5249 2363 5319 quod
2384 5248 2544 5320 primi
2564 5248 2800 5304 hominis
2822 5246 3267 5319 praevaricatione
3284 5244 3601 5311 cecidimus,
3624 5253 3680 5298 et
3700 5244 3829 5299 sine

2218 5355 2328 5411 quo
2358 5340 2411 5394 in
2442 5340 2544 5396 hac
2569 5340 2679 5394 vita
2705 5354 2815 5394 non
2843 5353 3050 5394 sumus.
3082 5336 3146 5393 Si
3176 5336 3320 5391 enim
3364 5336 3655 5389 dixerimus
3693 5337 3829 5406 quia

2218 5438 2484 5503 peccatum
2503 5446 2608 5485 non
2628 5428 2901 5494 habemus,
2926 5444 3022 5483 nos
3049 5428 3189 5499 ipsos
3216 5425 3528 5489 seducimus,
3550 5434 3601 5479 et
3626 5425 3832 5480 veritas

2218 5526 2277 5580 in
2302 5522 2451 5581 nobis
2480 5539 2585 5580 non
2609 5530 2687 5577 est
2715 5520 2770 5593 (1
2789 5520 2948 5576 Joan.
2980 5536 3031 5587 ι,
3063 5519 3138 5590 8).
3169 5517 3509 5587 Vigilandum
3539 5524 3623 5573 est
3652 5516 3831 5585 igitur

2220 5616 2275 5673 in
2305 5615 2622 5680 certamine,
2650 5621 2711 5669 ut
2740 5613 3111 5683 requiescatur
3137 5612 3194 5666 in
3220 5624 3385 5682 pace;
3414 5607 3704 5678 cogitanda
3734 5618 3831 5663 est

2218 5707 2375 5763 liberi
2419 5705 2627 5761 arbitrii
2672 5719 2888 5775 semper
2916 5701 3399 5773 iulirmitasquam
3447 5700 3608 5755 nobis
3652 5698 3830 5769 primi

2217 5801 2453 5858 hominis
2475 5798 2754 5869 generavit
2793 5798 3079 5868 iniquitas;
3111 5805 3167 5852 et
3187 5793 3255 5850 ad
3281 5792 3680 5863 subrogandum
3714 5793 3834 5849 vir-

2216 5891 2350 5951 tutis
2372 5890 2632 5955 auxilium
2656 5890 2973 5972 suppliciter
2996 5887 3269 5967 poscenda
3302 5891 3385 5945 est
3413 5885 3599 5963 divina
3642 5883 3835 5961 unica

2439 6001 2561 6017 Ψ.
