4048 6342
233 384 340 439 665

1119 379 1204 434 DE
1239 377 1582 436 VERITATE
1619 378 2300 438 PRIEDESTINATIONIS
2339 381 2469 437 LlB.
2514 381 2603 436 lll.

3399 385 3504 442 666

232 506 366 562 stas,
391 503 450 550 tit
473 492 844 550 laborantibus
866 492 1069 548 tribuat
1086 493 1360 561 virtutem,
1389 504 1443 550 et
1470 495 1704 550 victores
1722 509 1819 548 nos
1852 499 1902 558 Α
1929 504 1984 552 et
2012 494 2294 551 infirmitas
2317 496 2548 552 hominis
2576 495 2782 565 majore
2835 493 3100 566 adjutorio
3124 496 3309 566 gratiae
3344 496 3508 553 victo-

229 587 493 660 perducat
521 586 588 641 ad
615 600 804 658 pacem
830 628 848 654 ,
878 584 970 640 ubi
998 586 1294 657 perfectam
1337 594 1392 641 et
1430 588 1496 641 ab
1525 587 1670 641 omni
1693 602 1820 657 pec-

227 689 354 738 cato
382 679 693 750 plenissime
718 678 996 734 liberatam
1028 679 1323 735 habeamus
1358 679 1566 734 arbitrii
1604 680 1822 734 liberta-

228 779 344 826 tem
367 789 379 823 :
401 779 529 826 tunc
552 770 766 841 quando
794 771 968 826 omnis
995 779 1260 837 creatura,
1281 785 1399 840 quae
1424 787 1564 826 nunc
1595 787 1824 826 renova-

229 875 324 920 tur
344 866 396 920 in
418 863 655 929 Christo,
683 863 998 919 liberabitur
1019 881 1047 918 a
1074 865 1333 920 servitute
1360 864 1740 934 corruptionis,
1769 865 1821 918 in

226 955 538 1012 libertatem
565 956 749 1024 gloriae
780 955 1010 1011 filiorum
1042 955 1136 1034 Dei
1168 956 1356 1027 (Rom.
1389 973 1501 1023 vm,
1543 956 1654 1028 2i).
1688 957 1822 1012 Cum

228 1057 418 1106 autem
449 1048 785 1115 liberabitur,
837 1049 1023 1118 procul
1071 1047 1234 1103 dubio
1279 1056 1334 1104 et
1379 1049 1560 1104 liberae
1587 1049 1736 1119 pacis
1769 1058 1825 1112 et

226 1127 440 1208 pacatae
465 1140 727 1194 libertatis
754 1154 977 1194 munere
1001 1139 1322 1210 perfruetur.
1349 1139 1504 1206 Quod
1530 1140 1574 1194 si
1598 1140 1686 1194 illa
1717 1156 1823 1210 pax

228 1219 669 1308 il'laquelihertas
692 1241 840 1286 tanta
866 1229 1188 1287 etiamnunc
1214 1232 1633 1287 inessethomini
1659 1247 1822 1302 quan-

229 1312 343 1379 tam
365 1326 555 1380 habuit
582 1326 787 1395 primus
816 1326 979 1380 homo
1007 1332 1132 1380 ante
1153 1333 1457 1394 peccatum,
1481 1340 1586 1378 non
1618 1324 1824 1393 videret

230 1417 287 1470 in
320 1417 574 1471 membris
602 1417 712 1472 suis
741 1416 899 1470 aliam
939 1417 1132 1485 legem,
1183 1432 1304 1485 quae
1350 1416 1455 1485 legi
1495 1415 1689 1471 mentis
1714 1430 1823 1470 suat

227 1509 627 1564 contumaciter
655 1515 1001 1578 repugnaret,
1027 1515 1081 1562 et
1117 1507 1387 1578 captivum
1418 1506 1472 1560 in
1496 1505 1668 1575 legem
1694 1520 1822 1574 pec-

232 1601 343 1656 cati
363 1601 635 1656 violenter
664 1600 973 1656 abduceret.

302 1689 392 1743 26.
456 1688 709 1745 Liberum
757 1689 939 1759 itaque
987 1689 1235 1745 humana:
1282 1689 1476 1744 mentis
1522 1688 1818 1751 arbitrium,

228 1782 546 1853 priusquam
569 1784 772 1854 primus
789 1785 953 1839 homo
973 1794 1243 1854 peccaret,
1263 1784 1316 1839 in
1341 1791 1547 1839 tantum
1578 1783 1677 1837 fuit
1696 1795 1823 1836 vere

1925 587 2058 642 riam
2106 589 2300 658 recipit
2341 605 2503 658 quam
2543 589 2742 644 amisit.
2775 588 3022 646 Potestas
3051 591 3232 660 utique
3259 591 3396 647 bene
3422 593 3507 648 vel

1923 682 2065 738 male
2095 681 2355 752 operandi
2381 689 2563 752 potest
2591 682 2768 738 inesse
2817 682 3019 737 homini
3050 685 3222 739 utenti
3248 685 3459 739 ratione
3490 703 3504 740 :

1924 773 2018 828 sed
2048 774 2189 829 male
2213 774 2474 846 operandi
2497 782 2739 844 potestas
2776 789 2843 830 ex
2870 774 2986 829 solo
3016 774 3195 829 liberae
3219 775 3511 830 voluntatis

1923 862 2154 919 habetur
2185 864 2442 929 arbitrio;
2468 871 2708 934 potestas
2729 873 2910 920 autem
2933 865 3072 920 bene
3097 865 3358 936 Operandi
3382 847 3511 920 time

1926 954 2096 1010 libero
2122 956 2260 1010 inest
2289 955 2541 1020 arbitrio,
2592 956 2811 1025 quando
2849 956 3084 1011 donatur
3119 971 3150 1010 a
3185 955 3317 1012 Deo.
3363 954 3511 1010 lianc

1925 1056 2247 1118 potestatem
2300 1048 2554 1104 divinitus
2599 1048 2714 1102 dari
2762 1046 2998 1103 Joannes
3035 1047 3362 1117 evangelista
3407 1046 3511 1100 hoc

1925 1151 2179 1192 sermone
2209 1145 2438 1193 testatur
2471 1156 2484 1190 :
2521 1134 2779 1208 Quotquot
2821 1147 2992 1192 autem
3032 1145 3331 1208 receperunt
3374 1151 3509 1199 eum,

1926 1231 2065 1284 dedit
2093 1233 2168 1284 eis
2194 1240 2506 1302 potestatem
2540 1231 2679 1300 ﬁlios
2707 1229 2803 1283 Dei
2830 1231 2968 1300 fieri,
2999 1231 3080 1284 his
3107 1230 3195 1301 qui
3224 1229 3436 1283 credunt
3457 1228 3508 1280 iu

1926 1326 2133 1378 nomine
2157 1325 2267 1394 ejus
2301 1324 2476 1395 (Joan.
2513 1340 2549 1389 ι,
2577 1323 2688 1393 12).
2761 1367 2764 1372 .

1999 1413 2127 1468 ΟΜ».
2158 1411 2480 1468 arma—28.
2499 1411 2862 1478 Qutestionem
2880 1424 3022 1468 "vero
3041 1412 3108 1468 de
3129 1411 3328 1480 anima,
3350 1426 3509 1482 quam

1927 1504 2276 1574 penultimam
2317 1503 2511 1558 vestris
2554 1504 2607 1558 in
2638 1503 2830 1558 litteris
2857 1503 3145 1574 posuistis,
3199 1516 3301 1571 ego
3328 1503 3382 1557 in
3410 1503 3511 1560 hac

1928 1597 2282 1665 responsione
2302 1595 2545 1650 ultimam
2564 1594 2740 1664 posui,
2754 1609 2916 1663 quam
2944 1595 3114 1663 magis
3135 1595 3370 1650 arbitror
3389 1609 3511 1650 con-

1926 1688 2126 1744 flictum
2149 1688 2290 1758 apud
2309 1704 2406 1744 vos
2431 1687 2630 1742 habere
2651 1702 2809 1757 quam
2838 1687 3128 1742 terminum
3153 1704 3165 1739 :
3187 1686 3241 1741 in
3264 1701 3368 1757 qua
3391 1686 3512 1756 plus

1927 1790 2107 1853 potest
2153 1782 2335 1850 augeri
2389 1780 2663 1836 contentio
2711 1794 2873 1849 quam
2916 1779 3198 1848 suffragari
3251 1779 3506 1848 cognitio.

227 1873 481 1941 liberum,
516 1875 571 1929 in
597 1868 857 1945 quantum
888 1877 942 1931 in
971 1893 1030 1932 se
1072 1877 1204 1932 nihil
1233 1893 1300 1932 ex
1329 1892 1388 1933 se
1430 1876 1698 1932 sentiebat
1723 1875 1822 1930 ad-
1852 1869 1899 1929 B
1929 1871 2166 1943 Utraque
2195 1873 2337 1927 enim
2367 1887 2494 1942 pars
2521 1873 2600 1927 sic
2627 1871 2737 1926 suis
2766 1871 3154 1927 assertionibus
3195 1871 3400 1934 nititur,
3449 1880 3511 1926 ut

227 1979 470 2019 versum.
504 1964 684 2021 Inerat
709 1982 836 2037 ergo
865 1969 916 2022 ei
957 1969 1158 2023 sanitas
1182 1977 1236 2023 et
1270 1968 1539 2033 felicitas;
1595 1983 1695 2022 nec
1724 1968 1822 2022 ali-

227 2070 392 2125 quam
437 2057 538 2111 sibi
585 2059 854 2114 sentiebat
881 2060 1058 2116 inesse
1086 2059 1388 2125 miseriam,
1437 2059 1564 2128 quia
1604 2059 1823 2114 tenebat

227 2155 377 2202 recta
409 2147 665 2204 libertate
689 2149 972 2219 justitiam.
1021 2149 1234 2205 Justitia
1283 2151 1482 2220 quippe
1529 2150 1822 2206 liberaliter

227 2238 518 2301 serviebat,
552 2239 672 2294 ideo
701 2241 768 2295 de
796 2257 926 2296 vera
955 2242 1203 2297 libertate
1231 2243 1520 2311 gaudebat.

259 2398 262 2399 7
295 2329 429 2384 Car.
455 2346 584 2385 xvu.
606 2362 678 2370 ---
703 2331 910 2386 Primus
933 2333 1115 2402 utique
1142 2333 1325 2398 homo,
1348 2331 1586 2402 quandiu
1602 2333 1821 2402 justitite

226 2419 753 2488 servivit,peccatum
766 2423 985 2478 omnino
1000 2440 1104 2478 non
1119 2423 1440 2478 habuit.Nos
1451 2433 1628 2479 autem
1641 2440 1824 2493 quam-

225 2507 302 2562 vis
317 2509 570 2562 liberalia
581 2519 810 2578 peccato,
829 2513 961 2564 servi
973 2521 1141 2565 autem
1155 2513 1278 2582 [acti
1297 2511 1406 2566 Deo
1421 2512 1596 2582 (Rom.
1616 2530 1686 2579 v1,
1706 2513 1819 2584 18),

227 2608 408 2654 tamen
441 2588 488 2654 si
517 2601 797 2656 dixerimus
838 2604 958 2674 quia
986 2614 1252 2674 peccatum
1279 2622 1382 2659 non
1413 2606 1678 2672 habemus,
1728 2623 1822 2663 nos

226 2689 369 2755 ipsos
385 2691 702 2754 “ducimus,
721 2701 770 2744 et
791 2694 978 2746 veritas
1002 2694 1054 2746 in
1069 2691 1216 2748 nobis
1231 2710 1331 2747 non
1346 2702 1422 2748 est
1442 2693 1498 2764 (Ι
1515 2694 1671 2750 Joan.
1691 2712 1726 2761 ι,
1741 2695 1819 2765 8).

229 2779 399 2834 Adam
425 2787 550 2836 ante
563 2791 840 2851 peccatum
863 2797 968 2837 non
982 2783 1170 2838 habuit
1186 2799 1348 2852 super
1365 2800 1424 2839 se
1435 2797 1596 2852 grave
1613 2785 1818 2854 jugum,

231 2870 374 2940 quod
397 2879 481 2924 est
510 2887 671 2940 super
694 2870 831 2926 filios
867 2871 980 2940 ejus
1010 2889 1039 2926 a
1070 2873 1156 2927 die
1185 2873 1362 2928 exitus
1387 2873 1454 2928 de
1492 2882 1678 2929 ventre
1704 2890 1823 2930 ma-

233 2962 329 3017 tris
349 2978 573 3028 eorum,
613 2978 781 3033 usque
807 2964 861 3017 in
890 2963 1030 3018 diem
1052 2963 1342 3033 sepulturae
1370 2963 1423 3017 in
1453 2975 1677 3018 matrem
1707 2980 1824 3019 om-

233 3055 378 3107 nium
413 3052 601 3124 (Eccli.
635 3053 822 3123 x1.,l).
856 3053 912 3108 In
941 3054 1109 3108 Adam
1145 3062 1270 3109 ante
1297 3063 1580 3124 peccatum
1623 3055 1824 3110 nullam

234 3146 422 3202 habuit
446 3161 575 3213 caro
590 3148 1100 3218 concupiscentiam,
1117 3163 1235 3217 qua:
1249 3148 1458 3218 spiritui
1475 3157 1820 3218 repugnaret.

1925 1966 2212 2021 contrariis
2233 1964 2580 2019 nihilominus
2601 1964 2994 2034 objectionibus
3006 1962 3510 2032 revincatur.Cujus

1922 2057 2234 2126 qumstionis
2267 2055 2456 2110 beatus
2485 2054 2813 2123 Augustinus
2839 2054 3258 2125 profunditatem
3287 2054 3386 2109 sibi
3412 2054 3511 2108 im-

1922 2146 2363 2216 perscrutabilem
2393 2160 2639 2209 cernens,
2683 2144 2881 2200 nullam
2910 2144 3082 2198 voluit
3120 2145 3280 2214 hujus
3308 2144 3387 2199 rei
3418 2144 3512 2199 de-

1923 2236 2130 2293 finitam
2178 2236 2418 2308 proferre
2468 2237 2790 2292 sententiam
2821 2277 2836 2302 ,
2895 2236 3253 2306 incongruum
3286 2251 3510 2306 prorsus

1923 2329 2236 2384 existimans
2293 2328 2496 2396 aliquid
2525 2325 2796 2381 affirmare
2837 2327 2956 2381 sine
2985 2325 3322 2382 dubitatione
3349 2327 3508 2392 velle,

1924 2421 2069 2491 quod
2095 2421 2232 2476 alter
2260 2422 2447 2490 poSset
2483 2420 2752 2476 contraria
2785 2420 3141 2489 responsione
3180 2419 3507 2474 convellere.

1926 2508 2088 2578 Cujus
2118 2519 2224 2564 tam
2274 2511 2329 2563 in
2373 2509 2586 2564 decimo
2639 2507 2776 2563 libro
2820 2508 2886 2563 de
2914 2506 3110 2563 Genesi
3145 2507 3212 2561 ad
3252 2507 3507 2575 litteram,

1925 2614 2087 2670 quam
2115 2599 2167 2653 in
2197 2599 2346 2654 libris
2383 2599 2450 2652 ad
2492 2597 2834 2653 Vincentium
2875 2596 3149 2652 Victorem
3191 2596 3258 2652 de
3293 2595 3511 2666 Origine

1881 2755 1886 2766 ι
1926 2692 2150 2756 animae,
2200 2707 2301 2747 nec
2332 2707 2439 2746 non
2482 2692 2536 2746 in
2565 2690 2702 2745 libro
2727 2691 2903 2761 primo
2945 2705 3014 2744 ex
3041 2689 3252 2745 duobus
3278 2704 3416 2759 quos
3444 2690 3511 2745 ad

1927 2793 2173 2873 sanctum
2206 2783 2591 2856 Hieronymum
2622 2783 2840 2853 scripsit
2870 2781 3063 2853 (Epist.
3095 2783 3229 2836 alias
3249 2781 3347 2846 28,
3377 2799 3512 2837 nunc

1927 2857 2088 2949 ltiti);
2121 2878 2173 2932 in
2207 2878 2375 2932 tribus
2395 2891 2609 2947 quoque
2639 2875 2881 2945 epistolis
2907 2873 3004 2946 (V.
3023 2875 3174 2944 epist.
3190 2874 3358 2944 ejusd.
3377 2875 3511 2928 alia:

1928 2967 2033 3023 157
2054 3011 2068 3036 ,
2101 2984 2235 3022 nunc
2267 2965 2390 3036 190)
2421 2981 2553 3036 quas
2582 2965 2650 3020 ad
2678 2964 2932 3034 Optatum
2961 2964 3272 3034 episcopum
3311 2963 3379 3018 de
3408 2963 3509 3018 hac

1928 3059 2228 3129 quaestione
2243 3059 2565 3128 composuit,
2580 3056 2948 3126 disputatione
2964 3055 3194 3124 refulget
3207 3069 3315 3110 non
3335 3055 3512 3110 minus

1929 3150 2148 3220 cepiosa
2179 3164 2343 3219 quam
2374 3145 2666 3219 profunda;
2698 3155 2754 3201 et
2775 3162 2841 3202 eo
2869 3145 3040 3216 magis
3069 3145 3360 3212 laudabili,
3383 3145 3510 3216 quia

236 3237 323 3293 Sic
365 3238 512 3292 enim
541 3236 768 3293 faciliter
795 3238 1171 3293 dominabatur
1212 3240 1464 3318 corpori,
1493 3240 1632 3296 sicut
1661 3241 1822 3298 obse-
1852 3233 1900 3297 C
1929 3254 2165 3308 congrua
2216 3239 2478 3310 temperie
2519 3239 2820 3294 moderata.
2873 3237 2975 3293 Ubi
3013 3238 3269 3310 quidquid
3314 3239 3510 3310 ingenii

237 3329 504 3399 quebatur
533 3327 762 3385 fideliter
789 3329 1076 3386 conditori.
1110 3330 1302 3385 Anima
1332 3332 1422 3386 illa
1443 3332 1711 3387 subditum
1734 3334 1825 3389 ha-

237 3421 349 3474 buit
377 3433 610 3490 corpus,
659 3436 820 3490 quam
867 3436 1034 3491 purus
1083 3421 1193 3476 Deo
1233 3422 1549 3491 subjiciebat
1576 3423 1818 3481 affectus.

238 3511 386 3568 Nunc
416 3521 595 3567 autem
632 3513 682 3566 in
706 3528 773 3568 eo
803 3528 900 3568 nos
938 3528 1045 3568 non
1074 3511 1312 3582 perfecte
1341 3513 1563 3569 obedire
1592 3515 1704 3570 Deo
1731 3531 1823 3570 co-

237 3605 562 3670 gnoscimus,
598 3603 773 3672 inquo
803 3603 855 3656 in
883 3603 1038 3658 nobis
1066 3618 1192 3658 caro
1215 3604 1546 3674 concupiscit
1567 3604 1825 3659 adversus

238 3696 506 3764 spiritum,
551 3704 606 3749 et
651 3696 872 3764 spiritus
909 3694 1166 3751 adversus
1194 3710 1443 3762 carnem,
1486 3704 1546 3750 ut
1571 3710 1678 3751 non
1706 3709 1823 3766 qute

241 3787 487 3843 volumus
519 3787 605 3842 illa
637 3787 914 3843 faciamus.

304 3879 472 3951 494
510 3879 600 3935 27.
651 3878 896 3936 Libertas
937 3894 1068 3949 ergo
1096 3881 1253 3951 primi
1292 3880 1526 3937 hominis
1565 3879 1822 3950 majorem

239 3970 424 4024 habuit
445 3985 666 4038 pacem;
696 3970 790 4024 sed
811 3986 952 4026 nunc
974 3971 1198 4026 libertas
1222 3970 1455 4026 fidelium
1480 3986 1573 4041 per
1598 3970 1823 4040 gratiam

239 4062 502 4129 majorem
525 4061 720 4130 accipit
747 4063 1027 4116 caritatem
1060 4080 1072 4115 :
1105 4062 1179 4115 illi
1203 4060 1300 4116 fuit
1321 4077 1540 4132 prorsus
1563 4061 1745 4130 quieta
1767 4061 1823 4116 in

237 4167 367 4221 pace
389 4151 622 4220 justitia,
673 4153 789 4206 istis
814 4152 1047 4221 gloriosa
1076 4152 1234 4207 datur
1260 4153 1313 4206 in
1343 4154 1726 4221 congressione
1755 4155 1828 4209 vi-

240 4245 432 4298 ctoria.
461 4242 636 4312 Major
663 4257 794 4311 ergo
817 4261 960 4300 nunc
987 4244 1145 4298 datur
1173 4245 1367 4315 gratia,
1391 4244 1514 4298 dum
1545 4260 1642 4315 per
1665 4243 1824 4300 fidem

237 4335 460 4391 liberum
484 4344 765 4406 reparatur
793 4337 1070 4392 arbitrium
1095 4355 1109 4402 ;
1143 4345 1200 4391 et
1227 4352 1292 4391 cu
1311 4351 1384 4402 m,
1419 4336 1562 4391 dono
1595 4335 1715 4391 fidei
1745 4347 1846 4404 at-,

239 4442 338 4495 que
365 4427 610 4482 caritatis
640 4427 846 4493 infuso,
899 4427 1103 4480 arbitrii
1136 4428 1302 4480 nostri
1344 4427 1486 4482 Deus
1515 4428 1824 4497 reparat‘li-

239 4520 526 4584 bertatem,
549 4519 627 4576 sic
649 4520 702 4574 in
725 4519 880 4574 nobis
901 4517 1111 4588 perficit
1134 4518 1184 4570 in
1211 4517 1521 4571 infirmitate
1550 4517 1824 4572 virtutem.

1927 3332 2191 3396 acumine,
2232 3330 2487 3402 quidquid
2517 3330 2947 3386 ratiocinationis
2990 3330 3208 3398 ordine,
3256 3332 3512 3402 quidquid

1913 3420 2263 3474 auctoritatis
2303 3419 2544 3490 pondere
2583 3419 2960 3488 inquirendum
3009 3420 3514 3492 discutiendumque

1926 3509 2231 3577 conspexit,
2249 3517 2305 3563 et
2326 3509 2601 3578 inquisivit
2625 3509 2987 3578 singulariter,
3014 3518 3068 3564 et
3091 3511 3359 3566 discussit.
3379 3511 3515 3566 Con-

1926 3614 2146 3654 sensum
2178 3606 2354 3654 tamen
2381 3599 2449 3653 ab
2480 3607 2708 3669 utraque
2751 3599 3067 3656 definitione
3109 3601 3393 3668 continuit,
3445 3617 3514 3658 ne

1927 3688 2166 3744 laborem
2193 3696 2354 3742 tanta:
2369 3689 2747 3759 disputationis
2765 3691 2998 3766 inaniter
3011 3692 3331 3762 susciperet,
3353 3708 3512 3762 quem

1867 3807 1872 3812 -
1927 3778 2215 3847 cujuslibet
2236 3781 2519 3836 sententiae
2547 3781 2837 3860 temeraria
2859 3781 3099 3838 definitio
3127 3793 3398 3840 vacuaret.
3423 3785 3514 3840 Vi-

1927 3870 2088 3924 debat
2126 3885 2245 3925 eam
2293 3879 2503 3941 partem
2533 3886 2653 3941 qua:
2694 3870 2928 3927 aﬂirmat
2975 3874 3206 3930 animam
3235 3875 3304 3931 de
3333 3877 3511 3931 anima

1927 3961 2066 4016 sicut
2094 3977 2288 4031 corpus
2316 3963 2384 4017 de
2418 3978 2648 4034 corpore
2676 3965 2958 4045 propagari
2978 4005 2993 4032 ,
3023 3974 3078 4021 et
3101 3966 3247 4022 illam
3275 3982 3394 4037 qua:
3421 3982 3511 4022 as-

1927 4053 2058 4109 serit
2091 4068 2258 4109 novas
2283 4055 2504 4122 singulis
2530 4057 2873 4112 nascentibus
2900 4057 3107 4114 animas
3131 4057 3266 4126 fieri,
3298 4069 3514 4115 contra-

1928 4144 2023 4200 riis
2069 4159 2228 4214 posse
2272 4146 2714 4214 responsionibus
2761 4147 3066 4204 submoveri
3102 4163 3370 4220 :quarum
3413 4165 3514 4221 pro

1929 4236 2090 4308 495
2117 4236 2440 4307 compendio
2468 4241 2854 4310 responsiones
2885 4242 3124 4312 singulas
3162 4245 3331 4301 series
3358 4244 3516 4315 hujus

1931 4329 2111 4399 operis
2139 4330 2342 4384 tenebit
2372 4329 2619 4385 insertas.

2001 4420 2131 4475 CAP.
2165 4437 2274 4476 xix.
2307 4453 2378 4462 —
2407 4420 2493 4475 29.
2524 4421 2604 4476 llli
2633 4423 2834 4494 quippe
2873 4425 2965 4493 qui
2995 4440 3162 4480 novas
3189 4426 3394 4480 animas
3423 4442 3511 4482 as-

1931 4522 2119 4568 serunt
2161 4513 2385 4582 singulis
2417 4514 2558 4580 fieri,
2592 4531 2714 4569 cum
2754 4516 2858 4570 illis
2901 4518 3098 4587 opponi
3145 4519 3372 4588 cmperit
3410 4534 3513 4589 qua

239 4609 380 4664 Sann
407 4611 552 4665 enim
579 4611 734 4680 primi
761 4609 995 4665 hominis
1017 4608 1240 4662 arbitrio
1266 4608 1534 4676 subrepsit
1555 4607 1705 4661 ruina
1729 4623 1827 4678 per
1855 4648 1908 4708 Β
1926 4601 2133 4670 justitia
2169 4600 2261 4655 Dei
2289 4602 2463 4656 anima
2487 4618 2609 4672 qua:
2642 4620 2778 4659 nova
2806 4605 2965 4660 datur
2996 4608 3210 4677 corpori
3233 4618 3515 4679 peccatum

239 4705 468 4768 vitium;
521 4711 578 4757 ut
621 4711 801 4758 autem
851 4703 902 4756 in
937 4700 1241 4756 hominibus
1279 4706 1497 4756 sanetur
1526 4699 1824 4767 arbitrium,

239 4796 408 4864 major
439 4795 609 4864 gratia
640 4806 722 4849 est
747 4794 946 4848 donata
969 4800 1093 4864 post
1120 4792 1330 4846 vitium.
1380 4789 1457 4844 Ita
1505 4789 1703 4845 factum
1747 4799 1828 4846 est

241 4896 294 4939 ut
316 4886 402 4940 ubi
427 4884 720 4939 abundavit
736 4893 1039 4953 peccatum,
1055 4881 1522 4952 superabundaret
1545 4890 1599 4936 et
1623 4881 1823 4949 gratia;

238 4997 298 5036 ac
323 4994 425 5051 per
454 4979 560 5034 hoc
592 4979 872 5034 arbitrium
901 4979 1046 5034 dono
1077 4976 1172 5032 Dei
1203 4982 1486 5045 reparatur
1518 4992 1530 5026 :
1568 4981 1622 5029 et
1650 4974 1694 5028 si
1718 4989 1827 5029 non

239 5081 441 5126 tantam
466 5071 630 5126 habet
653 5079 906 5141 quantam
935 5069 1084 5140 prius
1113 5067 1301 5122 habuit
1328 5066 1615 5120 sanitatem
1645 5074 1700 5120 et
1727 5080 1826 5135 pa-

238 5179 372 5229 cem,
405 5163 667 5233 majorem
709 5172 890 5217 tamen
937 5160 1135 5230 accipit
1170 5175 1237 5214 ex
1266 5158 1516 5226 largitate
1544 5157 1822 5219 virtutem,

240 5267 296 5312 ut
324 5257 578 5313 voluntas
603 5255 839 5311 hominis
880 5268 998 5324 quae
1027 5251 1141 5306 sola
1171 5249 1478 5320 deceptoris
1516 5249 1766 5303 suasione
1795 5263 1824 5301 a

239 5349 348 5405 Deo
375 5336 729 5412 diScesserat,
766 5361 927 5411 nunc,
950 5344 1137 5413 gratiae
1165 5342 1392 5398 subnixa
1422 5341 1692 5412 przesidio,
1719 5355 1826 5395 non

239 5440 414 5495 solum
445 5437 789 5495 suasionibus
813 5477 828 5501 ,
877 5435 970 5491 sed
1019 5449 1120 5489 nec
1163 5431 1445 5489 tormentis
1481 5437 1762 5501 separetur
1797 5446 1828 5484 a

241 5533 476 5590 Christo.
523 5531 601 5586 Ita
633 5530 881 5586 Christus
915 5528 1062 5583 Deus
1095 5525 1412 5581 mirabiliter
1441 5523 1674 5579 ostendit
1701 5520 1828 5592 quid

238 5622 476 5679 humana
501 5625 674 5678 virtus
696 5621 892 5687 valeat,
916 5620 1045 5692 quid
1074 5617 1252 5672 divina
1284 5634 1296 5670 :
1323 5625 1382 5672 ut
1401 5615 1588 5681 homo,
1619 5613 1712 5683 qui
1733 5629 1830 5683 per

239 5717 510 5787 propriam
536 5713 1059 5770 volnntatemvictus
1076 5717 1158 5764 est
1177 5723 1359 5772 sanus,
1386 5713 1603 5774 accepta
1624 5702 1828 5771 majore

239 5810 407 5877 gratia
453 5822 562 5862 non
594 5806 838 5860 vincatur
873 5803 1132 5858 infirmus.
1169 5800 1347 5854 Virtus
1389 5799 1569 5865 itaque
1595 5795 1828 5852 hominis

242 5917 357 5984 quae
386 5902 653 5959 minorem
687 5897 874 5961 habuit
901 5895 1126 5966 gratiam
1146 5934 1160 5959 ,
1192 5899 1387 5966 sponte
1421 5890 1560 5948 victa
1590 5888 1783 5945 cecidit
1810 5905 1824 5958 ;

1934 4691 2196 4759 originale
2219 4692 2415 4757 trahat,
2435 4709 2557 4748 cum
2580 4692 2877 4750 dehumani
2901 4698 3516 4769 seminispropagatione

1932 4803 2038 4842 non
2071 4786 2280 4850 veniat,
2316 4787 2538 4840 omnino
2567 4787 2840 4853 deficiunt,
2875 4788 3074 4860 duplici
3101 4792 3304 4847 scilicet
3331 4795 3517 4850 absur‘

1932 4877 2098 4932 ditate
2128 4876 2441 4941 constricti,
2488 4877 2613 4946 quia
2664 4879 2746 4934 vel
2778 4877 2943 4934 Deum
2986 4884 3339 4951 pronuntiare
3367 4899 3518 4940 com.

1931 4968 2206 5038 pelluntur
2253 4967 2540 5038 injustum,
2589 4969 2675 5024 vel
2719 4983 2918 5038 negare
2945 4982 3211 5041 coguntur
3256 4976 3518 5045 originale

1934 5068 2236 5131 peccatum.
2264 5061 2456 5116 Anima
2486 5061 2627 5116 enim
2651 5077 2772 5130 qua:
2795 5078 2902 5118 non
2927 5073 3256 5136 propagatur
3285 5078 3343 5122 ut
3368 5084 3518 5138 caro,

1937 5169 2044 5209 non
2086 5154 2244 5209 debet
2284 5169 2405 5208 cum
2437 5170 2598 5210 carne
2642 5155 2917 5224 originalis
2953 5161 3158 5228 peccati
3188 5163 3357 5218 teneri
3387 5179 3516 5220 con-

1937 5247 2125 5312 sortio,
2153 5261 2217 5301 ac
2247 5247 2462 5315 perhoc
2489 5247 2756 5302 invenitur
2785 5263 2886 5305 nec
2912 5249 3152 5320 indigere
3185 5253 3523 5322 baptismatis

1937 5344 2292 5392 sacramento.
2320 5335 2386 5390 Et
2409 5338 2455 5391 si
2480 5337 2528 5390 in
2553 5338 2777 5408 parvulo
2799 5339 2888 5408 qui
2912 5341 3028 5396 sine
3054 5342 3380 5412 baptismate
3405 5361 3521 5400 mo-

1938 5430 2095 5492 ritur,
2123 5428 2237 5483 sola
2265 5442 2391 5482 caro
2414 5436 2497 5483 est
2522 5429 2728 5499 peccati
2753 5430 3026 5500 originalis
3054 5435 3374 5503 contagione
3401 5437 3521 5506 pol-

1938 5520 2071 5584 luta,
2115 5527 2170 5574 et
2210 5519 2389 5574 anima
2419 5536 2526 5575 non
2555 5520 2812 5590 baptizati
2854 5521 3069 5579 infantis
3095 5525 3212 5581 sine
3242 5526 3523 5598 iniquitate

1936 5610 2004 5665 de
2025 5610 2128 5665 hoc
2154 5611 2351 5666 smculo
2373 5619 2593 5681 putatur
2615 5613 2764 5667 exire
2796 5631 2809 5667 ε
2838 5615 3046 5669 dicatur
3067 5617 3284 5673 ubinam
3308 5621 3377 5675 sit
3401 5637 3520 5692 par-

1936 5703 2092 5757 vulus
2127 5704 2181 5758 in
2220 5705 2615 5759 resurrectione
2638 5704 2888 5760 futurus?
2918 5715 3094 5762 utrum
3124 5710 3176 5764 in
3205 5727 3369 5782 regno
3402 5715 3516 5779 Dei,

1938 5801 2162 5863 propter
2190 5793 2505 5847 munditiam
2546 5793 2641 5864 (al.
2675 5795 3058 5868 innocentiam)
3108 5800 3297 5854 animm
3324 5820 3337 5868 ;
3370 5820 3436 5857 an
3467 5805 3517 5857 in

1939 5887 2060 5975 igne
2085 5895 2287 5946 aeterno
2309 5895 2531 5958 propter
2552 5887 2944 5947 immunditiam
2969 5890 3178 5948 carnis?
3207 5891 3520 5966 Ubicunque
