4064 6358
476 407 584 464 0"

1512 403 1572 462 S.
1614 402 1988 480 FULGENTll
2021 401 2324 464 EPISCOPI
2361 401 2729 460 RUSPENSIS

476 521 688 578 taturus
713 520 945 583 dicatur,
992 528 1090 576 aut
1116 516 1348 574 mendax
1378 516 1542 584 Deus,
1593 525 1687 572 aut
1716 518 1946 587 injustus
1988 533 2076 573 as-
2100 521 2156 583 Α
2183 515 2542 571 aeternitatem
2566 515 2682 585 ipso
2704 511 3028 569 conditionis
3048 524 3270 568 munere
3287 525 3626 584 percepisse;
3643 527 3763 583 qua:

477 614 696 669 seritur.
721 612 943 668 Mendax
975 621 1056 666 est
1077 610 1220 666 enim
1249 610 1294 664 si
1325 626 1431 665 non
1464 610 1799 681 baptimtum
1830 611 2075 666 introdu-

479 703 555 761 cit
583 705 636 758 in
683 720 932 775 regnum,
964 718 1086 757 cum
1113 701 1477 757 ﬁrmissimam
1507 702 1798 772 pnclixerit
1825 703 2076 757 Salvator

480 795 598 867 ipse
624 797 968 859 sententiam,
1000 792 1188 848 dicens
1213 809 1226 845 :
1261 792 1322 847 Si
1343 794 1456 864 quis
1478 810 1582 848 non
1605 802 1816 848 renatus
1839 794 1993 864 fuerit
2008 809 2074 847 ea:

481 903 616 958 aqua
645 895 694 940 et
741 886 970 955 Spiritu,
1026 901 1130 939 non
1179 893 1347 956 potest
1385 885 1604 939 introire
1630 886 1686 939 in
1733 901 1948 956 regnum
1976 883 2074 939 Dei

479 977 661 1048 (Joan.
689 992 762 1040 in,
797 973 873 1041 5).
906 975 1141 1044 lnjustus
1169 986 1252 1032 est
1279 985 1459 1031 autem
1485 976 1534 1030 si
1563 992 1686 1032 cum
1715 991 1879 1031 carne
1923 975 2076 1031 mise-

479 1067 549 1122 rit
590 1066 826 1120 animam
857 1067 910 1121 in
939 1067 1116 1136 ignem
1147 1076 1431 1135 mtermtm,
1473 1083 1593 1138 quae
1620 1083 1742 1122 cum
1773 1081 1936 1122 carne
1965 1082 2075 1122 non

481 1157 643 1213 habet
669 1173 958 1214 ctnnntune
983 1167 1288 1228 peccatum.
1319 1157 1426 1214 Sed
1457 1157 1800 1214 manifestum
1831 1167 1914 1213 est
1953 1173 2075 1212 om-

481 1262 606 1302 nem
628 1249 718 1316 qui
746 1263 853 1302 non
881 1248 1041 1303 fuerit
1060 1257 1154 1304 aut
1179 1250 1234 1304 in
1263 1250 1482 1304 nomine
1510 1248 1712 1303 Christi
1742 1246 2076 1304 sanctiﬁcato

413 1367 417 1370 -
481 1337 662 1404 latitc,
696 1347 790 1392 aut
827 1355 926 1408 pro
955 1338 1154 1394 Christi
1197 1341 1414 1394 nomine
1441 1349 1497 1394 et
1534 1340 1652 1409 ejus
1679 1338 1921 1394 Ecclesia
1949 1353 2078 1408 pro-

482 1430 602 1502 prio
643 1430 904 1499 sanguine
933 1430 1268 1500 baptizatus,
1315 1431 1453 1499 ignis
1487 1431 1677 1485 aeterm
1703 1430 2076 1486 combustione

483 1519 868 1578 damnandum.
912 1523 1029 1589 Qua
1071 1537 1200 1592 ergo
1229 1523 1437 1593 justitia
1476 1523 1642 1578 divini
1677 1522 1865 1592 jndicii
1895 1523 2074 1577 anima

484 1627 606 1667 cum
637 1629 731 1668 sua
760 1629 926 1670 carne
958 1631 1010 1668 in
1035 1616 1214 1683 ignem
1241 1622 1503 1669 asternum
1544 1615 1809 1679 mittetur,
1860 1616 1906 1668 si
1949 1627 2076 1683 pec-

485 1705 591 1759 cati
620 1706 895 1775 originalis
923 1707 1150 1761 crimine
1177 1721 1288 1762 non
1312 1706 1561 1760 tenetur?

557 1797 644 1852 50.
671 1798 750 1852 Au
783 1798 922 1853 forte
950 1799 1091 1853 hanc
1119 1797 1508 1853 absurditatem
1535 1797 1818 1867 quisquam
1847 1793 2075 1850 tentabit

2178 621 2403 662 necesse
2449 615 2534 660 est
2575 614 2634 660 ut
2679 619 2876 674 corpus
2921 604 2972 658 in
3003 617 3110 673 quo
3157 602 3247 658 hic
3287 603 3765 675 quantulocunquc

2176 709 2424 772 tempore
2453 699 2665 764 vixerit,
2700 699 2752 754 in
2785 697 3179 754 resurrectione
3204 697 3450 767 recipiat.
3483 698 3614 765 Quis
3631 713 3763 765 ergo

2176 793 2324 849 dicat
2353 793 2590 847 animata
2635 791 2840 846 semina
2880 788 3220 859 proﬂuxisse,
3249 788 3364 844 sive
3391 789 3482 843 illa
3508 804 3624 858 quae
3651 806 3760 845 non

2177 885 2578 957 concipiuntur,
2601 883 2716 939 sive
2741 897 2860 953 qua:
2876 889 3139 937 nocturna
3156 881 3404 937 illusione
3433 882 3724 938 funduntur
3739 887 3764 938 τ

2177 975 2331 1044 Quod
2371 976 2549 1030 omnis
2577 975 2795 1045 sapiens
2823 973 2969 1028 videt
2996 988 3156 1042 quam
3185 973 3256 1030 sit
3281 971 3603 1038 absurdum,
3638 983 3693 1030 et
3734 990 3765 1029 a

2177 1066 2390 1121 ratione
2412 1065 2738 1122 omnimodis
2765 1065 3018 1120 alienum.

2249 1157 2338 1213 52.
2373 1159 2508 1214 Dum
2530 1172 2659 1228 ergo
2681 1158 2765 1214 his
2785 1166 2948 1228 atque
2973 1156 3280 1226 huiusmodi
3306 1159 3768 1230 propositionibus

2175 1255 2360 1320 partes
2373 1261 2433 1304 se
2449 1248 2680 1304 invicem
2701 1247 2944 1314 vincunt,
2962 1248 3212 1304 victrices
3235 1263 3354 1304 esse
3375 1265 3480 1304 non
3502 1261 3763 1320 possunt:

2179 1340 2303 1410 quia
2327 1355 2665 1410 unaquaeque
2687 1356 2870 1395 earum
2894 1341 2974 1395 sic
3001 1341 3196 1396 victrix
3223 1341 3454 1398 ellicitur
3475 1342 3541 1397 de
3562 1344 3763 1410 alieno,

2179 1436 2240 1484 ut
2266 1429 2515 1485 vincatur
2542 1431 2611 1486 de
2641 1446 2782 1497 suo;
2825 1439 2879 1485 et
2907 1446 3028 1486 cum
3067 1431 3298 1486 alienam
3339 1434 3768 1504 propositionem

2179 1521 2485 1588 destruxit,
2537 1523 2653 1593 ipsa
2694 1539 2803 1578 non
2831 1523 2976 1577 valet
3021 1530 3267 1579 astruere
3295 1523 3442 1594 quod
3487 1528 3763 1597 proponit.

2180 1611 2394 1679 Quanto
2422 1627 2552 1682 ergo
2593 1613 2786 1670 melius
2831 1615 2899 1669 ab
2927 1613 3088 1683 hujus
3133 1615 3443 1684 quatstiouis
3471 1618 3770 1674 certamine

2179 1715 2545 1775 temperamus
2562 1744 2576 1769 ,
2609 1705 2663 1759 in
2692 1719 2798 1773 qua
2823 1719 2922 1759 nos
2950 1704 3180 1760 inaniter
3208 1705 3457 1760 laborare
3483 1709 3770 1775 cognosci-

2180 1809 2300 1851 mus
2329 1814 2341 1848 :
2375 1795 2673 1866 praesertim
2699 1796 2824 1865 quia
2852 1795 2997 1865 quod
3022 1810 3054 1850 a
3087 1796 3289 1851 sanctis
3319 1796 3446 1852 viris
3473 1797 3769 1868 majoribus

486 1888 748 1958 arripere,
779 1897 836 1943 ut
856 1890 1090 1944 animam
1120 1904 1366 1945 seorsum
1389 1889 1535 1944 dicat
1555 1905 1655 1959 pro
1683 1905 1778 1944 sua
1809 1887 2072 1944 munditia
2103 1899 2152 1962 Β
2180 1887 2382 1942 nostris
2407 1885 2652 1942 videmus
2679 1886 2900 1941 minime
2925 1885 3223 1953 deﬁnitum,
3249 1896 3467 1958 oportet
3483 1903 3585 1943 nos
3613 1897 3770 1944 tanto

489 1980 648 2050 (forte
675 1981 817 2035 deest
855 1980 1092 2049 felicem,
1141 1981 1218 2036 vel
1255 1982 1379 2052 quid
1407 1981 1594 2049 simile)
1627 1981 1680 2035 in
1707 1989 1968 2036 aeternum
1995 1979 2079 2034 fu-

488 2076 684 2134 turam,
717 2085 933 2125 carnem
956 2086 1086 2126 vero
1117 2081 1325 2127 asserat
1351 2071 1404 2126 in
1434 2081 1638 2127 aeterno
1669 2071 1808 2140 igne,
1842 2071 2078 2140 origina-

488 2156 555 2212 lis
584 2160 777 2215 mcrito
800 2161 1097 2231 iniquitatis
1122 2163 1407 2216 arsuram?
1435 2160 1542 2217 Sed
1567 2163 1768 2217 veritas
1797 2162 2077 2218 catholica:

491 2251 634 2317 ﬁdei,
687 2268 806 2323 quae
831 2254 885 2308 in
915 2254 1122 2310 cunctis
1149 2254 1458 2328 hominibus
1486 2254 1936 2309 resurrectionem
1965 2268 2080 2308 car-

490 2343 574 2398 nis
617 2343 850 2398 i'nturatn
894 2346 1197 2400 certissime
1225 2345 1396 2400 credit
1425 2353 1480 2399 et
1528 2344 1802 2415 praedicat,
1849 2343 2080 2398 destruit

489 2433 652 2503 hujus
696 2435 1098 2491 adinventionis
1146 2437 1537 2507 ineptissimam
1579 2435 1889 2490 falsitatem.
1939 2433 2079 2488 Caro

488 2524 631 2578 enim
661 2524 706 2578 si
735 2525 965 2579 animam
988 2543 1093 2581 non
1121 2527 1367 2597 recipiet,
1394 2542 1500 2581 non
1523 2536 1797 2594 resurget;
1829 2525 1946 2579 etsi
1970 2539 2078 2579 non

487 2625 753 2685 resurget,
785 2617 971 2687 utique
993 2632 1093 2673 nec
1122 2619 1284 2673 vivet.
1319 2619 1448 2685 Qua.
1469 2632 1598 2687 ergo
1618 2617 1734 2672 sine
1763 2616 1941 2671 anima
1969 2631 2079 2670 non

487 2713 668 2776 potest
694 2707 900 2772 vivere,
940 2707 1214 2777 quomodo
1242 2707 1516 2763 exanimis
1546 2707 1748 2778 poterit
1779 2707 1922 2762 illius
1946 2706 2081 2774 ignis

487 2797 850 2853 cruciamenta
879 2799 1124 2854 sentire?
1172 2799 1406 2856 Necesse
1445 2806 1528 2854 est
1556 2799 1738 2868 itaque
1767 2807 1825 2852 ut
1859 2813 2081 2853 carnem

493 2898 694 2958 negent
719 2899 1168 2956 resurrecturam,
1187 2893 1280 2960 qui
1299 2891 1490 2946 volunt
1517 2891 1756 2946 animam
1778 2905 1884 2945 non
1905 2889 2083 2960 bapti-

489 2981 594 3034 zati
623 2980 834 3049 parvuli
875 2989 1100 3051 propter
1141 2981 1457 3036 munditiam
1505 2981 1776 3036 collocare
1805 2980 1858 3034 in
1889 2993 2078 3048 regno.

487 3069 647 3136 Quod
673 3072 841 3126 etiam
885 3072 988 3142 ipsi
1015 3072 1202 3128 vident
1230 3071 1687 3142 quemadmodum
1730 3071 1944 3127 dicatur
1973 3086 2082 3127 non

487 3161 661 3217 solum
693 3173 802 3217 tam
831 3161 1067 3219 absurde
1089 3179 1257 3233 quam
1283 3163 1467 3234 impie.
1499 3161 1704 3232 Magna:
1743 3163 1944 3233 quippe
1977 3162 2085 3216 im-

2181 1978 2392 2032 cautius
2420 1985 2584 2048 atque
2612 1978 3002 2048 temperantius
3029 1992 3294 2048 quaerere,
3329 1989 3532 2051 quanto
3561 1981 3629 2036 ad
3650 1981 3772 2050 ejus

2180 2066 2344 2122 lin-em
2375 2066 2496 2122 illos
2534 2067 2824 2138 praeclaros
2849 2069 2998 2124 viros
3024 2070 3296 2125 cernimus
3321 2071 3541 2126 minime
3568 2087 3771 2143 perve-~

2181 2157 2348 2213 nisse.
2390 2157 2472 2212 Sit
2497 2172 2627 2228 ergo
2671 2159 2828 2216 nobis
2875 2159 2994 2215 sine
3045 2160 3380 2217 dubitatione
3407 2173 3766 2234 compertum,

2181 2248 2326 2318 quod
2355 2250 2618 2305 catholica
2647 2250 2778 2307 ﬁdes
2805 2259 2861 2306 et
2897 2251 3071 2308 credit
3109 2261 3166 2307 et
3199 2253 3455 2323 praedicat
3486 2273 3498 2306 :
3533 2255 3768 2310 animam

2182 2341 2392 2397 scilicet
2412 2341 2702 2396 humanam
2729 2343 2978 2413 spiritum
3002 2345 3320 2400 rationalem
3349 2361 3494 2412 esse,
3525 2363 3632 2402 non
3656 2363 3774 2403 cor-

2182 2445 2284 2500 pus
2308 2448 2322 2497 ;
2363 2447 2466 2487 nec
2493 2447 2614 2488 esse
2636 2431 2731 2488 Dei
2754 2443 2986 2503 partem,
3029 2435 3125 2490 sed
3151 2435 3245 2490 Dei
3274 2445 3578 2492 creaturam
3603 2454 3618 2504 ;
3668 2453 3774 2493 nec
3799 2485 3808 2498 .

2182 2539 2284 2596 pro
2323 2525 2647 2594 quibuslibet
2674 2528 2912 2597 peccatis
2941 2536 3067 2583 ante
3095 2544 3291 2600 corpus
3318 2529 3484 2599 gestis
3511 2539 3771 2600 tanquam

2183 2616 2237 2670 in
2259 2630 2539 2671 carcerem
2566 2617 2785 2672 missam
2825 2618 2878 2673 in
2906 2634 3132 2689 corpus,
3167 2620 3263 2674 sed
3291 2636 3359 2674 ex
3401 2635 3566 2692 opere
3607 2631 3774 2693 atque

2147 2755 2150 2760 .
2184 2707 2525 2763 ordinatione
2546 2707 2642 2763 Dei
2665 2709 2920 2764 insertam
2945 2726 3064 2766 esse
3085 2712 3323 2781 corpori,
3355 2727 3420 2767 ex
3449 2729 3550 2783 qua
3573 2729 3775 2785 corpus

2183 2808 2240 2853 et
2264 2799 2410 2853 vivat
2447 2806 2503 2854 et
2525 2800 2724 2854 sentiat
2756 2818 2769 2854 :
2803 2817 2965 2872 quam
2993 2818 3103 2858 non
3129 2803 3432 2858 dubitemus
3455 2821 3570 2860 cum
3601 2820 3774 2861 carne

2184 2890 2238 2944 in
2265 2905 2376 2959 qua
2405 2891 2644 2948 nascitur
2673 2891 2934 2962 originale
2975 2903 3256 2964 peccatum
3295 2894 3511 2950 trahere
3532 2937 3546 2961 ,
3597 2903 3654 2950 et
3701 2895 3778 2950 ob

2183 2978 2290 3034 hoc
2318 2978 2584 3035 beneﬁcio
2613 2981 2785 3036 sancti
2809 2981 3143 3051 baptismatis
3172 2983 3432 3053 indigere.

2253 3069 2385 3127 Car.
2414 3072 2689 3128 χχι-³55.
2718 3072 2813 3128 liis
2839 3075 2982 3130 enim
3004 3077 3236 3143 omissis,
3257 3093 3391 3148 quas
3415 3093 3577 3150 supra
3596 3079 3778 3150 posui-

2185 3179 2327 3229 mus,
2351 3164 2632 3220 catholicas
2654 3164 2776 3221 ﬁdei
2803 3166 2947 3222 veris
2969 3165 3373 3238 manifestisque
3395 3171 3698 3236 sententiis,
3725 3172 3782 3230 in

486 3252 706 3325 pietatis
733 3262 842 3320 est,
870 3263 968 3310 aut
997 3264 1421 3312 resurrecturam
1450 3269 1652 3324 negare
1678 3263 1947 3310 mortuam
1978 3253 2084 3310 ho-
2110 3273 2157 3339 ο
2188 3256 2432 3311 diversos
2453 3271 2672 3313 errores
2699 3258 2859 3313 multi
2887 3260 3268 3317 miserabiliter
3295 3262 3621 3318 inciderunt.
3651 3261 3784 3318 Ter-

489 3344 649 3399 minis
675 3360 931 3412 cantem;
977 3355 1073 3401 aut
1099 3347 1332 3402 animam
1384 3345 1564 3401 dicere
1611 3347 1813 3416 absque
1839 3361 2002 3401 carne
2026 3347 2080 3401 in

491 3451 599 3506 qua
630 3437 781 3504 vixit,
804 3439 890 3494 vel
917 3454 1205 3506 aerumna,
1229 3439 1316 3494 vel
1345 3438 1638 3504 felicitatis,
1671 3446 1795 3508 post
1818 3437 2080 3508 judicium

490 3528 608 3586 fore
628 3532 963 3603 participem.
987 3531 1123 3587 Cum
1145 3531 1395 3588 Salvator
1425 3539 1609 3586 noster
1636 3530 1871 3586 futuram
1897 3545 2082 3586 resur-

491 3619 790 3676 rectionem
811 3622 991 3677 carnis
1013 3621 1308 3678 ostendens
1331 3621 1529 3677 dixerit
1557 3640 1569 3674 :
1602 3618 1738 3686 Quia
1768 3621 1930 3676 veniet
1954 3620 2086 3676 hora

490 3713 545 3766 in
571 3729 674 3784 qua
702 3731 882 3770 omnes
911 3715 999 3787 qui
1025 3717 1079 3769 in
1119 3716 1468 3771 monumentis
1500 3723 1621 3768 sunt
1662 3713 1874 3768 audient
1914 3729 2086 3768 vocem

493 3804 639 3874 ejus;
665 3815 718 3860 et
737 3808 1012 3876 precedent
1034 3809 1121 3880 qui
1150 3807 1284 3863 bona
1315 3809 1546 3878 fecerunt
1571 3807 1626 3861 in
1655 3808 2084 3862 resurrectionem

491 3899 642 3961 eius;
683 3901 770 3970 qui
796 3916 915 3954 vero
941 3901 1084 3954 mala
1104 3910 1338 3972 egerunt,
1360 3900 1415 3954 in
1439 3900 1870 3954 resurrectionem
1892 3898 2085 3969 judicii

496 3987 677 4054 ann.
709 4006 764 4057 v,
793 3991 884 4060 28,
911 3992 1029 4063 ‘29).
1062 3992 1294 4049 Necesse
1329 4001 1413 4048 est
1435 4001 1614 4048 autem
1655 4001 1737 4059 ut,
1768 4000 2084 4061 resurgente

497 4098 745 4153 corpore,
777 4099 876 4153 pro
905 4085 1159 4154 operibus
1198 4086 1310 4141 suis
1339 4085 1409 4140 sit
1433 4085 1720 4140 retributio
1744 4084 1937 4139 animae
1963 4099 2084 4138 car-

499 4173 687 4242 nisque
723 4175 1028 4230 communis
1060 4193 1074 4230 :
1109 4177 1234 4246 quia
1262 4191 1383 4232 cum
1409 4191 1537 4232 caro
1563 4176 1940 4244 resurrexerit,
1983 4191 2084 4230 nec

497 4279 697 4334 corpus
717 4265 834 4322 sine
863 4266 1060 4333 anima,
1105 4283 1206 4324 nec
1235 4269 1412 4324 anima
1439 4269 1554 4325 sine
1580 4284 1810 4340 corpore
1839 4283 2089 4323 remane-

499 4355 598 4412 bit.
640 4355 755 4412 Erit
796 4358 958 4427 igitur
985 4360 1345 4416 communiter
1383 4362 1576 4416 animze
1604 4371 1659 4416 et
1697 4360 1845 4415 carni
1883 4367 2089 4414 mterna

498 4450 583 4506 vel
629 4451 948 4518 exsultatio,
987 4453 1077 4508 vel
1120 4451 1380 4520 alllictio,
1431 4453 1651 4523 quando
1699 4450 2089 4508 indissolubilis

498 4541 662 4615 ἀπ
694 4543 934 4600 manebit
975 4552 1176 4601 aeterna
1204 4545 1382 4600 carnis
1431 4545 1732 4612 animaeque
1779 4543 2086 4610 connexio;

2190 3348 2444 3404 tulliauus
2484 3349 2683 3422 quippe
2731 3351 2967 3406 animam
3006 3368 3116 3408 non
3147 3354 3393 3425 spiritum
3422 3371 3543 3412 esse
3574 3355 3782 3423 dicens,

2189 3441 2283 3498 sed
2310 3459 2536 3516 corpus,
2570 3445 2920 3502 vehementer
2944 3448 3172 3515 erravit,
3203 3463 3268 3503 eo
3298 3465 3467 3520 usque
3487 3450 3784 3522 desipiens,

2190 3544 2252 3591 ut
2285 3537 2449 3592 etiam
2479 3553 2748 3593 summum
2778 3547 2833 3594 et
2860 3554 3047 3595 verum
3078 3539 3246 3596 Deum
3269 3557 3466 3611 corpus
3488 3557 3609 3597 esse
3633 3542 3783 3598 dice—

2190 3636 2309 3682 ret:
2349 3644 2471 3684 cum
2497 3644 2605 3683 non
2636 3629 2810 3685 solum
2839 3629 2906 3685 de
2930 3631 3040 3685 Deo
3061 3647 3239 3686 rerum
3269 3633 3506 3687 omnium
3534 3638 3786 3688 er-eatore

2189 3721 2449 3791 legamus,
2480 3723 2605 3794 quia
2635 3721 2776 3777 Deus
2805 3725 3016 3787 spiritus
3045 3734 3120 3779 est
3146 3724 3322 3797 (Joan.
3357 3742 3431 3793 rv,
3451 3725 3565 3795 24),
3597 3743 3785 3782 verum

2190 3814 2351 3869 etiam
2379 3813 2447 3869 de
2476 3815 2680 3882 angelis
2707 3829 2842 3884 quos
2866 3815 3007 3870 Deus
3032 3817 3236 3871 creavit
3257 3856 3272 3881 ,
3304 3818 3512 3874 dicatur
3548 3818 3599 3872 in
3632 3819 3782 3889 psal-

2193 3920 2283 3959 mo
2317 3922 2330 3957 :
2366 3903 2468 3968 Qui
2496 3907 2624 3976 facit
2651 3907 2866 3977 angelos
2894 3923 3015 3963 suos
3045 3909 3258 3977 spiritus
3299 3907 3484 3979 (Psul.
3530 3925 3640 3974 cm,
3687 3909 3720 3963 4
3744 3912 3783 3979 ).

2193 3995 2442 4050 Animam
2474 4011 2689 4066 quoque
2720 3997 3010 4052 humanam
3042 3999 3288 4068 spiritum
3315 4000 3633 4054 rationalem
3666 4015 3790 4056 esse

2196 4104 2358 4144 nemo
2388 4089 2606 4160 sapiens
2639 4089 2849 4146 dubitet
2883 4109 2895 4144 :
2928 4091 2995 4146 de
3018 4107 3126 4162 quo
3157 4092 3348 4162 spiritu
3373 4091 3669 4164 Apostolus
3708 4093 3793 4148 di-

2194 4180 2266 4235 cit
2301 4199 2313 4233 :
2359 4178 2486 4244 Quis
2515 4181 2652 4235 enim
2683 4182 2780 4236 scit
2810 4182 3072 4237 hominum
3100 4199 3216 4253 quis
3253 4191 3371 4236 sunt
3412 4182 3658 4252 hominis,
3689 4185 3794 4238 nisi

2191 4274 2404 4344 spiritus
2434 4273 2657 4328 hominis
2687 4275 2772 4347 qui
2798 4276 2852 4328 in
2880 4276 2993 4345 ipso
3020 4282 3096 4327 est
3129 4271 3192 4342 (1
3233 4271 3354 4328 Cor.
3387 4289 3452 4338 ll,
3485 4273 3543 4327 ll
3564 4274 3584 4343 )
3608 4275 3633 4327 ?
3660 4272 3792 4330 Ideo

2193 4371 2247 4418 et
2289 4372 2512 4419 sanctus
2555 4364 2879 4433 evangelista
2930 4363 3254 4419 rationalem
3297 4363 3571 4430 animam,
3621 4381 3794 4435 quam

2191 4454 2438 4511 Christus
2478 4472 2599 4512 cum
2630 4472 2793 4513 carne
2822 4457 3088 4528 suscepit,
3121 4472 3228 4511 non
3254 4471 3472 4526 corpus,
3501 4456 3598 4511 sed
3624 4458 3792 4528 spiri-

2193 4558 2306 4601 tum
2338 4562 2456 4601 esse
2485 4544 2690 4602 docuit.
2721 4545 2854 4601 Nam
2883 4546 2996 4617 ipse
3033 4545 3287 4601 Salvator
3313 4545 3523 4601 dixerat
3569 4565 3583 4599 :
3624 4548 3795 4619 597

497 4645 616 4701 qua:
635 4641 816 4689 tamen
845 4649 953 4689 non
975 4633 1174 4690 debent
1194 4635 1396 4692 habere
1425 4649 1716 4691 commune
1737 4634 2084 4705 supplicium,
2117 4655 2173 4716 Β
2197 4633 2519 4690 Potestatem
2542 4633 2700 4688 habeo
2719 4634 2943 4705 ponendi
2959 4634 3188 4688 animam
3213 4650 3400 4699 meam,
3421 4644 3470 4688 et
3483 4645 3798 4705 potestatem
3889 4669 3898 4676 -

498 4724 543 4780 si
572 4740 680 4781 non
709 4725 911 4784 habent
933 4742 1220 4784 commune
1239 4739 1530 4800 peccatum
1555 4747 1569 4782 :
1599 4729 1726 4799 quia
1758 4745 1866 4785 non
1892 4745 2088 4786 conve-

501 4817 810 4887 nitjustitise
829 4819 926 4876 Dei
947 4827 1007 4875 ut
1025 4821 1204 4876 anima
1227 4835 1348 4892 quae
1368 4837 1510 4878 novo
1537 4821 1757 4893 corpori
1785 4821 1966 4889 datur,
1987 4836 2089 4878 nec

498 4921 621 4961 cum
647 4907 765 4978 ipso
807 4923 1036 4980 corpore
1065 4920 1427 4982 propagatur,
1460 4927 1583 4968 cum
1609 4927 1718 4982 quo
1747 4926 2087 4968 communem

503 5015 608 5054 non
643 5001 804 5057 habet
839 5004 1212 5073 propaginem,
1243 5012 1451 5060 reatum
1477 5004 1885 5076 propagationis
1931 5019 2085 5059 com-

504 5091 732 5160 pellatur
757 5092 959 5149 habere
984 5109 1348 5150 communem.

572 5185 702 5242 Car.
735 5201 827 5242 xx.
856 5221 928 5232 —
949 5187 1039 5244 51.
1065 5187 1146 5244 Illi
1171 5203 1305 5244 vero
1333 5187 1426 5257 qui
1452 5196 1703 5243 asserunt
1731 5187 1938 5243 animas
1966 5202 2090 5244 cum

501 5277 818 5348 corporibus
854 5281 1180 5350 propagari,
1232 5288 1458 5351 possunt
1505 5279 1724 5350 quidem
1771 5295 1839 5336 ex
1867 5280 1991 5348 hoc,
2023 5277 2093 5336 ad

500 5369 894 5426 ostendendum
912 5371 964 5426 in
982 5372 1219 5443 parvulis
1234 5371 1439 5442 justum
1461 5370 1556 5428 Dei
1576 5371 1858 5443 judicium,
1877 5370 2094 5428 ﬁrmare

503 5476 610 5515 non
641 5461 810 5518 solius
835 5462 1043 5528 carnis,
1087 5478 1188 5519 nec
1213 5462 1381 5518 solius
1407 5463 1601 5518 animat
1621 5507 1636 5531 ,
1684 5461 1780 5518 sed
1809 5462 2093 5532 utriusque

503 5567 790 5610 commune
819 5555 1082 5625 originale
1133 5562 1438 5626 peccatum,
1493 5563 1554 5610 ut
1596 5570 1662 5610 ex
1705 5554 2087 5610 communione

505 5647 815 5716 propaginis
835 5649 1046 5718 peccati
1075 5663 1292 5720 quoque
1314 5657 1496 5706 reatus
1518 5649 1676 5720 digne
1697 5648 1948 5704 credatur
1969 5661 2092 5702 esse

504 5740 807 5793 communis
835 5757 848 5793 :
880 5739 974 5795 sed
1004 5741 1059 5796 in
1087 5741 1520 5797 consideratione.
1547 5740 1812 5795 seminum
1834 5754 1952 5809 quae
1983 5753 2091 5793 non

505 5839 767 5900 concepta
797 5841 1064 5903 pereunt,
1115 5836 1331 5904 penitus
1359 5834 1757 5896 obmutescam,
1791 5835 1960 5905 (forte
1987 5832 2089 5886 ob-

505 5924 858 5995 mutescam).
907 5923 1152 5978 Animam
1202 5926 1400 5996 quippe
1438 5925 1729 5981 humanam
1758 5933 1964 5982 certum
2008 5931 2092 5980 est

2196 4728 2358 4783 habeo
2386 4728 2572 4782 iterum
2601 4727 2839 4781 sumendi
2869 4743 2984 4781 eam
3015 4725 3193 4796 (Joan.
3230 4743 3283 4792 x,
3311 4724 3398 4796 18)
3436 4745 3448 4778 :
3479 4740 3644 4795 quam
3675 4727 3803 4783 sine

2196 4819 2360 4875 dubio
2385 4827 2513 4874 tunc
2541 4819 2742 4889 posuit,
2771 4833 2895 4874 cum
2935 4816 3265 4885 evangelista
3297 4817 3449 4884 dicit,
3480 4817 3607 4887 quia
3638 4819 3806 4872 incli-

2199 4918 2322 4964 nato
2353 4910 2521 4979 capite
2546 4910 2717 4963 emisit
2761 4910 2999 4980 spiritum
3034 4907 3222 4976 (Joan.
3258 4924 3377 4971 xix,
3417 4901 3560 4978 30).‘
3597 4909 3809 4966 Anima

2197 5016 2329 5057 vero
2358 5003 2592 5056 humana
2613 4995 2674 5055 in
2703 5015 2770 5056 eo
2809 5000 3091 5054 rationalis
3121 4999 3442 5065 ostenditur,
3487 4999 3542 5054 in
3584 5015 3698 5070 quo
3726 5002 3810 5056 ad

2199 5093 2486 5161 imaginem
2513 5099 2568 5147 et
2600 5091 3007 5148 similitudinem
3038 5090 3135 5146 Dei
3163 5089 3302 5145 facta
3335 5097 3604 5144 narratur.
3643 5088 3812 5148 Unde

2200 5183 2454 5239 divinitus
2480 5183 2730 5239 homines
2752 5181 3111 5238 admonentur
3136 5197 3204 5236 ne
3233 5179 3362 5236 ﬂant
3390 5183 3523 5236 sicut
3561 5197 3724 5254 equus
3751 5193 3817 5238 et

2199 5278 2390 5348 mulus,
2421 5277 2602 5351 quibus
2632 5294 2733 5333 non
2763 5287 2840 5332 est
2866 5276 3160 5332 intellectus
3190 5275 3362 5348 (Psal.
3387 5291 3535 5340 xxxr,
3563 5275 3644 5347 9).

2272 5369 2360 5425 5i.
2394 5369 2643 5425 Animam
2667 5384 2798 5424 vero
2836 5376 3044 5440 partem
3075 5368 3170 5423 Dei
3199 5382 3338 5432 esse,
3387 5365 3440 5422 id
3488 5375 3573 5421 est
3628 5365 3819 5424 unius

2202 5476 2322 5516 cum
2351 5458 2463 5516 Deo
2492 5474 2614 5516 esse
2645 5467 2866 5525 naturae,
2889 5473 3030 5514 cuca
3061 5457 3478 5512 Manichaeorum
3503 5455 3671 5510 sentit
3691 5455 3821 5510 im-

2201 5555 2372 5625 pietas
2403 5573 2414 5609 :
2456 5569 2576 5626 qua:
2614 5553 2712 5609 Dei
2765 5553 3116 5608 substantiam
3154 5567 3260 5607 non
3290 5550 3463 5606 solum
3503 5550 3557 5604 iu
3595 5565 3826 5621 corpo-

2199 5647 2347 5701 ribus
2371 5646 2670 5711 hominum,
2701 5658 2980 5715 pecorum,
3011 5642 3207 5706 avium,
3226 5649 3388 5710 atque
3409 5639 3634 5711 piscium
3653 5681 3670 5706 ,
3698 5654 3829 5698 vo-

2199 5752 2316 5790 rum
2339 5737 2503 5790 etiam
2535 5736 2587 5790 in
2618 5735 2774 5804 lignis
2803 5742 2857 5789 et
2885 5733 3095 5798 herbis,
3142 5732 3195 5786 in
3235 5731 3516 5785 arboribus
3543 5737 3598 5784 et
3625 5729 3828 5788 oleri—

2202 5827 2300 5881 bus
2328 5827 2592 5881 mstimant
2618 5825 2942 5894 colligatam.
2986 5821 3239 5891 Ignorant
3266 5821 3409 5876 enim
3457 5819 3660 5884 miseri,
3698 5835 3833 5880 nec

2202 5921 2486 5977 attendunt
2511 5935 2618 5977 non
2649 5921 2752 5976 hoc
2780 5935 2902 5976 esse
2929 5926 3232 5976 creaturam
3255 5917 3401 5989 quod
3423 5924 3506 5973 est
3527 5913 3828 5989 Creator;
