4090 6342
300 390 318 403 Ι

1254 432 1339 490 DE
1368 431 1712 490 VERITATE
1739 426 2421 490 PRIEDESTINATIONIS
2458 429 2585 488 LIB.
2626 430 2713 489 III.

3518 430 3624 489 B70

340 564 467 604 cum
515 547 661 604 Deus
694 547 769 603 sit
809 534 1190 614 immutabilis,
1237 546 1416 601 anima
1450 560 1581 600 vero
1622 542 1932 601 mutabilis:
1964 545 2020 606 Α
2042 542 2185 599 hunc
2212 543 2470 598 mundum
2498 541 2740 609 intravit,
2766 548 2821 598 et
2848 540 2902 597 in
2930 539 3049 612 ipso
3077 547 3299 598 auctore
3322 547 3490 597 totam
3525 540 3629 596 sibi

339 656 463 711 qua:
503 638 668 694 modo
715 640 838 708 scit,
890 638 1052 694 modo
1080 638 1279 702 nescit;
1330 639 1491 694 modo
1533 635 1732 703 deﬁcit,
1767 635 1932 691 modo

339 724 592 796 prolicit;
616 722 780 779 modo
806 723 969 793 sapit,
1003 721 1166 779 modo
1191 723 1421 793 desipit;
1447 722 1611 778 modo
1630 720 1931 776 reminisci-

341 828 453 886 tur,
476 817 643 873 modo
665 816 1028 883 obliviscitur;
1061 815 1226 871 modo
1265 816 1381 871 odit
1411 815 1557 885 quod
1598 814 1761 869 modo
1795 812 1933 867 dile-

341 916 519 972 serat,
550 891 714 963 modo
740 907 915 977 diligit
939 906 1084 976 quod
1107 906 1278 976 modo,
1299 907 1519 968 oderat;
1551 906 1714 960 modo
1744 904 1934 959 incidit

340 998 398 1055 in
439 998 770 1054 seductionis
805 998 1074 1068 laqueum,
1131 996 1293 1053 modo
1342 998 1504 1052 etiam
1558 1011 1666 1050 non
1712 996 1934 1052 seducta

341 1082 550 1160 praebet
561 1097 739 1149 tamen
751 1089 922 1145 errori
930 1102 1249 1144 consensum
1259 1086 1431 1154 .Quod
1445 1088 1635 1142 beatus
1642 1085 1935 1156 Apostolus

342 1181 403 1237 in
430 1181 600 1237 Adam
626 1189 683 1237 et
717 1182 834 1250 ejus
862 1181 1088 1237 muliere
1107 1181 1410 1237 certissime
1436 1180 1694 1248 ostendit,
1715 1180 1930 1235 dicens:

342 1271 516 1327 Adam
534 1273 673 1327 enim
700 1289 805 1326 non
826 1280 903 1326 est
928 1272 1190 1340 seductus,
1220 1272 1405 1325 mulier
1421 1281 1591 1325 autem
1631 1271 1845 1324 seducta
1878 1271 1935 1323 in

344 1363 775 1432 pra'varicatione
803 1364 902 1433 [uit
930 1361 984 1433 (1
1009 1361 1143 1416 Tim.
1177 1379 1234 1426 ιι,
1264 1362 1376 1432 14).
1396 1361 1598 1421 Mulier
1623 1376 1753 1430 ergo
1772 1360 1936 1416 sedu-

345 1461 436 1507 cta
467 1453 730 1522 peccavit,
755 1455 839 1507 cui
860 1453 942 1507 vir
972 1468 1077 1507 non
1113 1453 1366 1507 seductus
1400 1453 1700 1507 voluntaria
1752 1451 1934 1521 pravi-

344 1552 460 1599 tate
487 1545 788 1600 consensit.
819 1543 1043 1613 [inpium
1085 1551 1169 1597 est
1204 1543 1388 1611 itaque
1431 1542 1654 1597 credere
1699 1543 1936 1596 animam

344 1642 556 1706 partem
586 1650 708 1690 esse
736 1633 830 1689 Dei
859 1652 871 1687 :
903 1650 1021 1704 qua:
1041 1649 1107 1689 ex
1135 1648 1201 1688 eo
1217 1633 1359 1702 quod
1381 1632 1670 1704 aliquando
1696 1633 1751 1687 in
1778 1633 1942 1689 deted

344 1728 457 1783 rius
484 1735 864 1791 commutatur,
902 1741 1175 1804 non‘pars
1201 1726 1395 1785 divina:
1421 1734 1648 1793 naturtc,
1674 1724 1777 1780 sed
1798 1740 1939 1795 qute-

343 1821 470 1875 dam
526 1835 651 1890 pars
696 1818 999 1883 divinorum
1057 1832 1282 1899 operum
1338 1817 1629 1873 invenitur.
1681 1813 1762 1869 Ex
1830 1815 1936 1871 illis

2036 636 2349 705 progeniem
2375 634 2708 703 originaliter
2734 633 3043 689 vindicavit.
3077 635 3206 700 Qum
3233 649 3472 705 propago
3492 631 3631 688 indi-

2034 734 2126 794 get
2173 728 2435 795 sanguine
2462 727 2605 783 illius
2644 729 2957 784 mediatoris
2987 728 3197 794 redimi,
3246 730 3338 798 qui
3370 743 3531 783 verus
3573 726 3631 782 in

2033 816 2205 872 forma
2228 816 2323 874 Dei
2342 833 2671 888 permanens
2708 819 2871 884 Deus,
2906 819 2981 874 ita
3011 821 3358 890 semetipsum
3388 816 3635 875 exinani-
3690 848 3705 877 ς

2033 910 2113 962 vit
2140 908 2367 964 formam
2414 910 2558 966 servi
2608 911 2909 980 accipiens,
2938 918 2998 965 ut
3046 926 3147 966 nec
3187 911 3485 980 originalis,
3532 924 3635 965 nec

2037 1000 2265 1053 actualis
2293 1000 2558 1055 maculam
2587 1009 2771 1069 posset
2796 1001 2997 1056 habere
3025 1002 3254 1071 peccati.

2104 1089 2236 1146 Cain
2263 1108 2415 1148 χχιιι.
2446 1126 2512 1136 —
2543 1092 2632 1147 57.
2664 1092 2722 1146 In
2745 1093 2864 1163 ipso
2909 1092 3092 1164 itaque
3133 1093 3287 1150 nobis
3315 1092 3522 1148 reddita
3552 1098 3637 1148 est

2038 1195 2166 1236 vera
2196 1182 2449 1251 libertas,
2479 1184 2569 1240 cui
2613 1184 2756 1238 nulla
2798 1184 2973 1255 potuit
3016 1185 3191 1241 inesse
3223 1185 3311 1240 vel
3357 1183 3635 1254 originalis

2037 1272 2123 1326 vel
2154 1273 2382 1328 actualis
2409 1275 2680 1344 iniquitas.
2721 1273 2849 1330 Inde
2877 1283 2961 1330 est
2990 1274 3134 1344 quod
3162 1275 3277 1345 ipse
3301 1276 3429 1331 dicit
3453 1293 3465 1328 :
3499 1274 3637 1330 Ecce

2036 1365 2176 1417 venit
2210 1365 2451 1435 princeps
2497 1366 2695 1430 mundi,
2729 1374 2778 1419 et
2806 1366 2859 1419 in
2901 1381 2983 1419 me
3015 1381 3119 1422 non
3167 1366 3320 1421 habet
3359 1366 3637 1439 quidquam

2038 1455 2221 1527 (Joan.
2256 1472 2366 1523 ιιιν,
2389 1455 2500 1527 50).
2525 1456 2644 1527 Ipse
2662 1455 2838 1525 justus
2857 1464 2913 1511 et
2929 1455 3250 1525 justiﬁcans,
3273 1456 3409 1512 liber
3427 1465 3483 1511 et
3502 1457 3639 1511 libe-

2039 1561 2203 1602 rans:
2251 1547 2341 1615 qui
2397 1548 2583 1616 utique
2625 1546 2969 1617 justiﬁeando
3017 1546 3228 1613 liberat,
3261 1556 3315 1602 et
3360 1545 3638 1601 liberando

2036 1636 2319 1709 justiﬁest.
2352 1636 2571 1694 Liberat
2599 1646 2781 1692 autem
2822 1638 3068 1693 homines
3110 1636 3177 1692 de
3210 1645 3479 1708 potestate
3525 1636 3639 1692 dia-

2039 1730 2171 1799 boli,
2196 1724 2393 1787 liberat
2419 1730 2698 1786 arbitrium
2723 1730 2955 1785 hominis
2977 1745 3007 1784 a
3038 1730 3299 1786 servitute
3323 1729 3557 1800 peccati;
3582 1735 3641 1783 ut;

2041 1823 2114 1878 sit
2138 1823 2417 1878 arbitrium
2467 1824 2702 1879 hominis
2746 1838 2874 1880 vere
2901 1812 3150 1893 liberum,
3184 1825 3309 1895 quia
3354 1824 3641 1880 salubriter

342 1911 547 1982 quippe
572 1910 825 1981 operibus
852 1916 936 1964 est
958 1922 1077 1979 qua:
1116 1907 1239 1964 fecit
1270 1905 1430 1973 Deus,
1470 1907 1677 1976 singula
1721 1905 1940 1976 quidem

2046 1916 2348 1983 liberatum,
2375 1925 2438 1972 et-
2459 1915 2527 1971 ad
2552 1917 2658 1973 hoc
2684 1916 2811 1973 insit
2828 1917 2879 1973 ei
2900 1932 3029 1973 vera
3055 1918 3297 1985 libertas,
3326 1924 3388 1972 ut
3414 1916 3463 1971 ei
3493 1915 3641 1972 nulla

344 1999 507 2067 bona,
539 1998 697 2054 simul
718 2007 899 2053 autem
929 1997 1109 2052 omnia
1132 1997 1274 2053 bona
1303 1995 1479 2052 valde.

414 2090 550 2146 Car.
582 2105 712 2145 χχιι.
743 2121 815 2132 -
850 2085 936 2143 55.
974 2086 1108 2142 Illud
1148 2101 1362 2157 quoque
1415 2086 1541 2141 ﬁdei
1589 2095 1672 2142 est
1715 2087 1938 2142 omnino

347 2181 703 2244 contrarium,
728 2180 963 2233 animam
990 2186 1279 2248 antequam
1309 2177 1499 2233 fuisset
1527 2179 1579 2231 in
1602 2193 1850 2248 corpore,
1884 2179 1938 2233 in

343 2268 674 2343 quibuslibet
694 2270 830 2326 locis
850 2266 1162 2326 caelestibus
1192 2277 1285 2323 aut
1313 2271 1544 2325 terrenis
1574 2269 1772 2339 aliquid
1804 2269 1939 2339 deli-

344 2363 555 2433 quisse,
586 2371 640 2417 et
663 2361 859 2416 merito
883 2360 1199 2432 cujusquam
1250 2360 1459 2431 peccati
1507 2360 1559 2414 in
1600 2375 1795 2427 corpus
1820 2374 1938 2415 me-

337 2455 520 2508 ruisse
550 2449 800 2517 detrudi;
832 2448 975 2521 quod
1024 2449 1257 2505 sensisse
1285 2448 1481 2504 dicitur
1524 2445 1800 2517 Origenes.
1842 2448 1941 2503 Cui

338 2543 570 2598 omnino
598 2541 877 2612 apostolus
899 2540 1097 2595 Paulus
1120 2539 1354 2607 obsistit,
1376 2539 1562 2595 dicens
1587 2538 1823 2594 nondum
1853 2556 1941 2594 na-

340 2641 433 2688 tos
462 2632 596 2687 nihil
639 2633 814 2702 egisse
853 2633 982 2688 boni
1031 2632 1114 2687 vel
1143 2632 1270 2686 mali
1312 2629 1486 2702 (Rom.
1520 2648 1593 2695 rx,
1630 2631 1739 2703 ll).
1775 2631 1941 2687 Actus

340 2729 551 2800 quippe
574 2727 912 2785 nascentium
942 2726 1071 2781 nulli
1100 2735 1226 2782 sunt
1252 2726 1474 2796 pr0prii,
1501 2742 1621 2781 cum
1645 2733 1823 2780 tamen
1852 2741 1943 2780 an-

342 2822 498 2890 tiquo
527 2819 686 2890 primi
714 2819 948 2874 hominis
973 2827 1200 2889 peccato
1223 2832 1509 2874 nascantur
1539 2816 1801 2872 obstricti.
1834 2814 1940 2871 Per

346 2926 507 2964 unum
529 2911 665 2964 enim
690 2910 945 2964 hominem
965 2911 1019 2964 in
1052 2909 1186 2962 hunc
1212 2910 1459 2963 mundum
1488 2918 1754 2980 peccatum
1775 2911 1942 2964 intra-

334 3002 441 3068 rit,
481 3008 532 3054 et
570 3018 661 3072 per
698 3012 964 3073 peccatum
1007 3017 1177 3065 mors;
1208 3011 1257 3055 et
1284 3001 1356 3054 ita
1392 3002 1448 3055 in
1496 3017 1672 3056 omnes
1709 3003 1943 3056 homines

342 3104 489 3148 mors
510 3094 832 3165 pertransiit,
863 3094 919 3146 in
948 3109 1044 3164 quo
1081 3109 1259 3147 omnes
1298 3102 1632 3163 peccaverunt
1661 3091 1839 3164 (Rom.
1888 3109 1939 3160 v,

346 3182 480 3255 12):
513 3182 655 3239 unde
694 3183 1013 3238 naturaliter
1052 3182 1144 3237 ﬁlii
1186 3183 1278 3237 ira:
1318 3181 1446 3237 facti
1491 3192 1635 3248 sunt,
1692 3182 1944 3252 servique

2040 2009 2351 2066 dominetur
2371 2009 2646 2078 iniquitas.
2672 2008 2824 2065 Hanc
2844 2025 2905 2066 se
2925 2011 3232 2066 libertatem
3253 2010 3502 2065 daturum
3522 2023 3642 2065 esse

2040 2086 2139 2173 per
2161 2102 2411 2171 gratiam,
2442 2101 2558 2171 ipse
2580 2102 2838 2158 liberator
2854 2110 3041 2158 noster
3061 2102 3166 2158 hoc
3194 2117 3447 2157 sermone
3472 2108 3641 2156 testa—

2043 2200 2166 2249 tur:
2194 2191 2377 2248 Omnis
2405 2193 2491 2264 qui
2515 2193 2643 2264 facit
2668 2202 2953 2261 peccatum,
2986 2209 3161 2247 servus
3207 2202 3286 2247 est
3319 2192 3538 2263 peccati.
3571 2190 3641 2246 Et

2039 2283 2201 2353 paulo
2230 2292 2355 2354 post
2383 2300 2397 2337 :
2430 2282 2490 2339 Si
2520 2299 2643 2354 ergo
2668 2299 2755 2338 vos
2778 2280 2952 2337 Filius
2991 2282 3309 2349 liberaverit,
3340 2298 3453 2336 vere
3493 2278 3643 2336 liberi

2039 2376 2186 2429 eritis
2217 2358 2402 2444 (Joan.
2437 2390 2547 2437 vnt,
2579 2372 2667 2439 54,
2702 2372 2813 2443 56).
2846 2371 3013 2427 Filius
3051 2386 3179 2441 ergo
3209 2371 3276 2426 ab
3307 2370 3394 2424 illa
3426 2368 3638 2440 peccati

2041 2459 2304 2522 servitute
2335 2465 2545 2532 liberat,
2581 2473 2640 2520 ut
2668 2464 2952 2519 arbitrium
2980 2462 3208 2518 liberum
3236 2460 3436 2516 Christi
3468 2459 3643 2530 gratia

2043 2555 2352 2624 liberatum,
2372 2554 2595 2624 justitia:
2622 2554 2965 2610 laudabiliter
2992 2554 3212 2620 serviat,
3243 2551 3389 2623 quod
3418 2562 3641 2624 peccato

2042 2647 2289 2716 nequiter
2316 2646 2602 2702 serviebat.
2629 2645 2705 2700 Ita
2733 2644 2792 2700 ﬁt
2820 2653 3008 2701 utnon
3035 2660 3134 2716 per
3159 2643 3435 2699 arbitrium
3463 2642 3644 2698 homi-

2043 2737 2147 2803 nis,
2171 2736 2267 2793 sed
2288 2752 2385 2807 per
2404 2736 2633 2805 gratiam
2664 2734 2972 2791 liberatoris
3008 2750 3116 2789 non
3144 2742 3335 2804 regnet
3363 2740 3644 2803 peccatum

2028 2830 2103 2885 -in
2130 2829 2348 2885 mortali
2387 2843 2619 2899 corpore
2662 2827 2839 2899 (Rom.
2870 2844 2945 2891 νι,
2979 2825 3090 2897 l2),
3123 2826 3251 2882 dum
3286 2823 3645 2895 justiﬁcamnr

2045 2940 2115 2981 ex
2144 2924 2282 2992 ﬁde;
2308 2932 2363 2980 et
2383 2938 2480 2994 per
2503 2922 2830 2993 adjutorium
2854 2920 3042 2991 gratia:
3064 2920 3206 2977 Deus
3235 2919 3289 2975 in
3320 2916 3474 2973 nobis
3512 2929 3645 2986 ope-

2045 3026 2196 3073 ratur
2216 3024 2272 3073 et
2300 3015 2441 3072 velle
2462 3024 2519 3071 et
2546 3012 2827 3086 perﬁcere,
2871 3030 2971 3085 pro
2999 3014 3142 3070 bona
3171 3011 3482 3075 voluntate;
3524 3008 3643 3079 ipse

2047 3109 2204 3164 nobis
2250 3108 2448 3164 bonam
2499 3107 2834 3163 voluntatem
2886 3105 3115 3172 donans,
3166 3104 3282 3174 ipse
3329 3101 3647 3157 facultatem

2045 3197 2177 3253 boni
2211 3198 2391 3269 operis
2433 3197 2870 3264 subministrans,
2921 3211 2953 3251 a
2981 3210 3091 3266 quo
3129 3204 3215 3252 est
3255 3209 3419 3251 omne
3464 3192 3650 3248 datum

346 3277 600 3349 peccati;
628 3277 930 3332 servientes
969 3283 1147 3331 autem
1188 3285 1437 3347 peccato,
1466 3276 1621 3333 liberi
1652 3276 1779 3333 facti
1821 3284 1943 3332 sunt

2052 3290 2336 3360 optimum,
2378 3297 2435 3344 et
2478 3303 2641 3344 omne
2688 3287 2891 3344 donum
2930 3286 3229 3357 perfectum
3272 3285 3411 3358 (Jac.
3453 3300 3496 3354 ι,
3522 3283 3648 3354 l7);

349 3370 571 3440 iustitia:
610 3388 623 3422 :
663 3376 723 3424 ut
744 3377 873 3439 pote
897 3368 988 3438 qui
1020 3366 1072 3422 in
1115 3368 1485 3437 iniquitatibus
1520 3371 1768 3439 concepti
1799 3378 1961 3438 sunt,

351 3469 409 3514 et
449 3474 586 3529 quos
624 3459 677 3513 in
712 3458 922 3515 delictis
976 3465 1178 3514 matres
1226 3473 1336 3514 sum
1388 3463 1442 3514 in
1494 3466 1651 3515 utero
1697 3458 1950 3514 aluerunt

346 3548 533 3623 (Psat.
565 3566 617 3615 ι,
650 3550 727 3621 7).

424 3641 513 3696 36.
546 3641 622 3699 Ex
640 3643 747 3698 hac
792 3641 1070 3710 originalis
1116 3641 1451 3711 obligatione
1501 3642 1710 3712 peccati
1749 3642 1948 3698 amissa

352 3743 439 3791 est
467 3735 556 3789 illa
581 3736 724 3791 bona
752 3736 975 3792 libertas
1004 3734 1233 3801 arbitrii,
1263 3732 1478 3803 quando
1507 3734 1660 3788 malae
1685 3732 1949 3790 libertatis

350 3827 485 3883 vitio
517 3829 684 3899 coepit
706 3827 875 3883 homo
901 3835 1130 3898 peccato
1177 3826 1483 3883 voluntarie
1522 3825 1787 3881 famulari.
1821 3823 1948 3881 Ideo

351 3929 439 3976 est
467 3920 718 3975 omnibus
738 3918 1047 3976 hominibus
1076 3919 1129 3974 in
1159 3918 1407 3975 omnibus
1446 3918 1693 3974 natatibus
1745 3918 1951 3974 consti-

352 4011 506 4079 tutis,
562 4010 615 4066 id
660 4018 744 4067 est
786 4009 854 4065 ab
901 4011 1018 4082 ipsa
1073 4012 1355 4066 nativitate
1398 4010 1467 4066 de
1520 4020 1711 4066 ventre
1756 4012 1947 4068 matris

352 4116 528 4172 usque
554 4102 622 4156 ad
644 4101 805 4157 ﬁnem
826 4102 1115 4173 decrepitm
1134 4101 1450 4168 senectutis,
1476 4102 1811 4158 necessarius
1831 4116 1949 4158 san-

353 4194 473 4264 guis
498 4192 720 4259 Christi,
748 4193 839 4263 qui
868 4192 921 4247 in
950 4193 1326 4249 remissionem
1373 4192 1523 4249 fusus
1568 4202 1652 4249 est
1697 4203 1950 4264 peccato-

352 4299 497 4350 rum,
528 4292 583 4339 et
611 4283 757 4339 solus
785 4294 966 4356 potest
1012 4284 1198 4340 delere
1241 4299 1403 4340 omne
1448 4294 1751 4356 peccatum.
1802 4285 1948 4342 Unus

352 4385 431 4430 est
461 4376 597 4430 enim
621 4375 879 4430 mediator
906 4374 1077 4431 Dei‘et
1106 4377 1392 4440 hominum,
1424 4376 1575 4431 homo
1601 4376 1837 4433 Christus
1856 4377 1949 4433 Je-

351 4485 444 4525 sus
499 4466 587 4538 (II
637 4466 770 4522 Tim.
821 4484 876 4533 ιι,
923 4466 1011 4537 5);
1062 4468 1115 4522 in
1152 4469 1306 4538 cujus
1335 4474 1511 4523 morte
1555 4468 1796 4538 quisquis
1840 4483 1949 4525 non

354 4560 519 4617 fuerit
544 4562 593 4617 ei
624 4561 676 4616 in
697 4561 1019 4633 baptismate
1048 4563 1417 4632 consepultus,
1450 4576 1550 4617 nec
1577 4562 1739 4633 potiri
1756 4576 1948 4630 regno,

2052 3382 2168 3438 sine
2196 3396 2305 3451 quo
2328 3380 2462 3435 nihil
2492 3380 2669 3436 facere
2699 3395 3005 3450 possumus,
3035 3385 3092 3434 et
3112 3379 3166 3433 in
3189 3393 3297 3449 quo
3318 3376 3495 3433 omnia
3524 3389 3650 3447 pos-

2051 3488 2253 3537 sumus,
2287 3473 2340 3527 in
2365 3480 2627 3541 quantum
2650 3472 2718 3526 ab
2741 3486 2807 3526 eo
2829 3471 3055 3541 gratiam
3082 3470 3297 3524 virtutis
3319 3467 3647 3537 accepimus.

2052 3563 2208 3629 Quod
2237 3564 2422 3633 utique
2448 3569 2595 3616 recta
2622 3558 2947 3616 conﬁdentia
2976 3560 3169 3615 beatus
3203 3559 3479 3629 prtesnmit
3507 3557 3648 3627 Apo-

2050 3654 2240 3718 stolus,
2274 3653 2462 3708 dicens
2489 3670 2501 3705 :
2538 3651 2731 3705 Omnia
2753 3668 2957 3721 possum
2984 3653 3038 3705 in
3068 3668 3127 3706 eo
3154 3650 3240 3722 qui
3282 3666 3363 3704 me
3390 3649 3650 3720 confortat

2054 3745 2279 3818 (Philip.
2312 3760 2386 3811 ιν,
2420 3742 2530 3815 l3).
2569 3741 2639 3796 Et
2668 3743 2902 3797 iterum:
2946 3739 3013 3795 In
3045 3757 3142 3813 quo
3191 3738 3369 3794 laboro
3406 3736 3651 3793 certando

2050 3836 2333 3892 secundant
2365 3835 2720 3905 operationem
2755 3833 2888 3904 ejus,
2919 3849 3075 3905 quam
3104 3839 3347 3904 operatur
3373 3833 3428 3886 in
3474 3846 3556 3884 me
3596 3830 3651 3885 in

2050 3933 2236 3988 virtute
2258 3928 2478 3999 (Coloss.
2512 3943 2548 3993 ι,
2581 3924 2696 3997 29).

2123 4020 2254 4075 Car.
2287 4034 2436 4074 xxrv.
2467 4050 2537 4060 -—
2568 4015 2656 4071 58.
2689 4015 2818 4071 Hinc
2846 4015 3028 4071 omnia
3058 4013 3287 4070 ﬁdeliter
3308 4022 3469 4083 atque
3498 4011 3651 4067 indu-

2051 4111 2289 4168 bitanter
2312 4115 2574 4172 tenentes,
2599 4108 2717 4164 sine
2737 4106 2980 4177 periculo
2995 4120 3202 4175 sumus,
3226 4105 3438 4160 etiamsi
3460 4119 3649 4176 quem-

2053 4201 2340 4259 admodum
2365 4200 2560 4256 dentur
2582 4199 2773 4255 animae
2794 4198 3113 4270 corporibus
3136 4198 3458 4254 nesciamus.
3490 4195 3651 4251 Sulli-

2054 4295 2130 4351 cit
2198 4301 2381 4348 autem
2435 4291 2578 4346 scire
2642 4304 2743 4345 nos
2810 4290 2983 4359 prima
3043 4277 3323 4343 nativitate
3394 4286 3652 4358 pollutos,

2053 4384 2286 4440 secunda
2355 4381 2637 4437 nativitate
2710 4378 3045 4445 mundatos;
3122 4378 3293 4448 prima
3369 4377 3654 4431 nativitate

2054 4477 2318 4547 captivos,
2363 4472 2602 4529 secunda
2653 4471 2934 4526 nativitate
2977 4472 3207 4537 liberos;
3250 4470 3423 4539 prima
3461 4468 3655 4522 nativi-

2058 4577 2170 4624 tate
2220 4575 2487 4628 terrenos,
2547 4564 2786 4621 secunda
2826 4564 3107 4619 nativitate
3150 4562 3426 4628 celestes;
3468 4562 3653 4632 prima:

354 4670 457 4711 nec
496 4654 637 4724 ignis
680 4656 870 4711 mterni
923 4656 1127 4726 poterit
1172 4671 1360 4713 carere
1400 4655 1683 4726 supplicio.
1737 4654 1951 4713 Veritas
1978 4672 2034 4733 D
2059 4660 2355 4717 nativitatis
2390 4658 2522 4712 vitio
2554 4656 2821 4720 carnales,
2849 4654 3099 4711 secundae
3146 4654 3442 4710 nativitatis
3483 4653 3654 4709 bene.-

352 4747 557 4816 quippe
594 4747 670 4801 ait
703 4746 830 4816 quia
868 4747 915 4801 si
951 4748 1065 4819 quis
1093 4762 1197 4801 non
1228 4748 1381 4818 fuerit
1408 4754 1618 4800 renatus
1646 4761 1710 4799 ex
1739 4761 1873 4814 aqua
1899 4754 1951 4799 et

355 4833 583 4905 Spiritu,
616 4852 720 4890 non
748 4845 914 4907 potest
948 4836 1166 4891 introire
1189 4837 1244 4891 in
1272 4853 1484 4909 regnum
1516 4835 1613 4891 Dei
1643 4834 1822 4908 (Joan.
1863 4852 1943 4904 tn,

353 4924 433 4996 5).
466 4924 809 4997 Quapropter
835 4927 904 4982 de
931 4927 1095 4999 {.98
1117 4929 1367 4984 omnibus
1404 4928 1734 4992 horninibus,
1776 4929 1947 4998 pusil-

353 5018 421 5073 lis
476 5027 535 5074 et
580 5021 807 5089 magnis,
857 5019 1172 5087 infantibus,
1228 5021 1436 5091 pueris,
1491 5021 1945 5087 adolescentibus,

350 5108 663 5179 juvenibus,
696 5112 917 5168 senibus
945 5113 1314 5184 accipiendum
1342 5121 1425 5169 est
1453 5114 1598 5184 quod
1628 5114 1717 5169 ille
1758 5114 1947 5170 doctor

356 5202 599 5270 gentium
624 5203 677 5257 in
705 5203 812 5259 ﬁde
838 5214 893 5259 et
924 5206 1150 5259 veritate
1176 5205 1442 5260 veraciter
1468 5205 1631 5259 dicit:
1665 5203 1785 5260 Non
1809 5209 1948 5285 enim

354 5302 431 5347 est
459 5294 743 5351 distinctio.
770 5296 964 5351 Omnes
989 5298 1128 5352 enim
1150 5306 1506 5367 peccaverunt,
1541 5305 1591 5350 et
1610 5306 1759 5368 egent
1779 5299 1948 5368 gloria

353 5380 476 5439 Dei.
509 5382 797 5455 Justificati
830 5388 992 5458 gratis
1031 5404 1125 5459 per
1170 5387 1393 5459 gratiam
1439 5388 1620 5458 ipsius,
1653 5404 1767 5459 qua!
1789 5399 1865 5444 est
1893 5391 1949 5445 in

355 5474 563 5531 Christo
587 5475 710 5531 Jesu
729 5516 744 5542 ,
778 5494 927 5550 quem
956 5480 1221 5548 proposuit
1248 5478 1387 5533 Deus
1408 5479 1827 5549 propitiationem
1860 5498 1952 5551 per

354 5570 513 5641 ﬁdem
539 5571 593 5625 in
622 5572 875 5643 sanguine
905 5572 1086 5642 ipsius,
1114 5572 1182 5625 ad
1211 5573 1555 5626 ostensionem
1576 5572 1796 5642 justitia'
1819 5590 1952 5642 suat,

354 5668 567 5730 propter
608 5660 961 5715 remissionem
1006 5662 1402 5732 praecedentium
1445 5661 1748 5715 delictorum
1771 5662 1949 5733 (Rom.

352 5764 434 5820 ιιι,
462 5750 534 5804 2‘2
571 5760 621 5805 et
661 5752 814 5824 seq.).
849 5750 1166 5809 Pnccedens
1195 5763 1374 5809 autem
1422 5753 1676 5809 delictum
1723 5770 1843 5809 cum
1897 5756 1954 5812 in

355 5842 651 5899 infantibus
679 5834 960 5914 quaeritur,
990 5846 1122 5902 illud
1158 5846 1277 5904 sine
1310 5844 1474 5901 dubio
1512 5845 1746 5915 primum
1793 5847 1954 5917 primi

350 5932 593 5992 hominis
638 5936 928 6005 invenitur,
969 5936 1116 6008 quod
1142 5950 1242 6008 per
1285 5934 1521 6008 primum
1567 5935 1844 5995 hominem
1893 5938 1951 5999 in

2060 4752 2181 4807 tlcio
2208 4748 2512 4820 spiritales;
2560 4747 2731 4817 prima
2766 4736 3047 4801 nativitaie
3074 4745 3213 4801 ﬁlios
3255 4746 3367 4809 irzc,
3418 4744 3653 4801 secunda

2056 4840 2338 4897 nativitate
2360 4838 2496 4892 ﬁlios
2525 4839 2742 4908 gratim;
2776 4836 2949 4906 prima
2977 4836 3258 4892 nativitate
3283 4836 3421 4892 ﬁlios
3447 4836 3651 4904 szcculi,

2055 4931 2293 4988 secunda
2320 4929 2603 4985 nativitate
2624 4927 2764 4984 ﬁlios
2789 4926 2904 4984 Dei.
2941 4926 3172 4984 Proinde
3211 4929 3315 4984 etsi
3361 4929 3504 4985 scire
3545 4944 3653 4983 non

2052 5037 2345 5094 possumus
2372 5020 2830 5091 quemadmodum
2876 5019 3053 5074 anima
3091 5020 3249 5076 detur
3289 5020 3609 5090 corporibus
3633 5059 3650 5084 ,

2058 5112 2188 5169 illud
2208 5120 2355 5168 recte
2385 5110 2659 5169 credendo
2682 5119 2738 5167 et
2757 5112 2897 5168 bene
2924 5112 3172 5177 vivendo,
3202 5111 3333 5167 illud
3375 5113 3656 5168 instantis-

2055 5204 2191 5261 sime
2214 5211 2539 5273 satagamus,
2569 5211 2628 5258 ut
2656 5202 2711 5258 in
2732 5216 2900 5272 regno
2930 5202 3094 5275 499
3132 5201 3228 5259 Dei
3258 5208 3313 5258 et
3340 5203 3519 5257 anima
3548 5220 3651 5258 no-

2056 5304 2168 5354 stra
2200 5295 2412 5351 laetetur
2440 5303 2497 5350 et
2523 5309 2739 5364 corpus.
2772 5292 2907 5348 Illud
2927 5307 3058 5364 ergo
3088 5295 3133 5349 si
3158 5293 3298 5350 scire
3320 5309 3427 5349 non
3458 5310 3654 5365 possu-

2059 5401 2197 5449 mus,
2265 5380 2534 5455 patiente'r
2596 5386 2958 5455 ignoremus:
3010 5399 3236 5456 regnum
3302 5394 3483 5442 autem
3551 5385 3649 5441 Dei

2060 5475 2312 5532 ardenter
2337 5483 2500 5545 atque
2530 5476 2794 5532 instanter
2814 5491 3139 5547 quaeramus,
3166 5476 3254 5532 ubi
3278 5477 3466 5547 procul
3486 5476 3649 5533 dubio

2059 5569 2222 5624 etiam
2245 5569 2350 5624 hoc
2376 5568 2520 5625 Deus
2560 5568 2714 5626 nobis
2741 5568 3023 5637 revelabit,
3052 5569 3198 5639 quod
3228 5585 3335 5625 non
3376 5570 3465 5627 hic
3493 5569 3650 5627 nobis

2056 5659 2288 5714 inaniter
2314 5660 2633 5728 occultatur,
2657 5661 2759 5716 nisi
2786 5662 2913 5731 quia
2944 5660 2999 5717 in
3029 5661 3131 5718 hac
3150 5661 3263 5719 vita
3290 5662 3517 5720 forsitan
3537 5676 3648 5720 non

2056 5753 2316 5821 competit
2342 5761 2399 5806 ut
2427 5754 2645 5808 sciatur.

2122 5844 2216 5901 39.
2264 5845 2420 5912 Quod
2466 5848 2512 5902 si
2540 5848 2824 5919 quisquam
2860 5848 3118 5907 divinitus
3153 5851 3505 5920 illuminatus,
3550 5860 3647 5907 aut.

2055 5938 2267 5999 indiciis
2297 5941 2608 5998 certissimae
2652 5942 2897 6013 rationis,
2944 5950 3041 5999 aut
3080 5944 3643 6000 testimoniissancta
