4064 6358
390 419 397 428 .
448 376 545 434 671

1445 368 1505 427 S.
1545 368 1915 428 FULGENTII
1953 368 2262 435 EPISCOPt
2286 370 2657 427 RUSPENSIS

3641 371 3751 427 6Ἱῖ

445 492 782 549 auctoritatis
812 489 1037 546 valuerit
1072 487 1154 543 vel
1202 487 1513 555 agnoscere,
1544 486 1628 542 vel
1656 485 1874 553 docere,
1920 486 2037 540 ani-
2067 493 2112 548 Α
2142 486 2372 556 quisque
2392 484 2704 555 perdiderat
2733 482 2864 537 vitio
2893 481 3127 538 hominis
3166 483 3487 553 peccatoris,
3517 486 3749 558 recipiat

445 602 562 643 mas
590 586 852 641 humanas
873 591 965 637 aut
985 595 1151 636 novas
1179 579 1402 647 singulis
1430 564 1748 649 corporibus
1774 578 1911 645 dari,
1944 585 2039 633 aut
2084 616 2089 619 -

444 694 567 735 cum
592 678 722 749 ipsis
748 673 1065 745 corporibus
1085 671 1402 742 propagari,
1438 670 1565 725 illud
1589 670 1804 725 interim
1828 678 2040 725 asserat

446 773 593 845 quod
642 771 800 825 habet
840 767 973 822 ﬁdes
1015 764 1383 821 ecclesiastica
1430 760 1793 829 manifestum,
1853 776 2043 818 omnes

445 863 652 920 scilicet
681 858 924 915 homines
965 872 1033 913 ex
1065 856 1182 926 ipso
1212 863 1481 926 conceptu
1518 854 1734 910 trahere
1781 853 2043 922 originale

446 963 748 1031 peccatum,
772 951 916 1021 quod
948 951 1019 1006 sit
1042 950 1096 1004 in
1118 950 1340 1018 singulis
1368 948 1713 1004 nascentibus
1744 947 1900 1002 unius
1927 961 2044 1001 me-

445 1046 671 1102 diatoris
710 1042 973 1111 sanguine
1000 1040 1404 1107 remittendum,
1438 1048 1499 1095 ut
1526 1038 1818 1109 impietatis
1848 1038 2041 1103 nexus,

446 1141 537 1211 qui
560 1140 731 1210 prima
759 1137 1040 1192 nativitate
1068 1136 1422 1199 contrahitur,
1474 1135 1709 1191 secunda
1757 1133 2043 1189 nativitate

446 1234 713 1299 solvatur,
738 1240 794 1286 et
814 1245 911 1301 per
932 1229 1125 1284 Filium
1149 1227 1266 1291 Dei,
1290 1228 1382 1297 qui
1412 1225 1582 1283 factus
1604 1235 1769 1282 estex
1792 1225 2039 1292 muliere,

444 1324 621 1381 factus
648 1325 747 1379 sub
768 1323 885 1392 lege
914 1320 1053 1395 (Gul.
1080 1337 1154 1389 ιν,
1176 1320 1230 1387 4,
1252 1320 1333 1389 5),
1358 1329 1417 1375 ut
1435 1319 1781 1391 adoptionem
1808 1318 2039 1374 ﬁliorum

445 1417 834 1487 reciperemus,
862 1414 1030 1483 ipsius
1065 1412 1373 1483 ad0ptionis
1400 1411 1650 1479 gratiam,
1680 1425 1840 1480 quam
1870 1422 2039 1464 unus-

2147 580 2410 638 beneﬁcio
2452 579 2848 651 Redemptoris.
2900 575 3013 634 Hoc
3059 577 3429 652 indubitanter
3474 596 3746 651 asserens,

2147 672 2405 745 quidquid
2454 672 2711 743 deinceps
2761 670 3054 728 secundum
3102 671 3387 728 veritatem
3433 676 3635 744 poterit
3678 676 3749 733 de

2148 766 2449 820 animarum
2475 764 2683 834 origine
2703 764 3100 830 demonstrare,
3122 772 3274 821 recte
3316 766 3479 822 faciet
3516 784 3622 825 non
3662 778 3747 826 ta-

2149 872 2293 914 cere.
2328 856 2483 913 Tunc
2511 864 2692 911 autem
2714 855 2943 926 quaestio
2971 858 3039 911 de
3066 857 3246 911 anima
3279 866 3432 914 recte
3464 868 3747 929 tractatur,

2149 947 2324 1003 sinon
2353 946 2629 1001 dubitatur
2647 945 2718 1001 de
2742 944 2991 1014 originali
3016 955 3244 1017 peccato
3267 946 3488 1005 humani
3510 952 3749 1022 generis,

2147 1051 2206 1097 et
2231 1036 2299 1097 de
2328 1040 2591 1098 beneﬁcio
2612 1037 2783 1096 sancti
2818 1038 3178 1108 baptismatis,
3204 1041 3351 1111 quod
3388 1045 3619 1113 captivis
3657 1044 3751 1102 do-

2147 1143 2335 1190 natum
2364 1142 2448 1190 est
2472 1148 2569 1205 per
2587 1133 2817 1199 gratiam
2844 1131 3165 1201 Salvatoris,
3195 1135 3287 1204 qui
3317 1135 3569 1205 dignatus
3591 1146 3675 1193 est
3692 1147 3751 1195 et

2145 1235 2316 1283 totam
2346 1228 2464 1283 sine
2495 1234 2723 1297 peccato
2751 1230 3000 1280 naturam
3031 1227 3203 1281 nostri
3231 1227 3445 1297 generis
3472 1229 3744 1302 accipere,

2146 1329 2204 1376 et
2231 1335 2448 1377 omnem
2474 1319 2689 1390 culpam
2720 1319 2890 1375 nostri
2919 1319 3157 1376 criminis
3184 1321 3421 1378 abolere.

1472 1606 1613 1720 S.
1696 1601 2692 1719 FULGENTII

734 1807 893 1909 DE
971 1804 1299 1945 FIDE,
1382 1787 1697 1906 SEU"
1751 1797 1909 1898 DE
1991 1791 2517 1899 REGULA
2593 1795 2982 1900 VERZE
3064 1797 3439 1939 FIDE],

973 1996 1020 2014 "
1269 1986 1428 2069 AD
1506 1980 2037 2079 PETRUM,
2116 1978 2466 2061 LIBER
2544 1977 2899 2063 UNUS.

482 2156 485 2157 ν
523 2187 1111 2262 δοοοΡειοιοαυςη-
1139 2189 1191 2244 1.
1232 2185 1553 2258 Epistolam,
1596 2184 1671 2242 ﬁli
1712 2189 1893 2254 Petre,
1942 2195 2046 2242 tua:

2225 2184 2279 2241 2.
2315 2185 2695 2243 Verumtamen
2734 2195 2794 2242 ut
2812 2188 2882 2243 de
2908 2185 3011 2244 ﬁde
3029 2186 3302 2246 sufﬁciens
3327 2204 3508 2247 sermo
3529 2156 3751 2263 proma-

446 2281 694 2337 ‘caritatis
722 2280 927 2350 accepi,
959 2279 1013 2334 in
1042 2294 1145 2351 qua
1175 2288 1231 2334 te
1267 2277 1579 2348 signiﬁcasti
1617 2278 1757 2334 velle
1785 2277 2042 2335 Hieroso-

452 2369 650 2444 lymam
669 2384 915 2440 pergere,
940 2377 996 2425 et
1023 2368 1317 2440 poposcisti
1346 2376 1401 2425 te
1427 2368 1620 2425 litteris
1637 2369 1835 2425 nostris
1856 2352 2045 2424 instrui

438 2450 614 2532 'quam
642 2461 841 2516 debeas
862 2461 916 2515 in
945 2460 1050 2516 illis
1072 2460 1316 2531 partibus
1343 2474 1486 2516 verte
1516 2459 1639 2515 lidei
1687 2460 1928 2530 regulam
1966 2471 2049 2516 te-

448 2550 657 2621 'uereh,
688 2561 747 2608 ut
775 2553 954 2609 nullus
983 2553 1079 2609 tibi
1117 2553 1291 2624 possit
1327 2568 1519 2609 sensus
1548 2553 1813 2610 haeretica:
1855 2554 2048 2611 subre-

452 2659 582 2716 pere
610 2644 855 2702 falsitatis
884 2657 927 2701 ο.
960 2645 1182 2703 Gaudeo
1218 2645 1434 2716 quidem
1477 2646 1621 2716 quod
1659 2662 1758 2717 pro
1788 2645 1892 2702 ﬁde
1920 2660 2049 2702 vera

451 2737 569 2792 sine
616 2737 727 2793 ullo
770 2736 1008 2808 perﬁdiae
1052 2737 1185 2793 vitio
1232 2736 1585 2792 custodienda
1614 2736 2047 2805 ,‘sollicitudinem

447 2823 616 2896 geris,
641 2827 756 2883 sine
785 2843 890 2898 qua
919 2827 1064 2883 nulla
1091 2835 1275 2897 potest
1310 2826 1590 2897 prodesse,
1629 2826 1739 2881 imo
1780 2840 1880 2881 nec
1905 2839 2050 2892 esse,

455 2917 760 2973 conversio.
816 2917 1128 2988 Apostolica
1168 2916 1371 2986 quippe
1409 2915 1538 2971 dicit
1582 2915 1876 2972 auctoritas
1920 2916 2050 2986 quia

450 3007 565 3061 sine
617 3007 724 3077 ﬁde
766 3004 1083 3077 impossibile
1121 3014 1197 3060 est
1238 3009 1442 3078 placere
1483 3003 1595 3060 Deo
1642 3005 1828 3077 (Hebr.
1861 3021 1937 3072 χι,
1967 3004 2044 3077 6).

454 3096 617 3153 Fides
647 3106 731 3152 est
758 3112 991 3167 namque
1012 3098 1278 3152 bonorum
1299 3096 1538 3151 omnium
1570 3094 1976 3152 fundamentum
1997 3094 2046 3151 ἀ.

454 3189 614 3249 Fides
646 3198 729 3244 est
755 3190 1004 3244 humanae
1031 3187 1220 3246 salutis
1252 3188 1459 3247 initium
1484 3176 1681 3245 RSine
1710 3188 1813 3244 hac
1843 3186 1860 3225 ί
1889 3201 2050 3243 nemo

454 3266 523 3339 ad
552 3283 783 3339 ﬁliorum
824 3282 921 3338 Dei
967 3296 1247 3339 numerum
1280 3272 1462 3352 potest
1504 3282 1824 3353 pertineret:
1863 3300 1876 3335 :
1923 3282 2051 3351 quia

457 3378 574 3433 sine
600 3378 713 3448 ipsa
734 3392 835 3432 nec
862 3376 915 3431 in
942 3376 1047 3432 hoc
1073 3375 1268 3432 smculo
1297 3374 1581 3445 quisquam
1612 3376 1767 3447 501
1789 3373 2051 3442 justitica-

456 3468 619 3527 tionis
642 3469 987 3540 consequitur
1013 3469 1262 3539 gratiam,
1289 3482 1390 3523 nec
1419 3467 1473 3522 in
1514 3465 1699 3521 futuro
1725 3466 1891 3520 vitam
1918 3479 2050 3536 pos-

2151 2286 2261 2345 tur,
2294 2293 2394 2334 nec
2424 2279 2683 2351 temporis
2708 2277 3035 2350 suffragatur
3061 2282 3313 2351 spatium.
3343 2283 3469 2354 quia
3496 2284 3753 2342 celeriter

2149 2378 2393 2424 nostrum
2437 2368 2590 2439 cupis
2636 2368 2841 2424 habere
2884 2384 3224 2441 responsum,
3266 2381 3322 2427 et
3350 2380 3460 2427 tam
3487 2387 3748 2443 magnum

2150 2469 2236 2516 est
2263 2459 2420 2529 hujus
2468 2458 2846 2530 disputationis
2890 2476 3046 2531 opus,
3091 2470 3152 2517 ut
3197 2463 3404 2532 magnis
3448 2462 3538 2517 vix
3575 2464 3753 2535 possit

2150 2551 2361 2622 impleri
2397 2550 2413 2589 ί
2445 2550 2808 2608 sermonibus.
2857 2552 3043 2624 Neque
3071 2554 3214 2610 enim
3247 2556 3541 2626 poposcisti
3584 2556 3666 2613 sic
3692 2565 3755 2613 te

2150 2642 2347 2699 debere
2371 2642 2439 2699 de
2467 2640 2572 2699 ﬁde
2598 2643 2811 2711 instrui,
2862 2651 2918 2699 ut
2949 2660 3112 2700 unam
3153 2646 3448 2717 quamlibet
3493 2647 3750 2703 haeresim

2150 2737 2465 2808 designares
2498 2737 2544 2803 i,
2574 2746 2764 2793 contra
2793 2752 2957 2807 quam
2993 2739 3306 2809 specialiter
3337 2748 3550 2796 nostra)
3562 2740 3755 2812 dispu-

2152 2829 2375 2885 tationis
2402 2828 2651 2899 vigilaret
2679 2828 2906 2885 intentio
2940 2849 2951 2883 :
2985 2830 3080 2886 sed
3100 2845 3222 2885 cum
3250 2830 3527 2887 indeﬁnite
3555 2830 3755 2888 deﬁni-

2155 2922 2355 2977 tionem
2385 2918 2512 2975 ﬁdei
2541 2920 2700 2991 petis,
2730 2935 2960 2990 eamque
2989 2921 3141 2992 cupis
3168 2922 3330 2976 etiam
3358 2921 3459 2977 sub
3481 2911 3755 2978 brevitaté

2153 3012 2434 3078 concludi,
2464 3011 2615 3067 vides
2643 3011 2836 3082 procul
2878 3011 3042 3068 dubio
3069 3027 3231 3082 quam
3259 3013 3331 3068 sit
3357 3013 3514 3070 nobis
3543 3015 3749 3085 impos-

2154 3104 2310 3160 sibil‘e
2358 3111 2421 3159 ut
2456 3118 2571 3158 rem
2602 3110 2813 3159 tantam
2840 3103 2895 3159 in
2939 3104 3091 3160 brevi
3120 3104 3281 3176 plene
3316 3106 3748 3176 comprehenda-

2152 3182 2292 3265 mus,
2318 3197 2405 3254 cui
2433 3196 2764 3254 sufﬁcientes
2792 3213 2912 3254 esse
2939 3213 3047 3253 non
3068 3213 3374 3269 possumus,
3402 3199 3612 3255 etiamsi
3635 3208 3757 3255 tan-

2153 3303 2266 3351 tum
2296 3293 2529 3365 spatium
2566 3292 2828 3363 temporis
2868 3302 2925 3349 et
2963 3293 3069 3348 tale
3096 3293 3252 3349 nobis
3280 3302 3424 3349 esset
3451 3293 3757 3363 ingenium,

2152 3394 2213 3440 ut
2240 3383 2409 3440 multa
2437 3383 2711 3440 volumina
2739 3383 2809 3440 de
2836 3383 2942 3440 hoc
2967 3384 3113 3456 quod
3139 3400 3171 3439 a
3220 3384 3378 3441 nobis
3406 3386 3624 3457 expetis
3667 3383 3755 3440 fa-

2152 3490 2279 3532 cere
2305 3475 2610 3530 valeremus
2640 3474 2734 3547 (al.
2768 3474 3085 3546 valeamus).
3117 3474 3225 3532 Sed
3250 3477 3376 3547 quia
3406 3475 3555 3532 Deus
3590 3493 3759 3548 prope

457 3562 653 3619 sidebit
678 3569 964 3628 aeternam;
996 3568 1052 3615 et
1079 3559 1123 3616 si
1144 3560 1265 3631 quis
1302 3558 1391 3614 hic
1417 3574 1527 3614 non
1564 3557 1921 3613 ambulaverit
1947 3570 2046 3626 per

2159 3576 2227 3622 est
2251 3566 2487 3621 omnibus
2516 3565 2870 3621 invocantibus
2906 3582 3020 3621 eum
3040 3568 3097 3621 in
3124 3569 3337 3622 veritate
3362 3567 3544 3639 (Psal.
3568 3559 3759 3638 cxuv,

455 3654 638 3720 ﬁdem,
678 3669 787 3709 non
823 3654 1103 3726 perveniet
1143 3652 1211 3707 ad
1248 3650 1505 3722 speciem.
1535 3648 1664 3704 Sine
1719 3647 1825 3703 lide
1870 3647 2048 3703 omnis

456 3738 611 3802 lahOr
639 3745 869 3802 hominis
892 3760 1094 3801 vacuus
1121 3752 1223 3799 est.
1268 3741 1399 3797 Tale
1435 3742 1636 3812 quippe
1680 3747 1783 3807 est,
1824 3747 1883 3794 ut
1930 3740 2050 3795 sine

455 3852 583 3893 vera
632 3837 736 3892 ﬁde
759 3838 987 3907 quisque
1027 3834 1158 3890 velit
1185 3833 1299 3889 Deo
1328 3848 1425 3903 per
1456 3838 1827 3900 contemptum
1870 3828 2051 3885 saaculi

457 3924 749 4000 placere”;
780 3925 937 3996 quale
970 3925 1017 3980 si
1060 3925 1343 3994 quisquam
1372 3921 1467 3993 (αι.
1492 3919 1780 3992 quispiam)
1823 3918 2052 3975 tendens

460 4021 527 4077 ad
557 4021 807 4092 patriam,
840 4019 893 4074 in
926 4034 1033 4088 qua
1061 4033 1120 4073 se
1148 4017 1248 4073 scit
1276 4016 1437 4071 beate
1478 4029 1598 4071 esse
1646 4012 1936 4080 victurum,
1970 4027 2054 4068 re-

453 4113 667 4184 linquat
695 4111 901 4166 itineris
923 4107 1326 4175 rectitudinem,
1354 4114 1410 4162 et
1438 4102 1767 4175 improvidus
1814 4110 2052 4159 sectetur

459 4218 736 4269 errorem,
782 4216 891 4271 quo
920 4215 1028 4256 non
1066 4199 1136 4254 ad
1172 4199 1387 4255 beatam
1429 4197 1702 4253 civitatem
1752 4195 2050 4267 perveniat,

457 4294 555 4350 sed
584 4295 636 4349 in
663 4286 1012 4365 prmCipitium
1054 4289 1245 4358 cadat;
1288 4289 1379 4345 ubi
1424 4304 1533 4343 non
1574 4287 1823 4359 gaudium
1863 4302 2053 4358 perve-

452 4386 628 4442 nienti
657 4386 838 4453 detur,
864 4382 962 4440 sed
990 4381 1206 4440 cadenti
1230 4381 1477 4437 interitus
1503 4380 1780 4436 inferatur.

454 4572 457 4573 ⁷
533 4577 555 4604 ι
584 4565 826 4621 Antehac
881 4561 1063 4619 excusi
1093 4560 1308 4617 codices
1334 4563 1474 4616 hunc
1495 4555 1707 4611 titulum
1739 4553 2046 4625 pneferunt,

460 4636 540 4692 De
558 4638 714 4704 Fide,
744 4637 812 4690 ad
845 4634 1056 4690 Petrum
1082 4631 1394 4706 Diacgnum.
1425 4628 1534 4706 Nos
1576 4641 1705 4680 vero
1742 4624 2050 4706 addendum

460 4695 712 4764 duximus
751 4716 806 4762 et
849 4706 1158 4779 hunc,_s_ett,
1201 4701 1280 4779 De
1323 4695 2049 4779 R_egula_verle_ﬁdei:_tum

460 4782 582 4850 quia
603 4781 682 4836 sic
708 4770 1007 4850 appellatur
1032 4770 1170 4850 liber
1217 4773 1317 4850 i_ste
1362 4770 1460 4850 hic_
1478 4770 1577 4823 sub
1616 4770 1950 4850 initium_,.et‘
1995 4770 2049 4820 in

461 4835 688 4922 epistula
719 4835 981 4922 Ferrandi
1021 4846 1089 4922 ad
1128 4843 1186 4899 S.
1214 4842 1580 4922 Fulgentiu-m,
1617 4851 1781 4907 supra
1804 4835 1905 4922 Ill,
1935 4842 2049 4922 tum

460 4907 624 4977 etiam
670 4922 793 4990 quia
841 4921 919 4990 sic
968 4917 1171 4990 legitur_
1214 4916 1265 4969 in
1302 4907 1676 4982 antiquissimo
1720 4907 1904 4990 codice
1941 4920 2042 4989 ms:

459 4977 793 5049 Corbeiensi.
834 4977 1268 5063 prpuu'gendum
1293 4977 1532 5063 quoque
1578 4993 1775 5063 nomen
1826 4977 2043 5063 diaconi

458 5064 800 5119 credidimus.
834 5050 1013 5114 Primo
1038 5050 1164 5128 quia
1194 5072 1262 5111 ex
1287 5050 1407 5128 ipso
1431 5050 1746 5128 t‘otius‘libri
1779 5055 2040 5128 contextu

458 5133 614 5189 facile
641 5132 924 5201 conjicitur
950 5119 1554 5202 diversumplauecsse
1589 5119 1808 5202 Petrum
1838 5119 1981 5173 hunc
2009 5134 2040 5174 a

426 5206 683 5261 ‘diacono
732 5193 818 5258 cui
867 5201 1173 5256 inscribitur
1226 5193 1363 5253 liber
1406 5196 1473 5251 de
1518 5193 1912 5257 lncarnatione,
1942 5204 2040 5244 seu

457 5275 679 5346 epistola
712 5287 874 5346 supra
907 5271 993 5325 lli.
1025 5270 1161 5346 cum
1187 5269 1328 5324 bene
1359 5266 1524 5322 multa
1550 5264 1621 5346 ibi
1645 5268 2041 5346 pertractentur

300 5334 317 5350 ’
376 5398 379 5401 .
453 5331 574 5417 quae
603 5331 894 5400 eidem-hic
925 5358 1032 5398 non
1064 5341 1288 5417 fuissent
1328 5333 1642 5417 repetenda.
1684 5331 1895 5417 Deinde
1912 5331 2038 5417 quia

455 5410 555 5472 nec
602 5418 819 5471 fratrem
843 5458 857 5483 ,
898 5430 1000 5470 nec
1041 5412 1426 5485 condiaconum
1473 5412 1666 5468 vocat,
1695 5418 1820 5485 quo
1857 5410 2038 5457 tamen

455 5489 673 5543 nomine
702 5474 1027 5560 compellare
1056 5482 1195 5538 solet
1231 5479 1572 5560 presbyteros
1606 5481 1722 5560 aut
1757 5474 2034 5560 ﬂuenti-9?.

459 5541 518 5614 ut
547 5541 694 5627 patet
715 5573 778 5613 ex
810 5541 1052 5627 epistolis
1075 5541 1245 5620 supra'
1276 5548 1330 5614 5,
1364 5541 1448 5611 η,
1480 5545 1545 5628 if
1571 5552 1625 5599 et
1655 5544 1740 5628 τε
1776 5541 2037 5628 Denique,

457 5615 647 5700 quidsi
678 5630 803 5684 hinc
831 5615 1045 5700 quoque
1071 5615 1440 5700 argumentum
1471 5615 2039 5700 aliquod-ducere‘non

456 5684 654 5772 ιῖἰεςεειῐν
682 5684 864 5772 Quadi
884 5684 1038 5772 inii?»
1072 5684 1359 5772 serite}?
1387 5684 1660 5772 inrideri?
1702 5684 2039 5772 "c‘?}.v.."‘aiPi

451 5757 679 5833 dicetur,
696 5757 739 5822 1a
763 5757 1042 5837 Fulgentio
1063 5757 1282 5837 diversi)
1315 5757 1579 5837 habetur:
1630 5757 1691 5811 In
1723 5757 1907 5837 militia
1936 5770 2039 5837 stu.-

451 5825 571 5896 ctlli.
598 5825 781 5896 exlu’be
807 5825 915 5908 νεᾖὶ
942 5825 1315 5908 terreuoﬁdele
1332 5833 1625 5897 servitium;
1655 5829 1773 5903 quia
1804 5826 1898 5882 hoc
1927 5825 2043 5880 dili-

452 5915 529 5987 git
557 5912 712 5976 Deus,
746 5910 838 5963 hoc
866 5905 1078 5962 mandat
1104 5905 1400 5976 Apostolus.

2154 3658 2266 3732 18),
2316 3660 2406 3728 qui
2437 3659 2645 3714 verbum
2687 3675 3050 3714 consummans
3075 3669 3127 3715 et
3165 3660 3400 3716 brevians
3443 3662 3569 3732 fecit
3598 3679 3762 3733 super

2154 3760 2348 3805 terram
2388 3749 2566 3823 (Rom.
2599 3766 2673 3817 rx,
2723 3749 2845 3821 28),
2900 3766 3064 3822 spero
3104 3752 3251 3821 quia,
3298 3752 3439 3807 sicut
3476 3753 3576 3808 tibi
3605 3753 3762 3811 dedit

2156 3844 2316 3914 hujus
2345 3842 2468 3898 ﬁdei
2505 3851 2748 3898 sanctam
2777 3842 3214 3908 sollicitudinem,
3263 3843 3342 3900 sic
3383 3844 3549 3899 etiam
3598 3845 3761 3913 mihi,

2153 3944 2214 3990 ut
2240 3944 2334 3991 tuo
2364 3944 2472 3989 tam
2496 3934 2641 3990 bono
2664 3943 2882 4004 tamque
2906 3933 3163 3990 laudabili
3185 3934 3419 3990 serviam
3448 3934 3761 4003 desiderio,

2153 4028 2509 4082 suﬁicientem
2540 4026 2738 4083 tribuet
2770 4026 3079 4082 facultatem
3114 4046 3127 4081 :
3161 4035 3220 4083 ut
3246 4028 3348 4084 etsi
3378 4044 3485 4083 non
3517 4040 3765 4099 potuero

2157 4119 2253 4190 (al.
2280 4116 2497 4189 potero)
2545 4127 2739 4174 cuncta
2790 4118 2992 4183 dicere,
3044 4134 3111 4174 ex
3137 4119 3332 4188 quibus
3373 4120 3552 4176 omnis
3597 4136 3767 4178 error

2154 4209 2438 4264 hmreticus
2467 4209 2639 4279 possit
2666 4209 2906 4277 agnosci,
2937 4216 2993 4264 et
3019 4209 3231 4278 agnitus
3262 4209 3344 4264 vel
3373 4211 3631 4265 convinci
3665 4227 3767 4267 va-

2154 4304 2264 4359 leat
2289 4303 2375 4358 vel
2406 4303 2592 4370 vitari,
2629 4314 2809 4359 tamen
2832 4304 2883 4357 in
2914 4304 3132 4359 nomine
3155 4313 3317 4374 atque
3336 4303 3609 4374 adjutorio
3638 4321 3769 4362 san-

2154 4405 2255 4452 ctae
2279 4395 2574 4460 Trinitatis,
2625 4410 2932 4465 quae'unus
2976 4396 3125 4451 solus
3161 4411 3322 4451 verus
3348 4404 3403 4452 et
3446 4396 3631 4453 bonus
3674 4407 3769 4455 est

2222 4552 2251 4592 ιι
2274 4552 2371 4609 Ms.
2397 4554 2689 4609 Vaticanus
2715 4568 2875 4623 unus,
2899 4553 2952 4623 in
2978 4552 3082 4606 illis
3104 4551 3335 4623 partibus
3361 4552 3515 4622 ﬁdem
3549 4562 3769 4611 tenere.

2151 4625 2343 4681 Cteteri
2367 4639 2556 4679 omnes
2577 4638 2705 4679 mss.
2737 4631 2792 4677 et
2819 4622 2970 4688 editi,
3000 4622 3132 4677 verte
3158 4623 3281 4693 ﬁdei
3312 4623 3561 4694 regulam.

2226 4707 2248 4735 ο
2280 4694 2379 4750 Ms.
2410 4695 2533 4749 Vat.
2568 4709 2724 4758 unus,
2750 4701 2806 4746 ut
2834 4693 3004 4747 nullus
3032 4702 3079 4746 te
3106 4695 3266 4763 possit
3286 4693 3467 4748 sensus
3485 4695 3775 4753 haeretica

2151 4767 2303 4821 subre
2339 4781 2425 4820 ere
2486 4765 2735 4819 raritatis.
2767 4763 2871 4817 Alii
2912 4763 3038 4828 duo,
3070 4763 3333 4834 subripere
3360 4765 3636 4835 falsitatis.

2226 4838 2248 4873 ά
2274 4784 2372 4889 hfs.
2417 4783 2580 4889 (ΕΠ-ι).
2618 4833 3011 4889 vetustissimus
3038 4841 3094 4888 et
3121 4835 3334 4889 outimte
3362 4843 3504 4889 nota:
3536 4837 3636 4889 hat

2226 4838 2248 4873 ά
2274 4834 2372 4889 Ms.
2417 4834 2580 4890 Corb.
2618 4834 3011 4890 vetustissimus
3038 4841 3094 4888 et
3121 4835 3334 4903 optimae
3362 4834 3504 4890 nota:
3536 4837 3722 4895 habet
3751 4859 3769 4896 :

2151 4906 2312 4961 Fides
2338 4922 2557 4977 namque
2578 4905 2818 4977 divinitus
2852 4904 3127 4977 inspirant.
3159 4905 3275 4977 ipse
3297 4913 3380 4977 est
3422 4923 3538 4976 qua:
3577 4906 3771 4966 bono-

2077 4954 2124 5016 υ
2148 4954 3274 5048 ἱειίἷὶὀιὲὶἦὲὶῖῆἶ”[ιῦἰᾶᾰήὶέἶοιὶὶὶἠ”ὲὲῑ.’ὅειέἶέῆ
3295 4954 3600 5033 meam
3614 4954 3773 5050 ῑέξίζ

2150 5055 2619 5201 ωειθίιῖἷὲυάυο,
2656 5127 2707 5172 et
2753 5117 2905 5172 totius
2953 5116 3199 5173 humane
3250 5118 3435 5172 salutis
3478 5118 3770 5189 judicium

2145 5199 2296 5259 atque
2322 5199 2547 5243 initium.

2154 5330 2157 5331 ν
2222 5263 2238 5299 ί
2275 5259 2430 5325 Edd.,
2460 5259 2589 5314 Sine
2625 5258 2722 5313 hac
2748 5259 2869 5331 ﬁde.
2901 5258 3066 5315 Abest
3093 5259 3198 5329 ﬁde
3240 5274 3269 5313 a
3308 5274 3436 5315 mss.
3477 5260 3627 5315 Corb
3700 5273 3771 5320 et

2143 5330 2266 5386 Vat.
2299 5339 2549 5400 quatuor.

2216 5412 2241 5449 ε
2271 5398 2431 5469 Editi,
2461 5402 2742 5472 pervenire.
2774 5400 2899 5455 Mss.
2932 5399 3186 5472 quinque,
3218 5403 3495 5472 pertinere.

2215 5472 2241 5510 ιι
2270 5472 2441 5546 Vatic.
2463 5469 2598 5546 duo,
2630 5469 2755 5525 Tale
2775 5469 2963 5546 quippe
2999 5479 3075 5546 est
3101 5469 3363 5546 sine‘vero
3405 5472 3512 5542 ﬁde
3547 5489 3765 5546 quem-

2144 5558 2297 5627 quem
2326 5540 2607 5627 vellepeo,
2644 5549 2749 5597 etc.
2788 5540 2974 5595 ‘Vatic.
3014 5540 3169 5608 alter,
3216 5544 3260 5595 si
3305 5540 3420 5597 sine
3465 5540 3582 5596 vero
3628 5544 3769 5614 ﬁde

2144 5614 2353 5686 quisque
2380 5614 2517 5667 velit.

2225 5685 2236 5721 ί
2274 5685 2364 5739 Sic
2390 5700 2491 5757 ms.
2512 5683 2679 5757 Vatic.
2713 5697 2865 5737 unus.
2894 5680 3020 5738 Mss.
3046 5683 3136 5738 alii
3159 5693 3214 5739 et
3227 5682 3451 5748 edd.,ut
3472 5701 3504 5738 a
3524 5692 3766 5757 magnis

2145 5757 2229 5809 vix.
2257 5756 2420 5825 possit
2450 5755 2673 5824 impleri.
2950 5824 2953 5825 ν
3317 5779 3335 5792 -

2218 5831 2231 5875 1
2259 5824 2391 5878 ’Val.
2421 5840 2577 5889 unus,
2607 5826 2681 5879 sic
2709 5831 2758 5879 te
2785 5826 2848 5878 de
2879 5824 2984 5896 ﬁde
3009 5826 3227 5895 instrui,
3267 5834 3321 5878 ut
3364 5865 3379 5881 .
3401 5865 3412 5879 .
3437 5867 3450 5882 .
3488 5825 3766 5900 designa.

2143 5913 2267 5955 rem.
