4064 6358
296 367 407 424 673

1559 372 1646 428 DE
1684 372 1838 431 FIDE
1893 371 2096 432 LIBER
2137 373 2339 432 UNUS.

3482 386 3588 445 674

297 485 461 549 Deus,
512 498 577 540 ea
619 484 796 542 dicam
835 485 888 541 in
918 486 1113 558 quibus
1138 486 1329 542 saltem
1374 499 1567 563 magna
1617 503 1684 543 ex
1730 498 1886 560 parte
1928 491 1984 553 Α
2006 490 2169 545 etiam
2195 491 2343 561 quod
2368 490 2600 547 Trinitas
2628 501 2733 559 est,
2762 494 3081 551 naturaliter
3107 511 3294 553 verum
3320 506 3433 570 est,
3462 517 3590 573 pro-

296 576 567 632 rationem
598 577 878 634 catholicae
920 576 1044 633 ﬁdei
1089 587 1303 634 constet
1338 579 1455 635 sine
1483 579 1662 651 aliqua
1691 582 1894 637 erroris

294 669 528 737 caligine
557 670 845 725 contineri.
869 656 1075 737 Quibus
1102 671 1345 737 retentis,
1377 672 1584 742 poteris
1608 673 1773 728 etiam
1802 673 1893 729 illa

293 760 707 832 deprehendere
733 770 898 834 atque
926 761 1131 833 fugere,
1182 778 1302 833 quae
1330 764 1432 818 etsi
1473 763 1526 818 in
1579 766 1683 820 hoc
1728 780 1894 835 opere

295 870 406 909 non
437 853 690 909 videntur
716 854 939 925 speciali
983 854 1349 926 disputatione
1389 856 1657 923 convinci,
1710 864 1893 913 tamen

294 960 365 1000 ex
396 945 463 999 iis
491 959 611 1015 qua:
640 944 729 1000 hic
756 945 1083 1014 generaliter
1119 953 1282 1016 atque
1310 947 1558 1002 absolute
1603 955 1890 1017 ponentur,

294 1045 563 1107 appareat
593 1036 687 1106 (al.
721 1036 1005 1108 apparent)
1038 1037 1129 1092 illa
1159 1051 1278 1108 quae
1324 1037 1569 1094 inﬁdeles
1595 1039 1843 1095 homines
1866 1051 1891 1079 ιι

295 1130 519 1184 auribus
574 1129 763 1185 volunt
813 1129 920 1202 (al.
967 1129 1176 1201 solent)
1227 1130 1568 1186 insusurrare
1616 1130 1901 1197 ﬁdelium,

296 1240 409 1278 non
440 1222 624 1294 regula
655 1222 850 1278 divina:
876 1223 1124 1280 veritatis
1153 1222 1369 1303 tradita,
1400 1223 1497 1279 sed
1527 1222 1764 1293 nequitia
1793 1224 1894 1279 hu-

294 1316 444 1370 mani
465 1314 667 1370 erroris
696 1314 933 1370 inventa.
984 1304 987 1309 ’

368 1408 552 1464 Carnr
577 1425 614 1463 ι.
645 1440 717 1451 -η
735 1408 791 1462 5.
818 1409 1150 1480 Quocunque
1172 1408 1335 1478 igitur
1365 1408 1486 1464 loco
1507 1407 1670 1480 fueris
1690 1407 1893 1464 consti-

295 1509 469 1568 tutus,
498 1500 642 1569 quia,
678 1499 973 1556 secundum
1001 1500 1243 1572 regulam
1266 1500 1439 1556 nostri
1466 1500 1761 1557 Salvatoris
1789 1502 1892 1556 im-

294 1591 452 1664 perio
480 1591 896 1662 promulgatam,
944 1593 1086 1648 nosti
1117 1599 1172 1648 te
1199 1592 1254 1650 in
1281 1607 1391 1648 uno
1421 1591 1598 1649 Patris
1624 1591 1653 1631 ι)
1688 1600 1744 1649 et
1774 1592 1894 1648 Filii

296 1692 354 1741 et
380 1684 613 1757 Spiritus
650 1687 823 1741 sancti
860 1686 1077 1742 nomine
1117 1686 1479 1757 baptizatum,
1526 1685 1895 1759 principaliter

297 1784 464 1848 atque
491 1775 856 1832 indubitanter
882 1784 998 1834 toto
1026 1777 1193 1834 corde
1220 1778 1416 1846 retine,
1451 1777 1668 1833 Patrem
1696 1778 1886 1844 Deum,

1995 588 2182 651 pterea
2232 583 2348 653 ipse
2377 598 2537 639 verus
2566 583 2710 640 Deus
2740 584 2793 640 in
2831 587 3079 655 personis
3109 587 3344 645 Trinitas
3386 599 3486 660 est,
3534 604 3592 650 et

1995 673 2050 729 in
2075 690 2181 730 una
2208 683 2398 731 natura
2422 692 2558 735 unus
2586 686 2670 733 est
2696 687 2743 732 ε.
2772 676 2884 753 Per
2904 678 3047 736 hanc
3074 682 3334 738 unitatem
3360 692 3586 742 natura-

1993 761 2101 819 lem
2133 772 2281 821 totus
2308 764 2470 822 Pater
2518 767 2572 821 in
2610 766 2747 824 Filio
2786 776 2848 825 et
2893 768 3096 841 Spiritu
3145 785 3337 831 sancto
3383 785 3487 842 est,
3537 776 3592 836 et

1997 862 2145 911 totus
2174 855 2341 912 Filius
2374 857 2428 912 in
2458 857 2619 913 Patre
2647 867 2704 914 et
2731 858 2936 930 Spiritu
2965 870 3155 920 sancto
3201 874 3305 932 est,
3341 875 3594 940 totusque

1995 948 2230 1020 Spiritus
2257 958 2475 1007 sanctus
2502 951 2556 1006 in
2590 950 2750 1008 Patre
2796 959 2854 1008 et
2874 953 3012 1011 Filio
3046 966 3148 1012 est.
3182 957 3370 1014 Nullus
3398 960 3589 1018 horum

1995 1048 2150 1096 extra
2171 1042 2471 1112 quemlibet
2516 1042 2756 1113 ipsorum
2784 1053 2867 1101 est
2896 1045 2936 1119 (ι
2965 1045 3141 1115 Sent.,
3173 1048 3296 1105 dist.
3332 1050 3422 1121 19,
3471 1069 3587 1126 cap.

1995 1129 2066 1187 Et
2093 1131 2240 1203 inde)
2273 1151 2286 1186 :
2319 1133 2444 1204 quia
2474 1148 2634 1190 nemo
2658 1134 2821 1191 alium
2850 1144 2944 1193 aut
2971 1141 3229 1209 praecedit
3262 1144 3588 1216 aeternitate,

1997 1231 2093 1280 aut
2112 1225 2327 1281 excedit
2353 1227 2742 1297 magnitudine,
2766 1237 2860 1284 aut
2888 1239 3109 1301 superat
3132 1242 3423 1303 potestate.
3452 1236 3588 1304 Quia

1997 1332 2100 1373 nec
2141 1317 2281 1375 Filio
2312 1334 2412 1376 nec
2450 1318 2654 1391 Spiritu
2697 1330 2907 1390 sancto,
2958 1336 3219 1394 quantum
3268 1325 3339 1382 ad
3383 1339 3589 1387 natura:

1999 1411 2194 1468 divinae
2232 1414 2495 1469 unitatem
2525 1415 2780 1486 pertinet,
2812 1422 2907 1471 aut
2936 1418 3177 1475 anterior
3204 1417 3247 1487 ί,
3296 1430 3389 1477 aut
3414 1422 3589 1493 major

1998 1501 2163 1559 Pater
2187 1512 2272 1560 est
2301 1504 2550 1578 (Ibidem,
2579 1523 2699 1579 cap.
2743 1507 2902 1564 Nunc
2944 1511 3282 1582 postquam);
3323 1528 3428 1571 nec
3466 1514 3589 1574 Filii

1996 1601 2271 1657 aeternitas
2285 1609 2447 1671 atque
2468 1602 2820 1672 immensitas,
2842 1603 2992 1659 velut
3012 1605 3254 1662 anterior
3273 1614 3368 1663 aut
3391 1608 3583 1681 major,

1999 1693 2230 1764 Spiritus
2276 1695 2450 1750 sancti
2497 1696 2856 1751 :eternitatem
2910 1696 3439 1769 immensitatemque
3494 1710 3587 1757 aut

1998 1786 2304 1856 praecedere
2330 1795 2423 1842 aut
2441 1786 2706 1844 excedere
2728 1788 3041 1845 naturaliter
3061 1797 3260 1861 potest.
3283 1790 3437 1847 Sicut
3455 1807 3583 1863 ergo

296 1875 355 1956 et
380 1864 577 1922 Filium
608 1865 796 1933 Deum,
836 1874 892 1922 et
919 1866 1178 1938 Spiritum
1217 1876 1461 1924 sanctum
1492 1856 1680 1935 Deum,
1727 1866 1784 1922 id
1809 1875 1893 1925 est
1922 1868 1969 1929 B
1995 1892 2097 1933 nec
2124 1877 2291 1935 Filius
2320 1878 2592 1949 posterior
2611 1887 2705 1934 aut
2730 1879 2910 1936 minor
2931 1888 3014 1936 est
3040 1856 3221 1951 Patre,
3245 1883 3319 1938 ita
3342 1900 3445 1941 nec
3465 1856 3586 1956 spi-

295 1954 544 2016 Sanctam
572 1968 734 2030 atque
761 1959 1085 2017 inell'ahilem
1116 1960 1433 2016 Trinitatem
1463 1977 1627 2017 unum
1657 1976 1778 2018 esse
1796 1976 1893 2015 na-

296 2048 549 2108 turaliter
584 2050 773 2119 Deum,
824 2053 892 2109 de
937 2071 1046 2126 quo
1093 2055 1149 2109 in
1192 2055 1614 2112 Deuteronomio
1653 2055 1888 2111 dicitur:

294 2142 459 2211 Audi,
492 2132 701 2213 Israel,
726 2144 982 2201 Dominus
1010 2146 1155 2203 Deus
1178 2158 1291 2202 tuus
1322 2146 1461 2203 Deus
1492 2149 1584 2221 (al.
1616 2147 1891 2218 Dominus)

295 2232 431 2289 unus
461 2244 539 2289 est
570 2234 746 2307 (Deut.
777 2253 850 2306 vt,
873 2236 948 2309 4).
980 2237 1064 2303 Ει,
1088 2237 1365 2294 Dominum
1383 2241 1543 2312 502
1560 2238 1729 2295 Deum
1750 2250 1893 2294 tuum

296 2325 566 2391 adorabis,
600 2336 650 2381 et
694 2328 772 2382 illi
799 2329 899 2384 soli
926 2329 1328 2403 servies(1bid.,
1362 2330 1471 2402 15).
1507 2331 1891 2387 Verumtamen

292 2414 424 2487 quia
453 2419 614 2474 istum
640 2436 806 2476 unum
831 2421 1022 2487 Deum,
1067 2423 1158 2493 qui
1197 2422 1346 2478 solus
1373 2430 1457 2478 est
1483 2437 1642 2479 verus
1673 2429 1892 2477 natura-

294 2512 424 2591 liter
453 2511 625 2580 Deus,
654 2528 763 2569 non
794 2512 1009 2570 Patrem
1039 2515 1237 2583 solum,
1269 2530 1443 2584 neque
1470 2514 1662 2569 Filium
1692 2516 1890 2581 solum,

292 2617 473 2672 neque
499 2602 672 2660 solum
701 2604 958 2675 Spiritum
994 2613 1258 2670 sanctum,
1291 2605 1386 2659 sed
1406 2605 1567 2660 simul
1593 2603 1811 2660 Patrem
1831 2612 1888 2660 et

293 2693 496 2750 Filium
548 2703 605 2751 et
648 2694 908 2766 Spiritum
953 2704 1197 2752 sanctum
1239 2711 1361 2752 esse
1402 2695 1651 2761 diximus,
1695 2710 1890 2750 caven-

291 2786 425 2843 dum
454 2796 539 2844 est
559 2803 631 2843 ne
656 2788 797 2844 sicut
824 2787 1041 2844 Patrem
1070 2796 1125 2844 et
1154 2786 1347 2842 Filium
1391 2794 1447 2842 et
1475 2785 1732 2856 Spiritum
1761 2801 1890 2841 san-

291 2887 439 2936 ctum
464 2896 630 2936 unum
644 2879 814 2937 Deum
844 2896 985 2951 esse,
1001 2888 1261 2952 quantum
1285 2879 1353 2935 ad
1375 2880 1674 2935 naturalem
1696 2880 1891 2936 attinet

292 2972 560 3029 unitatem
586 2983 631 3038 ο,
659 2974 925 3030 veraciter
950 2973 1206 3040 dicimus,
1238 2974 1318 3028 sic
1336 2986 1461 3027 eum
1481 2972 1572 3043 qui
1602 2971 1764 3028 Pater
1782 2981 1886 3040 est,

289 3068 545 3124 eumdem
579 3068 663 3124 vel
692 3067 905 3133 Filium,
939 3068 1025 3123 vel
1052 3066 1312 3138 Spiritum
1341 3075 1620 3131 sanctum;
1649 3075 1743 3121 aut
1763 3081 1887 3122 eum

289 3160 384 3230 qui
415 3158 583 3215 Filius
628 3168 733 3228 est,
782 3159 896 3214 sive
918 3157 1153 3225 Patrem,
1184 3157 1299 3213 sive
1320 3156 1581 3227 Spiritum
1607 3164 1882 3224 sanctum;

1996 1968 2133 2024 ritus
2165 1975 2385 2024 sanctus
2429 1971 2702 2040 posterior
2742 1981 2835 2026 aut
2881 1971 3061 2027 minor
3089 1982 3172 2028 est
3213 1973 3370 2032 Filio.
3401 1976 3587 2034 Etet-

1994 2077 2125 2116 num
2152 2062 2352 2133 quippe
2379 2069 2435 2116 et
2462 2062 2581 2117 sine
2608 2062 2761 2118 initio
2790 2069 2893 2129 est,
2938 2062 3084 2134 quod
3110 2064 3277 2123 Filius
3305 2067 3375 2124 de
3410 2067 3587 2126 Patris

1996 2164 2187 2210 natura
2218 2162 2378 2210 natus
2420 2154 2630 2211 exstitit
2655 2165 2711 2219 κς
2762 2164 2818 2211 et
2861 2165 3125 2212 :eternum
3172 2173 3236 2215 ac
3284 2158 3403 2216 sine
3430 2161 3586 2219 initio

1995 2254 2099 2312 est,
2129 2246 2273 2317 quod
2300 2244 2536 2316 Spiritus
2577 2255 2797 2303 sanctus
2839 2247 2909 2304 de
2938 2257 3130 2306 natura
3156 2249 3331 2307 Patris
3358 2251 3588 2325 Filiitiuc

1994 2336 2259 2408 procedit.
2283 2334 2364 2392 Ob
2392 2337 2497 2393 hoc
2523 2349 2654 2406 ergo
2708 2345 2819 2394 tres
2860 2332 3031 2397 'unum
3055 2349 3207 2398 recte
3235 2343 3504 2401 credimus
3531 2353 3588 2403 et

1993 2428 2218 2483 dicimus
2263 2428 2454 2493 Deum,
2501 2428 2627 2496 quia
2666 2444 2772 2484 una
2818 2445 3042 2500 prorsus
3081 2432 3241 2505 503
3285 2437 3582 2505 mternitas,

1994 2512 2100 2573 una
2130 2518 2479 2585 immensitas,
2512 2534 2619 2574 una
2647 2519 2967 2577 naturaliter
2996 2522 3160 2578 trium
3201 2532 3286 2581 est
3325 2526 3580 2584 divinitas

1992 2625 2368 2682 personarum.

2066 2699 2119 2758 5.
2153 2700 2457 2757 Teneamus
2483 2702 2648 2771 igitur
2674 2703 2888 2760 Patrem
2927 2713 2982 2760 et
3010 2679 3201 2761 Filium
3242 2716 3300 2764 et
3323 2708 3584 2781 Spiritum

1992 2802 2238 2849 sanctum
2288 2809 2455 2849 unum
2497 2809 2617 2849 esse
2665 2796 2985 2853 naturaliter
3023 2797 3225 2867 Deum;
3270 2816 3446 2872 neque
3498 2813 3581 2860 ta-

1955 2935 1959 2940 .
1992 2900 2117 2940 men
2149 2885 2322 2957 ipsum
2352 2886 2569 2942 Patrem
2598 2901 2720 2942 esse
2744 2889 2836 2957 qui
2861 2888 3030 2946 Filius
3049 2898 3152 2959 est,
3183 2906 3358 2962 neque
3386 2894 3581 2953 Filium

1994 2978 2167 3048 ipsum
2214 2991 2334 3032 esse
2381 2978 2471 3048 qui
2522 2977 2682 3033 Pater
2723 2986 2827 3045 est,
2884 2995 2987 3036 nec
3027 2980 3288 3052 Spiritum
3333 2995 3583 3044 sanctum

1992 3067 2168 3138 ipsum
2195 3084 2315 3124 esse
2343 3070 2436 3139 qui
2463 3068 2627 3126 Pater
2669 3079 2763 3125 aut
2789 3070 2954 3127 Filius
2975 3080 3059 3128 est
3085 3073 3126 3145 (r
3155 3074 3330 3149 δοκι..
3371 3078 3493 3133 dist.
3524 3076 3580 3145 2,

1990 3179 2107 3231 cap.
2138 3161 2336 3217 Omnes
2365 3162 2553 3218 autem
2586 3163 2882 3236 catholici).
2938 3163 3054 3221 Una
3100 3169 3244 3223 enim
3283 3178 3370 3225 est
3409 3169 3585 3232 Patris

292 3263 389 3309 ant
416 3271 541 3312 eum
586 3255 679 3325 qui
708 3253 942 3325 Spiritus
969 3260 1190 3309 sanctus
1216 3250 1437 3323 proprie
1465 3251 1519 3305 in
1548 3250 1889 3308 confessione
1915 3251 1962 3315 C
1992 3261 2055 3308 et"
2078 3252 2201 3308 Filii
2223 3259 2280 3308 et
2291 3252 2523 3324 Spiritus
2544 3254 2719 3311 sancti
2746 3255 3001 3322 essentia,
3027 3272 3190 3328 quam
3207 3256 3382 3316 Graeci
3404 3263 3585 3319 οὐσίαν

290 3347 457 3417 hujus
484 3346 759 3403 Trinitatis
789 3347 983 3404 dicitur
1027 3346 1114 3402 vel
1167 3344 1380 3401 Patrem
1411 3344 1497 3401 vel
1536 3343 1729 3401 Filium
1760 3360 1884 3416 per-

286 3430 555 3494 sonaliter
575 3438 757 3494 dicere
782 3437 898 3496 sive
922 3437 1163 3503 credere,
1195 3435 1337 3508 quod
1363 3435 1586 3492 omnino
1608 3435 1758 3493 nefas
1779 3443 1883 3503 est,

288 3528 606 3585 audeamus.
1614 3536 1615 3539 “

358 3618 413 3675 4.
455 3620 616 3677 Fides
645 3622 787 3677 enim
814 3635 974 3690 quam
1016 3617 1187 3675 sancti
1224 3617 1546 3688 patriarchae
1569 3626 1734 3688 atque
1760 3631 1889 3688 pro-

288 3714 471 3784 pheta:
516 3722 643 3770 ante
691 3714 1115 3770 incarnationem
1156 3711 1277 3767 Filii
1301 3711 1396 3767 Dei
1437 3711 1692 3767 divinitus
1722 3727 1882 3767 acce-

288 3812 507 3873 perunt,
542 3819 701 3873 quam
746 3805 907 3859 etiam
938 3803 1110 3859 sancti
1155 3801 1384 3873 apostoli
1414 3801 1481 3856 ab
1508 3801 1626 3871 ipso
1653 3801 1881 3857 Domino

289 3900 341 3952 in
381 3914 549 3954 carne
578 3899 756 3970 posito
787 3897 1088 3960 audierunt,
1131 3904 1203 3959 et,
1238 3894 1467 3965 Spiritus
1508 3894 1681 3948 sancti
1714 3893 1882 3962 magi-

286 3993 455 4049 sterio
488 3992 757 4056 instructi,
804 4008 908 4043 mm
940 3991 1112 4045 solum
1140 4003 1391 4044 sermone
1439 3986 1882 4056 praedicaverunt,

285 4102 476 4142 verum
504 4085 670 4140 etiam
702 4084 765 4138 ad
796 4081 1202 4138 instructionem
1246 4079 1657 4158 saluberrimam
1700 4089 1883 4148 poste-

281 4194 470 4236 rorum
499 4178 715 4247 scriptis
745 4176 856 4230 suis
885 4175 1106 4229 inditam
1139 4173 1490 4241 reliquerunt,
1524 4183 1688 4225 unum
1711 4169 1885 4226 Deum

280 4268 545 4341 pmdicat
574 4258 912 4332 Trinitatem,
947 4265 996 4319 id
1027 4273 1111 4319 est
1140 4263 1353 4317 Patrem
1377 4271 1432 4315 et
1461 4260 1653 4316 Filium
1683 4270 1739 4315 et
1765 4258 1887 4331 Spi-

278 4361 446 4416 ritum
474 4367 741 4414 sanctum.
775 4354 882 4411 Sed
912 4354 1147 4409 Trinitas
1185 4367 1313 4408 vera
1343 4366 1454 4408 non
1497 4359 1658 4418 esset,
1703 4351 1750 4406 si
1777 4365 1885 4406 una

278 4452 585 4519 eademque
621 4462 854 4519 persona
886 4447 1156 4503 diceretur
1181 4443 1342 4500 Pater
1362 4451 1417 4500 et
1443 4442 1610 4499 Filius
1637 4452 1694 4498 et
1719 4441 1888 4514 Spiri-

279 4551 371 4598 tus
397 4548 641 4597 sanctus.
681 4540 742 4595 Si
770 4539 914 4595 enim
939 4538 1081 4595 sicut
1123 4545 1208 4593 est
1236 4535 1416 4592 Patris
1445 4546 1501 4592 et
1524 4536 1645 4591 Filii
1674 4544 1732 4592 et
1759 4535 1884 4607 Spi-

274 4633 420 4690 ritus
447 4632 623 4688 sancti
653 4645 757 4687 una
804 4629 1123 4693 substantia,
1179 4628 1259 4685 sic
1286 4633 1433 4684 esset
1476 4642 1582 4682 una
1628 4642 1885 4697 persona,

276 4726 425 4785 nihil
468 4726 691 4782 omnino
721 4734 865 4782 esset
891 4723 946 4778 in
988 4737 1096 4792 quo
1123 4721 1387 4777 veraciter
1414 4719 1648 4776 Trinitas
1676 4719 1885 4777 dicere-

282 4831 395 4876 tur.
432 4820 641 4875 Rursus
670 4817 907 4874 Trinitas
948 4816 1165 4887 quidem
1204 4830 1333 4871 vera
1362 4821 1509 4870 esset
1535 4810 1585 4878 δ,
1625 4813 1722 4869 sed
1747 4829 1885 4871 unus

271 4906 429 4968 Deus
458 4909 693 4966 Trinitas
721 4910 835 4980 ipsa
858 4925 966 4964 non
987 4915 1153 4974 esset,
1184 4906 1229 4962 si
1252 4904 1703 4977 quemadmodum
1723 4904 1885 4962 Pater

269 5013 335 5060 et
363 5004 535 5059 Filius
563 5012 620 5060 et
637 5002 868 5075 Spiritus
895 5009 1114 5058 sanctus
1153 5014 1506 5071 personarum
1532 5007 1661 5055 sunt
1699 4999 1769 5055 ab
1798 5000 1881 5055 in-

267 5096 459 5152 vicem
489 5093 823 5166 proprietate
869 5091 1135 5155 distincti,
1183 5091 1261 5147 sic
1311 5089 1537 5147 fuissent
1566 5098 1880 5147 naturarum

266 5203 507 5259 quoque
529 5187 844 5244 diversitate
867 5185 1106 5241 discreti.
1133 5182 1239 5240 Sed
1261 5183 1389 5253 quia
1418 5183 1471 5237 in
1497 5182 1591 5239 illo
1618 5199 1727 5239 uno
1747 5197 1880 5240 vero

268 5277 397 5335 Deo
427 5276 714 5344 Trinitate,
762 5291 872 5333 non
915 5275 1088 5333 solum
1119 5273 1263 5345 quod
1301 5288 1440 5329 unus
1468 5272 1609 5330 Deus
1636 5282 1739 5341 est,
1783 5273 1880 5331 sed

358 5513 386 5543 ⁸
412 5502 515 5561 Ms.
548 5517 686 5561 unus
710 5501 862 5559 addit
887 5510 937 5557 et
957 5502 1233 5557 increduli.

359 5574 387 5615 δ
415 5573 544 5631 Mss.
573 5575 701 5640 duo,
732 5575 789 5629 in
818 5574 1027 5630 nomine
1050 5571 1250 5642 Patris,
1283 5580 1388 5629 etc.

363 5657 386 5686 ε
414 5645 514 5702 Ms.
545 5644 749 5710 Corb.,'
763 5647 1045 5699 veritatem.

357 5715 385 5754 ἀ
414 5716 541 5773 Mss.
572 5717 678 5773 duo
706 5716 863 5771 aliter
893 5716 1009 5771 haec
1038 5715 1257 5779 habent,
1279 5713 1477 5770 Rursus
1509 5746 1527 5768 ι
1550 5717 1735 5767 rmttas
1760 5728 1881 5768 vera

263 5806 396 5846 non
420 5797 574 5854 esset,
606 5790 649 5842 si
689 5803 820 5842 unus
844 5786 989 5841 Deus
1020 5784 1245 5841 Trinitas
1273 5786 1389 5854 ipsa
1430 5801 1532 5839 non
1574 5794 1745 5851 esset;
1790 5784 1881 5838 sed

265 5858 763 5985 Zuemadtizodum,
811 5866 910 5915 etc.
973 5855 1120 5914 linus
1167 5872 1234 5914 cx
1287 5855 1392 5925 his,
1445 5863 1501 5910 ut
1544 5855 1880 5927 quemadmo-

318 5946 441 5985 τμη.
474 5946 504 5985 e
567 5970 580 5985 .

318 5946 441 5994 mn,
474 5938 580 5988 etc.

1990 3349 2207 3408 vocant,
2234 3343 2288 3397 in
2316 3357 2424 3412 qua
2455 3359 2563 3399 non
2585 3338 2669 3401 est
2695 3345 2839 3400 aliud
2868 3344 3048 3412 Pater,
3077 3357 3134 3403 et
3154 3349 3299 3405 aliud
3322 3350 3508 3423 Filius,
3530 3362 3586 3411 ct

1989 3435 2135 3491 aliud
2163 3434 2397 3507 Spiritus
2424 3444 2666 3506 sanctus,
2694 3439 2941 3507 quamvis
2968 3442 3325 3511 personaliter
3351 3444 3422 3499 sit
3446 3445 3584 3503 alius

1990 3526 2169 3594 Pater,
2201 3529 2339 3585 alius
2362 3528 2549 3594 Filius,
2575 3531 2712 3586 alius
2724 3530 2958 3602 Spiritus
2979 3543 3217 3590 sanctus.
3244 3537 3398 3603 Quod
3426 3540 3581 3598 nobis

1988 3621 2223 3676 maxime
2249 3622 2305 3677 in
2334 3622 2453 3693 ipso
2478 3630 2787 3679 sanctarum
2815 3622 3214 3695 Scripturarum
3243 3628 3582 3687 demonstra—

1987 3716 2077 3765 tur
2119 3710 2295 3778 initio,
2342 3711 2436 3768 ubi
2481 3712 2624 3768 Deus
2667 3712 2843 3768 dicit:
2878 3713 3160 3772 Faciamus
3207 3719 3477 3775 hominem-
3510 3726 3582 3777 ad

1989 3796 2265 3873 imaginem
2313 3814 2361 3858 et
2412 3804 2799 3860 similitudinem
2838 3816 3073 3862 nostram
3120 3807 3329 3879 (Gentes.
3378 3830 3412 3875 ι,
3464 3814 3574 3877 26).

1988 3889 2121 3948 Cum
2152 3894 2295 3949 enim
2325 3893 2579 3964 singulari
2606 3911 2834 3951 numero
2865 3897 2994 3952 dicit
3022 3900 3320 3970 imaginem,
3345 3880 3580 3959 ostendit

1989 4000 2149 4040 unam
2173 3995 2419 4041 naturam
2449 4002 2588 4049 esse,
2615 3988 2680 4041 ad
2706 3986 2859 4057 cujus
2888 3990 3174 4057 imaginem
3207 3992 3369 4047 homo
3400 3993 3574 4051 ﬁeret.

1989 4076 2122 4130 (lum
2150 4091 2278 4132 vero
2308 4076 2437 4133 dicit
2456 4078 2755 4148 pluraliter,
2784 4090 3033 4147 nostram,
3064 4083 3299 4138 ostendit
3322 4086 3572 4143 eumdem

1988 4162 2187 4233 Deum,
2208 4166 2274 4222 ad
2314 4167 2468 4237 cujus
2515 4170 2801 4238 imaginem
2832 4172 2994 4225 homo
3040 4172 3223 4238 liebat,
3274 4190 3382 4230 non
3415 4193 3573 4231 unam

1990 4274 2111 4315 esse
2140 4274 2447 4330 personam.
2499 4261 2556 4313 Si
2598 4263 2739 4316 enim
2782 4262 2835 4316 in
2869 4262 2954 4317 illa
2984 4279 3086 4318 una
3131 4272 3319 4321 natura
3355 4266 3377 4303 ιι
3411 4269 3581 4326 Patris

1990 4361 2045 4408 et
2073 4351 2192 4407 Filii
2221 4359 2276 4407 et
2305 4351 2540 4424 Spiritus
2559 4355 2729 4409 sancti
2762 4370 2864 4410 una
2891 4366 3037 4412 esset
3075 4372 3326 4428 persona,
3358 4360 3474 4416 ‘n'oi.
3499 4361 3581 4416 di-

1971 4452 2225 4512 ceretur,
2274 4444 2343 4499 ad
2382 4445 2661 4517 imaginem
2692 4455 2956 4514 nostram,
3007 4446 3134 4514 sed,
3182 4448 3251 4504 ad
3291 4450 3580 4519 imaginem

1988 4549 2195 4601 meam;
2242 4550 2344 4590 nec
2374 4535 2598 4592 dixisset
2626 4530 2902 4607 ﬁniamus,
2951 4536 3066 4603 sed,
3116 4535 3333 4593 faciam.
3364 4536 3422 4593 Si
3453 4555 3580 4596 vero

1918 4637 1967 4697 υ
1992 4622 2048 4676 in
2072 4623 2177 4679 illis
2205 4623 2376 4678 tribus
2410 4624 2658 4693 personis
2706 4632 2817 4681 tres
2861 4632 3042 4680 essent
3088 4625 3448 4696 intelligenda:
3492 4629 3580 4685 vel

1991 4712 2275 4770 credendte
2313 4713 2642 4780 substantiae,
2692 4730 2800 4770 non
2850 4715 3144 4781 dit-eretur,
3189 4718 3262 4772 ad
3301 4719 3580 4791 imaginem

1992 4816 2243 4874 nostram,
2275 4806 2394 4875 sed,
2423 4806 2490 4862 ad
2521 4807 2781 4877 imagines
2810 4817 3025 4865 nostras
3054 4829 3066 4863 :
3097 4826 3200 4865 una
3229 4812 3374 4867 enim
3402 4812 3580 4882 imago

1992 4896 2505 4967 trium,naturarum
2552 4897 2893 4968 intequalium
2925 4914 3046 4955 esse
3083 4915 3193 4956 non
3237 4909 3441 4972 posset.
3473 4902 3582 4960 Sed

1991 4987 2120 5042 dum
2144 4987 2211 5043 ad
2239 5002 2402 5043 unam
2427 4987 2713 5058 imaginem
2739 4989 2899 5045 unius
2929 4990 3023 5047 Dei
3063 4990 3230 5049 homo
3252 4992 3427 5052 factus
3449 4994 3582 5052 dici-

1995 5089 2099 5148 tur,
2131 5097 2237 5137 una
2266 5090 2465 5139 sanctae
2489 5081 2772 5139 Trinitatis
2797 5084 3160 5142 essentialiter
3178 5086 3431 5144 divinitas
3452 5089 3581 5144 inti-

1984 5186 2181 5234 matur.
2231 5177 2436 5234 Deinde
2483 5178 2580 5251 (al.
2604 5178 2870 5251 Denique)
2901 5188 2958 5236 et
2998 5181 3161 5252 paulo
3202 5191 3327 5253 post
3373 5198 3473 5253 pro
3512 5196 3578 5238 eo

1982 5271 2127 5342 quod
2156 5270 2299 5327 Deus
2324 5272 2572 5343 superius
2612 5271 2823 5328 dixerat
2856 5291 2868 5327 :
2904 5272 3187 5329 Faciamus
3216 5276 3474 5330 hominem
3514 5274 3583 5327 ad

2066 5508 2088 5534 ί·
2121 5497 2220 5552 Ms.
2252 5494 2447 5563 (3011).,
2484 5494 2713 5549 Trinitas
2743 5504 2839 5563 est,
2863 5498 2918 5550 in
2950 5506 3141 5551 natura
3161 5514 3292 5553 unus
3322 5509 3416 5553 est.

2070 5566 2088 5605 ί
2118 5568 2214 5624 Ms.
2247 5566 2419 5639 Vajic.
2442 5580 2613 5639 (unus,
2638 5563 2798 5618 Haud
2827 5568 2959 5620 (nim
2982 5568 3157 5639 major,
3182 5578 3259 5623 est
3274 5568 3456 5633 Pater,
3489 5587 3583 5626 uec

1993 5639 2153 5707 Filio,
2185 5655 2277 5693 nec
2303 5637 2505 5706 Spiritu
2535 5644 2736 5698 sancto,
2786 5647 3035 5708 quantum
3064 5637 3132 5692 ad
3168 5649 3368 5694 natura:
3392 5640 3583 5698 divina:

1990 5712 2248 5765 unitatem
2261 5710 2500 5779 pertinet,
2531 5715 2619 5779 aut
2645 5710 2896 5779 anterior.

2066 5792 2088 5828 ιτς
2117 5780 2243 5835 Mss.
2261 5776 2389 5850 sex,
2441 5786 2497 5832 et
2538 5776 2788 5850 Magister
2820 5794 2835 5831 1
2865 5777 3017 5834 Sent.
3058 5780 3185 5839 dist.
3228 5782 3313 5850 19,
3362 5784 3579 5840 exstitit.

1993 5850 2153 5913 Editi,
2182 5858 2237 5905 et
2263 5848 2414 5916 Augl.
2449 5863 2576 5912 lllS.,
2608 5848 2801 5902 existit.

2065 5921 2093 5959 δ
2124 5919 2221 5977 Ms.
2251 5918 2441 5991 Corb.,
2473 5918 2527 5997 in
2558 5918 2652 5974 illa
2678 5934 2785 5973 una
2810 5922 3053 5979 essentia.
