  <div class='ocr_page' id='page_1' title='image "/cluster/home/n/w/nwhite01/storage/ocr_20150623/65/hvd.32044054128558/343.png"; bbox 0 0 4064 6358; ppageno 0'>
   <div class='ocr_carea' id='block_1_1' title="bbox 494 327 598 388">
    <p class='ocr_par' dir='ltr' id='par_1_1' title="bbox 494 327 598 388">
     <span class='ocr_line' id='line_1_1' title="bbox 494 327 598 388; baseline -0.048 0"><span class='ocrx_word' id='word_1_1' title='bbox 494 327 598 388; x_wconf 73' lang='lat'><strong>073</strong></span> 
     </span>
    </p>
   </div>
   <div class='ocr_carea' id='block_1_2' title="bbox 1521 304 2746 370">
    <p class='ocr_par' dir='ltr' id='par_1_2' title="bbox 1521 304 2746 370">
     <span class='ocr_line' id='line_1_2' title="bbox 1521 304 2746 370; baseline -0.005 0"><span class='ocrx_word' id='word_1_2' title='bbox 1521 313 1579 370; x_wconf 94' lang='lat' dir='ltr'><strong>S.</strong></span> <span class='ocrx_word' id='word_1_3' title='bbox 1620 309 1983 369; x_wconf 82' lang='lat' dir='ltr'><strong>FULGENTll</strong></span> <span class='ocrx_word' id='word_1_4' title='bbox 2026 306 2328 367; x_wconf 77' lang='lat' dir='ltr'><strong>EPISCOPI</strong></span> <span class='ocrx_word' id='word_1_5' title='bbox 2371 304 2746 364; x_wconf 82' lang='lat' dir='ltr'><strong>RUSPENSIS</strong></span> 
     </span>
    </p>
   </div>
   <div class='ocr_carea' id='block_1_3' title="bbox 3671 301 3776 358">
    <p class='ocr_par' dir='ltr' id='par_1_3' title="bbox 3671 301 3776 358">
     <span class='ocr_line' id='line_1_3' title="bbox 3671 301 3776 358; baseline 0.029 -3"><span class='ocrx_word' id='word_1_6' title='bbox 3671 301 3776 358; x_wconf 77' lang='lat' dir='ltr'><strong>67b</strong></span> 
     </span>
    </p>
   </div>
   <div class='ocr_carea' id='block_1_4' title="bbox 495 399 3780 519">
    <p class='ocr_par' dir='ltr' id='par_1_4' title="bbox 495 399 3780 519">
     <span class='ocr_line' id='line_1_4' title="bbox 495 399 3780 519; baseline -0.01 -15"><span class='ocrx_word' id='word_1_7' title='bbox 495 447 774 519; x_wconf 75' lang='lat' dir='ltr'><strong>imaginem</strong></span> <span class='ocrx_word' id='word_1_8' title='bbox 802 449 850 498; x_wconf 88' lang='lat' dir='ltr'><strong>et</strong></span> <span class='ocrx_word' id='word_1_9' title='bbox 877 437 1263 498; x_wconf 65' lang='lat' dir='ltr'><strong>similitudine»:</strong></span> <span class='ocrx_word' id='word_1_10' title='bbox 1292 441 1546 498; x_wconf 80' lang='lat' dir='ltr'><strong>nostram,</strong></span> <span class='ocrx_word' id='word_1_11' title='bbox 1591 429 1670 485; x_wconf 90' lang='lat' dir='ltr'><strong>sic</strong></span> <span class='ocrx_word' id='word_1_12' title='bbox 1697 428 1972 484; x_wconf 87' lang='lat' dir='ltr'><strong>hominem</strong></span> <span class='ocrx_word' id='word_1_13' title='bbox 1994 427 2076 481; x_wconf 82' lang='lat' dir='ltr'><strong>fa—</strong></span> <span class='ocrx_word' id='word_1_14' title='bbox 2104 431 2157 491; x_wconf 74' lang='grc' dir='ltr'><strong>Α</strong></span> <span class='ocrx_word' id='word_1_15' title='bbox 2183 427 2350 519; x_wconf 79' lang='lat' dir='ltr'><strong>ipsum</strong></span> <span class='ocrx_word' id='word_1_16' title='bbox 2381 423 2568 519; x_wconf 46' lang='lat' dir='ltr'><strong>(Ibid,</strong></span> <span class='ocrx_word' id='word_1_17' title='bbox 2602 421 2714 493; x_wconf 79' lang='lat' dir='ltr'><strong>i7).</strong></span> <span class='ocrx_word' id='word_1_18' title='bbox 2882 421 3082 519; x_wconf 76' lang='lat' dir='ltr'><strong>beatus</strong></span> <span class='ocrx_word' id='word_1_19' title='bbox 3117 419 3346 519; x_wconf 72' lang='lat' dir='ltr'><strong>dixisset</strong></span> <span class='ocrx_word' id='word_1_20' title='bbox 3371 399 3648 476; x_wconf 67' lang='lat' dir='ltr'><strong>Joannes:</strong></span> <span class='ocrx_word' id='word_1_21' title='bbox 3676 417 3780 482; x_wconf 85' lang='lat' dir='ltr'><strong>Qui</strong></span> 
     </span>
    </p>
   </div>
   <div class='ocr_carea' id='block_1_5' title="bbox 498 519 2080 606">
    <p class='ocr_par' dir='ltr' id='par_1_5' title="bbox 498 519 2080 606">
     <span class='ocr_line' id='line_1_5' title="bbox 498 519 2080 606; baseline -0.013 -12"><span class='ocrx_word' id='word_1_22' title='bbox 498 548 645 595; x_wconf 89' lang='lat' dir='ltr'><strong>ctum</strong></span> <span class='ocrx_word' id='word_1_23' title='bbox 671 536 943 606; x_wconf 76' lang='lat' dir='ltr'><strong>Scriptura</strong></span> <span class='ocrx_word' id='word_1_24' title='bbox 993 529 1250 594; x_wconf 87' lang='lat' dir='ltr'><strong>narravit,</strong></span> <span class='ocrx_word' id='word_1_25' title='bbox 1300 533 1359 579; x_wconf 90' lang='lat' dir='ltr'><strong>ut</strong></span> <span class='ocrx_word' id='word_1_26' title='bbox 1403 524 1652 578; x_wconf 81' lang='lat' dir='ltr'><strong>diceret:</strong></span> <span class='ocrx_word' id='word_1_27' title='bbox 1687 519 1754 573; x_wconf 81' lang='lat' dir='ltr'><strong>Et</strong></span> <span class='ocrx_word' id='word_1_28' title='bbox 1797 522 1916 591; x_wconf 80' lang='lat' dir='ltr'><strong>fecit</strong></span> <span class='ocrx_word' id='word_1_29' title='bbox 1939 519 2080 574; x_wconf 87' lang='lat' dir='ltr'><strong>Deus</strong></span> 
     </span>
    </p>
   </div>
   <div class='ocr_carea' id='block_1_6' title="bbox 502 609 2076 690">
    <p class='ocr_par' dir='ltr' id='par_1_6' title="bbox 502 609 2076 690">
     <span class='ocr_line' id='line_1_6' title="bbox 502 609 2076 690; baseline -0.013 -7"><span class='ocrx_word' id='word_1_30' title='bbox 502 629 758 682; x_wconf 79' lang='lat' dir='ltr'><strong>hominem</strong></span> <span class='ocrx_word' id='word_1_31' title='bbox 785 636 806 678; x_wconf 66' lang='grc' dir='ltr'><em>ξ</em></span> <span class='ocrx_word' id='word_1_32' title='bbox 831 623 898 676; x_wconf 82' lang='lat' dir='ltr'><strong>ad</strong></span> <span class='ocrx_word' id='word_1_33' title='bbox 924 615 1332 690; x_wconf 81' lang='lat' dir='ltr'><strong>imaginemDei</strong></span> <span class='ocrx_word' id='word_1_34' title='bbox 1361 615 1480 685; x_wconf 78' lang='lat' dir='ltr'><strong>fecit</strong></span> <span class='ocrx_word' id='word_1_35' title='bbox 1508 629 1622 667; x_wconf 85' lang='lat' dir='ltr'><strong>eum</strong></span> <span class='ocrx_word' id='word_1_36' title='bbox 1651 609 1864 680; x_wconf 81' lang='lat' dir='ltr'><strong>(Cenes.</strong></span> <span class='ocrx_word' id='word_1_37' title='bbox 1891 627 1928 676; x_wconf 85' lang='grc' dir='ltr'><strong>ι,</strong></span> <span class='ocrx_word' id='word_1_38' title='bbox 1961 610 2076 679; x_wconf 76' lang='grc'>27).</span> 
     </span>
    </p>
   </div>
   <div class='ocr_carea' id='block_1_7' title="bbox 570 703 2081 778">
    <p class='ocr_par' dir='ltr' id='par_1_7' title="bbox 570 703 2081 778">
     <span class='ocr_line' id='line_1_7' title="bbox 570 703 2081 778; baseline -0.013 -4"><span class='ocrx_word' id='word_1_39' title='bbox 570 722 621 774; x_wconf 85' lang='grc'><strong>6.</strong></span> <span class='ocrx_word' id='word_1_40' title='bbox 656 719 805 773; x_wconf 85' lang='lat' dir='ltr'><strong>Hanc</strong></span> <span class='ocrx_word' id='word_1_41' title='bbox 856 714 1171 768; x_wconf 74' lang='lat' dir='ltr'><strong>Trinitatem</strong></span> <span class='ocrx_word' id='word_1_42' title='bbox 1212 721 1564 778; x_wconf 83' lang='lat' dir='ltr'><strong>personarum</strong></span> <span class='ocrx_word' id='word_1_43' title='bbox 1611 713 1776 774; x_wconf 90' lang='lat' dir='ltr'><strong>atque</strong></span> <span class='ocrx_word' id='word_1_44' title='bbox 1819 703 2081 757; x_wconf 89' lang='lat' dir='ltr'><strong>unitatem</strong></span> 
     </span>
    </p>
   </div>
   <div class='ocr_carea' id='block_1_8' title="bbox 501 796 2083 880">
    <p class='ocr_par' dir='ltr' id='par_1_8' title="bbox 501 796 2083 880">
     <span class='ocr_line' id='line_1_8' title="bbox 501 796 2083 880; baseline -0.014 -9"><span class='ocrx_word' id='word_1_45' title='bbox 501 823 706 873; x_wconf 59' lang='lat' dir='ltr'><strong>natura)</strong></span> <span class='ocrx_word' id='word_1_46' title='bbox 734 807 998 880; x_wconf 77' lang='lat' dir='ltr'><strong>propheta</strong></span> <span class='ocrx_word' id='word_1_47' title='bbox 1038 803 1202 858; x_wconf 83' lang='lat' dir='ltr'><strong>Isaias</strong></span> <span class='ocrx_word' id='word_1_48' title='bbox 1242 800 1536 856; x_wconf 78' lang='lat' dir='ltr'><strong>revelatam</strong></span> <span class='ocrx_word' id='word_1_49' title='bbox 1567 813 1688 854; x_wconf 89' lang='lat' dir='ltr'><strong>esse</strong></span> <span class='ocrx_word' id='word_1_50' title='bbox 1715 796 1818 852; x_wconf 90' lang='lat' dir='ltr'><strong>sibi</strong></span> <span class='ocrx_word' id='word_1_51' title='bbox 1859 812 1966 851; x_wconf 90' lang='lat' dir='ltr'><strong>non</strong></span> <span class='ocrx_word' id='word_1_52' title='bbox 2000 803 2083 850; x_wconf 87' lang='lat' dir='ltr'><strong>ta-</strong></span> 
     </span>
    </p>
   </div>
   <div class='ocr_carea' id='block_1_9' title="bbox 499 887 2084 967">
    <p class='ocr_par' dir='ltr' id='par_1_9' title="bbox 499 887 2084 967">
     <span class='ocr_line' id='line_1_9' title="bbox 499 887 2084 967; baseline -0.012 -7"><span class='ocrx_word' id='word_1_53' title='bbox 499 907 611 961; x_wconf 92' lang='lat' dir='ltr'><strong>cuit</strong></span> <span class='ocrx_word' id='word_1_54' title='bbox 637 915 681 967; x_wconf 73' lang='grc'><em>’,</em></span> <span class='ocrx_word' id='word_1_55' title='bbox 707 915 827 955; x_wconf 83' lang='lat' dir='ltr'><strong>cum</strong></span> <span class='ocrx_word' id='word_1_56' title='bbox 849 914 909 954; x_wconf 92' lang='lat' dir='ltr'><strong>se</strong></span> <span class='ocrx_word' id='word_1_57' title='bbox 929 897 1057 952; x_wconf 90' lang='lat' dir='ltr'><strong>dicit</strong></span> <span class='ocrx_word' id='word_1_58' title='bbox 1085 893 1351 964; x_wconf 85' lang='lat' dir='ltr'><strong>Seraphin</strong></span> <span class='ocrx_word' id='word_1_59' title='bbox 1368 892 1566 946; x_wconf 82' lang='lat' dir='ltr'><strong>vidisse</strong></span> <span class='ocrx_word' id='word_1_60' title='bbox 1595 889 1880 945; x_wconf 72' lang='lat' dir='ltr'><strong>clamantia</strong></span> <span class='ocrx_word' id='word_1_61' title='bbox 1909 907 1922 942; x_wconf 89' lang='lat'>:</span> <span class='ocrx_word' id='word_1_62' title='bbox 1950 887 2084 943; x_wconf 91' lang='lat' dir='ltr'><strong>San-</strong></span> 
     </span>
    </p>
   </div>
   <div class='ocr_carea' id='block_1_10' title="bbox 500 979 2079 1059">
    <p class='ocr_par' dir='ltr' id='par_1_10' title="bbox 500 979 2079 1059">
     <span class='ocr_line' id='line_1_10' title="bbox 500 979 2079 1059; baseline -0.01 -10"><span class='ocrx_word' id='word_1_63' title='bbox 500 1005 629 1059; x_wconf 86' lang='lat' dir='ltr'><strong>ctus,</strong></span> <span class='ocrx_word' id='word_1_64' title='bbox 661 999 885 1054; x_wconf 81' lang='lat' dir='ltr'><strong>sanctus,</strong></span> <span class='ocrx_word' id='word_1_65' title='bbox 915 997 1125 1043; x_wconf 79' lang='lat' dir='ltr'><strong>sanctus</strong></span> <span class='ocrx_word' id='word_1_66' title='bbox 1155 985 1410 1040; x_wconf 85' lang='lat' dir='ltr'><strong>Dominus</strong></span> <span class='ocrx_word' id='word_1_67' title='bbox 1440 983 1580 1038; x_wconf 83' lang='lat' dir='ltr'><strong>Deus</strong></span> <span class='ocrx_word' id='word_1_68' title='bbox 1611 981 1826 1036; x_wconf 75' lang='lat' dir='ltr'><strong>sabaotlt</strong></span> <span class='ocrx_word' id='word_1_69' title='bbox 1851 979 2079 1052; x_wconf 80' lang='lat' dir='ltr'><strong>(Isa.v1,</strong></span> 
     </span>
    </p>
   </div>
   <div class='ocr_carea' id='block_1_11' title="bbox 499 1073 2084 1158">
    <p class='ocr_par' dir='ltr' id='par_1_11' title="bbox 499 1073 2084 1158">
     <span class='ocr_line' id='line_1_11' title="bbox 499 1073 2084 1158; baseline -0.011 -17"><span class='ocrx_word' id='word_1_70' title='bbox 499 1087 575 1158; x_wconf 75' lang='lat'><strong>3).</strong></span> <span class='ocrx_word' id='word_1_71' title='bbox 631 1084 731 1140; x_wconf 87' lang='lat' dir='ltr'><strong>Ubi</strong></span> <span class='ocrx_word' id='word_1_72' title='bbox 778 1097 999 1154; x_wconf 85' lang='lat' dir='ltr'><strong>prorsus</strong></span> <span class='ocrx_word' id='word_1_73' title='bbox 1035 1083 1093 1135; x_wconf 88' lang='lat' dir='ltr'><strong>in</strong></span> <span class='ocrx_word' id='word_1_74' title='bbox 1139 1094 1206 1134; x_wconf 91' lang='lat' dir='ltr'><strong>eo</strong></span> <span class='ocrx_word' id='word_1_75' title='bbox 1245 1077 1389 1149; x_wconf 88' lang='lat' dir='ltr'><strong>quod</strong></span> <span class='ocrx_word' id='word_1_76' title='bbox 1417 1077 1612 1131; x_wconf 89' lang='lat' dir='ltr'><strong>dicitur</strong></span> <span class='ocrx_word' id='word_1_77' title='bbox 1640 1075 1800 1130; x_wconf 89' lang='lat' dir='ltr'><strong>tertio</strong></span> <span class='ocrx_word' id='word_1_78' title='bbox 1832 1073 2084 1140; x_wconf 77' lang='lat' dir='ltr'><strong>Sanctus,</strong></span> 
     </span>
    </p>
   </div>
   <div class='ocr_carea' id='block_1_12' title="bbox 499 1163 2082 1246">
    <p class='ocr_par' dir='ltr' id='par_1_12' title="bbox 499 1163 2082 1246">
     <span class='ocr_line' id='line_1_12' title="bbox 499 1163 2082 1246; baseline -0.008 -16"><span class='ocrx_word' id='word_1_79' title='bbox 499 1189 850 1246; x_wconf 86' lang='lat' dir='ltr'><strong>personarum</strong></span> <span class='ocrx_word' id='word_1_80' title='bbox 881 1171 1231 1235; x_wconf 69' lang='lat' dir='ltr'><strong>Trinitatem;</strong></span> <span class='ocrx_word' id='word_1_81' title='bbox 1263 1169 1317 1222; x_wconf 91' lang='lat' dir='ltr'><strong>in</strong></span> <span class='ocrx_word' id='word_1_82' title='bbox 1348 1182 1414 1222; x_wconf 89' lang='lat' dir='ltr'><strong>eo</strong></span> <span class='ocrx_word' id='word_1_83' title='bbox 1441 1181 1571 1220; x_wconf 89' lang='lat' dir='ltr'><strong>vero</strong></span> <span class='ocrx_word' id='word_1_84' title='bbox 1595 1165 1738 1234; x_wconf 88' lang='lat' dir='ltr'><strong>quod</strong></span> <span class='ocrx_word' id='word_1_85' title='bbox 1767 1163 1964 1218; x_wconf 90' lang='lat' dir='ltr'><strong>dicitur</strong></span> <span class='ocrx_word' id='word_1_86' title='bbox 1991 1177 2082 1218; x_wconf 89' lang='lat' dir='ltr'><strong>se-</strong></span> 
     </span>
    </p>
   </div>
   <div class='ocr_carea' id='block_1_13' title="bbox 498 1258 2082 1328">
    <p class='ocr_par' dir='ltr' id='par_1_13' title="bbox 498 1258 2082 1328">
     <span class='ocr_line' id='line_1_13' title="bbox 498 1258 2082 1328; baseline -0.006 -6"><span class='ocrx_word' id='word_1_87' title='bbox 498 1269 606 1323; x_wconf 88' lang='lat' dir='ltr'><strong>mel</strong></span> <span class='ocrx_word' id='word_1_88' title='bbox 635 1267 887 1320; x_wconf 86' lang='lat' dir='ltr'><strong>Dominus</strong></span> <span class='ocrx_word' id='word_1_89' title='bbox 917 1264 1056 1319; x_wconf 80' lang='lat' dir='ltr'><strong>Deus</strong></span> <span class='ocrx_word' id='word_1_90' title='bbox 1083 1263 1318 1327; x_wconf 81' lang='lat' dir='ltr'><strong>sabaoth,</strong></span> <span class='ocrx_word' id='word_1_91' title='bbox 1343 1260 1538 1316; x_wconf 66' lang='lat' dir='ltr'><strong>divina:</strong></span> <span class='ocrx_word' id='word_1_92' title='bbox 1564 1269 1770 1314; x_wconf 71' lang='lat' dir='ltr'><strong>natum</strong></span> <span class='ocrx_word' id='word_1_93' title='bbox 1796 1258 2082 1328; x_wconf 83' lang='lat' dir='ltr'><strong>cognosci-</strong></span> 
     </span>
    </p>
   </div>
   <div class='ocr_carea' id='block_1_14' title="bbox 500 1352 2086 1425">
    <p class='ocr_par' dir='ltr' id='par_1_14' title="bbox 500 1352 2086 1425">
     <span class='ocr_line' id='line_1_14' title="bbox 500 1352 2086 1425; baseline -0.009 -6"><span class='ocrx_word' id='word_1_94' title='bbox 500 1379 618 1419; x_wconf 85' lang='lat' dir='ltr'><strong>mus</strong></span> <span class='ocrx_word' id='word_1_95' title='bbox 645 1364 929 1416; x_wconf 87' lang='lat' dir='ltr'><strong>unitatem.</strong></span> <span class='ocrx_word' id='word_1_96' title='bbox 979 1353 1036 1412; x_wconf 86' lang='lat' dir='ltr'><strong>In</strong></span> <span class='ocrx_word' id='word_1_97' title='bbox 1085 1358 1174 1412; x_wconf 88' lang='lat' dir='ltr'><strong>illa</strong></span> <span class='ocrx_word' id='word_1_98' title='bbox 1216 1357 1379 1425; x_wconf 85' lang='lat' dir='ltr'><strong>igitur</strong></span> <span class='ocrx_word' id='word_1_99' title='bbox 1418 1362 1604 1410; x_wconf 88' lang='lat' dir='ltr'><strong>sancta</strong></span> <span class='ocrx_word' id='word_1_100' title='bbox 1633 1352 1916 1417; x_wconf 88' lang='lat' dir='ltr'><strong>Trinitate,</strong></span> <span class='ocrx_word' id='word_1_101' title='bbox 1963 1364 2086 1422; x_wconf 66' lang='lat' dir='ltr'><strong>qum</strong></span> 
     </span>
    </p>
   </div>
   <div class='ocr_carea' id='block_1_15' title="bbox 500 1443 2084 1522">
    <p class='ocr_par' dir='ltr' id='par_1_15' title="bbox 500 1443 2084 1522">
     <span class='ocr_line' id='line_1_15' title="bbox 500 1443 2084 1522; baseline -0.008 -12"><span class='ocrx_word' id='word_1_102' title='bbox 500 1455 621 1510; x_wconf 90' lang='lat' dir='ltr'><strong>ideo</strong></span> <span class='ocrx_word' id='word_1_103' title='bbox 650 1469 680 1508; x_wconf 90' lang='lat' dir='ltr'><strong>a</strong></span> <span class='ocrx_word' id='word_1_104' title='bbox 703 1454 857 1508; x_wconf 89' lang='lat' dir='ltr'><strong>nobis</strong></span> <span class='ocrx_word' id='word_1_105' title='bbox 884 1451 1147 1522; x_wconf 82' lang='lat' dir='ltr'><strong>repetitur</strong></span> <span class='ocrx_word' id='word_1_106' title='bbox 1172 1449 1226 1513; x_wconf 69' lang='grc' dir='ltr'><strong>δ,</strong></span> <span class='ocrx_word' id='word_1_107' title='bbox 1274 1443 1347 1503; x_wconf 81' lang='grc' dir='ltr'><strong>ιη’</strong></span> <span class='ocrx_word' id='word_1_108' title='bbox 1372 1455 1552 1513; x_wconf 87' lang='lat' dir='ltr'><strong>vestro</strong></span> <span class='ocrx_word' id='word_1_109' title='bbox 1593 1445 1744 1502; x_wconf 91' lang='lat' dir='ltr'><strong>cordi</strong></span> <span class='ocrx_word' id='word_1_110' title='bbox 1783 1456 1804 1484; x_wconf 75' lang='grc' dir='ltr'><strong>ε</strong></span> <span class='ocrx_word' id='word_1_111' title='bbox 1841 1444 2084 1499; x_wconf 85' lang='lat' dir='ltr'><strong>tenacius</strong></span> 
     </span>
    </p>
   </div>
   <div class='ocr_carea' id='block_1_16' title="bbox 501 1535 2084 1613">
    <p class='ocr_par' dir='ltr' id='par_1_16' title="bbox 501 1535 2084 1613">
     <span class='ocr_line' id='line_1_16' title="bbox 501 1535 2084 1613; baseline -0.007 -13"><span class='ocrx_word' id='word_1_112' title='bbox 501 1544 770 1613; x_wconf 75' lang='lat' dir='ltr'><strong>inligatur,</strong></span> <span class='ocrx_word' id='word_1_113' title='bbox 800 1557 940 1598; x_wconf 90' lang='lat' dir='ltr'><strong>unus</strong></span> <span class='ocrx_word' id='word_1_114' title='bbox 967 1551 1050 1598; x_wconf 85' lang='lat' dir='ltr'><strong>est</strong></span> <span class='ocrx_word' id='word_1_115' title='bbox 1070 1540 1233 1595; x_wconf 85' lang='lat' dir='ltr'><strong>Pater</strong></span> <span class='ocrx_word' id='word_1_116' title='bbox 1258 1537 1309 1606; x_wconf 74' lang='grc' dir='ltr'><strong>ἀ,</strong></span> <span class='ocrx_word' id='word_1_117' title='bbox 1336 1539 1427 1607; x_wconf 85' lang='lat' dir='ltr'><strong>qui</strong></span> <span class='ocrx_word' id='word_1_118' title='bbox 1457 1537 1606 1592; x_wconf 90' lang='lat' dir='ltr'><strong>solus</strong></span> <span class='ocrx_word' id='word_1_119' title='bbox 1633 1535 1991 1591; x_wconf 84' lang='lat' dir='ltr'><strong>essentialiter</strong></span> <span class='ocrx_word' id='word_1_120' title='bbox 2011 1535 2084 1590; x_wconf 88' lang='lat' dir='ltr'><strong>de</strong></span> 
     </span>
    </p>
   </div>
   <div class='ocr_carea' id='block_1_17' title="bbox 499 1625 2084 1707">
    <p class='ocr_par' dir='ltr' id='par_1_17' title="bbox 499 1625 2084 1707">
     <span class='ocr_line' id='line_1_17' title="bbox 499 1625 2084 1707; baseline -0.008 -13"><span class='ocrx_word' id='word_1_121' title='bbox 499 1639 678 1707; x_wconf 87' lang='lat' dir='ltr'><strong>seipso</strong></span> <span class='ocrx_word' id='word_1_122' title='bbox 709 1651 870 1692; x_wconf 86' lang='lat' dir='ltr'><strong>unum</strong></span> <span class='ocrx_word' id='word_1_123' title='bbox 898 1633 1090 1688; x_wconf 88' lang='lat' dir='ltr'><strong>Filium</strong></span> <span class='ocrx_word' id='word_1_124' title='bbox 1119 1631 1334 1702; x_wconf 83' lang='lat' dir='ltr'><strong>genuit;</strong></span> <span class='ocrx_word' id='word_1_125' title='bbox 1388 1637 1445 1684; x_wconf 90' lang='lat' dir='ltr'><strong>et</strong></span> <span class='ocrx_word' id='word_1_126' title='bbox 1472 1644 1608 1683; x_wconf 81' lang='lat' dir='ltr'><strong>unus</strong></span> <span class='ocrx_word' id='word_1_127' title='bbox 1650 1627 1836 1689; x_wconf 86' lang='lat' dir='ltr'><strong>Filius,</strong></span> <span class='ocrx_word' id='word_1_128' title='bbox 1883 1626 1975 1694; x_wconf 89' lang='lat' dir='ltr'><strong>qui</strong></span> <span class='ocrx_word' id='word_1_129' title='bbox 2013 1625 2084 1682; x_wconf 86' lang='lat' dir='ltr'><strong>de</strong></span> 
     </span>
    </p>
   </div>
   <div class='ocr_carea' id='block_1_18' title="bbox 499 1717 2081 1787">
    <p class='ocr_par' dir='ltr' id='par_1_18' title="bbox 499 1717 2081 1787">
     <span class='ocr_line' id='line_1_18' title="bbox 499 1717 2081 1787; baseline -0.008 -5"><span class='ocrx_word' id='word_1_130' title='bbox 499 1743 609 1782; x_wconf 91' lang='lat' dir='ltr'><strong>uno</strong></span> <span class='ocrx_word' id='word_1_131' title='bbox 636 1725 796 1779; x_wconf 89' lang='lat' dir='ltr'><strong>Patre</strong></span> <span class='ocrx_word' id='word_1_132' title='bbox 823 1723 970 1778; x_wconf 84' lang='lat' dir='ltr'><strong>solus</strong></span> <span class='ocrx_word' id='word_1_133' title='bbox 996 1731 1080 1778; x_wconf 90' lang='lat' dir='ltr'><strong>est</strong></span> <span class='ocrx_word' id='word_1_134' title='bbox 1107 1719 1467 1776; x_wconf 87' lang='lat' dir='ltr'><strong>essentialiter</strong></span> <span class='ocrx_word' id='word_1_135' title='bbox 1496 1726 1657 1772; x_wconf 88' lang='lat' dir='ltr'><strong>natus</strong></span> <span class='ocrx_word' id='word_1_136' title='bbox 1683 1717 1776 1787; x_wconf 87' lang='lat' dir='ltr'><strong>(al.</strong></span> <span class='ocrx_word' id='word_1_137' title='bbox 1809 1717 2081 1784; x_wconf 87' lang='lat' dir='ltr'><strong>genitus);</strong></span> 
     </span>
    </p>
   </div>
   <div class='ocr_carea' id='block_1_19' title="bbox 2184 503 3776 586">
    <p class='ocr_par' dir='ltr' id='par_1_19' title="bbox 2184 503 3776 586">
     <span class='ocr_line' id='line_1_19' title="bbox 2184 503 3776 586; baseline -0.006 -16"><span class='ocrx_word' id='word_1_138' title='bbox 2184 517 2352 586; x_wconf 83' lang='lat' dir='ltr'><strong>diligit</strong></span> <span class='ocrx_word' id='word_1_139' title='bbox 2398 503 2695 585; x_wconf 77' lang='lat' dir='ltr'><strong>genitorem,</strong></span> <span class='ocrx_word' id='word_1_140' title='bbox 2747 512 2917 583; x_wconf 78' lang='lat' dir='ltr'><strong>diligit</strong></span> <span class='ocrx_word' id='word_1_141' title='bbox 2962 519 3011 565; x_wconf 88' lang='lat' dir='ltr'><strong>et</strong></span> <span class='ocrx_word' id='word_1_142' title='bbox 3051 526 3171 565; x_wconf 83' lang='lat' dir='ltr'><strong>eum</strong></span> <span class='ocrx_word' id='word_1_143' title='bbox 3208 511 3295 582; x_wconf 86' lang='lat' dir='ltr'><strong>qui</strong></span> <span class='ocrx_word' id='word_1_144' title='bbox 3332 518 3486 563; x_wconf 82' lang='lat' dir='ltr'><strong>natus</strong></span> <span class='ocrx_word' id='word_1_145' title='bbox 3513 517 3589 562; x_wconf 88' lang='lat' dir='ltr'><strong>est</strong></span> <span class='ocrx_word' id='word_1_146' title='bbox 3621 525 3687 561; x_wconf 74' lang='lat' dir='ltr'><strong>ex</strong></span> <span class='ocrx_word' id='word_1_147' title='bbox 3716 523 3776 561; x_wconf 86' lang='lat' dir='ltr'><strong>ea</strong></span> 
     </span>
    </p>
   </div>
   <div class='ocr_carea' id='block_1_20' title="bbox 2184 601 3782 680">
    <p class='ocr_par' dir='ltr' id='par_1_20' title="bbox 2184 601 3782 680">
     <span class='ocr_line' id='line_1_20' title="bbox 2184 601 3782 680; baseline -0.002 -18"><span class='ocrx_word' id='word_1_148' title='bbox 2184 608 2238 680; x_wconf 86' lang='grc' dir='ltr'><strong>(Ι</strong></span> <span class='ocrx_word' id='word_1_149' title='bbox 2259 608 2418 663; x_wconf 80' lang='lat' dir='ltr'><strong>Joan.</strong></span> <span class='ocrx_word' id='word_1_150' title='bbox 2451 618 2502 671; x_wconf 89' lang='lat' dir='ltr'><strong>v,</strong></span> <span class='ocrx_word' id='word_1_151' title='bbox 2537 607 2619 676; x_wconf 82' lang='lat' dir='ltr'><strong>l);</strong></span> <span class='ocrx_word' id='word_1_152' title='bbox 2673 620 2772 660; x_wconf 88' lang='lat' dir='ltr'><strong>nec</strong></span> <span class='ocrx_word' id='word_1_153' title='bbox 2798 606 2911 675; x_wconf 86' lang='lat' dir='ltr'><strong>ipse</strong></span> <span class='ocrx_word' id='word_1_154' title='bbox 2935 603 3103 658; x_wconf 90' lang='lat' dir='ltr'><strong>Filius</strong></span> <span class='ocrx_word' id='word_1_155' title='bbox 3141 603 3406 658; x_wconf 81' lang='lat' dir='ltr'><strong>dixisset:</strong></span> <span class='ocrx_word' id='word_1_156' title='bbox 3445 601 3606 657; x_wconf 88' lang='lat' dir='ltr'><strong>Pater</strong></span> <span class='ocrx_word' id='word_1_157' title='bbox 3636 619 3782 659; x_wconf 71' lang='lat' dir='ltr'><strong>nscas</strong></span> 
     </span>
    </p>
   </div>
   <div class='ocr_carea' id='block_1_21' title="bbox 2181 692 3779 772">
    <p class='ocr_par' dir='ltr' id='par_1_21' title="bbox 2181 692 3779 772">
     <span class='ocr_line' id='line_1_21' title="bbox 2181 692 3779 772; baseline -0.004 -17"><span class='ocrx_word' id='word_1_158' title='bbox 2181 717 2339 772; x_wconf 85' lang='lat' dir='ltr'><strong>usque</strong></span> <span class='ocrx_word' id='word_1_159' title='bbox 2367 700 2519 755; x_wconf 79' lang='lat' dir='ltr'><strong>modo</strong></span> <span class='ocrx_word' id='word_1_160' title='bbox 2541 706 2803 769; x_wconf 84' lang='lat' dir='ltr'><strong>operatur,</strong></span> <span class='ocrx_word' id='word_1_161' title='bbox 2830 706 2876 751; x_wconf 89' lang='lat' dir='ltr'><strong>et</strong></span> <span class='ocrx_word' id='word_1_162' title='bbox 2899 713 2993 767; x_wconf 82' lang='lat' dir='ltr'><strong>ego</strong></span> <span class='ocrx_word' id='word_1_163' title='bbox 3023 711 3211 766; x_wconf 88' lang='lat' dir='ltr'><strong>operor</strong></span> <span class='ocrx_word' id='word_1_164' title='bbox 3234 693 3413 762; x_wconf 80' lang='lat' dir='ltr'><strong>(Joau.</strong></span> <span class='ocrx_word' id='word_1_165' title='bbox 3435 710 3488 759; x_wconf 90' lang='lat' dir='ltr'><strong>v,</strong></span> <span class='ocrx_word' id='word_1_166' title='bbox 3523 692 3637 765; x_wconf 79' lang='lat' dir='ltr'><strong>l7).</strong></span> <span class='ocrx_word' id='word_1_167' title='bbox 3658 693 3779 764; x_wconf 83' lang='lat' dir='ltr'><strong>Ipse</strong></span> 
     </span>
    </p>
   </div>
   <div class='ocr_carea' id='block_1_22' title="bbox 2183 783 3776 861">
    <p class='ocr_par' dir='ltr' id='par_1_22' title="bbox 2183 783 3776 861">
     <span class='ocr_line' id='line_1_22' title="bbox 2183 783 3776 861; baseline -0.006 -12"><span class='ocrx_word' id='word_1_168' title='bbox 2183 795 2327 849; x_wconf 89' lang='lat' dir='ltr'><strong>enim</strong></span> <span class='ocrx_word' id='word_1_169' title='bbox 2354 793 2447 861; x_wconf 92' lang='lat' dir='ltr'><strong>qui</strong></span> <span class='ocrx_word' id='word_1_170' title='bbox 2471 791 2640 846; x_wconf 88' lang='lat' dir='ltr'><strong>Filius</strong></span> <span class='ocrx_word' id='word_1_171' title='bbox 2666 790 2884 852; x_wconf 87' lang='lat' dir='ltr'><strong>dicitur,</strong></span> <span class='ocrx_word' id='word_1_172' title='bbox 2915 789 2962 842; x_wconf 93' lang='lat' dir='ltr'><strong>si</strong></span> <span class='ocrx_word' id='word_1_173' title='bbox 2991 787 3131 842; x_wconf 91' lang='lat' dir='ltr'><strong>idem</strong></span> <span class='ocrx_word' id='word_1_174' title='bbox 3166 789 3322 841; x_wconf 83' lang='lat' dir='ltr'><strong>esset</strong></span> <span class='ocrx_word' id='word_1_175' title='bbox 3361 793 3418 840; x_wconf 90' lang='lat' dir='ltr'><strong>et</strong></span> <span class='ocrx_word' id='word_1_176' title='bbox 3442 783 3622 849; x_wconf 87' lang='lat' dir='ltr'><strong>Pater,</strong></span> <span class='ocrx_word' id='word_1_177' title='bbox 3664 800 3776 840; x_wconf 88' lang='lat' dir='ltr'><strong>non</strong></span> 
     </span>
    </p>
   </div>
   <div class='ocr_carea' id='block_1_23' title="bbox 2181 875 3778 947">
    <p class='ocr_par' dir='ltr' id='par_1_23' title="bbox 2181 875 3778 947">
     <span class='ocr_line' id='line_1_23' title="bbox 2181 875 3778 947; baseline -0.008 -6"><span class='ocrx_word' id='word_1_178' title='bbox 2181 885 2448 940; x_wconf 84' lang='lat' dir='ltr'><strong>veraciter</strong></span> <span class='ocrx_word' id='word_1_179' title='bbox 2474 882 2571 939; x_wconf 88' lang='lat' dir='ltr'><strong>Dei</strong></span> <span class='ocrx_word' id='word_1_180' title='bbox 2605 881 2772 936; x_wconf 91' lang='lat' dir='ltr'><strong>Filius</strong></span> <span class='ocrx_word' id='word_1_181' title='bbox 2800 881 3094 945; x_wconf 85' lang='lat' dir='ltr'><strong>diceretur,</strong></span> <span class='ocrx_word' id='word_1_182' title='bbox 3124 878 3252 947; x_wconf 88' lang='lat' dir='ltr'><strong>quia</strong></span> <span class='ocrx_word' id='word_1_183' title='bbox 3283 893 3390 932; x_wconf 88' lang='lat' dir='ltr'><strong>non</strong></span> <span class='ocrx_word' id='word_1_184' title='bbox 3420 877 3488 931; x_wconf 89' lang='lat' dir='ltr'><strong>de</strong></span> <span class='ocrx_word' id='word_1_185' title='bbox 3517 876 3651 939; x_wconf 89' lang='lat' dir='ltr'><strong>Deo,</strong></span> <span class='ocrx_word' id='word_1_186' title='bbox 3683 875 3778 930; x_wconf 90' lang='lat' dir='ltr'><strong>sed</strong></span> 
     </span>
    </p>
   </div>
   <div class='ocr_carea' id='block_1_24' title="bbox 2183 969 3780 1043">
    <p class='ocr_par' dir='ltr' id='par_1_24' title="bbox 2183 969 3780 1043">
     <span class='ocr_line' id='line_1_24' title="bbox 2183 969 3780 1043; baseline -0.006 -11"><span class='ocrx_word' id='word_1_187' title='bbox 2183 977 2250 1032; x_wconf 90' lang='lat' dir='ltr'><strong>de</strong></span> <span class='ocrx_word' id='word_1_188' title='bbox 2277 976 2391 1032; x_wconf 89' lang='lat' dir='ltr'><strong>sola</strong></span> <span class='ocrx_word' id='word_1_189' title='bbox 2420 975 2629 1043; x_wconf 81' lang='lat' dir='ltr'><strong>virgine</strong></span> <span class='ocrx_word' id='word_1_190' title='bbox 2679 979 3015 1029; x_wconf 85' lang='lat' dir='ltr'><strong>nasceretur.</strong></span> <span class='ocrx_word' id='word_1_191' title='bbox 3063 969 3146 1024; x_wconf 87' lang='lat' dir='ltr'><strong>Ad</strong></span> <span class='ocrx_word' id='word_1_192' title='bbox 3173 977 3474 1024; x_wconf 81' lang='lat' dir='ltr'><strong>extremum</strong></span> <span class='ocrx_word' id='word_1_193' title='bbox 3503 983 3635 1022; x_wconf 84' lang='lat' dir='ltr'><strong>vero</strong></span> <span class='ocrx_word' id='word_1_194' title='bbox 3675 981 3780 1023; x_wconf 83' lang='lat' dir='ltr'><strong>nec</strong></span> 
     </span>
    </p>
   </div>
   <div class='ocr_carea' id='block_1_25' title="bbox 2182 1059 3772 1140">
    <p class='ocr_par' dir='ltr' id='par_1_25' title="bbox 2182 1059 3772 1140">
     <span class='ocr_line' id='line_1_25' title="bbox 2182 1059 3772 1140; baseline -0.007 -17"><span class='ocrx_word' id='word_1_195' title='bbox 2182 1069 2298 1140; x_wconf 91' lang='lat' dir='ltr'><strong>ipse</strong></span> <span class='ocrx_word' id='word_1_196' title='bbox 2346 1069 2504 1124; x_wconf 90' lang='lat' dir='ltr'><strong>Pater</strong></span> <span class='ocrx_word' id='word_1_197' title='bbox 2544 1067 2613 1122; x_wconf 88' lang='lat' dir='ltr'><strong>de</strong></span> <span class='ocrx_word' id='word_1_198' title='bbox 2657 1065 2797 1122; x_wconf 78' lang='lat' dir='ltr'><strong>cmlo</strong></span> <span class='ocrx_word' id='word_1_199' title='bbox 2846 1070 3162 1129; x_wconf 84' lang='lat' dir='ltr'><strong>testaretur,</strong></span> <span class='ocrx_word' id='word_1_200' title='bbox 3211 1069 3268 1116; x_wconf 87' lang='lat' dir='ltr'><strong>et</strong></span> <span class='ocrx_word' id='word_1_201' title='bbox 3302 1074 3458 1115; x_wconf 90' lang='lat' dir='ltr'><strong>suum</strong></span> <span class='ocrx_word' id='word_1_202' title='bbox 3499 1059 3772 1128; x_wconf 84' lang='lat' dir='ltr'><strong>corporali</strong></span> 
     </span>
    </p>
   </div>
   <div class='ocr_carea' id='block_1_26' title="bbox 2184 1151 3780 1221">
    <p class='ocr_par' dir='ltr' id='par_1_26' title="bbox 2184 1151 3780 1221">
     <span class='ocr_line' id='line_1_26' title="bbox 2184 1151 3780 1221; baseline -0.006 -5"><span class='ocrx_word' id='word_1_203' title='bbox 2184 1176 2319 1218; x_wconf 91' lang='lat' dir='ltr'><strong>voce</strong></span> <span class='ocrx_word' id='word_1_204' title='bbox 2348 1157 2516 1216; x_wconf 85' lang='lat' dir='ltr'><strong>ﬁlium</strong></span> <span class='ocrx_word' id='word_1_205' title='bbox 2541 1160 2958 1221; x_wconf 88' lang='lat' dir='ltr'><strong>demonstraret,</strong></span> <span class='ocrx_word' id='word_1_206' title='bbox 2974 1155 3196 1212; x_wconf 70' lang='lat' dir='ltr'><strong>(libens:</strong></span> <span class='ocrx_word' id='word_1_207' title='bbox 3223 1152 3326 1208; x_wconf 81' lang='lat' dir='ltr'><strong>Hic</strong></span> <span class='ocrx_word' id='word_1_208' title='bbox 3353 1161 3430 1208; x_wconf 91' lang='lat' dir='ltr'><strong>est</strong></span> <span class='ocrx_word' id='word_1_209' title='bbox 3441 1151 3487 1205; x_wconf 87' lang='lat' dir='ltr'><strong>F</strong></span> <span class='ocrx_word' id='word_1_210' title='bbox 3491 1152 3610 1206; x_wconf 87' lang='lat' dir='ltr'><strong>ilius</strong></span> <span class='ocrx_word' id='word_1_211' title='bbox 3635 1167 3780 1206; x_wconf 84' lang='lat' dir='ltr'><strong>meus</strong></span> 
     </span>
    </p>
   </div>
   <div class='ocr_carea' id='block_1_27' title="bbox 2185 1243 3776 1322">
    <p class='ocr_par' dir='ltr' id='par_1_27' title="bbox 2185 1243 3776 1322">
     <span class='ocr_line' id='line_1_27' title="bbox 2185 1243 3776 1322; baseline -0.006 -14"><span class='ocrx_word' id='word_1_212' title='bbox 2185 1254 2420 1320; x_wconf 86' lang='lat' dir='ltr'><strong>dilectus,</strong></span> <span class='ocrx_word' id='word_1_213' title='bbox 2442 1253 2496 1306; x_wconf 92' lang='lat' dir='ltr'><strong>in</strong></span> <span class='ocrx_word' id='word_1_214' title='bbox 2518 1269 2619 1322; x_wconf 87' lang='lat' dir='ltr'><strong>quo</strong></span> <span class='ocrx_word' id='word_1_215' title='bbox 2641 1251 2767 1306; x_wconf 84' lang='lat' dir='ltr'><strong>mihi</strong></span> <span class='ocrx_word' id='word_1_216' title='bbox 2790 1244 3230 1318; x_wconf 42' lang='lat' dir='ltr'><strong>bene‘camplacui</strong></span> <span class='ocrx_word' id='word_1_217' title='bbox 3249 1243 3278 1283; x_wconf 64' lang='grc' dir='ltr'><strong>ιλ</strong></span> <span class='ocrx_word' id='word_1_218' title='bbox 3301 1243 3516 1316; x_wconf 73' lang='lat' dir='ltr'><strong>(Matth.</strong></span> <span class='ocrx_word' id='word_1_219' title='bbox 3547 1261 3627 1310; x_wconf 83' lang='lat' dir='ltr'><strong>ut,</strong></span> <span class='ocrx_word' id='word_1_220' title='bbox 3661 1244 3776 1315; x_wconf 83' lang='lat' dir='ltr'><strong>l7).</strong></span> 
     </span>
    </p>
   </div>
   <div class='ocr_carea' id='block_1_28' title="bbox 2186 1335 3774 1414">
    <p class='ocr_par' dir='ltr' id='par_1_28' title="bbox 2186 1335 3774 1414">
     <span class='ocr_line' id='line_1_28' title="bbox 2186 1335 3774 1414; baseline -0.006 -16"><span class='ocrx_word' id='word_1_221' title='bbox 2186 1345 2481 1414; x_wconf 82' lang='lat' dir='ltr'><strong>Apostolus</strong></span> <span class='ocrx_word' id='word_1_222' title='bbox 2507 1358 2723 1412; x_wconf 90' lang='lat' dir='ltr'><strong>quoque</strong></span> <span class='ocrx_word' id='word_1_223' title='bbox 2747 1341 2946 1396; x_wconf 89' lang='lat' dir='ltr'><strong>Paulus</strong></span> <span class='ocrx_word' id='word_1_224' title='bbox 2977 1355 3084 1396; x_wconf 89' lang='lat' dir='ltr'><strong>non</strong></span> <span class='ocrx_word' id='word_1_225' title='bbox 3109 1339 3338 1394; x_wconf 83' lang='lat' dir='ltr'><strong>dixisset</strong></span> <span class='ocrx_word' id='word_1_226' title='bbox 3355 1338 3422 1392; x_wconf 89' lang='lat' dir='ltr'><strong>de</strong></span> <span class='ocrx_word' id='word_1_227' title='bbox 3444 1337 3556 1392; x_wconf 92' lang='lat' dir='ltr'><strong>Deo</strong></span> <span class='ocrx_word' id='word_1_228' title='bbox 3579 1335 3774 1391; x_wconf 83' lang='lat' dir='ltr'><strong>Patre:</strong></span> 
     </span>
    </p>
   </div>
   <div class='ocr_carea' id='block_1_29' title="bbox 2189 1427 3778 1505">
    <p class='ocr_par' dir='ltr' id='par_1_29' title="bbox 2189 1427 3778 1505">
     <span class='ocr_line' id='line_1_29' title="bbox 2189 1427 3778 1505; baseline -0.004 -16"><span class='ocrx_word' id='word_1_229' title='bbox 2189 1434 2290 1499; x_wconf 78' lang='lat' dir='ltr'><strong>Qui</strong></span> <span class='ocrx_word' id='word_1_230' title='bbox 2318 1435 2528 1505; x_wconf 86' lang='lat' dir='ltr'><strong>proprio</strong></span> <span class='ocrx_word' id='word_1_231' title='bbox 2573 1433 2712 1488; x_wconf 87' lang='lat' dir='ltr'><strong>Filia</strong></span> <span class='ocrx_word' id='word_1_232' title='bbox 2743 1449 2835 1488; x_wconf 86' lang='lat' dir='ltr'><strong>suo</strong></span> <span class='ocrx_word' id='word_1_233' title='bbox 2885 1448 2990 1486; x_wconf 87' lang='lat' dir='ltr'><strong>non</strong></span> <span class='ocrx_word' id='word_1_234' title='bbox 3025 1430 3254 1502; x_wconf 83' lang='lat' dir='ltr'><strong>pepercit</strong></span> <span class='ocrx_word' id='word_1_235' title='bbox 3289 1427 3336 1496; x_wconf 82' lang='grc' dir='ltr'><strong>ί,</strong></span> <span class='ocrx_word' id='word_1_236' title='bbox 3379 1428 3470 1482; x_wconf 81' lang='lat' dir='ltr'><strong>sed</strong></span> <span class='ocrx_word' id='word_1_237' title='bbox 3508 1445 3601 1499; x_wconf 90' lang='lat' dir='ltr'><strong>pro</strong></span> <span class='ocrx_word' id='word_1_238' title='bbox 3625 1428 3778 1482; x_wconf 85' lang='lat' dir='ltr'><strong>nobis</strong></span> 
     </span>
    </p>
   </div>
   <div class='ocr_carea' id='block_1_30' title="bbox 2185 1520 3667 1594">
    <p class='ocr_par' dir='ltr' id='par_1_30' title="bbox 2185 1520 3667 1594">
     <span class='ocr_line' id='line_1_30' title="bbox 2185 1520 3667 1594; baseline -0.005 -12"><span class='ocrx_word' id='word_1_239' title='bbox 2185 1528 2419 1582; x_wconf 86' lang='lat' dir='ltr'><strong>omnibus</strong></span> <span class='ocrx_word' id='word_1_240' title='bbox 2450 1525 2666 1580; x_wconf 84' lang='lat' dir='ltr'><strong>tradidit</strong></span> <span class='ocrx_word' id='word_1_241' title='bbox 2690 1525 2838 1579; x_wconf 89' lang='lat' dir='ltr'><strong>illum</strong></span> <span class='ocrx_word' id='word_1_242' title='bbox 2869 1523 3046 1594; x_wconf 75' lang='lat' dir='ltr'><strong>(Rom.</strong></span> <span class='ocrx_word' id='word_1_243' title='bbox 3077 1538 3190 1586; x_wconf 75' lang='grc' dir='ltr'><strong>νυι,</strong></span> <span class='ocrx_word' id='word_1_244' title='bbox 3216 1520 3332 1592; x_wconf 71' lang='grc'><strong>52).</strong></span> <span class='ocrx_word' id='word_1_245' title='bbox 3658 1583 3667 1588; x_wconf 91' lang='lat'>_</span> 
     </span>
    </p>
   </div>
   <div class='ocr_carea' id='block_1_31' title="bbox 2255 1611 3779 1693">
    <p class='ocr_par' dir='ltr' id='par_1_31' title="bbox 2255 1611 3779 1693">
     <span class='ocr_line' id='line_1_31' title="bbox 2255 1611 3779 1693; baseline -0.003 -21"><span class='ocrx_word' id='word_1_246' title='bbox 2255 1619 2309 1673; x_wconf 91' lang='lat'><strong>8.</strong></span> <span class='ocrx_word' id='word_1_247' title='bbox 2341 1618 2447 1675; x_wconf 90' lang='lat' dir='ltr'><strong>Sed</strong></span> <span class='ocrx_word' id='word_1_248' title='bbox 2474 1619 2729 1687; x_wconf 87' lang='lat' dir='ltr'><strong>quoniam</strong></span> <span class='ocrx_word' id='word_1_249' title='bbox 2759 1617 2863 1672; x_wconf 89' lang='lat' dir='ltr'><strong>ista</strong></span> <span class='ocrx_word' id='word_1_250' title='bbox 2883 1616 3064 1693; x_wconf 81' lang='lat' dir='ltr'><strong>omnia</strong></span> <span class='ocrx_word' id='word_1_251' title='bbox 3086 1621 3142 1670; x_wconf 92' lang='lat' dir='ltr'><strong>et</strong></span> <span class='ocrx_word' id='word_1_252' title='bbox 3163 1613 3419 1668; x_wconf 86' lang='lat' dir='ltr'><strong>divinitus</strong></span> <span class='ocrx_word' id='word_1_253' title='bbox 3439 1611 3506 1667; x_wconf 88' lang='lat' dir='ltr'><strong>ad</strong></span> <span class='ocrx_word' id='word_1_254' title='bbox 3533 1620 3779 1667; x_wconf 89' lang='lat' dir='ltr'><strong>nostram</strong></span> 
     </span>
    </p>
   </div>
   <div class='ocr_carea' id='block_1_32' title="bbox 2185 1702 3782 1775">
    <p class='ocr_par' dir='ltr' id='par_1_32' title="bbox 2185 1702 3782 1775">
     <span class='ocr_line' id='line_1_32' title="bbox 2185 1702 3782 1775; baseline -0.008 -9"><span class='ocrx_word' id='word_1_255' title='bbox 2185 1710 2489 1766; x_wconf 84' lang='lat' dir='ltr'><strong>doctrinam</strong></span> <span class='ocrx_word' id='word_1_256' title='bbox 2512 1709 2656 1764; x_wconf 87' lang='lat' dir='ltr'><strong>dicta</strong></span> <span class='ocrx_word' id='word_1_257' title='bbox 2699 1716 2843 1772; x_wconf 89' lang='lat' dir='ltr'><strong>sunt,</strong></span> <span class='ocrx_word' id='word_1_258' title='bbox 2894 1714 2950 1762; x_wconf 94' lang='lat' dir='ltr'><strong>et</strong></span> <span class='ocrx_word' id='word_1_259' title='bbox 2993 1705 3119 1775; x_wconf 88' lang='lat' dir='ltr'><strong>quia</strong></span> <span class='ocrx_word' id='word_1_260' title='bbox 3151 1703 3330 1759; x_wconf 88' lang='lat' dir='ltr'><strong>divina</strong></span> <span class='ocrx_word' id='word_1_261' title='bbox 3378 1702 3520 1759; x_wconf 88' lang='lat' dir='ltr'><strong>dicta</strong></span> <span class='ocrx_word' id='word_1_262' title='bbox 3568 1710 3695 1757; x_wconf 88' lang='lat' dir='ltr'><strong>sunt</strong></span> <span class='ocrx_word' id='word_1_263' title='bbox 3727 1704 3782 1772; x_wconf 75' lang='grc' dir='ltr'><strong>ἱ,</strong></span> 
     </span>
    </p>
   </div>
   <div class='ocr_carea' id='block_1_33' title="bbox 500 1796 3781 1884">
    <p class='ocr_par' dir='ltr' id='par_1_33' title="bbox 500 1796 3781 1884">
     <span class='ocr_line' id='line_1_33' title="bbox 500 1796 3781 1884; baseline -0.005 -12"><span class='ocrx_word' id='word_1_264' title='bbox 500 1827 556 1872; x_wconf 85' lang='lat' dir='ltr'><strong>et</strong></span> <span class='ocrx_word' id='word_1_265' title='bbox 595 1832 734 1871; x_wconf 90' lang='lat' dir='ltr'><strong>unus</strong></span> <span class='ocrx_word' id='word_1_266' title='bbox 761 1814 992 1884; x_wconf 89' lang='lat' dir='ltr'><strong>Spiritus</strong></span> <span class='ocrx_word' id='word_1_267' title='bbox 1033 1821 1272 1876; x_wconf 85' lang='lat' dir='ltr'><strong>sanctus,</strong></span> <span class='ocrx_word' id='word_1_268' title='bbox 1320 1810 1412 1878; x_wconf 90' lang='lat' dir='ltr'><strong>qui</strong></span> <span class='ocrx_word' id='word_1_269' title='bbox 1457 1809 1604 1863; x_wconf 89' lang='lat' dir='ltr'><strong>solus</strong></span> <span class='ocrx_word' id='word_1_270' title='bbox 1631 1807 1990 1862; x_wconf 86' lang='lat' dir='ltr'><strong>essentialiter</strong></span> <span class='ocrx_word' id='word_1_271' title='bbox 2017 1805 2085 1862; x_wconf 88' lang='lat' dir='ltr'><strong>de</strong></span> <span class='ocrx_word' id='word_1_272' title='bbox 2115 1801 2162 1864; x_wconf 86' lang='grc' dir='ltr'><strong>Β</strong></span> <span class='ocrx_word' id='word_1_273' title='bbox 2187 1803 2372 1870; x_wconf 89' lang='lat' dir='ltr'><strong>utique</strong></span> <span class='ocrx_word' id='word_1_274' title='bbox 2417 1816 2546 1858; x_wconf 89' lang='lat' dir='ltr'><strong>vera</strong></span> <span class='ocrx_word' id='word_1_275' title='bbox 2590 1808 2744 1867; x_wconf 90' lang='lat' dir='ltr'><strong>sunt,</strong></span> <span class='ocrx_word' id='word_1_276' title='bbox 2794 1815 2982 1856; x_wconf 87' lang='lat' dir='ltr'><strong>verum</strong></span> <span class='ocrx_word' id='word_1_277' title='bbox 3030 1807 3116 1854; x_wconf 88' lang='lat' dir='ltr'><strong>est</strong></span> <span class='ocrx_word' id='word_1_278' title='bbox 3156 1797 3299 1868; x_wconf 86' lang='lat' dir='ltr'><strong>quod</strong></span> <span class='ocrx_word' id='word_1_279' title='bbox 3351 1796 3483 1852; x_wconf 80' lang='lat' dir='ltr'><strong>ﬁdes</strong></span> <span class='ocrx_word' id='word_1_280' title='bbox 3511 1796 3781 1854; x_wconf 78' lang='lat' dir='ltr'><strong>catholica</strong></span> 
     </span>
    </p>
   </div>
   <div class='ocr_carea' id='block_1_34' title="bbox 501 1899 2085 1976">
    <p class='ocr_par' dir='ltr' id='par_1_34' title="bbox 501 1899 2085 1976">
     <span class='ocr_line' id='line_1_34' title="bbox 501 1899 2085 1976; baseline -0.006 -14"><span class='ocrx_word' id='word_1_281' title='bbox 501 1908 662 1963; x_wconf 84' lang='lat' dir='ltr'><strong>Patre</strong></span> <span class='ocrx_word' id='word_1_282' title='bbox 688 1907 932 1976; x_wconf 86' lang='lat' dir='ltr'><strong>Filioque</strong></span> <span class='ocrx_word' id='word_1_283' title='bbox 957 1904 1218 1974; x_wconf 88' lang='lat' dir='ltr'><strong>procedit.</strong></span> <span class='ocrx_word' id='word_1_284' title='bbox 1262 1899 1378 1956; x_wconf 83' lang='lat' dir='ltr'><strong>Hoc</strong></span> <span class='ocrx_word' id='word_1_285' title='bbox 1406 1906 1588 1955; x_wconf 85' lang='lat' dir='ltr'><strong>autem</strong></span> <span class='ocrx_word' id='word_1_286' title='bbox 1636 1905 1810 1954; x_wconf 88' lang='lat' dir='ltr'><strong>totum</strong></span> <span class='ocrx_word' id='word_1_287' title='bbox 1837 1913 1943 1953; x_wconf 90' lang='lat' dir='ltr'><strong>una</strong></span> <span class='ocrx_word' id='word_1_288' title='bbox 1968 1912 2085 1968; x_wconf 84' lang='lat' dir='ltr'><strong>per-</strong></span> 
     </span>
    </p>
   </div>
   <div class='ocr_carea' id='block_1_35' title="bbox 499 1988 2083 2066">
    <p class='ocr_par' dir='ltr' id='par_1_35' title="bbox 499 1988 2083 2066">
     <span class='ocr_line' id='line_1_35' title="bbox 499 1988 2083 2066; baseline -0.007 -11"><span class='ocrx_word' id='word_1_289' title='bbox 499 2015 631 2056; x_wconf 87' lang='lat' dir='ltr'><strong>sona</strong></span> <span class='ocrx_word' id='word_1_290' title='bbox 662 2014 768 2053; x_wconf 90' lang='lat' dir='ltr'><strong>non</strong></span> <span class='ocrx_word' id='word_1_291' title='bbox 799 2003 1004 2066; x_wconf 85' lang='lat' dir='ltr'><strong>posset,</strong></span> <span class='ocrx_word' id='word_1_292' title='bbox 1037 1994 1089 2048; x_wconf 88' lang='lat' dir='ltr'><strong>id</strong></span> <span class='ocrx_word' id='word_1_293' title='bbox 1118 2001 1202 2048; x_wconf 92' lang='lat' dir='ltr'><strong>est</strong></span> <span class='ocrx_word' id='word_1_294' title='bbox 1229 2000 1284 2046; x_wconf 90' lang='lat' dir='ltr'><strong>et</strong></span> <span class='ocrx_word' id='word_1_295' title='bbox 1303 1991 1524 2060; x_wconf 79' lang='lat' dir='ltr'><strong>gignere</strong></span> <span class='ocrx_word' id='word_1_296' title='bbox 1550 2004 1629 2052; x_wconf 90' lang='lat' dir='ltr'><strong>se,</strong></span> <span class='ocrx_word' id='word_1_297' title='bbox 1659 1995 1716 2043; x_wconf 91' lang='lat' dir='ltr'><strong>et</strong></span> <span class='ocrx_word' id='word_1_298' title='bbox 1746 1989 1894 2044; x_wconf 88' lang='lat' dir='ltr'><strong>nasci</strong></span> <span class='ocrx_word' id='word_1_299' title='bbox 1913 1988 1981 2043; x_wconf 91' lang='lat' dir='ltr'><strong>de</strong></span> <span class='ocrx_word' id='word_1_300' title='bbox 2001 2003 2083 2055; x_wconf 80' lang='lat' dir='ltr'><strong>se,</strong></span> 
     </span>
    </p>
   </div>
   <div class='ocr_carea' id='block_1_36' title="bbox 499 2079 2084 2160">
    <p class='ocr_par' dir='ltr' id='par_1_36' title="bbox 499 2079 2084 2160">
     <span class='ocr_line' id='line_1_36' title="bbox 499 2079 2084 2160; baseline -0.007 -15"><span class='ocrx_word' id='word_1_301' title='bbox 499 2098 555 2146; x_wconf 89' lang='lat' dir='ltr'><strong>et</strong></span> <span class='ocrx_word' id='word_1_302' title='bbox 586 2088 879 2160; x_wconf 85' lang='lat' dir='ltr'><strong>procedere</strong></span> <span class='ocrx_word' id='word_1_303' title='bbox 905 2086 974 2141; x_wconf 92' lang='lat' dir='ltr'><strong>de</strong></span> <span class='ocrx_word' id='word_1_304' title='bbox 1013 2100 1092 2140; x_wconf 88' lang='lat' dir='ltr'><strong>se.</strong></span> <span class='ocrx_word' id='word_1_305' title='bbox 1142 2084 1278 2149; x_wconf 83' lang='lat' dir='ltr'><strong>Quia</strong></span> <span class='ocrx_word' id='word_1_306' title='bbox 1326 2083 1486 2150; x_wconf 86' lang='lat' dir='ltr'><strong>igitur</strong></span> <span class='ocrx_word' id='word_1_307' title='bbox 1522 2079 1667 2135; x_wconf 87' lang='lat' dir='ltr'><strong>aliud</strong></span> <span class='ocrx_word' id='word_1_308' title='bbox 1709 2088 1792 2136; x_wconf 90' lang='lat' dir='ltr'><strong>est</strong></span> <span class='ocrx_word' id='word_1_309' title='bbox 1833 2080 2084 2149; x_wconf 77' lang='lat' dir='ltr'><strong>genuisse</strong></span> 
     </span>
    </p>
   </div>
   <div class='ocr_carea' id='block_1_37' title="bbox 499 2170 2084 2251">
    <p class='ocr_par' dir='ltr' id='par_1_37' title="bbox 499 2170 2084 2251">
     <span class='ocr_line' id='line_1_37' title="bbox 499 2170 2084 2251; baseline -0.008 -14"><span class='ocrx_word' id='word_1_310' title='bbox 499 2196 662 2251; x_wconf 89' lang='lat' dir='ltr'><strong>quam</strong></span> <span class='ocrx_word' id='word_1_311' title='bbox 689 2187 873 2234; x_wconf 87' lang='lat' dir='ltr'><strong>natum</strong></span> <span class='ocrx_word' id='word_1_312' title='bbox 901 2191 1042 2236; x_wconf 87' lang='lat' dir='ltr'><strong>esse.</strong></span> <span class='ocrx_word' id='word_1_313' title='bbox 1091 2173 1344 2243; x_wconf 87' lang='lat' dir='ltr'><strong>aliudque</strong></span> <span class='ocrx_word' id='word_1_314' title='bbox 1392 2180 1474 2230; x_wconf 88' lang='lat' dir='ltr'><strong>est</strong></span> <span class='ocrx_word' id='word_1_315' title='bbox 1497 2170 1794 2241; x_wconf 87' lang='lat' dir='ltr'><strong>procedere</strong></span> <span class='ocrx_word' id='word_1_316' title='bbox 1832 2172 1924 2242; x_wconf 91' lang='lat' dir='ltr'><strong>(al.</strong></span> <span class='ocrx_word' id='word_1_317' title='bbox 1959 2186 2084 2240; x_wconf 90' lang='lat' dir='ltr'><strong>pro-</strong></span> 
     </span>
    </p>
   </div>
   <div class='ocr_carea' id='block_1_38' title="bbox 498 2261 2083 2342">
    <p class='ocr_par' dir='ltr' id='par_1_38' title="bbox 498 2261 2083 2342">
     <span class='ocr_line' id='line_1_38' title="bbox 498 2261 2083 2342; baseline -0.008 -12"><span class='ocrx_word' id='word_1_318' title='bbox 498 2270 744 2342; x_wconf 88' lang='lat' dir='ltr'><strong>cessisse)</strong></span> <span class='ocrx_word' id='word_1_319' title='bbox 771 2285 934 2340; x_wconf 90' lang='lat' dir='ltr'><strong>quam</strong></span> <span class='ocrx_word' id='word_1_320' title='bbox 961 2265 1222 2337; x_wconf 81' lang='lat' dir='ltr'><strong>genuisse</strong></span> <span class='ocrx_word' id='word_1_321' title='bbox 1235 2264 1320 2320; x_wconf 90' lang='lat' dir='ltr'><strong>vel</strong></span> <span class='ocrx_word' id='word_1_322' title='bbox 1345 2274 1530 2318; x_wconf 87' lang='lat' dir='ltr'><strong>natum</strong></span> <span class='ocrx_word' id='word_1_323' title='bbox 1563 2278 1699 2325; x_wconf 89' lang='lat' dir='ltr'><strong>esse,</strong></span> <span class='ocrx_word' id='word_1_324' title='bbox 1741 2261 2083 2318; x_wconf 87' lang='lat' dir='ltr'><strong>manifestum</strong></span> 
     </span>
    </p>
   </div>
   <div class='ocr_carea' id='block_1_39' title="bbox 498 2353 2085 2434">
    <p class='ocr_par' dir='ltr' id='par_1_39' title="bbox 498 2353 2085 2434">
     <span class='ocr_line' id='line_1_39' title="bbox 498 2353 2085 2434; baseline -0.009 -13"><span class='ocrx_word' id='word_1_325' title='bbox 498 2372 581 2421; x_wconf 91' lang='lat' dir='ltr'><strong>est</strong></span> <span class='ocrx_word' id='word_1_326' title='bbox 611 2362 866 2434; x_wconf 87' lang='lat' dir='ltr'><strong>quoniam</strong></span> <span class='ocrx_word' id='word_1_327' title='bbox 897 2360 1034 2414; x_wconf 91' lang='lat' dir='ltr'><strong>alius</strong></span> <span class='ocrx_word' id='word_1_328' title='bbox 1063 2365 1146 2413; x_wconf 90' lang='lat' dir='ltr'><strong>est</strong></span> <span class='ocrx_word' id='word_1_329' title='bbox 1167 2356 1346 2422; x_wconf 89' lang='lat' dir='ltr'><strong>Pater,</strong></span> <span class='ocrx_word' id='word_1_330' title='bbox 1375 2355 1510 2411; x_wconf 85' lang='lat' dir='ltr'><strong>alius</strong></span> <span class='ocrx_word' id='word_1_331' title='bbox 1539 2354 1724 2419; x_wconf 89' lang='lat' dir='ltr'><strong>Filius,</strong></span> <span class='ocrx_word' id='word_1_332' title='bbox 1755 2355 1892 2413; x_wconf 88' lang='lat' dir='ltr'><strong>alius</strong></span> <span class='ocrx_word' id='word_1_333' title='bbox 1915 2353 2085 2424; x_wconf 79' lang='lat' dir='ltr'><strong>Spiri-</strong></span> 
     </span>
    </p>
   </div>
   <div class='ocr_carea' id='block_1_40' title="bbox 497 2444 2086 2520">
    <p class='ocr_par' dir='ltr' id='par_1_40' title="bbox 497 2444 2086 2520">
     <span class='ocr_line' id='line_1_40' title="bbox 497 2444 2086 2520; baseline -0.01 -7"><span class='ocrx_word' id='word_1_334' title='bbox 497 2465 586 2513; x_wconf 89' lang='lat' dir='ltr'><strong>tus</strong></span> <span class='ocrx_word' id='word_1_335' title='bbox 629 2463 862 2510; x_wconf 88' lang='lat' dir='ltr'><strong>sanctus.</strong></span> <span class='ocrx_word' id='word_1_336' title='bbox 898 2452 1133 2507; x_wconf 86' lang='lat' dir='ltr'><strong>Trinitas</strong></span> <span class='ocrx_word' id='word_1_337' title='bbox 1172 2451 1354 2520; x_wconf 85' lang='lat' dir='ltr'><strong>itaque</strong></span> <span class='ocrx_word' id='word_1_338' title='bbox 1400 2448 1467 2503; x_wconf 89' lang='lat' dir='ltr'><strong>ad</strong></span> <span class='ocrx_word' id='word_1_339' title='bbox 1511 2461 1770 2517; x_wconf 84' lang='lat' dir='ltr'><strong>personas</strong></span> <span class='ocrx_word' id='word_1_340' title='bbox 1811 2444 1985 2500; x_wconf 87' lang='lat' dir='ltr'><strong>Patris</strong></span> <span class='ocrx_word' id='word_1_341' title='bbox 2029 2450 2086 2498; x_wconf 90' lang='lat' dir='ltr'><strong>et</strong></span> 
     </span>
    </p>
   </div>
   <div class='ocr_carea' id='block_1_41' title="bbox 496 2537 2042 2614">
    <p class='ocr_par' dir='ltr' id='par_1_41' title="bbox 496 2537 2042 2614">
     <span class='ocr_line' id='line_1_41' title="bbox 496 2537 2042 2614; baseline -0.008 -13"><span class='ocrx_word' id='word_1_342' title='bbox 496 2546 617 2601; x_wconf 91' lang='lat' dir='ltr'><strong><em>Filii</em></strong></span> <span class='ocrx_word' id='word_1_343' title='bbox 646 2553 700 2600; x_wconf 89' lang='lat' dir='ltr'><strong>et</strong></span> <span class='ocrx_word' id='word_1_344' title='bbox 721 2544 953 2614; x_wconf 90' lang='lat' dir='ltr'><strong>Spiritus</strong></span> <span class='ocrx_word' id='word_1_345' title='bbox 982 2542 1155 2597; x_wconf 87' lang='lat' dir='ltr'><strong>sancti</strong></span> <span class='ocrx_word' id='word_1_346' title='bbox 1186 2540 1436 2604; x_wconf 82' lang='lat' dir='ltr'><strong>refertur,</strong></span> <span class='ocrx_word' id='word_1_347' title='bbox 1469 2539 1648 2593; x_wconf 89' lang='lat' dir='ltr'><strong>unitas</strong></span> <span class='ocrx_word' id='word_1_348' title='bbox 1676 2537 1745 2592; x_wconf 87' lang='lat' dir='ltr'><strong>ad</strong></span> <span class='ocrx_word' id='word_1_349' title='bbox 1776 2545 2042 2591; x_wconf 88' lang='lat' dir='ltr'><strong>naturam.</strong></span> 
     </span>
    </p>
   </div>
   <div class='ocr_carea' id='block_1_42' title="bbox 568 2627 2084 2695">
    <p class='ocr_par' dir='ltr' id='par_1_42' title="bbox 568 2627 2084 2695">
     <span class='ocr_line' id='line_1_42' title="bbox 568 2627 2084 2695; baseline -0.007 -4"><span class='ocrx_word' id='word_1_350' title='bbox 568 2636 698 2691; x_wconf 71' lang='lat' dir='ltr'><strong>CAP.</strong></span> <span class='ocrx_word' id='word_1_351' title='bbox 729 2650 785 2690; x_wconf 90' lang='lat' dir='ltr'><strong>n.</strong></span> <span class='ocrx_word' id='word_1_352' title='bbox 829 2633 1146 2687; x_wconf 76' lang='lat' dir='ltr'><strong>Humanitas</strong></span> <span class='ocrx_word' id='word_1_353' title='bbox 1174 2630 1386 2685; x_wconf 80' lang='lat' dir='ltr'><strong>Christi.</strong></span> <span class='ocrx_word' id='word_1_354' title='bbox 1429 2659 1503 2670; x_wconf 90' lang='lat'><strong>--</strong></span> <span class='ocrx_word' id='word_1_355' title='bbox 1533 2628 1590 2685; x_wconf 90' lang='lat'><strong>7.</strong></span> <span class='ocrx_word' id='word_1_356' title='bbox 1636 2627 1788 2684; x_wconf 91' lang='lat' dir='ltr'><strong>Sicut</strong></span> <span class='ocrx_word' id='word_1_357' title='bbox 1813 2641 1961 2695; x_wconf 88' lang='lat' dir='ltr'><strong>ergo,</strong></span> <span class='ocrx_word' id='word_1_358' title='bbox 1996 2641 2084 2681; x_wconf 90' lang='lat' dir='ltr'><strong>se-</strong></span> 
     </span>
    </p>
   </div>
   <div class='ocr_carea' id='block_1_43' title="bbox 496 2719 2082 2792">
    <p class='ocr_par' dir='ltr' id='par_1_43' title="bbox 496 2719 2082 2792">
     <span class='ocr_line' id='line_1_43' title="bbox 496 2719 2082 2792; baseline -0.008 -8"><span class='ocrx_word' id='word_1_359' title='bbox 496 2726 726 2783; x_wconf 90' lang='lat' dir='ltr'><strong>cundum</strong></span> <span class='ocrx_word' id='word_1_360' title='bbox 792 2725 939 2780; x_wconf 87' lang='lat' dir='ltr'><strong>illam</strong></span> <span class='ocrx_word' id='word_1_361' title='bbox 983 2722 1320 2778; x_wconf 85' lang='lat' dir='ltr'><strong>divinitatem</strong></span> <span class='ocrx_word' id='word_1_362' title='bbox 1363 2736 1468 2792; x_wconf 86' lang='lat' dir='ltr'><strong>qua</strong></span> <span class='ocrx_word' id='word_1_363' title='bbox 1524 2735 1690 2776; x_wconf 91' lang='lat' dir='ltr'><strong>unum</strong></span> <span class='ocrx_word' id='word_1_364' title='bbox 1747 2727 1870 2774; x_wconf 92' lang='lat' dir='ltr'><strong>sunt</strong></span> <span class='ocrx_word' id='word_1_365' title='bbox 1920 2719 2082 2773; x_wconf 88' lang='lat' dir='ltr'><strong>Pater</strong></span> 
     </span>
    </p>
   </div>
   <div class='ocr_carea' id='block_1_44' title="bbox 499 2809 2082 2889">
    <p class='ocr_par' dir='ltr' id='par_1_44' title="bbox 499 2809 2082 2889">
     <span class='ocr_line' id='line_1_44' title="bbox 499 2809 2082 2889; baseline -0.005 -18"><span class='ocrx_word' id='word_1_366' title='bbox 499 2816 663 2889; x_wconf 57' lang='lat'><strong>505.</strong></span> <span class='ocrx_word' id='word_1_367' title='bbox 690 2823 745 2871; x_wconf 90' lang='lat' dir='ltr'><strong>et</strong></span> <span class='ocrx_word' id='word_1_368' title='bbox 760 2816 927 2871; x_wconf 92' lang='lat' dir='ltr'><strong>Filius</strong></span> <span class='ocrx_word' id='word_1_369' title='bbox 953 2821 1007 2870; x_wconf 91' lang='lat' dir='ltr'><strong>et</strong></span> <span class='ocrx_word' id='word_1_370' title='bbox 1021 2813 1254 2884; x_wconf 90' lang='lat' dir='ltr'><strong>Spiritus</strong></span> <span class='ocrx_word' id='word_1_371' title='bbox 1279 2820 1516 2876; x_wconf 88' lang='lat' dir='ltr'><strong>sanctus,</strong></span> <span class='ocrx_word' id='word_1_372' title='bbox 1543 2826 1718 2880; x_wconf 90' lang='lat' dir='ltr'><strong>neque</strong></span> <span class='ocrx_word' id='word_1_373' title='bbox 1741 2809 1952 2866; x_wconf 89' lang='lat' dir='ltr'><strong>Patrem</strong></span> <span class='ocrx_word' id='word_1_374' title='bbox 1983 2826 2082 2864; x_wconf 83' lang='lat' dir='ltr'><strong>na-</strong></span> 
     </span>
    </p>
   </div>
   <div class='ocr_carea' id='block_1_45' title="bbox 498 2903 2080 2975">
    <p class='ocr_par' dir='ltr' id='par_1_45' title="bbox 498 2903 2080 2975">
     <span class='ocr_line' id='line_1_45' title="bbox 498 2903 2080 2975; baseline -0.003 -11"><span class='ocrx_word' id='word_1_375' title='bbox 498 2917 611 2964; x_wconf 89' lang='lat' dir='ltr'><strong>tum</strong></span> <span class='ocrx_word' id='word_1_376' title='bbox 633 2907 922 2974; x_wconf 89' lang='lat' dir='ltr'><strong>credimus,</strong></span> <span class='ocrx_word' id='word_1_377' title='bbox 971 2920 1146 2974; x_wconf 89' lang='lat' dir='ltr'><strong>neque</strong></span> <span class='ocrx_word' id='word_1_378' title='bbox 1180 2904 1440 2975; x_wconf 89' lang='lat' dir='ltr'><strong>Spiritum</strong></span> <span class='ocrx_word' id='word_1_379' title='bbox 1467 2911 1733 2969; x_wconf 87' lang='lat' dir='ltr'><strong>sanctum,</strong></span> <span class='ocrx_word' id='word_1_380' title='bbox 1762 2903 1858 2959; x_wconf 87' lang='lat' dir='ltr'><strong>sed</strong></span> <span class='ocrx_word' id='word_1_381' title='bbox 1903 2903 2080 2959; x_wconf 85' lang='lat' dir='ltr'><strong>solum</strong></span> 
     </span>
    </p>
   </div>
   <div class='ocr_carea' id='block_1_46' title="bbox 497 2992 2083 3055">
    <p class='ocr_par' dir='ltr' id='par_1_46' title="bbox 497 2992 2083 3055">
     <span class='ocr_line' id='line_1_46' title="bbox 497 2992 2083 3055; baseline -0.004 0"><span class='ocrx_word' id='word_1_382' title='bbox 497 2999 690 3055; x_wconf 90' lang='lat' dir='ltr'><strong>Filium</strong></span> <span class='ocrx_word' id='word_1_383' title='bbox 719 3016 731 3051; x_wconf 88' lang='lat'><strong>:</strong></span> <span class='ocrx_word' id='word_1_384' title='bbox 761 2998 840 3053; x_wconf 91' lang='lat' dir='ltr'><strong>sic</strong></span> <span class='ocrx_word' id='word_1_385' title='bbox 876 2997 1039 3052; x_wconf 90' lang='lat' dir='ltr'><strong>etiam</strong></span> <span class='ocrx_word' id='word_1_386' title='bbox 1084 2993 1379 3050; x_wconf 82' lang='lat' dir='ltr'><strong>secundum</strong></span> <span class='ocrx_word' id='word_1_387' title='bbox 1426 3008 1644 3048; x_wconf 85' lang='lat' dir='ltr'><strong>carnem</strong></span> <span class='ocrx_word' id='word_1_388' title='bbox 1673 2993 1849 3048; x_wconf 86' lang='lat' dir='ltr'><strong>solum</strong></span> <span class='ocrx_word' id='word_1_389' title='bbox 1890 2992 2083 3048; x_wconf 88' lang='lat' dir='ltr'><strong>Filium</strong></span> 
     </span>
    </p>
   </div>
   <div class='ocr_carea' id='block_1_47' title="bbox 495 3083 2084 3154">
    <p class='ocr_par' dir='ltr' id='par_1_47' title="bbox 495 3083 2084 3154">
     <span class='ocr_line' id='line_1_47' title="bbox 495 3083 2084 3154; baseline -0.003 -9"><span class='ocrx_word' id='word_1_390' title='bbox 495 3100 682 3146; x_wconf 90' lang='lat' dir='ltr'><strong>natum</strong></span> <span class='ocrx_word' id='word_1_391' title='bbox 713 3087 981 3144; x_wconf 87' lang='lat' dir='ltr'><strong>catholica</strong></span> <span class='ocrx_word' id='word_1_392' title='bbox 1011 3086 1146 3146; x_wconf 85' lang='lat' dir='ltr'><strong>tides</strong></span> <span class='ocrx_word' id='word_1_393' title='bbox 1184 3093 1241 3142; x_wconf 89' lang='lat' dir='ltr'><strong>et</strong></span> <span class='ocrx_word' id='word_1_394' title='bbox 1281 3084 1455 3140; x_wconf 88' lang='lat' dir='ltr'><strong>credit</strong></span> <span class='ocrx_word' id='word_1_395' title='bbox 1478 3092 1535 3139; x_wconf 91' lang='lat' dir='ltr'><strong>et</strong></span> <span class='ocrx_word' id='word_1_396' title='bbox 1572 3084 1850 3154; x_wconf 65' lang='lat' dir='ltr'><strong>pradicat.</strong></span> <span class='ocrx_word' id='word_1_397' title='bbox 1894 3083 2084 3154; x_wconf 85' lang='lat' dir='ltr'><strong>Neque</strong></span> 
     </span>
    </p>
   </div>
   <div class='ocr_carea' id='block_1_48' title="bbox 2185 1887 3782 1963">
    <p class='ocr_par' dir='ltr' id='par_1_48' title="bbox 2185 1887 3782 1963">
     <span class='ocr_line' id='line_1_48' title="bbox 2185 1887 3782 1963; baseline 0.003 -17"><span class='ocrx_word' id='word_1_398' title='bbox 2185 1891 2461 1963; x_wconf 78' lang='lat' dir='ltr'><strong>praedicat,</strong></span> <span class='ocrx_word' id='word_1_399' title='bbox 2507 1898 2563 1946; x_wconf 89' lang='lat' dir='ltr'><strong>et</strong></span> <span class='ocrx_word' id='word_1_400' title='bbox 2589 1890 2884 1946; x_wconf 86' lang='lat' dir='ltr'><strong>secundum</strong></span> <span class='ocrx_word' id='word_1_401' title='bbox 2911 1889 3249 1944; x_wconf 87' lang='lat' dir='ltr'><strong>divinitatem</strong></span> <span class='ocrx_word' id='word_1_402' title='bbox 3278 1889 3345 1943; x_wconf 89' lang='lat' dir='ltr'><strong>de</strong></span> <span class='ocrx_word' id='word_1_403' title='bbox 3373 1887 3536 1944; x_wconf 87' lang='lat' dir='ltr'><strong>Patre</strong></span> <span class='ocrx_word' id='word_1_404' title='bbox 3585 1900 3782 1950; x_wconf 85' lang='lat' dir='ltr'><strong>natum</strong></span> 
     </span>
    </p>
   </div>
   <div class='ocr_carea' id='block_1_49' title="bbox 2187 1981 3779 2052">
    <p class='ocr_par' dir='ltr' id='par_1_49' title="bbox 2187 1981 3779 2052">
     <span class='ocr_line' id='line_1_49' title="bbox 2187 1981 3779 2052; baseline 0.001 -13"><span class='ocrx_word' id='word_1_405' title='bbox 2187 2000 2306 2040; x_wconf 91' lang='lat' dir='ltr'><strong>esse</strong></span> <span class='ocrx_word' id='word_1_406' title='bbox 2332 1985 2506 2039; x_wconf 89' lang='lat' dir='ltr'><strong>solum</strong></span> <span class='ocrx_word' id='word_1_407' title='bbox 2529 1982 2721 2038; x_wconf 84' lang='lat' dir='ltr'><strong>Filium</strong></span> <span class='ocrx_word' id='word_1_408' title='bbox 2748 1990 3011 2038; x_wconf 69' lang='lat' dir='ltr'><strong>aeternum</strong></span> <span class='ocrx_word' id='word_1_409' title='bbox 3033 1998 3153 2037; x_wconf 91' lang='lat' dir='ltr'><strong>cum</strong></span> <span class='ocrx_word' id='word_1_410' title='bbox 3181 1981 3362 2042; x_wconf 86' lang='lat' dir='ltr'><strong>Patre,</strong></span> <span class='ocrx_word' id='word_1_411' title='bbox 3392 1981 3779 2052; x_wconf 77' lang='lat' dir='ltr'><strong>immortalem,</strong></span> 
     </span>
    </p>
   </div>
   <div class='ocr_carea' id='block_1_50' title="bbox 2186 2074 3778 2146">
    <p class='ocr_par' dir='ltr' id='par_1_50' title="bbox 2186 2074 3778 2146">
     <span class='ocr_line' id='line_1_50' title="bbox 2186 2074 3778 2146; baseline 0.003 -16"><span class='ocrx_word' id='word_1_412' title='bbox 2186 2076 2589 2146; x_wconf 90' lang='lat' dir='ltr'><strong>impassibilem,</strong></span> <span class='ocrx_word' id='word_1_413' title='bbox 2635 2084 2799 2144; x_wconf 89' lang='lat' dir='ltr'><strong>atque</strong></span> <span class='ocrx_word' id='word_1_414' title='bbox 2830 2074 3324 2131; x_wconf 85' lang='lat' dir='ltr'><strong>incommutabilem</strong></span> <span class='ocrx_word' id='word_1_415' title='bbox 3348 2075 3548 2142; x_wconf 88' lang='lat' dir='ltr'><strong>Deum;</strong></span> <span class='ocrx_word' id='word_1_416' title='bbox 3597 2085 3652 2132; x_wconf 91' lang='lat' dir='ltr'><strong>et</strong></span> <span class='ocrx_word' id='word_1_417' title='bbox 3686 2093 3778 2134; x_wconf 87' lang='lat' dir='ltr'><strong>se-</strong></span> 
     </span>
    </p>
   </div>
   <div class='ocr_carea' id='block_1_51' title="bbox 2186 2165 3783 2238">
    <p class='ocr_par' dir='ltr' id='par_1_51' title="bbox 2186 2165 3783 2238">
     <span class='ocr_line' id='line_1_51' title="bbox 2186 2165 3783 2238; baseline 0.003 -16"><span class='ocrx_word' id='word_1_418' title='bbox 2186 2167 2421 2222; x_wconf 86' lang='lat' dir='ltr'><strong>cundum</strong></span> <span class='ocrx_word' id='word_1_419' title='bbox 2448 2182 2668 2223; x_wconf 89' lang='lat' dir='ltr'><strong>carnem</strong></span> <span class='ocrx_word' id='word_1_420' title='bbox 2721 2182 2830 2221; x_wconf 89' lang='lat' dir='ltr'><strong>non</strong></span> <span class='ocrx_word' id='word_1_421' title='bbox 2859 2165 3095 2234; x_wconf 89' lang='lat' dir='ltr'><strong>Patrem,</strong></span> <span class='ocrx_word' id='word_1_422' title='bbox 3144 2165 3240 2222; x_wconf 89' lang='lat' dir='ltr'><strong>sed</strong></span> <span class='ocrx_word' id='word_1_423' title='bbox 3282 2166 3613 2236; x_wconf 79' lang='lat' dir='ltr'><strong>unigenitum</strong></span> <span class='ocrx_word' id='word_1_424' title='bbox 3662 2169 3783 2238; x_wconf 84' lang='lat' dir='ltr'><strong>ejus</strong></span> 
     </span>
    </p>
   </div>
   <div class='ocr_carea' id='block_1_52' title="bbox 2186 2257 3780 2327">
    <p class='ocr_par' dir='ltr' id='par_1_52' title="bbox 2186 2257 3780 2327">
     <span class='ocr_line' id='line_1_52' title="bbox 2186 2257 3780 2327; baseline 0.001 -15"><span class='ocrx_word' id='word_1_425' title='bbox 2186 2259 2402 2326; x_wconf 88' lang='lat' dir='ltr'><strong>Filium,</strong></span> <span class='ocrx_word' id='word_1_426' title='bbox 2445 2258 2592 2313; x_wconf 86' lang='lat' dir='ltr'><strong>salva</strong></span> <span class='ocrx_word' id='word_1_427' title='bbox 2617 2257 2922 2313; x_wconf 65' lang='lat' dir='ltr'><strong>aeternitate</strong></span> <span class='ocrx_word' id='word_1_428' title='bbox 2961 2273 3058 2312; x_wconf 87' lang='lat' dir='ltr'><strong>sua</strong></span> <span class='ocrx_word' id='word_1_429' title='bbox 3083 2257 3134 2322; x_wconf 76' lang='grc' dir='ltr'><strong>ιι,</strong></span> <span class='ocrx_word' id='word_1_430' title='bbox 3166 2258 3536 2327; x_wconf 88' lang='lat' dir='ltr'><strong>temporaliter</strong></span> <span class='ocrx_word' id='word_1_431' title='bbox 3567 2266 3780 2327; x_wconf 87' lang='lat' dir='ltr'><strong>natum,</strong></span> 
     </span>
    </p>
   </div>
   <div class='ocr_carea' id='block_1_53' title="bbox 2186 2347 3781 2420">
    <p class='ocr_par' dir='ltr' id='par_1_53' title="bbox 2186 2347 3781 2420">
     <span class='ocr_line' id='line_1_53' title="bbox 2186 2347 3781 2420; baseline 0.001 -15"><span class='ocrx_word' id='word_1_432' title='bbox 2186 2350 2335 2406; x_wconf 90' lang='lat' dir='ltr'><strong>salva</strong></span> <span class='ocrx_word' id='word_1_433' title='bbox 2360 2350 2786 2420; x_wconf 89' lang='lat' dir='ltr'><strong>impassibilitate</strong></span> <span class='ocrx_word' id='word_1_434' title='bbox 2806 2363 2902 2404; x_wconf 89' lang='lat' dir='ltr'><strong>sua</strong></span> <span class='ocrx_word' id='word_1_435' title='bbox 2927 2364 3167 2420; x_wconf 88' lang='lat' dir='ltr'><strong>passum,</strong></span> <span class='ocrx_word' id='word_1_436' title='bbox 3192 2347 3341 2404; x_wconf 88' lang='lat' dir='ltr'><strong>salva</strong></span> <span class='ocrx_word' id='word_1_437' title='bbox 3372 2349 3781 2408; x_wconf 76' lang='lat' dir='ltr'><strong>immortalitate</strong></span> 
     </span>
    </p>
   </div>
   <div class='ocr_carea' id='block_1_54' title="bbox 2185 2441 3778 2516">
    <p class='ocr_par' dir='ltr' id='par_1_54' title="bbox 2185 2441 3778 2516">
     <span class='ocr_line' id='line_1_54' title="bbox 2185 2441 3778 2516; baseline 0.003 -20"><span class='ocrx_word' id='word_1_438' title='bbox 2185 2458 2282 2496; x_wconf 89' lang='lat' dir='ltr'><strong>sua</strong></span> <span class='ocrx_word' id='word_1_439' title='bbox 2312 2451 2604 2508; x_wconf 92' lang='lat' dir='ltr'><strong>mortuum,</strong></span> <span class='ocrx_word' id='word_1_440' title='bbox 2640 2442 2789 2496; x_wconf 88' lang='lat' dir='ltr'><strong>salva</strong></span> <span class='ocrx_word' id='word_1_441' title='bbox 2828 2441 3368 2498; x_wconf 87' lang='lat' dir='ltr'><strong>incommutabilitate</strong></span> <span class='ocrx_word' id='word_1_442' title='bbox 3396 2458 3514 2505; x_wconf 88' lang='lat' dir='ltr'><strong>sua,</strong></span> <span class='ocrx_word' id='word_1_443' title='bbox 3540 2458 3650 2512; x_wconf 89' lang='lat' dir='ltr'><strong>qua</strong></span> <span class='ocrx_word' id='word_1_444' title='bbox 3683 2445 3778 2516; x_wconf 91' lang='lat' dir='ltr'><strong>(al.</strong></span> 
     </span>
    </p>
   </div>
   <div class='ocr_carea' id='block_1_55' title="bbox 2186 2536 3782 2608">
    <p class='ocr_par' dir='ltr' id='par_1_55' title="bbox 2186 2536 3782 2608">
     <span class='ocr_line' id='line_1_55' title="bbox 2186 2536 3782 2608; baseline 0.001 -17"><span class='ocrx_word' id='word_1_445' title='bbox 2186 2537 2332 2608; x_wconf 90' lang='lat' dir='ltr'><strong>quia)</strong></span> <span class='ocrx_word' id='word_1_446' title='bbox 2363 2537 2506 2592; x_wconf 90' lang='lat' dir='ltr'><strong>Deus</strong></span> <span class='ocrx_word' id='word_1_447' title='bbox 2536 2551 2695 2591; x_wconf 88' lang='lat' dir='ltr'><strong>verus</strong></span> <span class='ocrx_word' id='word_1_448' title='bbox 2722 2544 2778 2591; x_wconf 91' lang='lat' dir='ltr'><strong>et</strong></span> <span class='ocrx_word' id='word_1_449' title='bbox 2801 2536 2910 2590; x_wconf 88' lang='lat' dir='ltr'><strong>vita</strong></span> <span class='ocrx_word' id='word_1_450' title='bbox 2933 2542 3133 2590; x_wconf 65' lang='lat' dir='ltr'><strong>aeterna</strong></span> <span class='ocrx_word' id='word_1_451' title='bbox 3162 2544 3265 2600; x_wconf 83' lang='lat' dir='ltr'><strong>est,</strong></span> <span class='ocrx_word' id='word_1_452' title='bbox 3309 2536 3579 2592; x_wconf 84' lang='lat' dir='ltr'><strong>veraciter</strong></span> <span class='ocrx_word' id='word_1_453' title='bbox 3605 2537 3782 2592; x_wconf 80' lang='lat' dir='ltr'><strong>susci-</strong></span> 
     </span>
    </p>
   </div>
   <div class='ocr_carea' id='block_1_56' title="bbox 2187 2625 3782 2699">
    <p class='ocr_par' dir='ltr' id='par_1_56' title="bbox 2187 2625 3782 2699">
     <span class='ocr_line' id='line_1_56' title="bbox 2187 2625 3782 2699; baseline 0.001 -17"><span class='ocrx_word' id='word_1_454' title='bbox 2187 2636 2380 2684; x_wconf 84' lang='lat' dir='ltr'><strong>tatam.</strong></span> <span class='ocrx_word' id='word_1_455' title='bbox 2417 2628 2521 2695; x_wconf 87' lang='lat' dir='ltr'><strong>Qui</strong></span> <span class='ocrx_word' id='word_1_456' title='bbox 2553 2635 2723 2682; x_wconf 90' lang='lat' dir='ltr'><strong>totum</strong></span> <span class='ocrx_word' id='word_1_457' title='bbox 2753 2627 2918 2683; x_wconf 83' lang='lat' dir='ltr'><strong>habet</strong></span> <span class='ocrx_word' id='word_1_458' title='bbox 2961 2641 3252 2682; x_wconf 87' lang='lat' dir='ltr'><strong>commune</strong></span> <span class='ocrx_word' id='word_1_459' title='bbox 3277 2642 3400 2682; x_wconf 89' lang='lat' dir='ltr'><strong>cum</strong></span> <span class='ocrx_word' id='word_1_460' title='bbox 3431 2625 3590 2682; x_wconf 87' lang='lat' dir='ltr'><strong>Patre</strong></span> <span class='ocrx_word' id='word_1_461' title='bbox 3635 2628 3782 2699; x_wconf 88' lang='lat' dir='ltr'><strong>quod</strong></span> 
     </span>
    </p>
   </div>
   <div class='ocr_carea' id='block_1_57' title="bbox 2185 2719 3784 2785">
    <p class='ocr_par' dir='ltr' id='par_1_57' title="bbox 2185 2719 3784 2785">
     <span class='ocr_line' id='line_1_57' title="bbox 2185 2719 3784 2785; baseline 0.003 -11"><span class='ocrx_word' id='word_1_462' title='bbox 2185 2728 2422 2776; x_wconf 62' lang='lat' dir='ltr'><strong>aeternus</strong></span> <span class='ocrx_word' id='word_1_463' title='bbox 2445 2720 2760 2775; x_wconf 86' lang='lat' dir='ltr'><strong>naturaliter</strong></span> <span class='ocrx_word' id='word_1_464' title='bbox 2787 2720 2905 2775; x_wconf 89' lang='lat' dir='ltr'><strong>sine</strong></span> <span class='ocrx_word' id='word_1_465' title='bbox 2934 2719 3088 2774; x_wconf 90' lang='lat' dir='ltr'><strong>initio</strong></span> <span class='ocrx_word' id='word_1_466' title='bbox 3119 2719 3338 2785; x_wconf 89' lang='lat' dir='ltr'><strong>habuit,</strong></span> <span class='ocrx_word' id='word_1_467' title='bbox 3368 2725 3424 2774; x_wconf 89' lang='lat' dir='ltr'><strong>et</strong></span> <span class='ocrx_word' id='word_1_468' title='bbox 3451 2719 3582 2774; x_wconf 88' lang='lat' dir='ltr'><strong>nihil</strong></span> <span class='ocrx_word' id='word_1_469' title='bbox 3614 2720 3784 2778; x_wconf 80' lang='lat' dir='ltr'><strong>habet</strong></span> 
     </span>
    </p>
   </div>
   <div class='ocr_carea' id='block_1_58' title="bbox 2187 2811 3783 2883">
    <p class='ocr_par' dir='ltr' id='par_1_58' title="bbox 2187 2811 3783 2883">
     <span class='ocr_line' id='line_1_58' title="bbox 2187 2811 3783 2883; baseline -0.002 -14"><span class='ocrx_word' id='word_1_470' title='bbox 2187 2829 2475 2870; x_wconf 88' lang='lat' dir='ltr'><strong>commune</strong></span> <span class='ocrx_word' id='word_1_471' title='bbox 2505 2830 2626 2869; x_wconf 86' lang='lat' dir='ltr'><strong>cum</strong></span> <span class='ocrx_word' id='word_1_472' title='bbox 2650 2813 2814 2868; x_wconf 87' lang='lat' dir='ltr'><strong>Patre</strong></span> <span class='ocrx_word' id='word_1_473' title='bbox 2843 2828 3033 2867; x_wconf 90' lang='lat' dir='ltr'><strong>eorum</strong></span> <span class='ocrx_word' id='word_1_474' title='bbox 3060 2827 3179 2883; x_wconf 70' lang='lat' dir='ltr'><strong>quae</strong></span> <span class='ocrx_word' id='word_1_475' title='bbox 3208 2811 3263 2866; x_wconf 93' lang='lat' dir='ltr'><strong>in</strong></span> <span class='ocrx_word' id='word_1_476' title='bbox 3291 2826 3441 2867; x_wconf 88' lang='lat' dir='ltr'><strong>suam</strong></span> <span class='ocrx_word' id='word_1_477' title='bbox 3482 2826 3783 2882; x_wconf 87' lang='lat' dir='ltr'><strong>personam</strong></span> 
     </span>
    </p>
   </div>
   <div class='ocr_carea' id='block_1_59' title="bbox 2187 2904 3783 2976">
    <p class='ocr_par' dir='ltr' id='par_1_59' title="bbox 2187 2904 3783 2976">
     <span class='ocr_line' id='line_1_59' title="bbox 2187 2904 3783 2976; baseline 0.001 -18"><span class='ocrx_word' id='word_1_478' title='bbox 2187 2906 2558 2974; x_wconf 86' lang='lat' dir='ltr'><strong>temporaliter</strong></span> <span class='ocrx_word' id='word_1_479' title='bbox 2599 2914 2762 2974; x_wconf 89' lang='lat' dir='ltr'><strong>atque</strong></span> <span class='ocrx_word' id='word_1_480' title='bbox 2789 2905 3071 2960; x_wconf 87' lang='lat' dir='ltr'><strong>humiliter</strong></span> <span class='ocrx_word' id='word_1_481' title='bbox 3099 2904 3190 2959; x_wconf 92' lang='lat' dir='ltr'><strong>ille</strong></span> <span class='ocrx_word' id='word_1_482' title='bbox 3214 2912 3450 2960; x_wconf 66' lang='lat' dir='ltr'><strong>aeternus</strong></span> <span class='ocrx_word' id='word_1_483' title='bbox 3475 2913 3643 2976; x_wconf 86' lang='lat' dir='ltr'><strong>atque</strong></span> <span class='ocrx_word' id='word_1_484' title='bbox 3685 2919 3783 2960; x_wconf 80' lang='lat' dir='ltr'><strong>ex-</strong></span> 
     </span>
    </p>
   </div>
   <div class='ocr_carea' id='block_1_60' title="bbox 2186 2997 2680 3068">
    <p class='ocr_par' dir='ltr' id='par_1_60' title="bbox 2186 2997 2680 3068">
     <span class='ocr_line' id='line_1_60' title="bbox 2186 2997 2680 3068; baseline -0.006 -14"><span class='ocrx_word' id='word_1_485' title='bbox 2186 2998 2364 3054; x_wconf 89' lang='lat' dir='ltr'><strong>celsus</strong></span> <span class='ocrx_word' id='word_1_486' title='bbox 2385 2999 2602 3068; x_wconf 89' lang='lat' dir='ltr'><strong>accepit</strong></span> <span class='ocrx_word' id='word_1_487' title='bbox 2639 2997 2680 3052; x_wconf 85' lang='grc' dir='ltr'><strong>ι.</strong></span> 
     </span>
    </p>
   </div>
   <div class='ocr_carea' id='block_1_61' title="bbox 2259 3087 3776 3164">
    <p class='ocr_par' dir='ltr' id='par_1_61' title="bbox 2259 3087 3776 3164">
     <span class='ocr_line' id='line_1_61' title="bbox 2259 3087 3776 3164; baseline 0.003 -22"><span class='ocrx_word' id='word_1_488' title='bbox 2259 3091 2420 3164; x_wconf 78' lang='lat'><strong>505</strong></span> <span class='ocrx_word' id='word_1_489' title='bbox 2469 3091 2520 3143; x_wconf 90' lang='lat'><strong>9.</strong></span> <span class='ocrx_word' id='word_1_490' title='bbox 2562 3089 2769 3144; x_wconf 79' lang='lat' dir='ltr'><strong>Rursus</strong></span> <span class='ocrx_word' id='word_1_491' title='bbox 2809 3090 2854 3144; x_wconf 90' lang='lat' dir='ltr'><strong>si</strong></span> <span class='ocrx_word' id='word_1_492' title='bbox 2885 3105 2992 3144; x_wconf 92' lang='lat' dir='ltr'><strong>non</strong></span> <span class='ocrx_word' id='word_1_493' title='bbox 3046 3088 3140 3143; x_wconf 90' lang='lat' dir='ltr'><strong>ille</strong></span> <span class='ocrx_word' id='word_1_494' title='bbox 3183 3088 3276 3157; x_wconf 90' lang='lat' dir='ltr'><strong>qui</strong></span> <span class='ocrx_word' id='word_1_495' title='bbox 3321 3087 3574 3158; x_wconf 89' lang='lat' dir='ltr'><strong>proprius</strong></span> <span class='ocrx_word' id='word_1_496' title='bbox 3617 3094 3776 3157; x_wconf 72' lang='lat' dir='ltr'><strong>atque</strong></span> 
     </span>
    </p>
   </div>
   <div class='ocr_carea' id='block_1_62' title="bbox 496 3173 3782 3250">
    <p class='ocr_par' dir='ltr' id='par_1_62' title="bbox 496 3173 3782 3250">
     <span class='ocr_line' id='line_1_62' title="bbox 496 3173 3782 3250; baseline -0.002 -13"><span class='ocrx_word' id='word_1_497' title='bbox 496 3182 640 3238; x_wconf 89' lang='lat' dir='ltr'><strong>enim</strong></span> <span class='ocrx_word' id='word_1_498' title='bbox 686 3180 740 3236; x_wconf 92' lang='lat' dir='ltr'><strong>in</strong></span> <span class='ocrx_word' id='word_1_499' title='bbox 787 3179 876 3234; x_wconf 84' lang='lat' dir='ltr'><strong>illa</strong></span> <span class='ocrx_word' id='word_1_500' title='bbox 904 3178 1164 3234; x_wconf 89' lang='lat' dir='ltr'><strong>Trinitate</strong></span> <span class='ocrx_word' id='word_1_501' title='bbox 1201 3179 1478 3248; x_wconf 89' lang='lat' dir='ltr'><strong>proprium</strong></span> <span class='ocrx_word' id='word_1_502' title='bbox 1518 3185 1664 3234; x_wconf 80' lang='lat' dir='ltr'><strong>esset</strong></span> <span class='ocrx_word' id='word_1_503' title='bbox 1710 3176 1880 3232; x_wconf 89' lang='lat' dir='ltr'><strong>solius</strong></span> <span class='ocrx_word' id='word_1_504' title='bbox 1908 3173 2082 3234; x_wconf 89' lang='lat' dir='ltr'><strong>Patris</strong></span> <span class='ocrx_word' id='word_1_505' title='bbox 2107 3183 2154 3248; x_wconf 74' lang='grc' dir='ltr'>ο</span> <span class='ocrx_word' id='word_1_506' title='bbox 2186 3181 2493 3250; x_wconf 85' lang='lat' dir='ltr'><strong>unigenitus</strong></span> <span class='ocrx_word' id='word_1_507' title='bbox 2520 3179 2616 3234; x_wconf 91' lang='lat' dir='ltr'><strong>Dei</strong></span> <span class='ocrx_word' id='word_1_508' title='bbox 2649 3177 2822 3235; x_wconf 86' lang='lat' dir='ltr'><strong>Patris</strong></span> <span class='ocrx_word' id='word_1_509' title='bbox 2854 3178 3020 3235; x_wconf 86' lang='lat' dir='ltr'><strong>Filius</strong></span> <span class='ocrx_word' id='word_1_510' title='bbox 3042 3186 3145 3245; x_wconf 90' lang='lat' dir='ltr'><strong>est,</strong></span> <span class='ocrx_word' id='word_1_511' title='bbox 3169 3176 3267 3234; x_wconf 90' lang='lat' dir='ltr'><strong>sed</strong></span> <span class='ocrx_word' id='word_1_512' title='bbox 3295 3178 3528 3248; x_wconf 90' lang='lat' dir='ltr'><strong>Spiritus</strong></span> <span class='ocrx_word' id='word_1_513' title='bbox 3557 3186 3782 3234; x_wconf 86' lang='lat' dir='ltr'><strong>sanctus</strong></span> 
     </span>
    </p>
   </div>
   <div class='ocr_carea' id='block_1_63' title="bbox 496 3269 2078 3344">
    <p class='ocr_par' dir='ltr' id='par_1_63' title="bbox 496 3269 2078 3344">
     <span class='ocr_line' id='line_1_63' title="bbox 496 3269 2078 3344; baseline -0.003 -16"><span class='ocrx_word' id='word_1_514' title='bbox 496 3274 642 3344; x_wconf 83' lang='lat' dir='ltr'><strong>quod</strong></span> <span class='ocrx_word' id='word_1_515' title='bbox 671 3287 776 3327; x_wconf 92' lang='lat' dir='ltr'><strong>non</strong></span> <span class='ocrx_word' id='word_1_516' title='bbox 806 3280 889 3326; x_wconf 89' lang='lat' dir='ltr'><strong>est</strong></span> <span class='ocrx_word' id='word_1_517' title='bbox 929 3279 1086 3326; x_wconf 88' lang='lat' dir='ltr'><strong>natus</strong></span> <span class='ocrx_word' id='word_1_518' title='bbox 1116 3271 1250 3340; x_wconf 86' lang='lat' dir='ltr'><strong>ipse,</strong></span> <span class='ocrx_word' id='word_1_519' title='bbox 1277 3270 1370 3326; x_wconf 89' lang='lat' dir='ltr'><strong>sed</strong></span> <span class='ocrx_word' id='word_1_520' title='bbox 1397 3286 1562 3327; x_wconf 90' lang='lat' dir='ltr'><strong>unum</strong></span> <span class='ocrx_word' id='word_1_521' title='bbox 1593 3280 1617 3309; x_wconf 79' lang='grc' dir='ltr'><strong><em>ο</em></strong></span> <span class='ocrx_word' id='word_1_522' title='bbox 1641 3269 1835 3326; x_wconf 89' lang='lat' dir='ltr'><strong>Filium</strong></span> <span class='ocrx_word' id='word_1_523' title='bbox 1865 3270 2078 3338; x_wconf 72' lang='lat' dir='ltr'><strong>genuit;</strong></span> 
     </span>
    </p>
   </div>
   <div class='ocr_carea' id='block_1_64' title="bbox 497 3361 2079 3435">
    <p class='ocr_par' dir='ltr' id='par_1_64' title="bbox 497 3361 2079 3435">
     <span class='ocr_line' id='line_1_64' title="bbox 497 3361 2079 3435; baseline -0.001 -17"><span class='ocrx_word' id='word_1_524' title='bbox 497 3380 672 3435; x_wconf 87' lang='lat' dir='ltr'><strong>neque</strong></span> <span class='ocrx_word' id='word_1_525' title='bbox 699 3362 976 3434; x_wconf 89' lang='lat' dir='ltr'><strong>proprium</strong></span> <span class='ocrx_word' id='word_1_526' title='bbox 1005 3362 1173 3418; x_wconf 86' lang='lat' dir='ltr'><strong>solius</strong></span> <span class='ocrx_word' id='word_1_527' title='bbox 1210 3361 1349 3426; x_wconf 84' lang='lat' dir='ltr'><strong>Filii,</strong></span> <span class='ocrx_word' id='word_1_528' title='bbox 1396 3362 1541 3433; x_wconf 89' lang='lat' dir='ltr'><strong>quod</strong></span> <span class='ocrx_word' id='word_1_529' title='bbox 1567 3377 1676 3417; x_wconf 90' lang='lat' dir='ltr'><strong>non</strong></span> <span class='ocrx_word' id='word_1_530' title='bbox 1717 3361 1903 3431; x_wconf 90' lang='lat' dir='ltr'><strong>genuit</strong></span> <span class='ocrx_word' id='word_1_531' title='bbox 1943 3362 2079 3432; x_wconf 87' lang='lat' dir='ltr'><strong>ipse,</strong></span> 
     </span>
    </p>
   </div>
   <div class='ocr_carea' id='block_1_65' title="bbox 497 3453 2080 3524">
    <p class='ocr_par' dir='ltr' id='par_1_65' title="bbox 497 3453 2080 3524">
     <span class='ocr_line' id='line_1_65' title="bbox 497 3453 2080 3524; baseline -0.003 -11"><span class='ocrx_word' id='word_1_532' title='bbox 497 3456 594 3514; x_wconf 89' lang='lat' dir='ltr'><strong>sed</strong></span> <span class='ocrx_word' id='word_1_533' title='bbox 620 3455 767 3512; x_wconf 89' lang='lat' dir='ltr'><strong>solus</strong></span> <span class='ocrx_word' id='word_1_534' title='bbox 800 3453 868 3510; x_wconf 89' lang='lat' dir='ltr'><strong>de</strong></span> <span class='ocrx_word' id='word_1_535' title='bbox 901 3453 1075 3508; x_wconf 87' lang='lat' dir='ltr'><strong>Patris</strong></span> <span class='ocrx_word' id='word_1_536' title='bbox 1114 3454 1348 3510; x_wconf 81' lang='lat' dir='ltr'><strong>essentia</strong></span> <span class='ocrx_word' id='word_1_537' title='bbox 1376 3462 1534 3508; x_wconf 91' lang='lat' dir='ltr'><strong>natus</strong></span> <span class='ocrx_word' id='word_1_538' title='bbox 1571 3461 1681 3518; x_wconf 91' lang='lat' dir='ltr'><strong>est;</strong></span> <span class='ocrx_word' id='word_1_539' title='bbox 1731 3468 1904 3522; x_wconf 90' lang='lat' dir='ltr'><strong>neque</strong></span> <span class='ocrx_word' id='word_1_540' title='bbox 1951 3470 2080 3524; x_wconf 78' lang='lat' dir='ltr'><strong>pro-</strong></span> 
     </span>
    </p>
   </div>
   <div class='ocr_carea' id='block_1_66' title="bbox 496 3545 2082 3620">
    <p class='ocr_par' dir='ltr' id='par_1_66' title="bbox 496 3545 2082 3620">
     <span class='ocr_line' id='line_1_66' title="bbox 496 3545 2082 3620; baseline -0.001 -17"><span class='ocrx_word' id='word_1_541' title='bbox 496 3549 672 3620; x_wconf 86' lang='lat' dir='ltr'><strong>prium</strong></span> <span class='ocrx_word' id='word_1_542' title='bbox 694 3546 924 3618; x_wconf 89' lang='lat' dir='ltr'><strong>Spiritus</strong></span> <span class='ocrx_word' id='word_1_543' title='bbox 965 3545 1160 3610; x_wconf 89' lang='lat' dir='ltr'><strong>sancti,</strong></span> <span class='ocrx_word' id='word_1_544' title='bbox 1205 3545 1349 3614; x_wconf 87' lang='lat' dir='ltr'><strong>quod</strong></span> <span class='ocrx_word' id='word_1_545' title='bbox 1379 3560 1480 3600; x_wconf 90' lang='lat' dir='ltr'><strong>nec</strong></span> <span class='ocrx_word' id='word_1_546' title='bbox 1509 3552 1666 3600; x_wconf 88' lang='lat' dir='ltr'><strong>natus</strong></span> <span class='ocrx_word' id='word_1_547' title='bbox 1693 3553 1778 3600; x_wconf 89' lang='lat' dir='ltr'><strong>est</strong></span> <span class='ocrx_word' id='word_1_548' title='bbox 1816 3546 1952 3616; x_wconf 86' lang='lat' dir='ltr'><strong>ipse,</strong></span> <span class='ocrx_word' id='word_1_549' title='bbox 1981 3561 2082 3601; x_wconf 89' lang='lat' dir='ltr'><strong>nec</strong></span> 
     </span>
    </p>
   </div>
   <div class='ocr_carea' id='block_1_67' title="bbox 496 3635 2082 3710">
    <p class='ocr_par' dir='ltr' id='par_1_67' title="bbox 496 3635 2082 3710">
     <span class='ocr_line' id='line_1_67' title="bbox 496 3635 2082 3710; baseline -0.003 -12"><span class='ocrx_word' id='word_1_550' title='bbox 496 3641 699 3710; x_wconf 78' lang='lat' dir='ltr'><strong>genuit,</strong></span> <span class='ocrx_word' id='word_1_551' title='bbox 751 3638 848 3696; x_wconf 88' lang='lat' dir='ltr'><strong>sed</strong></span> <span class='ocrx_word' id='word_1_552' title='bbox 889 3638 1036 3693; x_wconf 89' lang='lat' dir='ltr'><strong>solus</strong></span> <span class='ocrx_word' id='word_1_553' title='bbox 1071 3637 1138 3692; x_wconf 90' lang='lat' dir='ltr'><strong>de</strong></span> <span class='ocrx_word' id='word_1_554' title='bbox 1167 3635 1327 3692; x_wconf 89' lang='lat' dir='ltr'><strong>Patre</strong></span> <span class='ocrx_word' id='word_1_555' title='bbox 1368 3635 1612 3708; x_wconf 82' lang='lat' dir='ltr'><strong>Filioque</strong></span> <span class='ocrx_word' id='word_1_556' title='bbox 1653 3637 1897 3707; x_wconf 89' lang='lat' dir='ltr'><strong>procedit</strong></span> <span class='ocrx_word' id='word_1_557' title='bbox 1932 3636 1949 3677; x_wconf 74' lang='grc' dir='ltr'>ί</span> <span class='ocrx_word' id='word_1_558' title='bbox 1972 3655 1984 3701; x_wconf 93' lang='grc'>;</span> <span class='ocrx_word' id='word_1_559' title='bbox 2036 3638 2082 3694; x_wconf 87' lang='lat' dir='ltr'><strong>si</strong></span> 
     </span>
    </p>
   </div>
   <div class='ocr_carea' id='block_1_68' title="bbox 495 3728 2082 3799">
    <p class='ocr_par' dir='ltr' id='par_1_68' title="bbox 495 3728 2082 3799">
     <span class='ocr_line' id='line_1_68' title="bbox 495 3728 2082 3799; baseline 0 -11"><span class='ocrx_word' id='word_1_560' title='bbox 495 3730 791 3788; x_wconf 78' lang='lat' dir='ltr'><strong>secundum</strong></span> <span class='ocrx_word' id='word_1_561' title='bbox 833 3729 1068 3784; x_wconf 79' lang='lat' dir='ltr'><strong>divinam</strong></span> <span class='ocrx_word' id='word_1_562' title='bbox 1108 3728 1325 3799; x_wconf 85' lang='lat' dir='ltr'><strong>quidem</strong></span> <span class='ocrx_word' id='word_1_563' title='bbox 1373 3737 1620 3785; x_wconf 76' lang='lat' dir='ltr'><strong>naturain</strong></span> <span class='ocrx_word' id='word_1_564' title='bbox 1661 3729 1803 3784; x_wconf 80' lang='lat' dir='ltr'><strong>Deus</strong></span> <span class='ocrx_word' id='word_1_565' title='bbox 1825 3729 1986 3786; x_wconf 87' lang='lat' dir='ltr'><strong>Pater</strong></span> <span class='ocrx_word' id='word_1_566' title='bbox 2013 3730 2082 3788; x_wconf 71' lang='lat' dir='ltr'><strong>de</strong></span> 
     </span>
    </p>
   </div>
   <div class='ocr_carea' id='block_1_69' title="bbox 494 3821 2078 3893">
    <p class='ocr_par' dir='ltr' id='par_1_69' title="bbox 494 3821 2078 3893">
     <span class='ocr_line' id='line_1_69' title="bbox 494 3821 2078 3893; baseline -0.001 -12"><span class='ocrx_word' id='word_1_567' title='bbox 494 3827 642 3881; x_wconf 90' lang='lat' dir='ltr'><strong>nullo</strong></span> <span class='ocrx_word' id='word_1_568' title='bbox 670 3832 984 3881; x_wconf 86' lang='lat' dir='ltr'><strong>nasceretur</strong></span> <span class='ocrx_word' id='word_1_569' title='bbox 1012 3823 1146 3891; x_wconf 91' lang='lat' dir='ltr'><strong>Deo,</strong></span> <span class='ocrx_word' id='word_1_570' title='bbox 1177 3821 1471 3880; x_wconf 86' lang='lat' dir='ltr'><strong>secundum</strong></span> <span class='ocrx_word' id='word_1_571' title='bbox 1499 3837 1719 3878; x_wconf 85' lang='lat' dir='ltr'><strong>carnem</strong></span> <span class='ocrx_word' id='word_1_572' title='bbox 1749 3831 1930 3880; x_wconf 87' lang='lat' dir='ltr'><strong>tamen</strong></span> <span class='ocrx_word' id='word_1_573' title='bbox 1963 3822 2078 3893; x_wconf 87' lang='lat' dir='ltr'><strong>ipse</strong></span> 
     </span>
    </p>
   </div>
   <div class='ocr_carea' id='block_1_70' title="bbox 495 3913 2080 3989">
    <p class='ocr_par' dir='ltr' id='par_1_70' title="bbox 495 3913 2080 3989">
     <span class='ocr_line' id='line_1_70' title="bbox 495 3913 2080 3989; baseline -0.003 -14"><span class='ocrx_word' id='word_1_574' title='bbox 495 3926 810 3976; x_wconf 87' lang='lat' dir='ltr'><strong>nasceretur</strong></span> <span class='ocrx_word' id='word_1_575' title='bbox 837 3917 904 3972; x_wconf 91' lang='lat' dir='ltr'><strong>de</strong></span> <span class='ocrx_word' id='word_1_576' title='bbox 935 3916 1031 3989; x_wconf 87' lang='lat' dir='ltr'><strong>(al.</strong></span> <span class='ocrx_word' id='word_1_577' title='bbox 1061 3917 1153 3987; x_wconf 78' lang='lat' dir='ltr'><strong>ex)</strong></span> <span class='ocrx_word' id='word_1_578' title='bbox 1188 3916 1412 3984; x_wconf 79' lang='lat' dir='ltr'><strong>virgine.</strong></span> <span class='ocrx_word' id='word_1_579' title='bbox 1438 3914 1496 3970; x_wconf 89' lang='lat' dir='ltr'><strong>Si</strong></span> <span class='ocrx_word' id='word_1_580' title='bbox 1521 3917 1665 3971; x_wconf 90' lang='lat' dir='ltr'><strong>enim</strong></span> <span class='ocrx_word' id='word_1_581' title='bbox 1692 3913 1849 3971; x_wconf 86' lang='lat' dir='ltr'><strong>Pater</strong></span> <span class='ocrx_word' id='word_1_582' title='bbox 1874 3916 1942 3970; x_wconf 89' lang='lat' dir='ltr'><strong>de</strong></span> <span class='ocrx_word' id='word_1_583' title='bbox 1968 3917 2080 3971; x_wconf 76' lang='lat' dir='ltr'><strong>vir-</strong></span> 
     </span>
    </p>
   </div>
   <div class='ocr_carea' id='block_1_71' title="bbox 497 4006 2076 4078">
    <p class='ocr_par' dir='ltr' id='par_1_71' title="bbox 497 4006 2076 4078">
     <span class='ocr_line' id='line_1_71' title="bbox 497 4006 2076 4078; baseline 0.001 -17"><span class='ocrx_word' id='word_1_584' title='bbox 497 4009 622 4076; x_wconf 89' lang='lat' dir='ltr'><strong>gine</strong></span> <span class='ocrx_word' id='word_1_585' title='bbox 650 4015 980 4072; x_wconf 89' lang='lat' dir='ltr'><strong>nasceretur,</strong></span> <span class='ocrx_word' id='word_1_586' title='bbox 1021 4022 1128 4062; x_wconf 89' lang='lat' dir='ltr'><strong>una</strong></span> <span class='ocrx_word' id='word_1_587' title='bbox 1153 4021 1382 4078; x_wconf 87' lang='lat' dir='ltr'><strong>persona</strong></span> <span class='ocrx_word' id='word_1_588' title='bbox 1423 4015 1568 4064; x_wconf 84' lang='lat' dir='ltr'><strong>esset</strong></span> <span class='ocrx_word' id='word_1_589' title='bbox 1597 4006 1759 4063; x_wconf 88' lang='lat' dir='ltr'><strong>Pater</strong></span> <span class='ocrx_word' id='word_1_590' title='bbox 1786 4016 1842 4063; x_wconf 92' lang='lat' dir='ltr'><strong>et</strong></span> <span class='ocrx_word' id='word_1_591' title='bbox 1870 4007 2038 4064; x_wconf 84' lang='lat' dir='ltr'><strong>Filius</strong></span> <span class='ocrx_word' id='word_1_592' title='bbox 2064 4025 2076 4062; x_wconf 90' lang='lat'><strong>:</strong></span> 
     </span>
    </p>
   </div>
   <div class='ocr_carea' id='block_1_72' title="bbox 496 4101 2080 4172">
    <p class='ocr_par' dir='ltr' id='par_1_72' title="bbox 496 4101 2080 4172">
     <span class='ocr_line' id='line_1_72' title="bbox 496 4101 2080 4172; baseline -0.002 -14"><span class='ocrx_word' id='word_1_593' title='bbox 496 4103 612 4172; x_wconf 86' lang='lat' dir='ltr'><strong>ipsa</strong></span> <span class='ocrx_word' id='word_1_594' title='bbox 642 4108 822 4156; x_wconf 88' lang='lat' dir='ltr'><strong>autem</strong></span> <span class='ocrx_word' id='word_1_595' title='bbox 849 4116 956 4156; x_wconf 89' lang='lat' dir='ltr'><strong>una</strong></span> <span class='ocrx_word' id='word_1_596' title='bbox 995 4115 1247 4170; x_wconf 85' lang='lat' dir='ltr'><strong>persona,</strong></span> <span class='ocrx_word' id='word_1_597' title='bbox 1294 4116 1394 4170; x_wconf 90' lang='lat' dir='ltr'><strong>pro</strong></span> <span class='ocrx_word' id='word_1_598' title='bbox 1423 4116 1490 4156; x_wconf 92' lang='lat' dir='ltr'><strong>eo</strong></span> <span class='ocrx_word' id='word_1_599' title='bbox 1529 4101 1675 4170; x_wconf 88' lang='lat' dir='ltr'><strong>quod</strong></span> <span class='ocrx_word' id='word_1_600' title='bbox 1719 4117 1828 4156; x_wconf 90' lang='lat' dir='ltr'><strong>non</strong></span> <span class='ocrx_word' id='word_1_601' title='bbox 1853 4101 1921 4155; x_wconf 89' lang='lat' dir='ltr'><strong>de</strong></span> <span class='ocrx_word' id='word_1_602' title='bbox 1945 4101 2080 4168; x_wconf 88' lang='lat' dir='ltr'><strong>Deo,</strong></span> 
     </span>
    </p>
   </div>
   <div class='ocr_carea' id='block_1_73' title="bbox 495 4191 2077 4261">
    <p class='ocr_par' dir='ltr' id='par_1_73' title="bbox 495 4191 2077 4261">
     <span class='ocr_line' id='line_1_73' title="bbox 495 4191 2077 4261; baseline -0.003 -11"><span class='ocrx_word' id='word_1_603' title='bbox 495 4193 591 4250; x_wconf 80' lang='lat' dir='ltr'><strong>sed</strong></span> <span class='ocrx_word' id='word_1_604' title='bbox 620 4200 830 4246; x_wconf 89' lang='lat' dir='ltr'><strong>tantum</strong></span> <span class='ocrx_word' id='word_1_605' title='bbox 866 4191 934 4246; x_wconf 89' lang='lat' dir='ltr'><strong>de</strong></span> <span class='ocrx_word' id='word_1_606' title='bbox 981 4191 1185 4261; x_wconf 78' lang='lat' dir='ltr'><strong>virgine</strong></span> <span class='ocrx_word' id='word_1_607' title='bbox 1231 4199 1566 4257; x_wconf 84' lang='lat' dir='ltr'><strong>nasceretur,</strong></span> <span class='ocrx_word' id='word_1_608' title='bbox 1613 4208 1721 4247; x_wconf 90' lang='lat' dir='ltr'><strong>non</strong></span> <span class='ocrx_word' id='word_1_609' title='bbox 1768 4192 1865 4248; x_wconf 85' lang='lat' dir='ltr'><strong>Dei</strong></span> <span class='ocrx_word' id='word_1_610' title='bbox 1893 4191 2077 4257; x_wconf 74' lang='lat' dir='ltr'><strong>Filius,</strong></span> 
     </span>
    </p>
   </div>
   <div class='ocr_carea' id='block_1_74' title="bbox 494 4282 2083 4349">
    <p class='ocr_par' dir='ltr' id='par_1_74' title="bbox 494 4282 2083 4349">
     <span class='ocr_line' id='line_1_74' title="bbox 494 4282 2083 4349; baseline 0.001 -11"><span class='ocrx_word' id='word_1_611' title='bbox 494 4282 590 4338; x_wconf 86' lang='lat' dir='ltr'><strong>sed</strong></span> <span class='ocrx_word' id='word_1_612' title='bbox 619 4287 826 4338; x_wconf 80' lang='lat' dir='ltr'><strong>tantum</strong></span> <span class='ocrx_word' id='word_1_613' title='bbox 868 4283 1102 4339; x_wconf 86' lang='lat' dir='ltr'><strong>hominis</strong></span> <span class='ocrx_word' id='word_1_614' title='bbox 1131 4282 1274 4340; x_wconf 80' lang='lat' dir='ltr'><strong>illius</strong></span> <span class='ocrx_word' id='word_1_615' title='bbox 1318 4284 1585 4340; x_wconf 86' lang='lat' dir='ltr'><strong>veraciter</strong></span> <span class='ocrx_word' id='word_1_616' title='bbox 1625 4283 1929 4349; x_wconf 87' lang='lat' dir='ltr'><strong>diceretur;</strong></span> <span class='ocrx_word' id='word_1_617' title='bbox 1979 4299 2083 4340; x_wconf 87' lang='lat' dir='ltr'><strong>nec</strong></span> 
     </span>
    </p>
   </div>
   <div class='ocr_carea' id='block_1_75' title="bbox 495 4374 2080 4446">
    <p class='ocr_par' dir='ltr' id='par_1_75' title="bbox 495 4374 2080 4446">
     <span class='ocr_line' id='line_1_75' title="bbox 495 4374 2080 4446; baseline 0.001 -16"><span class='ocrx_word' id='word_1_618' title='bbox 495 4375 612 4446; x_wconf 86' lang='lat' dir='ltr'><strong>ipse</strong></span> <span class='ocrx_word' id='word_1_619' title='bbox 639 4375 735 4430; x_wconf 91' lang='lat' dir='ltr'><strong>Dei</strong></span> <span class='ocrx_word' id='word_1_620' title='bbox 759 4374 926 4432; x_wconf 89' lang='lat' dir='ltr'><strong>Filius</strong></span> <span class='ocrx_word' id='word_1_621' title='bbox 951 4375 1154 4432; x_wconf 90' lang='lat' dir='ltr'><strong>diceret</strong></span> <span class='ocrx_word' id='word_1_622' title='bbox 1185 4387 1210 4425; x_wconf 72' lang='grc' dir='ltr'><strong><em>ε</em></strong></span> <span class='ocrx_word' id='word_1_623' title='bbox 1244 4395 1258 4431; x_wconf 90' lang='lat'>:</span> <span class='ocrx_word' id='word_1_624' title='bbox 1291 4377 1382 4433; x_wconf 85' lang='lat' dir='ltr'><strong>Sic</strong></span> <span class='ocrx_word' id='word_1_625' title='bbox 1418 4377 1556 4432; x_wconf 69' lang='lat' dir='ltr'><strong>Deus</strong></span> <span class='ocrx_word' id='word_1_626' title='bbox 1595 4378 1780 4432; x_wconf 66' lang='lat' dir='ltr'><strong>dilexit</strong></span> <span class='ocrx_word' id='word_1_627' title='bbox 1811 4378 2080 4445; x_wconf 75' lang='lat' dir='ltr'><strong>mustum,</strong></span> 
     </span>
    </p>
   </div>
   <div class='ocr_carea' id='block_1_76' title="bbox 490 4464 2085 4540">
    <p class='ocr_par' dir='ltr' id='par_1_76' title="bbox 490 4464 2085 4540">
     <span class='ocr_line' id='line_1_76' title="bbox 490 4464 2085 4540; baseline 0.004 -21"><span class='ocrx_word' id='word_1_628' title='bbox 490 4475 549 4520; x_wconf 77' lang='lat' dir='ltr'><strong>ut</strong></span> <span class='ocrx_word' id='word_1_629' title='bbox 571 4464 620 4519; x_wconf 85' lang='lat' dir='ltr'><strong>F</strong></span> <span class='ocrx_word' id='word_1_630' title='bbox 623 4466 767 4520; x_wconf 85' lang='lat' dir='ltr'><strong>ilium</strong></span> <span class='ocrx_word' id='word_1_631' title='bbox 805 4483 952 4522; x_wconf 83' lang='lat' dir='ltr'><strong>suum</strong></span> <span class='ocrx_word' id='word_1_632' title='bbox 995 4469 1312 4539; x_wconf 83' lang='lat' dir='ltr'><strong>unigenitum</strong></span> <span class='ocrx_word' id='word_1_633' title='bbox 1359 4468 1507 4524; x_wconf 66' lang='lat' dir='ltr'><strong>duret</strong></span> <span class='ocrx_word' id='word_1_634' title='bbox 1547 4468 1730 4540; x_wconf 81' lang='lat' dir='ltr'><strong>(Joan.</strong></span> <span class='ocrx_word' id='word_1_635' title='bbox 1762 4471 1978 4538; x_wconf 41' lang='lat'><strong>111,.6);</strong></span> <span class='ocrx_word' id='word_1_636' title='bbox 2027 4477 2085 4526; x_wconf 79' lang='lat' dir='ltr'><strong>et</strong></span> 
     </span>
    </p>
   </div>
   <div class='ocr_carea' id='block_1_77' title="bbox 2185 3272 3783 3344">
    <p class='ocr_par' dir='ltr' id='par_1_77' title="bbox 2185 3272 3783 3344">
     <span class='ocr_line' id='line_1_77' title="bbox 2185 3272 3783 3344; baseline 0.001 -16"><span class='ocrx_word' id='word_1_637' title='bbox 2185 3282 2498 3330; x_wconf 89' lang='lat' dir='ltr'><strong>nasceretur</strong></span> <span class='ocrx_word' id='word_1_638' title='bbox 2535 3290 2604 3329; x_wconf 83' lang='lat' dir='ltr'><strong>ex</strong></span> <span class='ocrx_word' id='word_1_639' title='bbox 2633 3275 2861 3344; x_wconf 75' lang='lat' dir='ltr'><strong>virgine,</strong></span> <span class='ocrx_word' id='word_1_640' title='bbox 2889 3290 3000 3330; x_wconf 91' lang='lat' dir='ltr'><strong>non</strong></span> <span class='ocrx_word' id='word_1_641' title='bbox 3041 3275 3218 3344; x_wconf 90' lang='lat' dir='ltr'><strong>ipsum</strong></span> <span class='ocrx_word' id='word_1_642' title='bbox 3247 3273 3444 3328; x_wconf 90' lang='lat' dir='ltr'><strong>Filium</strong></span> <span class='ocrx_word' id='word_1_643' title='bbox 3461 3274 3554 3344; x_wconf 91' lang='lat' dir='ltr'><strong>qui</strong></span> <span class='ocrx_word' id='word_1_644' title='bbox 3600 3272 3783 3330; x_wconf 81' lang='lat' dir='ltr'><strong>lactus</strong></span> 
     </span>
    </p>
   </div>
   <div class='ocr_carea' id='block_1_78' title="bbox 2183 3366 3787 3438">
    <p class='ocr_par' dir='ltr' id='par_1_78' title="bbox 2183 3366 3787 3438">
     <span class='ocr_line' id='line_1_78' title="bbox 2183 3366 3787 3438; baseline 0.002 -17"><span class='ocrx_word' id='word_1_645' title='bbox 2183 3375 2268 3422; x_wconf 88' lang='lat' dir='ltr'><strong>est</strong></span> <span class='ocrx_word' id='word_1_646' title='bbox 2307 3382 2374 3422; x_wconf 81' lang='lat' dir='ltr'><strong>ex</strong></span> <span class='ocrx_word' id='word_1_647' title='bbox 2402 3367 2647 3433; x_wconf 86' lang='lat' dir='ltr'><strong>muliere,</strong></span> <span class='ocrx_word' id='word_1_648' title='bbox 2679 3367 2854 3424; x_wconf 84' lang='lat' dir='ltr'><strong>factus</strong></span> <span class='ocrx_word' id='word_1_649' title='bbox 2901 3368 3003 3424; x_wconf 90' lang='lat' dir='ltr'><strong>sub</strong></span> <span class='ocrx_word' id='word_1_650' title='bbox 3043 3368 3181 3438; x_wconf 83' lang='lat' dir='ltr'><strong>lege,</strong></span> <span class='ocrx_word' id='word_1_651' title='bbox 3231 3376 3418 3423; x_wconf 90' lang='lat' dir='ltr'><strong>natum</strong></span> <span class='ocrx_word' id='word_1_652' title='bbox 3476 3366 3545 3422; x_wconf 91' lang='lat' dir='ltr'><strong>de</strong></span> <span class='ocrx_word' id='word_1_653' title='bbox 3574 3367 3787 3438; x_wconf 84' lang='lat' dir='ltr'><strong>Spiritu</strong></span> 
     </span>
    </p>
   </div>
   <div class='ocr_carea' id='block_1_79' title="bbox 2181 3460 3788 3532">
    <p class='ocr_par' dir='ltr' id='par_1_79' title="bbox 2181 3460 3788 3532">
     <span class='ocr_line' id='line_1_79' title="bbox 2181 3460 3788 3532; baseline 0.001 -18"><span class='ocrx_word' id='word_1_654' title='bbox 2181 3469 2367 3516; x_wconf 87' lang='lat' dir='ltr'><strong>sancto</strong></span> <span class='ocrx_word' id='word_1_655' title='bbox 2397 3477 2465 3515; x_wconf 82' lang='lat' dir='ltr'><strong>ex</strong></span> <span class='ocrx_word' id='word_1_656' title='bbox 2516 3460 2682 3514; x_wconf 87' lang='lat' dir='ltr'><strong>Maria</strong></span> <span class='ocrx_word' id='word_1_657' title='bbox 2713 3460 2954 3528; x_wconf 79' lang='lat' dir='ltr'><strong>Virgine,</strong></span> <span class='ocrx_word' id='word_1_658' title='bbox 2997 3461 3051 3515; x_wconf 91' lang='lat' dir='ltr'><strong><em>in</em></strong></span> <span class='ocrx_word' id='word_1_659' title='bbox 3080 3460 3328 3532; x_wconf 90' lang='lat' dir='ltr'><strong>symbolo</strong></span> <span class='ocrx_word' id='word_1_660' title='bbox 3378 3469 3689 3529; x_wconf 88' lang='lat' dir='ltr'><strong>acceptum,</strong></span> <span class='ocrx_word' id='word_1_661' title='bbox 3725 3468 3788 3516; x_wconf 82' lang='lat' dir='ltr'><strong>et</strong></span> 
     </span>
    </p>
   </div>
   <div class='ocr_carea' id='block_1_80' title="bbox 2181 3551 3790 3622">
    <p class='ocr_par' dir='ltr' id='par_1_80' title="bbox 2181 3551 3790 3622">
     <span class='ocr_line' id='line_1_80' title="bbox 2181 3551 3790 3622; baseline 0.001 -14"><span class='ocrx_word' id='word_1_662' title='bbox 2181 3551 2348 3608; x_wconf 89' lang='lat' dir='ltr'><strong>corde</strong></span> <span class='ocrx_word' id='word_1_663' title='bbox 2375 3554 2441 3606; x_wconf 91' lang='lat' dir='ltr'><strong>ad</strong></span> <span class='ocrx_word' id='word_1_664' title='bbox 2463 3551 2727 3622; x_wconf 87' lang='lat' dir='ltr'><strong>justitiam</strong></span> <span class='ocrx_word' id='word_1_665' title='bbox 2749 3553 3016 3618; x_wconf 87' lang='lat' dir='ltr'><strong>crederet,</strong></span> <span class='ocrx_word' id='word_1_666' title='bbox 3039 3561 3096 3608; x_wconf 91' lang='lat' dir='ltr'><strong>et</strong></span> <span class='ocrx_word' id='word_1_667' title='bbox 3117 3568 3214 3608; x_wconf 89' lang='lat' dir='ltr'><strong>ore</strong></span> <span class='ocrx_word' id='word_1_668' title='bbox 3239 3552 3306 3607; x_wconf 91' lang='lat' dir='ltr'><strong>ad</strong></span> <span class='ocrx_word' id='word_1_669' title='bbox 3333 3551 3563 3607; x_wconf 85' lang='lat' dir='ltr'><strong>salutem</strong></span> <span class='ocrx_word' id='word_1_670' title='bbox 3593 3559 3790 3609; x_wconf 83' lang='lat' dir='ltr'><strong>sancta</strong></span> 
     </span>
    </p>
   </div>
   <div class='ocr_carea' id='block_1_81' title="bbox 2181 3641 3790 3714">
    <p class='ocr_par' dir='ltr' id='par_1_81' title="bbox 2181 3641 3790 3714">
     <span class='ocr_line' id='line_1_81' title="bbox 2181 3641 3790 3714; baseline -0.002 -15"><span class='ocrx_word' id='word_1_671' title='bbox 2181 3641 2530 3699; x_wconf 82' lang='lat' dir='ltr'><strong>conﬁteretur</strong></span> <span class='ocrx_word' id='word_1_672' title='bbox 2558 3643 2815 3698; x_wconf 86' lang='lat' dir='ltr'><strong>Ecclesia.</strong></span> <span class='ocrx_word' id='word_1_673' title='bbox 2849 3643 2955 3698; x_wconf 90' lang='lat' dir='ltr'><strong>Sed</strong></span> <span class='ocrx_word' id='word_1_674' title='bbox 2982 3651 3038 3699; x_wconf 91' lang='lat' dir='ltr'><strong>et</strong></span> <span class='ocrx_word' id='word_1_675' title='bbox 3064 3643 3109 3700; x_wconf 93' lang='lat' dir='ltr'><strong>si</strong></span> <span class='ocrx_word' id='word_1_676' title='bbox 3140 3644 3256 3714; x_wconf 91' lang='lat' dir='ltr'><strong>ipse</strong></span> <span class='ocrx_word' id='word_1_677' title='bbox 3281 3642 3515 3714; x_wconf 89' lang='lat' dir='ltr'><strong>Spiritus</strong></span> <span class='ocrx_word' id='word_1_678' title='bbox 3535 3651 3790 3709; x_wconf 88' lang='lat' dir='ltr'><strong>sanctus,</strong></span> 
     </span>
    </p>
   </div>
   <div class='ocr_carea' id='block_1_82' title="bbox 2181 3734 3794 3805">
    <p class='ocr_par' dir='ltr' id='par_1_82' title="bbox 2181 3734 3794 3805">
     <span class='ocr_line' id='line_1_82' title="bbox 2181 3734 3794 3805; baseline 0 -15"><span class='ocrx_word' id='word_1_679' title='bbox 2181 3735 2272 3804; x_wconf 89' lang='lat' dir='ltr'><strong>qui</strong></span> <span class='ocrx_word' id='word_1_680' title='bbox 2302 3734 2476 3790; x_wconf 87' lang='lat' dir='ltr'><strong>Patris</strong></span> <span class='ocrx_word' id='word_1_681' title='bbox 2505 3743 2560 3789; x_wconf 88' lang='lat' dir='ltr'><strong>et</strong></span> <span class='ocrx_word' id='word_1_682' title='bbox 2584 3734 2706 3790; x_wconf 84' lang='lat' dir='ltr'><strong>Filii</strong></span> <span class='ocrx_word' id='word_1_683' title='bbox 2735 3734 2972 3804; x_wconf 89' lang='lat' dir='ltr'><strong>Spiritus</strong></span> <span class='ocrx_word' id='word_1_684' title='bbox 3002 3743 3106 3801; x_wconf 89' lang='lat' dir='ltr'><strong>est,</strong></span> <span class='ocrx_word' id='word_1_685' title='bbox 3135 3735 3361 3790; x_wconf 79' lang='lat' dir='ltr'><strong>fortnam</strong></span> <span class='ocrx_word' id='word_1_686' title='bbox 3393 3734 3535 3790; x_wconf 86' lang='lat' dir='ltr'><strong>servi</strong></span> <span class='ocrx_word' id='word_1_687' title='bbox 3565 3735 3794 3805; x_wconf 71' lang='lat' dir='ltr'><strong>accipe~</strong></span> 
     </span>
    </p>
   </div>
   <div class='ocr_carea' id='block_1_83' title="bbox 2180 3827 3795 3899">
    <p class='ocr_par' dir='ltr' id='par_1_83' title="bbox 2180 3827 3795 3899">
     <span class='ocr_line' id='line_1_83' title="bbox 2180 3827 3795 3899; baseline 0.002 -17"><span class='ocrx_word' id='word_1_688' title='bbox 2180 3837 2288 3896; x_wconf 88' lang='lat' dir='ltr'><strong>ret,</strong></span> <span class='ocrx_word' id='word_1_689' title='bbox 2312 3844 2419 3886; x_wconf 92' lang='lat' dir='ltr'><strong>non</strong></span> <span class='ocrx_word' id='word_1_690' title='bbox 2443 3829 2556 3898; x_wconf 90' lang='lat' dir='ltr'><strong>ipse</strong></span> <span class='ocrx_word' id='word_1_691' title='bbox 2576 3828 2808 3898; x_wconf 89' lang='lat' dir='ltr'><strong>Spiritus</strong></span> <span class='ocrx_word' id='word_1_692' title='bbox 2827 3835 3046 3884; x_wconf 87' lang='lat' dir='ltr'><strong>sanctus</strong></span> <span class='ocrx_word' id='word_1_693' title='bbox 3065 3843 3228 3898; x_wconf 90' lang='lat' dir='ltr'><strong>super</strong></span> <span class='ocrx_word' id='word_1_694' title='bbox 3241 3827 3476 3899; x_wconf 90' lang='lat' dir='ltr'><strong>seipsum</strong></span> <span class='ocrx_word' id='word_1_695' title='bbox 3499 3827 3795 3885; x_wconf 83' lang='lat' dir='ltr'><strong>hominem</strong></span> 
     </span>
    </p>
   </div>
   <div class='ocr_carea' id='block_1_84' title="bbox 2179 3917 3550 3992">
    <p class='ocr_par' dir='ltr' id='par_1_84' title="bbox 2179 3917 3550 3992">
     <span class='ocr_line' id='line_1_84' title="bbox 2179 3917 3550 3992; baseline 0 -18"><span class='ocrx_word' id='word_1_696' title='bbox 2179 3920 2382 3977; x_wconf 80' lang='lat' dir='ltr'><strong>factum</strong></span> <span class='ocrx_word' id='word_1_697' title='bbox 2411 3923 2466 3976; x_wconf 91' lang='lat' dir='ltr'><strong>in</strong></span> <span class='ocrx_word' id='word_1_698' title='bbox 2495 3917 2760 3978; x_wconf 68' lang='lat' dir='ltr'><strong>columba:</strong></span> <span class='ocrx_word' id='word_1_699' title='bbox 2807 3921 2985 3992; x_wconf 88' lang='lat' dir='ltr'><strong>specie</strong></span> <span class='ocrx_word' id='word_1_700' title='bbox 3011 3919 3224 3976; x_wconf 78' lang='lat' dir='ltr'><strong>cmlitus</strong></span> <span class='ocrx_word' id='word_1_701' title='bbox 3253 3919 3550 3975; x_wconf 87' lang='lat' dir='ltr'><strong>adveniret.</strong></span> 
     </span>
    </p>
   </div>
   <div class='ocr_carea' id='block_1_85' title="bbox 2254 4013 3800 4082">
    <p class='ocr_par' dir='ltr' id='par_1_85' title="bbox 2254 4013 3800 4082">
     <span class='ocr_line' id='line_1_85' title="bbox 2254 4013 3800 4082; baseline 0.003 -15"><span class='ocrx_word' id='word_1_702' title='bbox 2254 4013 2342 4069; x_wconf 67' lang='lat'><strong>10.</strong></span> <span class='ocrx_word' id='word_1_703' title='bbox 2385 4013 2545 4069; x_wconf 89' lang='lat' dir='ltr'><strong>Pater</strong></span> <span class='ocrx_word' id='word_1_704' title='bbox 2573 4013 2735 4082; x_wconf 90' lang='lat' dir='ltr'><strong>igitur</strong></span> <span class='ocrx_word' id='word_1_705' title='bbox 2766 4014 2909 4068; x_wconf 91' lang='lat' dir='ltr'><strong>Deus</strong></span> <span class='ocrx_word' id='word_1_706' title='bbox 2947 4013 3015 4068; x_wconf 90' lang='lat' dir='ltr'><strong>de</strong></span> <span class='ocrx_word' id='word_1_707' title='bbox 3044 4013 3192 4068; x_wconf 89' lang='lat' dir='ltr'><strong>nullo</strong></span> <span class='ocrx_word' id='word_1_708' title='bbox 3213 4013 3423 4081; x_wconf 89' lang='lat' dir='ltr'><strong>genitus</strong></span> <span class='ocrx_word' id='word_1_709' title='bbox 3451 4013 3584 4078; x_wconf 88' lang='lat' dir='ltr'><strong>Deo,</strong></span> <span class='ocrx_word' id='word_1_710' title='bbox 3610 4016 3800 4072; x_wconf 84' lang='lat' dir='ltr'><strong>semel</strong></span> 
     </span>
    </p>
   </div>
   <div class='ocr_carea' id='block_1_86' title="bbox 2181 4104 3802 4175">
    <p class='ocr_par' dir='ltr' id='par_1_86' title="bbox 2181 4104 3802 4175">
     <span class='ocr_line' id='line_1_86' title="bbox 2181 4104 3802 4175; baseline 0.002 -14"><span class='ocrx_word' id='word_1_711' title='bbox 2181 4108 2250 4161; x_wconf 91' lang='lat' dir='ltr'><strong>de</strong></span> <span class='ocrx_word' id='word_1_712' title='bbox 2298 4121 2394 4162; x_wconf 88' lang='lat' dir='ltr'><strong>sua</strong></span> <span class='ocrx_word' id='word_1_713' title='bbox 2430 4114 2620 4161; x_wconf 89' lang='lat' dir='ltr'><strong>natura</strong></span> <span class='ocrx_word' id='word_1_714' title='bbox 2648 4106 2766 4161; x_wconf 88' lang='lat' dir='ltr'><strong>sine</strong></span> <span class='ocrx_word' id='word_1_715' title='bbox 2811 4105 2966 4160; x_wconf 92' lang='lat' dir='ltr'><strong>initio</strong></span> <span class='ocrx_word' id='word_1_716' title='bbox 2995 4106 3180 4175; x_wconf 88' lang='lat' dir='ltr'><strong>genuit</strong></span> <span class='ocrx_word' id='word_1_717' title='bbox 3222 4104 3415 4160; x_wconf 89' lang='lat' dir='ltr'><strong>Filium</strong></span> <span class='ocrx_word' id='word_1_718' title='bbox 3454 4106 3627 4160; x_wconf 90' lang='lat' dir='ltr'><strong>Deum</strong></span> <span class='ocrx_word' id='word_1_719' title='bbox 3684 4107 3802 4164; x_wconf 85' lang='lat' dir='ltr'><strong>sibi</strong></span> 
     </span>
    </p>
   </div>
   <div class='ocr_carea' id='block_1_87' title="bbox 2181 4198 3805 4273">
    <p class='ocr_par' dir='ltr' id='par_1_87' title="bbox 2181 4198 3805 4273">
     <span class='ocr_line' id='line_1_87' title="bbox 2181 4198 3805 4273; baseline 0.002 -19"><span class='ocrx_word' id='word_1_720' title='bbox 2181 4199 2541 4273; x_wconf 53' lang='lat' dir='ltr'><strong>aequalem)“,</strong></span> <span class='ocrx_word' id='word_1_721' title='bbox 2573 4208 2627 4254; x_wconf 91' lang='lat' dir='ltr'><strong>et</strong></span> <span class='ocrx_word' id='word_1_722' title='bbox 2675 4198 2864 4254; x_wconf 86' lang='lat' dir='ltr'><strong>eadem</strong></span> <span class='ocrx_word' id='word_1_723' title='bbox 2905 4212 3012 4268; x_wconf 91' lang='lat' dir='ltr'><strong>qua</strong></span> <span class='ocrx_word' id='word_1_724' title='bbox 3039 4199 3169 4268; x_wconf 86' lang='lat' dir='ltr'><strong>ipse</strong></span> <span class='ocrx_word' id='word_1_725' title='bbox 3185 4198 3514 4254; x_wconf 74' lang='lat' dir='ltr'><strong>naturaliter</strong></span> <span class='ocrx_word' id='word_1_726' title='bbox 3541 4207 3805 4257; x_wconf 53' lang='grc' dir='ltr'><strong>ἔπιθι-ηαδ</strong></span> 
     </span>
    </p>
   </div>
   <div class='ocr_carea' id='block_1_88' title="bbox 2184 4288 3806 4348">
    <p class='ocr_par' dir='ltr' id='par_1_88' title="bbox 2184 4288 3806 4348">
     <span class='ocr_line' id='line_1_88' title="bbox 2184 4288 3806 4348; baseline 0.002 -4"><span class='ocrx_word' id='word_1_727' title='bbox 2184 4300 2266 4344; x_wconf 88' lang='lat' dir='ltr'><strong>est</strong></span> <span class='ocrx_word' id='word_1_728' title='bbox 2293 4289 2573 4345; x_wconf 89' lang='lat' dir='ltr'><strong>divinitate</strong></span> <span class='ocrx_word' id='word_1_729' title='bbox 2620 4298 2973 4346; x_wconf 73' lang='lat' dir='ltr'><strong>cotnternum.</strong></span> <span class='ocrx_word' id='word_1_730' title='bbox 3005 4288 3110 4344; x_wconf 91' lang='lat' dir='ltr'><strong>Sed</strong></span> <span class='ocrx_word' id='word_1_731' title='bbox 3140 4288 3286 4344; x_wconf 89' lang='lat' dir='ltr'><strong>idem</strong></span> <span class='ocrx_word' id='word_1_732' title='bbox 3324 4289 3422 4346; x_wconf 87' lang='lat' dir='ltr'><strong>Dei</strong></span> <span class='ocrx_word' id='word_1_733' title='bbox 3452 4289 3492 4343; x_wconf 94' lang='lat' dir='ltr'><strong>F</strong></span> <span class='ocrx_word' id='word_1_734' title='bbox 3495 4289 3622 4346; x_wconf 90' lang='lat' dir='ltr'><strong>ilius</strong></span> <span class='ocrx_word' id='word_1_735' title='bbox 3657 4307 3806 4348; x_wconf 84' lang='lat' dir='ltr'><strong>cum</strong></span> 
     </span>
    </p>
   </div>
   <div class='ocr_carea' id='block_1_89' title="bbox 2184 4379 3807 4445">
    <p class='ocr_par' dir='ltr' id='par_1_89' title="bbox 2184 4379 3807 4445">
     <span class='ocr_line' id='line_1_89' title="bbox 2184 4379 3807 4445; baseline 0.004 -11"><span class='ocrx_word' id='word_1_736' title='bbox 2184 4381 2254 4435; x_wconf 77' lang='grc' dir='ltr'><strong>είι</strong></span> <span class='ocrx_word' id='word_1_737' title='bbox 2282 4380 2422 4435; x_wconf 88' lang='lat' dir='ltr'><strong>Deus</strong></span> <span class='ocrx_word' id='word_1_738' title='bbox 2448 4389 2681 4436; x_wconf 66' lang='lat' dir='ltr'><strong>aeternus</strong></span> <span class='ocrx_word' id='word_1_739' title='bbox 2709 4388 2765 4434; x_wconf 75' lang='grc' dir='ltr'><strong>ΘΙ,</strong></span> <span class='ocrx_word' id='word_1_740' title='bbox 2791 4396 2948 4436; x_wconf 87' lang='lat' dir='ltr'><strong>verus</strong></span> <span class='ocrx_word' id='word_1_741' title='bbox 2978 4388 3028 4445; x_wconf 74' lang='grc'><strong>³³,</strong></span> <span class='ocrx_word' id='word_1_742' title='bbox 3051 4389 3108 4435; x_wconf 72' lang='grc' dir='ltr'><strong>ει</strong></span> <span class='ocrx_word' id='word_1_743' title='bbox 3126 4395 3250 4436; x_wconf 88' lang='lat' dir='ltr'><strong>cum</strong></span> <span class='ocrx_word' id='word_1_744' title='bbox 3279 4379 3441 4436; x_wconf 88' lang='lat' dir='ltr'><strong>Patre</strong></span> <span class='ocrx_word' id='word_1_745' title='bbox 3469 4381 3807 4440; x_wconf 80' lang='lat' dir='ltr'><strong>secundum</strong></span> 
     </span>
    </p>
   </div>
   <div class='ocr_carea' id='block_1_90' title="bbox 2185 4470 3810 4539">
    <p class='ocr_par' dir='ltr' id='par_1_90' title="bbox 2185 4470 3810 4539">
     <span class='ocr_line' id='line_1_90' title="bbox 2185 4470 3810 4539; baseline 0.003 -15"><span class='ocrx_word' id='word_1_746' title='bbox 2185 4470 2522 4526; x_wconf 85' lang='lat' dir='ltr'><strong>divinitatem</strong></span> <span class='ocrx_word' id='word_1_747' title='bbox 2572 4472 2888 4527; x_wconf 87' lang='lat' dir='ltr'><strong>naturaliter</strong></span> <span class='ocrx_word' id='word_1_748' title='bbox 2933 4487 3069 4526; x_wconf 88' lang='lat' dir='ltr'><strong>unus</strong></span> <span class='ocrx_word' id='word_1_749' title='bbox 3111 4471 3274 4539; x_wconf 89' lang='lat' dir='ltr'><strong>Deus,</strong></span> <span class='ocrx_word' id='word_1_750' title='bbox 3321 4470 3622 4529; x_wconf 83' lang='lat' dir='ltr'><strong>secundum</strong></span> <span class='ocrx_word' id='word_1_751' title='bbox 3686 4473 3810 4530; x_wconf 83' lang='lat' dir='ltr'><strong>hoc</strong></span> 
     </span>
    </p>
   </div>
   <div class='ocr_carea' id='block_1_91' title="bbox 492 4559 3812 4636">
    <p class='ocr_par' dir='ltr' id='par_1_91' title="bbox 492 4559 3812 4636">
     <span class='ocr_line' id='line_1_91' title="bbox 492 4559 3812 4636; baseline 0.002 -22"><span class='ocrx_word' id='word_1_752' title='bbox 492 4559 686 4614; x_wconf 90' lang='lat' dir='ltr'><strong>iterum</strong></span> <span class='ocrx_word' id='word_1_753' title='bbox 713 4578 725 4613; x_wconf 90' lang='lat'>:</span> <span class='ocrx_word' id='word_1_754' title='bbox 770 4559 895 4615; x_wconf 85' lang='lat' dir='ltr'><strong>Non</strong></span> <span class='ocrx_word' id='word_1_755' title='bbox 922 4563 1057 4614; x_wconf 86' lang='lat' dir='ltr'><strong>enim</strong></span> <span class='ocrx_word' id='word_1_756' title='bbox 1079 4563 1218 4615; x_wconf 85' lang='lat' dir='ltr'><strong>misit</strong></span> <span class='ocrx_word' id='word_1_757' title='bbox 1245 4559 1386 4617; x_wconf 85' lang='lat' dir='ltr'><strong>Deus</strong></span> <span class='ocrx_word' id='word_1_758' title='bbox 1417 4561 1614 4617; x_wconf 87' lang='lat' dir='ltr'><strong>Filium</strong></span> <span class='ocrx_word' id='word_1_759' title='bbox 1653 4579 1801 4617; x_wconf 87' lang='lat' dir='ltr'><strong>suum</strong></span> <span class='ocrx_word' id='word_1_760' title='bbox 1833 4564 1888 4617; x_wconf 90' lang='lat' dir='ltr'><strong>in</strong></span> <span class='ocrx_word' id='word_1_761' title='bbox 1923 4579 2075 4616; x_wconf 69' lang='lat' dir='ltr'><strong>nusn-</strong></span> <span class='ocrx_word' id='word_1_762' title='bbox 2109 4567 2166 4629; x_wconf 87' lang='lat' dir='ltr'><strong>D</strong></span> <span class='ocrx_word' id='word_1_763' title='bbox 2187 4562 2330 4633; x_wconf 89' lang='lat' dir='ltr'><strong>quod</strong></span> <span class='ocrx_word' id='word_1_764' title='bbox 2360 4562 2489 4618; x_wconf 89' lang='lat' dir='ltr'><strong>dicit</strong></span> <span class='ocrx_word' id='word_1_765' title='bbox 2519 4582 2531 4616; x_wconf 90' lang='lat'>:</span> <span class='ocrx_word' id='word_1_766' title='bbox 2557 4560 2672 4634; x_wconf 86' lang='lat' dir='ltr'><strong>Ego</strong></span> <span class='ocrx_word' id='word_1_767' title='bbox 2701 4571 2750 4617; x_wconf 91' lang='lat' dir='ltr'><strong>et</strong></span> <span class='ocrx_word' id='word_1_768' title='bbox 2780 4562 2942 4616; x_wconf 88' lang='lat' dir='ltr'><strong>Pater</strong></span> <span class='ocrx_word' id='word_1_769' title='bbox 2965 4579 3125 4618; x_wconf 85' lang='lat' dir='ltr'><strong>unum</strong></span> <span class='ocrx_word' id='word_1_770' title='bbox 3149 4579 3324 4619; x_wconf 84' lang='lat' dir='ltr'><strong>sumus</strong></span> <span class='ocrx_word' id='word_1_771' title='bbox 3355 4561 3534 4634; x_wconf 85' lang='lat' dir='ltr'><strong>(Joan.</strong></span> <span class='ocrx_word' id='word_1_772' title='bbox 3565 4579 3620 4625; x_wconf 71' lang='grc' dir='ltr'><strong>Χ,</strong></span> <span class='ocrx_word' id='word_1_773' title='bbox 3670 4563 3812 4636; x_wconf 77' lang='lat'><strong>30),</strong></span> 
     </span>
    </p>
   </div>
   <div class='ocr_carea' id='block_1_92' title="bbox 491 4653 2076 4724">
    <p class='ocr_par' dir='ltr' id='par_1_92' title="bbox 491 4653 2076 4724">
     <span class='ocr_line' id='line_1_92' title="bbox 491 4653 2076 4724; baseline 0.001 -18"><span class='ocrx_word' id='word_1_774' title='bbox 491 4653 611 4707; x_wconf 77' lang='lat' dir='ltr'><strong>dum</strong></span> <span class='ocrx_word' id='word_1_775' title='bbox 637 4661 691 4706; x_wconf 90' lang='lat' dir='ltr'><strong>ut</strong></span> <span class='ocrx_word' id='word_1_776' title='bbox 717 4654 916 4724; x_wconf 82' lang='lat' dir='ltr'><strong>judicet</strong></span> <span class='ocrx_word' id='word_1_777' title='bbox 949 4653 1217 4719; x_wconf 82' lang='lat' dir='ltr'><strong>mundum,</strong></span> <span class='ocrx_word' id='word_1_778' title='bbox 1251 4654 1342 4708; x_wconf 85' lang='lat' dir='ltr'><strong>sed</strong></span> <span class='ocrx_word' id='word_1_779' title='bbox 1386 4663 1442 4707; x_wconf 87' lang='lat' dir='ltr'><strong>ut</strong></span> <span class='ocrx_word' id='word_1_780' title='bbox 1467 4655 1694 4709; x_wconf 83' lang='lat' dir='ltr'><strong>salvetur</strong></span> <span class='ocrx_word' id='word_1_781' title='bbox 1730 4654 1957 4708; x_wconf 80' lang='lat' dir='ltr'><strong>mundus</strong></span> <span class='ocrx_word' id='word_1_782' title='bbox 1983 4671 2076 4724; x_wconf 86' lang='lat' dir='ltr'><strong>per</strong></span> 
     </span>
    </p>
   </div>
   <div class='ocr_carea' id='block_1_93' title="bbox 563 4844 1568 4905">
    <p class='ocr_par' dir='ltr' id='par_1_93' title="bbox 563 4844 1568 4905">
     <span class='ocr_line' id='line_1_93' title="bbox 563 4844 1568 4905; baseline 0.001 -7"><span class='ocrx_word' id='word_1_783' title='bbox 563 4854 589 4882; x_wconf 80' lang='grc' dir='ltr'>ι</span> <span class='ocrx_word' id='word_1_784' title='bbox 621 4844 744 4899; x_wconf 89' lang='lat' dir='ltr'><strong>Mss.</strong></span> <span class='ocrx_word' id='word_1_785' title='bbox 778 4853 906 4905; x_wconf 85' lang='lat' dir='ltr'><strong>tres,</strong></span> <span class='ocrx_word' id='word_1_786' title='bbox 937 4847 1216 4899; x_wconf 83' lang='lat' dir='ltr'><strong>revelatam</strong></span> <span class='ocrx_word' id='word_1_787' title='bbox 1236 4845 1336 4899; x_wconf 81' lang='lat' dir='ltr'><strong>sibi</strong></span> <span class='ocrx_word' id='word_1_788' title='bbox 1355 4849 1568 4901; x_wconf 80' lang='lat' dir='ltr'><strong>notavit.</strong></span> 
     </span>
    </p>
   </div>
   <div class='ocr_carea' id='block_1_94' title="bbox 563 4915 1976 4982">
    <p class='ocr_par' dir='ltr' id='par_1_94' title="bbox 563 4915 1976 4982">
     <span class='ocr_line' id='line_1_94' title="bbox 563 4915 1976 4982; baseline 0.002 -12"><span class='ocrx_word' id='word_1_789' title='bbox 563 4915 589 4955; x_wconf 73' lang='grc' dir='ltr'><strong>ι’</strong></span> <span class='ocrx_word' id='word_1_790' title='bbox 621 4915 786 4982; x_wconf 87' lang='lat' dir='ltr'><strong>Editi,</strong></span> <span class='ocrx_word' id='word_1_791' title='bbox 814 4917 1056 4979; x_wconf 81' lang='lat' dir='ltr'><strong>repetitur</strong></span> <span class='ocrx_word' id='word_1_792' title='bbox 1079 4919 1248 4972; x_wconf 83' lang='lat' dir='ltr'><strong>toties.</strong></span> <span class='ocrx_word' id='word_1_793' title='bbox 1280 4917 1444 4971; x_wconf 86' lang='lat' dir='ltr'><strong>Abest</strong></span> <span class='ocrx_word' id='word_1_794' title='bbox 1466 4919 1614 4972; x_wconf 87' lang='lat' dir='ltr'><strong>toties</strong></span> <span class='ocrx_word' id='word_1_795' title='bbox 1641 4933 1671 4972; x_wconf 93' lang='lat' dir='ltr'><strong>a</strong></span> <span class='ocrx_word' id='word_1_796' title='bbox 1697 4933 1823 4974; x_wconf 85' lang='lat' dir='ltr'><strong>mss.</strong></span> <span class='ocrx_word' id='word_1_797' title='bbox 1855 4933 1976 4974; x_wconf 78' lang='lat' dir='ltr'><strong>sex.</strong></span> 
     </span>
    </p>
   </div>
   <div class='ocr_carea' id='block_1_95' title="bbox 569 4985 1705 5054">
    <p class='ocr_par' dir='ltr' id='par_1_95' title="bbox 569 4985 1705 5054">
     <span class='ocr_line' id='line_1_95' title="bbox 569 4985 1705 5054; baseline 0 -14"><span class='ocrx_word' id='word_1_798' title='bbox 569 4998 591 5026; x_wconf 73' lang='grc' dir='ltr'><strong>ο</strong></span> <span class='ocrx_word' id='word_1_799' title='bbox 625 4986 748 5040; x_wconf 86' lang='lat' dir='ltr'><strong>Mss.</strong></span> <span class='ocrx_word' id='word_1_800' title='bbox 783 4985 916 5053; x_wconf 88' lang='lat' dir='ltr'><strong>duo,</strong></span> <span class='ocrx_word' id='word_1_801' title='bbox 943 4997 1106 5042; x_wconf 77' lang='lat' dir='ltr'><strong>uestro</strong></span> <span class='ocrx_word' id='word_1_802' title='bbox 1135 4987 1308 5051; x_wconf 85' lang='lat' dir='ltr'><strong>cordi;</strong></span> <span class='ocrx_word' id='word_1_803' title='bbox 1337 4987 1483 5054; x_wconf 88' lang='lat' dir='ltr'><strong>edd.,</strong></span> <span class='ocrx_word' id='word_1_804' title='bbox 1510 4997 1705 5043; x_wconf 85' lang='lat' dir='ltr'><strong>nostra.</strong></span> 
     </span>
    </p>
   </div>
   <div class='ocr_carea' id='block_1_96' title="bbox 565 5055 1923 5120">
    <p class='ocr_par' dir='ltr' id='par_1_96' title="bbox 565 5055 1923 5120">
     <span class='ocr_line' id='line_1_96' title="bbox 565 5055 1923 5120; baseline 0.003 -10"><span class='ocrx_word' id='word_1_805' title='bbox 565 5057 588 5094; x_wconf 75' lang='lat' dir='ltr'>J</span> <span class='ocrx_word' id='word_1_806' title='bbox 620 5056 781 5120; x_wconf 85' lang='lat' dir='ltr'><strong>Editi,</strong></span> <span class='ocrx_word' id='word_1_807' title='bbox 815 5055 950 5109; x_wconf 84' lang='lat' dir='ltr'><strong>Deus</strong></span> <span class='ocrx_word' id='word_1_808' title='bbox 977 5056 1156 5111; x_wconf 87' lang='lat' dir='ltr'><strong>Pater.</strong></span> <span class='ocrx_word' id='word_1_809' title='bbox 1189 5057 1315 5110; x_wconf 84' lang='lat' dir='ltr'><strong>Mss.</strong></span> <span class='ocrx_word' id='word_1_810' title='bbox 1340 5065 1450 5111; x_wconf 91' lang='lat' dir='ltr'><strong>tres</strong></span> <span class='ocrx_word' id='word_1_811' title='bbox 1480 5060 1734 5112; x_wconf 89' lang='lat' dir='ltr'><strong>omittunt</strong></span> <span class='ocrx_word' id='word_1_812' title='bbox 1767 5057 1923 5114; x_wconf 85' lang='lat' dir='ltr'><strong>Deus.</strong></span> 
     </span>
    </p>
   </div>
   <div class='ocr_carea' id='block_1_97' title="bbox 565 5127 1512 5194">
    <p class='ocr_par' dir='ltr' id='par_1_97' title="bbox 565 5127 1512 5194">
     <span class='ocr_line' id='line_1_97' title="bbox 565 5127 1512 5194; baseline -0.001 -14"><span class='ocrx_word' id='word_1_813' title='bbox 565 5138 589 5166; x_wconf 74' lang='grc' dir='ltr'>ε</span> <span class='ocrx_word' id='word_1_814' title='bbox 620 5127 716 5180; x_wconf 86' lang='lat' dir='ltr'><strong>Ms.</strong></span> <span class='ocrx_word' id='word_1_815' title='bbox 751 5143 909 5194; x_wconf 88' lang='lat' dir='ltr'><strong>unus,</strong></span> <span class='ocrx_word' id='word_1_816' title='bbox 940 5127 1030 5180; x_wconf 86' lang='lat' dir='ltr'><strong>sed</strong></span> <span class='ocrx_word' id='word_1_817' title='bbox 1058 5129 1281 5180; x_wconf 86' lang='lat' dir='ltr'><strong>unicum.</strong></span> <span class='ocrx_word' id='word_1_818' title='bbox 1509 5172 1512 5174; x_wconf 83' lang='grc'>.</span> 
     </span>
    </p>
   </div>
   <div class='ocr_carea' id='block_1_98' title="bbox 489 5195 2073 5324">
    <p class='ocr_par' dir='ltr' id='par_1_98' title="bbox 489 5195 2073 5324">
     <span class='ocr_line' id='line_1_98' title="bbox 489 5195 2073 5324; baseline 0.008 -76"><span class='ocrx_word' id='word_1_819' title='bbox 489 5270 524 5324; x_wconf 65' lang='lat' dir='ltr'><strong><em>d</em></strong></span> <span class='ocrx_word' id='word_1_820' title='bbox 548 5197 584 5323; x_wconf 59' lang='grc' dir='ltr'><strong>ιτ</strong></span> <span class='ocrx_word' id='word_1_821' title='bbox 619 5197 716 5320; x_wconf 51' lang='grc' dir='ltr'><strong>Ἲς.</strong></span> <span class='ocrx_word' id='word_1_822' title='bbox 749 5197 912 5252; x_wconf 90' lang='lat' dir='ltr'><strong>Corb.</strong></span> <span class='ocrx_word' id='word_1_823' title='bbox 953 5197 1074 5252; x_wconf 91' lang='lat' dir='ltr'><strong>add.</strong></span> <span class='ocrx_word' id='word_1_824' title='bbox 1116 5195 1527 5253; x_wconf 85' lang='lat' dir='ltr'><strong>incommutabili</strong></span> <span class='ocrx_word' id='word_1_825' title='bbox 1557 5201 1846 5258; x_wconf 74' lang='lat' dir='ltr'><strong>(eternitate</strong></span> <span class='ocrx_word' id='word_1_826' title='bbox 1889 5221 2073 5274; x_wconf 84' lang='lat' dir='ltr'><strong>proce-</strong></span> 
     </span>
     <span class='ocr_line' id='line_1_99' title="bbox 527 5284 718 5324; baseline -0.005 -1"><span class='ocrx_word' id='word_1_827' title='bbox 527 5288 543 5323; x_wconf 78' lang='grc' dir='ltr'>ι</span> <span class='ocrx_word' id='word_1_828' title='bbox 571 5311 585 5324; x_wconf 93' lang='grc'><strong>.</strong></span> <span class='ocrx_word' id='word_1_829' title='bbox 613 5284 642 5322; x_wconf 94' lang='lat' dir='ltr'><strong>c</strong></span> <span class='ocrx_word' id='word_1_830' title='bbox 670 5285 718 5323; x_wconf 89' lang='lat' dir='ltr'><strong>c.</strong></span> 
     </span>
    </p>
   </div>
   <div class='ocr_carea' id='block_1_99' title="bbox 527 5288 2065 5412">
    <p class='ocr_par' dir='ltr' id='par_1_99' title="bbox 527 5288 2065 5412">
     <span class='ocr_line' id='line_1_100' title="bbox 527 5288 2065 5412; baseline 0.007 -22"><span class='ocrx_word' id='word_1_831' title='bbox 612 5288 904 5412; x_wconf 45' lang='lat' dir='ltr'><strong>SligVatic.</strong></span> <span class='ocrx_word' id='word_1_832' title='bbox 936 5355 1092 5401; x_wconf 89' lang='lat' dir='ltr'><strong>unus,</strong></span> <span class='ocrx_word' id='word_1_833' title='bbox 1129 5346 1184 5393; x_wconf 90' lang='lat' dir='ltr'><strong>et</strong></span> <span class='ocrx_word' id='word_1_834' title='bbox 1207 5337 1423 5412; x_wconf 68' lang='lat' dir='ltr'><strong>quidem</strong></span> <span class='ocrx_word' id='word_1_835' title='bbox 1454 5341 1647 5396; x_wconf 89' lang='lat' dir='ltr'><strong>melius</strong></span> <span class='ocrx_word' id='word_1_836' title='bbox 1669 5358 1828 5412; x_wconf 89' lang='lat' dir='ltr'><strong>quam</strong></span> <span class='ocrx_word' id='word_1_837' title='bbox 1860 5347 2065 5412; x_wconf 59' lang='lat' dir='ltr'><strong>caeteri,</strong></span> 
     </span>
    </p>
   </div>
   <div class='ocr_carea' id='block_1_100' title="bbox 487 5407 2069 5535">
    <p class='ocr_par' dir='ltr' id='par_1_100' title="bbox 487 5407 2069 5535">
     <span class='ocr_line' id='line_1_101' title="bbox 488 5407 2069 5532; baseline 0.004 -68"><span class='ocrx_word' id='word_1_838' title='bbox 488 5409 583 5492; x_wconf 38' lang='lat' dir='ltr'><strong>ubi.</strong></span> <span class='ocrx_word' id='word_1_839' title='bbox 609 5409 804 5532; x_wconf 55' lang='lat' dir='ltr'><strong>legitur</strong></span> <span class='ocrx_word' id='word_1_840' title='bbox 830 5427 844 5464; x_wconf 88' lang='lat'><strong>:</strong></span> <span class='ocrx_word' id='word_1_841' title='bbox 874 5408 995 5481; x_wconf 87' lang='lat' dir='ltr'><strong>Ipse</strong></span> <span class='ocrx_word' id='word_1_842' title='bbox 1022 5419 1195 5464; x_wconf 80' lang='lat' dir='ltr'><strong>autem</strong></span> <span class='ocrx_word' id='word_1_843' title='bbox 1226 5407 1334 5464; x_wconf 88' lang='lat' dir='ltr'><strong>Dei</strong></span> <span class='ocrx_word' id='word_1_844' title='bbox 1355 5407 1526 5468; x_wconf 79' lang='lat' dir='ltr'><strong>Filius</strong></span> <span class='ocrx_word' id='word_1_845' title='bbox 1570 5407 1702 5468; x_wconf 72' lang='lat' dir='ltr'><strong>dicit</strong></span> <span class='ocrx_word' id='word_1_846' title='bbox 1722 5417 1843 5487; x_wconf 80' lang='lat' dir='ltr'><strong>quia</strong></span> <span class='ocrx_word' id='word_1_847' title='bbox 1881 5417 1955 5473; x_wconf 89' lang='lat' dir='ltr'><strong>sic</strong></span> <span class='ocrx_word' id='word_1_848' title='bbox 1981 5407 2069 5471; x_wconf 51' lang='lat' dir='ltr'><strong>di;</strong></span> 
     </span>
     <span class='ocr_line' id='line_1_102' title="bbox 487 5481 798 5535; baseline -0.003 -1"><span class='ocrx_word' id='word_1_849' title='bbox 487 5481 610 5534; x_wconf 71' lang='lat' dir='ltr'><strong>lexzt</strong></span> <span class='ocrx_word' id='word_1_850' title='bbox 691 5497 798 5535; x_wconf 90' lang='lat' dir='ltr'><strong>eus.</strong></span> 
     </span>
    </p>
   </div>
   <div class='ocr_carea' id='block_1_101' title="bbox 488 5549 2072 5674">
    <p class='ocr_par' dir='ltr' id='par_1_101' title="bbox 488 5549 2072 5674">
     <span class='ocr_line' id='line_1_103' title="bbox 488 5549 2072 5674; baseline 0.006 -70"><span class='ocrx_word' id='word_1_851' title='bbox 488 5620 519 5674; x_wconf 60' lang='grc' dir='ltr'><em>ὁ</em></span> <span class='ocrx_word' id='word_1_852' title='bbox 559 5549 792 5674; x_wconf 55' lang='lat' dir='ltr'><strong>:tVatic.</strong></span> <span class='ocrx_word' id='word_1_853' title='bbox 819 5566 922 5606; x_wconf 89' lang='lat' dir='ltr'><strong>ms.</strong></span> <span class='ocrx_word' id='word_1_854' title='bbox 954 5549 1118 5616; x_wconf 89' lang='lat' dir='ltr'><strong>addit,</strong></span> <span class='ocrx_word' id='word_1_855' title='bbox 1164 5553 1333 5623; x_wconf 86' lang='lat' dir='ltr'><strong>ipsum</strong></span> <span class='ocrx_word' id='word_1_856' title='bbox 1370 5557 1562 5611; x_wconf 82' lang='lat' dir='ltr'><strong>audite.</strong></span> <span class='ocrx_word' id='word_1_857' title='bbox 1593 5553 1789 5612; x_wconf 67' lang='lat' dir='ltr'><strong>Crateri</strong></span> <span class='ocrx_word' id='word_1_858' title='bbox 1819 5573 1926 5613; x_wconf 93' lang='lat' dir='ltr'><strong>non</strong></span> <span class='ocrx_word' id='word_1_859' title='bbox 1972 5559 2072 5613; x_wconf 86' lang='lat' dir='ltr'><strong>ad-</strong></span> 
     </span>
     <span class='ocr_line' id='line_1_104' title="bbox 527 5638 641 5674; baseline -0.009 0"><span class='ocrx_word' id='word_1_860' title='bbox 527 5638 558 5674; x_wconf 90' lang='lat' dir='ltr'><strong>u</strong></span> <span class='ocrx_word' id='word_1_861' title='bbox 628 5660 641 5673; x_wconf 88' lang='lat'><strong>.</strong></span> 
     </span>
    </p>
   </div>
   <div class='ocr_carea' id='block_1_102' title="bbox 527 5638 641 5674">
    <p class='ocr_par' dir='ltr' id='par_1_102' title="bbox 527 5638 641 5674">
     <span class='ocr_line' id='line_1_105' title="bbox 527 5638 641 5674; baseline -0.009 0"><span class='ocrx_word' id='word_1_862' title='bbox 527 5638 641 5674; x_wconf 81' lang='grc' dir='ltr'><strong>υΙὶῐ.</strong></span> 
     </span>
    </p>
   </div>
   <div class='ocr_carea' id='block_1_103' title="bbox 567 5691 1713 5773">
    <p class='ocr_par' dir='ltr' id='par_1_103' title="bbox 567 5691 1713 5773">
     <span class='ocr_line' id='line_1_106' title="bbox 567 5691 1713 5773; baseline 0.02 -42"><span class='ocrx_word' id='word_1_863' title='bbox 567 5691 582 5773; x_wconf 62' lang='lat' dir='ltr'><strong>i</strong></span> <span class='ocrx_word' id='word_1_864' title='bbox 765 5692 898 5773; x_wconf 53' lang='lat' dir='ltr'><strong>duo,</strong></span> <span class='ocrx_word' id='word_1_865' title='bbox 930 5695 1140 5765; x_wconf 79' lang='lat' dir='ltr'><strong>proprio</strong></span> <span class='ocrx_word' id='word_1_866' title='bbox 1169 5695 1309 5753; x_wconf 83' lang='lat' dir='ltr'><strong>Filio</strong></span> <span class='ocrx_word' id='word_1_867' title='bbox 1335 5717 1444 5773; x_wconf 85' lang='lat' dir='ltr'><strong>non</strong></span> <span class='ocrx_word' id='word_1_868' title='bbox 1466 5701 1713 5773; x_wconf 66' lang='lat' dir='ltr'><strong>pepercit.</strong></span> 
     </span>
    </p>
   </div>
   <div class='ocr_carea' id='block_1_104' title="bbox 532 5759 2067 5845">
    <p class='ocr_par' dir='ltr' id='par_1_104' title="bbox 532 5759 2067 5845">
     <span class='ocr_line' id='line_1_107' title="bbox 532 5759 2067 5845; baseline 0.008 -31"><span class='ocrx_word' id='word_1_869' title='bbox 532 5766 590 5843; x_wconf 39' lang='lat'><strong>.1.</strong></span> <span class='ocrx_word' id='word_1_870' title='bbox 609 5759 698 5816; x_wconf 91' lang='lat' dir='ltr'><strong>Sic</strong></span> <span class='ocrx_word' id='word_1_871' title='bbox 717 5762 863 5845; x_wconf 46' lang='lat' dir='ltr'><strong>editi.</strong></span> <span class='ocrx_word' id='word_1_872' title='bbox 899 5759 952 5818; x_wconf 81' lang='lat' dir='ltr'><strong>et</strong></span> <span class='ocrx_word' id='word_1_873' title='bbox 973 5759 1099 5845; x_wconf 66' lang='lat' dir='ltr'><strong>mss.</strong></span> <span class='ocrx_word' id='word_1_874' title='bbox 1122 5778 1382 5845; x_wconf 71' lang='lat' dir='ltr'><strong>quatuor.</strong></span> <span class='ocrx_word' id='word_1_875' title='bbox 1422 5759 1488 5822; x_wconf 77' lang='lat' dir='ltr'><strong>At</strong></span> <span class='ocrx_word' id='word_1_876' title='bbox 1519 5759 1635 5845; x_wconf 44' lang='lat' dir='ltr'><strong>ius.</strong></span> <span class='ocrx_word' id='word_1_877' title='bbox 1659 5769 1844 5845; x_wconf 69' lang='lat' dir='ltr'><strong>Corb.,</strong></span> <span class='ocrx_word' id='word_1_878' title='bbox 1879 5782 1926 5824; x_wconf 89' lang='lat' dir='ltr'><strong>et</strong></span> <span class='ocrx_word' id='word_1_879' title='bbox 1955 5789 2067 5845; x_wconf 74' lang='lat' dir='ltr'><strong>qua:</strong></span> 
     </span>
    </p>
   </div>
   <div class='ocr_carea' id='block_1_105' title="bbox 490 5830 1920 5911">
    <p class='ocr_par' dir='ltr' id='par_1_105' title="bbox 490 5830 1920 5911">
     <span class='ocr_line' id='line_1_108' title="bbox 490 5830 1920 5911; baseline 0.009 -26"><span class='ocrx_word' id='word_1_880' title='bbox 490 5830 663 5886; x_wconf 71' lang='lat' dir='ltr'><strong>divina</strong></span> <span class='ocrx_word' id='word_1_881' title='bbox 696 5831 836 5888; x_wconf 79' lang='lat' dir='ltr'><strong>dicta</strong></span> <span class='ocrx_word' id='word_1_882' title='bbox 868 5843 1004 5889; x_wconf 89' lang='lat' dir='ltr'><strong>sunt.</strong></span> <span class='ocrx_word' id='word_1_883' title='bbox 1035 5830 1167 5890; x_wconf 54' lang='lat' dir='ltr'><strong>Vat:</strong></span> <span class='ocrx_word' id='word_1_884' title='bbox 1181 5854 1334 5906; x_wconf 89' lang='lat' dir='ltr'><strong>unus,</strong></span> <span class='ocrx_word' id='word_1_885' title='bbox 1365 5848 1413 5893; x_wconf 87' lang='lat' dir='ltr'><strong>et</strong></span> <span class='ocrx_word' id='word_1_886' title='bbox 1442 5841 1562 5911; x_wconf 84' lang='lat' dir='ltr'><strong>quia</strong></span> <span class='ocrx_word' id='word_1_887' title='bbox 1583 5840 1757 5896; x_wconf 82' lang='lat' dir='ltr'><strong>divina</strong></span> <span class='ocrx_word' id='word_1_888' title='bbox 1781 5830 1920 5898; x_wconf 82' lang='lat' dir='ltr'><strong>sunt.</strong></span> 
     </span>
    </p>
   </div>
   <div class='ocr_carea' id='block_1_106' title="bbox 2185 4654 3814 4726">
    <p class='ocr_par' dir='ltr' id='par_1_106' title="bbox 2185 4654 3814 4726">
     <span class='ocr_line' id='line_1_109' title="bbox 2185 4654 3814 4726; baseline 0.002 -16"><span class='ocrx_word' id='word_1_889' title='bbox 2185 4655 2329 4710; x_wconf 89' lang='lat' dir='ltr'><strong>idem</strong></span> <span class='ocrx_word' id='word_1_890' title='bbox 2351 4670 2450 4724; x_wconf 85' lang='lat' dir='ltr'><strong>pro</strong></span> <span class='ocrx_word' id='word_1_891' title='bbox 2489 4655 2645 4710; x_wconf 88' lang='lat' dir='ltr'><strong>nobis</strong></span> <span class='ocrx_word' id='word_1_892' title='bbox 2673 4663 2756 4712; x_wconf 89' lang='lat' dir='ltr'><strong>est</strong></span> <span class='ocrx_word' id='word_1_893' title='bbox 2781 4654 2947 4712; x_wconf 85' lang='lat' dir='ltr'><strong>homo</strong></span> <span class='ocrx_word' id='word_1_894' title='bbox 2973 4654 3146 4713; x_wconf 78' lang='lat' dir='ltr'><strong>lactus</strong></span> <span class='ocrx_word' id='word_1_895' title='bbox 3189 4669 3350 4711; x_wconf 88' lang='lat' dir='ltr'><strong>verus</strong></span> <span class='ocrx_word' id='word_1_896' title='bbox 3373 4662 3431 4710; x_wconf 90' lang='lat' dir='ltr'><strong>et</strong></span> <span class='ocrx_word' id='word_1_897' title='bbox 3465 4654 3706 4726; x_wconf 81' lang='lat' dir='ltr'><strong>plenus.</strong></span> <span class='ocrx_word' id='word_1_898' title='bbox 3747 4656 3814 4715; x_wconf 72' lang='grc' dir='ltr'>ιιι</span> 
     </span>
    </p>
   </div>
   <div class='ocr_carea' id='block_1_107' title="bbox 2258 4857 3818 4922">
    <p class='ocr_par' dir='ltr' id='par_1_107' title="bbox 2258 4857 3818 4922">
     <span class='ocr_line' id='line_1_110' title="bbox 2258 4857 3818 4922; baseline 0.003 -12"><span class='ocrx_word' id='word_1_899' title='bbox 2258 4860 2283 4894; x_wconf 75' lang='grc' dir='ltr'>κ</span> <span class='ocrx_word' id='word_1_900' title='bbox 2311 4857 2486 4912; x_wconf 75' lang='lat' dir='ltr'><strong>Vatic.</strong></span> <span class='ocrx_word' id='word_1_901' title='bbox 2520 4873 2675 4922; x_wconf 85' lang='lat' dir='ltr'><strong>unus,</strong></span> <span class='ocrx_word' id='word_1_902' title='bbox 2717 4866 2768 4911; x_wconf 90' lang='lat' dir='ltr'><strong>et</strong></span> <span class='ocrx_word' id='word_1_903' title='bbox 2814 4858 3100 4912; x_wconf 75' lang='lat' dir='ltr'><strong>secundum</strong></span> <span class='ocrx_word' id='word_1_904' title='bbox 3133 4874 3344 4913; x_wconf 74' lang='lat' dir='ltr'><strong>carnem</strong></span> <span class='ocrx_word' id='word_1_905' title='bbox 3374 4873 3478 4913; x_wconf 83' lang='lat' dir='ltr'><strong>non</strong></span> <span class='ocrx_word' id='word_1_906' title='bbox 3518 4857 3588 4913; x_wconf 81' lang='lat' dir='ltr'><strong>de</strong></span> <span class='ocrx_word' id='word_1_907' title='bbox 3621 4857 3818 4920; x_wconf 71' lang='lat' dir='ltr'><strong>Patre</strong></span> 
     </span>
    </p>
   </div>
   <div class='ocr_carea' id='block_1_108' title="bbox 2181 4927 3820 4997">
    <p class='ocr_par' dir='ltr' id='par_1_108' title="bbox 2181 4927 3820 4997">
     <span class='ocr_line' id='line_1_111' title="bbox 2181 4927 3820 4997; baseline -0.001 -15"><span class='ocrx_word' id='word_1_908' title='bbox 2181 4928 2272 4982; x_wconf 84' lang='lat' dir='ltr'><strong>sed</strong></span> <span class='ocrx_word' id='word_1_909' title='bbox 2302 4929 2364 4982; x_wconf 87' lang='lat' dir='ltr'><strong>de</strong></span> <span class='ocrx_word' id='word_1_910' title='bbox 2391 4939 2555 4982; x_wconf 83' lang='lat' dir='ltr'><strong>matre</strong></span> <span class='ocrx_word' id='word_1_911' title='bbox 2578 4930 2899 4997; x_wconf 81' lang='lat' dir='ltr'><strong>unigenitum</strong></span> <span class='ocrx_word' id='word_1_912' title='bbox 2933 4929 3110 4984; x_wconf 85' lang='lat' dir='ltr'><strong>Patris</strong></span> <span class='ocrx_word' id='word_1_913' title='bbox 3141 4927 3190 4984; x_wconf 84' lang='lat' dir='ltr'><strong>F</strong></span> <span class='ocrx_word' id='word_1_914' title='bbox 3195 4930 3361 4997; x_wconf 83' lang='lat' dir='ltr'><strong>ilium,</strong></span> <span class='ocrx_word' id='word_1_915' title='bbox 3391 4929 3538 4985; x_wconf 82' lang='lat' dir='ltr'><strong>salva</strong></span> <span class='ocrx_word' id='word_1_916' title='bbox 3566 4933 3820 4990; x_wconf 68' lang='lat' dir='ltr'><strong>reterns}.</strong></span> 
     </span>
    </p>
   </div>
   <div class='ocr_carea' id='block_1_109' title="bbox 2183 4999 3759 5066">
    <p class='ocr_par' dir='ltr' id='par_1_109' title="bbox 2183 4999 3759 5066">
     <span class='ocr_line' id='line_1_112' title="bbox 2183 4999 3759 5066; baseline 0.004 -14"><span class='ocrx_word' id='word_1_917' title='bbox 2183 5008 2288 5053; x_wconf 89' lang='lat' dir='ltr'><strong>tate</strong></span> <span class='ocrx_word' id='word_1_918' title='bbox 2309 5016 2422 5053; x_wconf 85' lang='lat' dir='ltr'><strong>sua.</strong></span> <span class='ocrx_word' id='word_1_919' title='bbox 2449 4999 2640 5053; x_wconf 72' lang='lat' dir='ltr'><strong>Cmteri</strong></span> <span class='ocrx_word' id='word_1_920' title='bbox 2667 4999 2852 5066; x_wconf 81' lang='lat' dir='ltr'><strong>legunt</strong></span> <span class='ocrx_word' id='word_1_921' title='bbox 2881 4999 3241 5054; x_wconf 81' lang='lat' dir='ltr'><strong>uniformiter.</strong></span> <span class='ocrx_word' id='word_1_922' title='bbox 3755 5055 3759 5058; x_wconf 84' lang='lat'><strong>.</strong></span> 
     </span>
    </p>
   </div>
   <div class='ocr_carea' id='block_1_110' title="bbox 2261 5068 3821 5139">
    <p class='ocr_par' dir='ltr' id='par_1_110' title="bbox 2261 5068 3821 5139">
     <span class='ocr_line' id='line_1_113' title="bbox 2261 5068 3821 5139; baseline 0.004 -17"><span class='ocrx_word' id='word_1_923' title='bbox 2261 5068 2276 5108; x_wconf 76' lang='grc' dir='ltr'>ι</span> <span class='ocrx_word' id='word_1_924' title='bbox 2311 5069 2537 5122; x_wconf 84' lang='lat' dir='ltr'><strong>Additur</strong></span> <span class='ocrx_word' id='word_1_925' title='bbox 2567 5070 2618 5122; x_wconf 90' lang='lat' dir='ltr'><strong>in</strong></span> <span class='ocrx_word' id='word_1_926' title='bbox 2642 5071 2960 5139; x_wconf 83' lang='lat' dir='ltr'><strong>quibusdam</strong></span> <span class='ocrx_word' id='word_1_927' title='bbox 2985 5071 3089 5135; x_wconf 92' lang='lat' dir='ltr'><strong>hic,</strong></span> <span class='ocrx_word' id='word_1_928' title='bbox 3123 5070 3185 5123; x_wconf 85' lang='lat' dir='ltr'><strong>de</strong></span> <span class='ocrx_word' id='word_1_929' title='bbox 3214 5071 3430 5139; x_wconf 85' lang='lat' dir='ltr'><strong>virgine,</strong></span> <span class='ocrx_word' id='word_1_930' title='bbox 3453 5070 3550 5125; x_wconf 88' lang='lat' dir='ltr'><strong>sed</strong></span> <span class='ocrx_word' id='word_1_931' title='bbox 3581 5072 3821 5128; x_wconf 81' lang='lat' dir='ltr'><strong>redun-</strong></span> 
     </span>
    </p>
   </div>
   <div class='ocr_carea' id='block_1_111' title="bbox 2179 5139 3823 5208">
    <p class='ocr_par' dir='ltr' id='par_1_111' title="bbox 2179 5139 3823 5208">
     <span class='ocr_line' id='line_1_114' title="bbox 2179 5139 3823 5208; baseline 0.004 -14"><span class='ocrx_word' id='word_1_932' title='bbox 2179 5140 2311 5195; x_wconf 88' lang='lat' dir='ltr'><strong>dare</strong></span> <span class='ocrx_word' id='word_1_933' title='bbox 2343 5139 2586 5193; x_wconf 87' lang='lat' dir='ltr'><strong>videtur:</strong></span> <span class='ocrx_word' id='word_1_934' title='bbox 2622 5156 2720 5194; x_wconf 90' lang='lat' dir='ltr'><strong>nec</strong></span> <span class='ocrx_word' id='word_1_935' title='bbox 2752 5141 2945 5208; x_wconf 86' lang='lat' dir='ltr'><strong>legitur</strong></span> <span class='ocrx_word' id='word_1_936' title='bbox 2973 5141 3024 5195; x_wconf 93' lang='lat' dir='ltr'><strong>in</strong></span> <span class='ocrx_word' id='word_1_937' title='bbox 3067 5155 3194 5196; x_wconf 86' lang='lat' dir='ltr'><strong>mss.</strong></span> <span class='ocrx_word' id='word_1_938' title='bbox 3223 5139 3394 5196; x_wconf 84' lang='lat' dir='ltr'><strong>tribus</strong></span> <span class='ocrx_word' id='word_1_939' title='bbox 3429 5148 3484 5194; x_wconf 89' lang='lat' dir='ltr'><strong>et</strong></span> <span class='ocrx_word' id='word_1_940' title='bbox 3512 5142 3656 5198; x_wconf 82' lang='lat' dir='ltr'><strong>Ant.</strong></span> <span class='ocrx_word' id='word_1_941' title='bbox 3691 5143 3823 5200; x_wconf 71' lang='lat' dir='ltr'><strong>Re-</strong></span> 
     </span>
    </p>
   </div>
   <div class='ocr_carea' id='block_1_112' title="bbox 2178 5209 3823 5280">
    <p class='ocr_par' dir='ltr' id='par_1_112' title="bbox 2178 5209 3823 5280">
     <span class='ocr_line' id='line_1_115' title="bbox 2178 5209 3823 5280; baseline 0.004 -15"><span class='ocrx_word' id='word_1_942' title='bbox 2178 5209 2426 5266; x_wconf 87' lang='lat' dir='ltr'><strong>duudaut</strong></span> <span class='ocrx_word' id='word_1_943' title='bbox 2453 5224 2668 5280; x_wconf 89' lang='lat' dir='ltr'><strong>quoque</strong></span> <span class='ocrx_word' id='word_1_944' title='bbox 2709 5211 2797 5280; x_wconf 86' lang='lat' dir='ltr'><strong>hic</strong></span> <span class='ocrx_word' id='word_1_945' title='bbox 2824 5214 2875 5266; x_wconf 87' lang='lat' dir='ltr'><strong>in</strong></span> <span class='ocrx_word' id='word_1_946' title='bbox 2903 5212 3224 5280; x_wconf 84' lang='lat' dir='ltr'><strong>quibusdam</strong></span> <span class='ocrx_word' id='word_1_947' title='bbox 3253 5212 3369 5267; x_wconf 78' lang='lat' dir='ltr'><strong>lucc</strong></span> <span class='ocrx_word' id='word_1_948' title='bbox 3417 5212 3612 5280; x_wconf 85' lang='lat' dir='ltr'><strong>verba,</strong></span> <span class='ocrx_word' id='word_1_949' title='bbox 3677 5213 3823 5272; x_wconf 65' lang='lat' dir='ltr'><strong>Una</strong></span> 
     </span>
    </p>
   </div>
   <div class='ocr_carea' id='block_1_113' title="bbox 2179 5279 3825 5351">
    <p class='ocr_par' dir='ltr' id='par_1_113' title="bbox 2179 5279 3825 5351">
     <span class='ocr_line' id='line_1_116' title="bbox 2179 5279 3825 5351; baseline 0.003 -17"><span class='ocrx_word' id='word_1_950' title='bbox 2179 5283 2316 5336; x_wconf 87' lang='lat' dir='ltr'><strong>enim</strong></span> <span class='ocrx_word' id='word_1_951' title='bbox 2345 5279 2565 5350; x_wconf 71' lang='lat' dir='ltr'><strong>pet-sana</strong></span> <span class='ocrx_word' id='word_1_952' title='bbox 2603 5297 2735 5335; x_wconf 84' lang='lat' dir='ltr'><strong>esset</strong></span> <span class='ocrx_word' id='word_1_953' title='bbox 2777 5279 2938 5335; x_wconf 73' lang='lat' dir='ltr'><strong>Pater</strong></span> <span class='ocrx_word' id='word_1_954' title='bbox 2975 5291 3024 5336; x_wconf 88' lang='lat' dir='ltr'><strong>et</strong></span> <span class='ocrx_word' id='word_1_955' title='bbox 3057 5281 3260 5344; x_wconf 86' lang='lat' dir='ltr'><strong>Filius;</strong></span> <span class='ocrx_word' id='word_1_956' title='bbox 3303 5284 3418 5351; x_wconf 83' lang='lat' dir='ltr'><strong>ipsa</strong></span> <span class='ocrx_word' id='word_1_957' title='bbox 3458 5279 3646 5338; x_wconf 79' lang='lat' dir='ltr'><strong>autem</strong></span> <span class='ocrx_word' id='word_1_958' title='bbox 3693 5303 3825 5340; x_wconf 83' lang='lat' dir='ltr'><strong>una</strong></span> 
     </span>
    </p>
   </div>
   <div class='ocr_carea' id='block_1_114' title="bbox 2179 5352 3825 5425">
    <p class='ocr_par' dir='ltr' id='par_1_114' title="bbox 2179 5352 3825 5425">
     <span class='ocr_line' id='line_1_117' title="bbox 2179 5352 3825 5425; baseline 0.003 -20"><span class='ocrx_word' id='word_1_959' title='bbox 2179 5368 2398 5422; x_wconf 84' lang='lat' dir='ltr'><strong>persona</strong></span> <span class='ocrx_word' id='word_1_960' title='bbox 2421 5357 2512 5421; x_wconf 78' lang='lat' dir='ltr'><strong>pro</strong></span> <span class='ocrx_word' id='word_1_961' title='bbox 2540 5369 2598 5405; x_wconf 90' lang='lat' dir='ltr'><strong>eo</strong></span> <span class='ocrx_word' id='word_1_962' title='bbox 2620 5353 2739 5425; x_wconf 65' lang='lat' dir='ltr'><strong>quia</strong></span> <span class='ocrx_word' id='word_1_963' title='bbox 2762 5368 2866 5425; x_wconf 65' lang='lat' dir='ltr'><strong>non</strong></span> <span class='ocrx_word' id='word_1_964' title='bbox 2895 5354 2960 5406; x_wconf 89' lang='lat' dir='ltr'><strong>de</strong></span> <span class='ocrx_word' id='word_1_965' title='bbox 2980 5352 3112 5425; x_wconf 82' lang='lat' dir='ltr'><strong>Deo,</strong></span> <span class='ocrx_word' id='word_1_966' title='bbox 3144 5354 3232 5407; x_wconf 86' lang='lat' dir='ltr'><strong>sed</strong></span> <span class='ocrx_word' id='word_1_967' title='bbox 3261 5362 3462 5425; x_wconf 86' lang='lat' dir='ltr'><strong>tantum</strong></span> <span class='ocrx_word' id='word_1_968' title='bbox 3491 5353 3557 5406; x_wconf 87' lang='lat' dir='ltr'><strong>de</strong></span> <span class='ocrx_word' id='word_1_969' title='bbox 3579 5356 3825 5425; x_wconf 81' lang='lat' dir='ltr'><strong>virgine</strong></span> 
     </span>
    </p>
   </div>
   <div class='ocr_carea' id='block_1_115' title="bbox 2179 5420 3826 5546">
    <p class='ocr_par' dir='ltr' id='par_1_115' title="bbox 2179 5420 3826 5546">
     <span class='ocr_line' id='line_1_118' title="bbox 2179 5420 3826 5546; baseline 0.002 -71"><span class='ocrx_word' id='word_1_970' title='bbox 2179 5420 2474 5546; x_wconf 42' lang='lat' dir='ltr'><strong>uagaretur</strong></span> <span class='ocrx_word' id='word_1_971' title='bbox 2499 5439 2599 5475; x_wconf 89' lang='lat' dir='ltr'><strong>non</strong></span> <span class='ocrx_word' id='word_1_972' title='bbox 2625 5420 2725 5477; x_wconf 86' lang='lat' dir='ltr'><strong>Dei</strong></span> <span class='ocrx_word' id='word_1_973' title='bbox 2752 5420 2944 5478; x_wconf 72' lang='lat' dir='ltr'><strong>Filius.</strong></span> <span class='ocrx_word' id='word_1_974' title='bbox 2972 5424 3178 5481; x_wconf 83' lang='lat' dir='ltr'><strong>Absunt</strong></span> <span class='ocrx_word' id='word_1_975' title='bbox 3206 5424 3350 5480; x_wconf 84' lang='lat' dir='ltr'><strong>enim</strong></span> <span class='ocrx_word' id='word_1_976' title='bbox 3378 5440 3408 5478; x_wconf 87' lang='lat' dir='ltr'><strong>a</strong></span> <span class='ocrx_word' id='word_1_977' title='bbox 3439 5439 3570 5476; x_wconf 87' lang='lat' dir='ltr'><strong>mss.</strong></span> <span class='ocrx_word' id='word_1_978' title='bbox 3605 5420 3826 5484; x_wconf 71' lang='lat' dir='ltr'><strong>uilius</strong></span> 
     </span>
     <span class='ocr_line' id='line_1_119' title="bbox 2181 5503 2388 5546; baseline 0 0"><span class='ocrx_word' id='word_1_979' title='bbox 2181 5508 2210 5546; x_wconf 92' lang='lat' dir='ltr'><strong>e</strong></span> <span class='ocrx_word' id='word_1_980' title='bbox 2311 5503 2388 5546; x_wconf 90' lang='lat' dir='ltr'><strong>nt.</strong></span> 
     </span>
    </p>
   </div>
   <div class='ocr_carea' id='block_1_116' title="bbox 2181 5501 2388 5547">
    <p class='ocr_par' dir='ltr' id='par_1_116' title="bbox 2181 5501 2388 5547">
     <span class='ocr_line' id='line_1_120' title="bbox 2181 5501 2388 5547; baseline -0.01 0"><span class='ocrx_word' id='word_1_981' title='bbox 2181 5501 2234 5547; x_wconf 91' lang='lat' dir='ltr'><strong>et</strong></span> <span class='ocrx_word' id='word_1_982' title='bbox 2263 5501 2388 5547; x_wconf 85' lang='lat' dir='ltr'><strong>Ant.</strong></span> 
     </span>
    </p>
   </div>
   <div class='ocr_carea' id='block_1_117' title="bbox 2250 5563 3824 5640">
    <p class='ocr_par' dir='ltr' id='par_1_117' title="bbox 2250 5563 3824 5640">
     <span class='ocr_line' id='line_1_121' title="bbox 2250 5563 3824 5640; baseline 0.004 -23"><span class='ocrx_word' id='word_1_983' title='bbox 2250 5573 2286 5600; x_wconf 77' lang='grc' dir='ltr'><strong>σι</strong></span> <span class='ocrx_word' id='word_1_984' title='bbox 2312 5563 2480 5640; x_wconf 53' lang='grc' dir='ltr'><strong>Ῡᾳιὶο.</strong></span> <span class='ocrx_word' id='word_1_985' title='bbox 2518 5577 2638 5628; x_wconf 93' lang='lat' dir='ltr'><strong>ms.,</strong></span> <span class='ocrx_word' id='word_1_986' title='bbox 2673 5567 2981 5634; x_wconf 69' lang='lat' dir='ltr'><strong>coarqualem</strong></span> <span class='ocrx_word' id='word_1_987' title='bbox 3003 5565 3122 5620; x_wconf 87' lang='lat' dir='ltr'><strong>sibi.</strong></span> <span class='ocrx_word' id='word_1_988' title='bbox 3145 5565 3213 5621; x_wconf 81' lang='lat' dir='ltr'><strong>At</strong></span> <span class='ocrx_word' id='word_1_989' title='bbox 3237 5564 3326 5620; x_wconf 83' lang='lat' dir='ltr'><strong>alii</strong></span> <span class='ocrx_word' id='word_1_990' title='bbox 3359 5577 3568 5632; x_wconf 83' lang='lat' dir='ltr'><strong>omnes,</strong></span> <span class='ocrx_word' id='word_1_991' title='bbox 3603 5583 3824 5640; x_wconf 63' lang='lat' dir='ltr'><strong>(run-</strong></span> 
     </span>
    </p>
   </div>
   <div class='ocr_carea' id='block_1_118' title="bbox 2173 5633 2408 5688">
    <p class='ocr_par' dir='ltr' id='par_1_118' title="bbox 2173 5633 2408 5688">
     <span class='ocr_line' id='line_1_122' title="bbox 2173 5633 2408 5688; baseline 0.004 -2"><span class='ocrx_word' id='word_1_992' title='bbox 2173 5633 2272 5688; x_wconf 91' lang='lat' dir='ltr'><strong>lem</strong></span> <span class='ocrx_word' id='word_1_993' title='bbox 2291 5633 2408 5688; x_wconf 86' lang='lat' dir='ltr'><strong>sibi.</strong></span> 
     </span>
    </p>
   </div>
   <div class='ocr_carea' id='block_1_119' title="bbox 2246 5704 3828 5770">
    <p class='ocr_par' dir='ltr' id='par_1_119' title="bbox 2246 5704 3828 5770">
     <span class='ocr_line' id='line_1_123' title="bbox 2246 5704 3828 5770; baseline 0.008 -13"><span class='ocrx_word' id='word_1_994' title='bbox 2246 5713 2271 5739; x_wconf 77' lang='grc' dir='ltr'><strong>ιι</strong></span> <span class='ocrx_word' id='word_1_995' title='bbox 2311 5704 2401 5759; x_wconf 90' lang='lat' dir='ltr'><strong>Sic</strong></span> <span class='ocrx_word' id='word_1_996' title='bbox 2431 5721 2528 5758; x_wconf 89' lang='lat' dir='ltr'><strong>ms.</strong></span> <span class='ocrx_word' id='word_1_997' title='bbox 2558 5705 2720 5761; x_wconf 74' lang='lat' dir='ltr'><strong>Corb.</strong></span> <span class='ocrx_word' id='word_1_998' title='bbox 2747 5705 2815 5761; x_wconf 88' lang='lat' dir='ltr'><strong>At</strong></span> <span class='ocrx_word' id='word_1_999' title='bbox 2841 5704 3018 5763; x_wconf 83' lang='lat' dir='ltr'><strong>Vatic.</strong></span> <span class='ocrx_word' id='word_1_1000' title='bbox 3055 5722 3212 5770; x_wconf 87' lang='lat' dir='ltr'><strong>unus,</strong></span> <span class='ocrx_word' id='word_1_1001' title='bbox 3239 5721 3354 5762; x_wconf 89' lang='lat' dir='ltr'><strong>cum</strong></span> <span class='ocrx_word' id='word_1_1002' title='bbox 3375 5706 3440 5762; x_wconf 82' lang='lat' dir='ltr'><strong>sit</strong></span> <span class='ocrx_word' id='word_1_1003' title='bbox 3466 5704 3560 5762; x_wconf 90' lang='lat' dir='ltr'><strong>Dei</strong></span> <span class='ocrx_word' id='word_1_1004' title='bbox 3606 5707 3666 5762; x_wconf 83' lang='lat' dir='ltr'><strong>F</strong></span> <span class='ocrx_word' id='word_1_1005' title='bbox 3672 5711 3828 5769; x_wconf 83' lang='lat' dir='ltr'><strong>ilius</strong></span> 
     </span>
    </p>
   </div>
   <div class='ocr_carea' id='block_1_120' title="bbox 2175 5784 2647 5830">
    <p class='ocr_par' dir='ltr' id='par_1_120' title="bbox 2175 5784 2647 5830">
     <span class='ocr_line' id='line_1_124' title="bbox 2175 5784 2647 5830; baseline 0.002 -1"><span class='ocrx_word' id='word_1_1006' title='bbox 2175 5784 2392 5829; x_wconf 77' lang='lat' dir='ltr'><strong>wlemus</strong></span> <span class='ocrx_word' id='word_1_1007' title='bbox 2415 5786 2461 5828; x_wconf 84' lang='lat' dir='ltr'><strong>et</strong></span> <span class='ocrx_word' id='word_1_1008' title='bbox 2481 5792 2647 5830; x_wconf 84' lang='lat' dir='ltr'><strong>verus.</strong></span> 
     </span>
    </p>
   </div>
  </div>
