4090 6342
252 320 346 380 677

1517 310 1604 370 DE
1639 307 1794 370 FIDE
1829 307 2034 370 LIBER
2070 308 2276 370 UNUS.

3427 317 3532 376 678

250 452 313 494 eo
346 448 528 499 verus,
553 432 682 504 quia
705 444 896 489 veram
943 429 1111 488 habet
1133 430 1280 488 Deus
1323 427 1418 485 ille
1463 437 1492 466 ι
1540 428 1840 484 humanam
1871 431 1920 491 Α
1942 425 2094 484 Idem
2119 427 2346 498 quippe.
2369 425 2513 484 sicut
2535 426 2670 481 dicit
2687 427 2999 497 Apostolus,
3049 439 3282 490 mortuus
3302 445 3380 491 est
3411 437 3433 475 ιι
3464 456 3532 496 ex

252 535 521 593 naturam;
547 524 602 580 in
643 538 710 580 eo
730 537 862 578 vero
883 521 1099 593 plenus,
1127 520 1254 590 quia
1294 527 1352 575 et
1396 533 1617 574 carnem
1647 516 1840 573 huma-

253 637 368 678 nam
402 617 676 688 suscepit,
731 626 788 671 et
815 615 1052 670 animam
1107 614 1450 669 rationalem.
1481 611 1628 667 idem
1654 619 1841 666 tamen

254 711 562 781 Unigenitus
584 709 729 765 Deus
767 706 1007 763 secundo
1036 705 1064 745 δ
1097 714 1252 761 natus
1281 713 1386 771 est,
1434 703 1603 760 semel
1636 717 1702 758 ex
1734 701 1840 756 Pa-

253 814 350 869 tre,
371 800 538 857 semel
576 815 645 854 ex
683 807 856 854 matre
897 815 910 850 :
951 804 1113 852 natus
1141 804 1225 850 est
1257 795 1402 851 enim
1425 793 1492 848 de
1517 791 1678 847 Patre
1701 791 1843 847 Deus

253 893 500 955 Verbum,
532 898 693 945 natus
719 896 805 945 est
831 887 899 944 de
920 895 1094 942 matre
1116 885 1352 941 Verbum
1391 898 1520 939 caro
1545 881 1767 937 factum.

322 982 407 1035 ll.
451 979 600 1036 Unus
656 980 819 1049 igitur
866 987 949 1033 est
994 983 1162 1047 atque
1199 975 1343 1031 idem
1372 975 1515 1029 Dens
1550 973 1647 1028 Dei
1674 971 1842 1028 Filius

254 1084 408 1131 natus
433 1082 558 1127 ante
603 1071 821 1134 stecula,
869 1077 924 1124 et
963 1077 1120 1124 natus
1146 1069 1202 1123 in
1241 1067 1480 1132 sacculo;
1511 1073 1568 1120 et
1611 1073 1843 1132 utraque

253 1167 501 1225 nativitas
528 1165 690 1220 unius
718 1172 802 1219 est
825 1162 944 1217 Filii
969 1162 1065 1217 Dei
1093 1183 1103 1213 :
1129 1161 1331 1224 divina,
1361 1158 1659 1214 secundum
1681 1172 1843 1227 quam

255 1268 468 1315 creator
487 1257 543 1312 in
574 1255 747 1312 forma
791 1253 882 1310 Dei
914 1262 1219 1308 coaeternus
1249 1250 1396 1305 Patri
1425 1251 1565 1306 Deus
1590 1257 1708 1314 est;
1741 1249 1843 1303 hu-

255 1366 432 1416 mana,
479 1348 772 1405 secundum
821 1361 983 1416 quam
1037 1345 1388 1414 semetipsum
1419 1343 1758 1407 exinaniens,
1791 1348 1850 1396 et

255 1445 480 1500 fortnam
503 1441 647 1498 servi
671 1440 963 1510 accipiens,
998 1454 1106 1492 non
1137 1437 1313 1492 solum
1343 1437 1396 1491 in
1425 1443 1694 1505 conceptu
1724 1451 1842 1489 ma-

256 1538 388 1592 terni
415 1536 552 1591 uteri
574 1534 946 1602 semetipsum,
976 1530 1103 1586 dum
1129 1531 1294 1586 homo
1325 1530 1496 1592 lieret,
1522 1527 1714 1584 eadem
1733 1543 1850 1583 scr-

254 1629 368 1684 vilis
416 1625 602 1682 formte
630 1627 974 1696 susceptione
1021 1624 1309 1688 formavit,
1363 1638 1549 1677 verum
1590 1622 1754 1678 etiam
1783 1620 1851 1676 de

256 1719 443 1774 eodem
473 1717 662 1772 matris
684 1726 841 1773 utero
872 1727 895 1757 α
931 1717 1073 1772 idem
1105 1715 1248 1773 Dens
1276 1716 1439 1772 homo
1468 1713 1642 1770 factus
1662 1713 1850 1781 exivit,

1940 516 2273 589 inﬁrmitate,
2301 521 2394 575 sed
2415 518 2537 575 vivit
2564 537 2630 576 ea:
2655 521 2840 576 virtute
2870 521 2966 578 Dei
2994 524 3094 592 (11
3122 527 3242 584 Cor.
3277 539 3398 598 χιιι,
3419 533 3530 605 4),:

1945 624 2083 664 unus
2124 619 2288 680 atque
2323 611 2489 680 idem,
2519 613 2611 683 qui
2659 614 2951 669 secundum
3001 620 3340 688 prophetiam
3391 619 3540 683 beati

1944 701 2113 757 David
2148 699 2190 767 ι,
2221 712 2272 757 et
2317 703 2470 758 homo
2495 706 2664 774 factus
2701 714 2777 760 est
2810 707 2864 761 in
2892 705 3044 774 Sion,
3074 718 3124 764 et
3162 712 3272 782 ipse
3301 716 3540 784 fundavit

1944 812 2061 850 eam
2080 795 2378 850 Altissimus
2409 795 2583 867 (Psal.
2619 805 2838 861 LXXXVI,
2866 798 2942 870 5).

2019 885 2109 942 M.
2147 886 2334 958 Itaque
2356 903 2456 943 nec
2482 887 2732 946 divinitas
2751 890 2950 948 Christi
2977 894 3151 950 aliena
3180 904 3264 951 est
3286 912 3316 952 a
3346 908 3540 957 natura

1904 1022 1906 1024 τ
1947 973 2147 1042 Patris,
2172 977 2468 1032 secundum
2496 977 2546 1032 id
2576 980 2720 1048 quod
2770 982 2824 1036 in
2854 983 3111 1053 principio
3147 999 3260 1041 erat
3298 988 3540 1058 Verbum,

1947 1079 1996 1122 et
2034 1068 2257 1124 Verbum
2272 1080 2386 1125 erat
2413 1071 2551 1142 apud
2573 1070 2756 1137 Deum,
2779 1083 2828 1127 et
2850 1072 2990 1129 Deus
3013 1087 3124 1130 erat
3156 1077 3391 1135 Verbum.
3425 1081 3544 1138 Hoc

1948 1171 2061 1215 erat
2084 1163 2140 1215 in
2171 1163 2427 1233 principio
2455 1163 2597 1232 apud
2642 1161 2829 1218 Deum.
2865 1151 3055 1220 Omnia
3092 1185 3184 1237 per
3210 1170 3378 1240 ipsum
3403 1174 3546 1243 facta

1949 1263 2090 1322 sunt,
2121 1265 2171 1309 et
2200 1257 2311 1309 sine
2339 1257 2452 1326 ipso
2501 1257 2697 1328 factum
2730 1267 2807 1310 est
2831 1258 2961 1311 nihil
3012 1258 3211 1330 (Joan.
3242 1277 3279 1326 ι,
3306 1263 3328 1315 1
3354 1264 3372 1332 )
3398 1281 3413 1329 ;
3445 1279 3546 1322 nec

1950 1348 2260 1404 humanitas
2287 1347 2406 1416 ejus
2433 1347 2611 1402 aliena
2629 1356 2712 1402 est
2733 1364 2764 1402 a
2795 1356 2985 1404 natura
3015 1353 3224 1415 matris,
3249 1355 3546 1410 secundum

1950 1438 2005 1492 id
2033 1437 2180 1507 quod
2217 1436 2442 1492 Verbum
2463 1455 2584 1492 caro
2607 1440 2802 1509 [uetant
2822 1450 2918 1505 est,
2945 1451 2995 1495 et
3024 1440 3273 1497 habitauit
3317 1445 3371 1499 in
3401 1445 3547 1501 nobis

1957 1530 2148 1602 (Ibid.,
2180 1529 2248 1584 14
2270 1531 2310 1599 ).
2341 1530 2436 1586 llla
2463 1531 2606 1587 enim
2630 1541 2822 1587 natura
2851 1548 2970 1603 quae
2991 1548 3209 1605 semper
3225 1537 3405 1604 genita
3435 1554 3551 1594 ma-

1955 1632 2048 1679 net
2077 1639 2144 1680 ex
2175 1622 2353 1690 Patre,
2385 1633 2636 1680 naturam
2666 1635 2910 1681 nostram
2948 1628 3066 1683 sine
3105 1639 3333 1698 peccato
3366 1646 3554 1689 susceo

1957 1715 2057 1785 pit,
2110 1722 2171 1768 ut
2210 1723 2522 1770 nasceretur
2550 1730 2618 1770 cx
2662 1716 2889 1785 virgine.
2939 1716 3126 1789 Neque
3167 1720 3311 1774 enim
3355 1727 3552 1778 natura

257 1815 308 1863 et
327 1808 382 1861 in
402 1822 564 1862 cruce
593 1807 734 1864 idem
773 1807 916 1862 Deus
946 1807 1112 1862 homo
1141 1806 1317 1863 lactus
1345 1804 1602 1877 pependit
1629 1804 1679 1871 ἀ,
1710 1812 1764 1860 et
1793 1805 1848 1860 in
1873 1813 1928 1876 Β
1953 1813 2155 1860 aeterna
2179 1813 2342 1876 atque
2363 1806 2542 1861 divina
2567 1809 2940 1876 temporaliter
2957 1811 3171 1880 concipi
3201 1821 3256 1867 et
3286 1818 3554 1884 tempora-

257 1901 504 1970 sepulcro
526 1909 550 1937 θ
575 1899 714 1955 idem
738 1900 883 1955 Deus
898 1900 1064 1955 homo
1085 1899 1258 1955 iactus
1271 1898 1466 1967 jacuit,
1492 1905 1542 1953 et
1575 1895 1644 1951 ab
1663 1896 1849 1952 inieris

257 1990 397 2046 idem
428 1989 573 2046 Deus
597 1991 761 2046 homo
807 1991 982 2045 factus
1009 1990 1173 2046 tertio
1201 1989 1289 2044 die
1320 1987 1651 2053 resurrexit;
1681 1987 1775 2042 sed
1798 1987 1854 2041 in

258 2081 506 2152 sepulcro
535 2080 830 2136 secundum
859 2086 1032 2135 solam
1062 2093 1283 2134 carnem
1314 2077 1455 2132 idem
1485 2077 1628 2133 Deus
1655 2075 1850 2146 jacuit,

258 2182 310 2230 et
339 2175 391 2228 in
444 2172 711 2228 infernum
739 2171 1040 2227 secundum
1070 2169 1240 2226 solam
1287 2169 1522 2225 animam
1551 2166 1852 2224 descendit.

258 2266 370 2335 Qua
397 2265 468 2322 de
514 2265 700 2320 inferis
727 2265 792 2318 ad
838 2278 1080 2327 carnem,
1120 2261 1208 2318 die
1249 2261 1428 2324 tertia,
1470 2267 1778 2316 revertente
1807 2257 1851 2322 ί,

258 2361 397 2416 idem
429 2359 572 2415 Deus
599 2357 890 2416 secundum
919 2372 1140 2414 carnem
1166 2371 1271 2425 qua
1297 2356 1392 2426 (ul.
1425 2354 1570 2424 qum)
1600 2355 1654 2408 in
1674 2352 1857 2424 sepul-

259 2469 348 2510 cro
380 2452 574 2523 jacuit,
605 2453 674 2508 de
699 2451 950 2522 sepulcro
980 2449 1303 2514 resurrexit;
1338 2456 1395 2504 et
1441 2446 1856 2517 quadragesimo

258 2557 382 2621 post
429 2548 880 2604 resurrectionem
929 2544 1036 2610 die,
1062 2543 1204 2598 idem
1235 2539 1570 2597 Deus.homo
1600 2537 1770 2594 iactus
1801 2537 1856 2592 in

259 2639 457 2694 caelum
512 2636 829 2702 ascendens,
877 2636 933 2691 in
969 2635 1193 2690 dextera
1249 2633 1345 2688 Dei
1391 2630 1532 2687 sedit
1561 2641 1608 2696 κ,
1640 2629 1766 2685 inde
1803 2629 1857 2707 in

259 2730 365 2788 iine
421 2731 603 2786 saaculi
643 2729 710 2784 ad
767 2727 1088 2800 judicandos
1133 2725 1290 2781 vivos
1349 2731 1700 2792 mortuosque
1725 2736 1858 2778 ven-

262 2831 436 2878 turus.

327 2917 415 2970 12.
453 2915 688 2972 Verbum
715 2929 846 2984 ergo
874 2929 1002 2971 caro
1049 2912 1252 2970 factum
1279 2926 1419 2966 unus
1444 2919 1526 2967 est
1558 2908 1728 2964 Filius
1761 2907 1859 2964 Dei

260 3011 525 3066 Dominus
545 3006 573 3046 ὶι
596 3007 753 3064 Jesus
769 3007 1033 3073 Christus,
1062 3006 1330 3062 mediator
1354 3004 1450 3058 Dei
1474 3012 1531 3059 et
1556 3002 1854 3059 hominum.

259 3101 468 3158 Idcirco
492 3111 673 3156 autem
702 3100 988 3166 mediator,
1015 3099 1141 3171 quia
1173 3098 1314 3153 idem
1333 3097 1476 3153 Deus
1505 3105 1668 3168 atque
1695 3096 1859 3152 hoino

1955 1897 2081 1953 liter
2109 1898 2259 1954 nasci
2289 1914 2357 1953 ex
2404 1907 2597 1954 natura
2623 1899 2858 1955 humana
2889 1901 3159 1958 ullatenus
3207 1915 3412 1974 posset,
3445 1905 3550 1964 nisi

1956 1987 2257 2044 secundum
2311 1988 2711 2058 susceptionem
2762 1989 3006 2047 veritatis
3060 1992 3309 2048 humana:
3364 2011 3550 2051 veram

1956 2079 2330 2150 temporaliter
2342 2080 2758 2150 conceptionem
2775 2087 2937 2152 atque
2959 2083 3293 2140 nativitatem
3314 2086 3558 2144 inell‘abi-

1955 2172 2026 2229 lis
2053 2173 2110 2228 in
2131 2187 2192 2230 se
2210 2172 2466 2230 divinitas
2493 2174 2814 2244 accepisset.
2845 2174 2936 2232 Sic
2962 2185 3046 2233 est
3067 2177 3211 2235 Deus
3227 2188 3463 2238 :eternus
3491 2197 3557 2240 ac

1961 2278 2127 2320 verus
2147 2273 2209 2332 ιη,
2239 2264 2510 2320 veraciter
2536 2266 2833 2322 secundum
2865 2273 3078 2338 tempus
3107 2278 3162 2325 et
3187 2281 3482 2344 conceptus
3502 2282 3558 2330 et

1964 2361 2213 2410 natusex
2245 2355 2468 2423 virgine.
2496 2355 2632 2409 Dum
2662 2357 2804 2411 enim
2835 2359 2970 2412 venit
3000 2360 3266 2429 plenitudo
3293 2366 3557 2433 temporis,

1960 2447 2102 2500 misit
2121 2444 2265 2500 Deus
2293 2445 2490 2500 Filium
2515 2463 2662 2500 suum
2690 2449 2994 2519 factum(al.
3010 2454 3209 2521 natum)
3233 2469 3298 2506 ea:
3323 2455 3556 2519 muliere,

1961 2540 2158 2611 factum
2196 2537 2289 2592 sub
2311 2542 2444 2610 lege,
2474 2547 2532 2592 ut
2553 2556 2640 2594 eos
2685 2540 2772 2607 qui
2798 2540 2889 2593 sub
2917 2541 3029 2613 lege
3052 2553 3204 2597 erant
3255 2545 3554 2615 redimeret,

1959 2639 2017 2682 ut
2046 2628 2375 2699 adoptionem
2423 2629 2656 2699 ﬁliorum
2682 2638 2711 2668 ιι
2759 2631 3098 2702 reciperemus
3139 2633 3338 2705 (Galat.
3371 2652 3444 2706 tv,
3473 2636 3556 2710 4),

1963 2718 2058 2774 illo
2085 2718 2296 2776 scilicet
2339 2718 2454 2775 Deo
2482 2718 2624 2774 facto
2674 2721 2994 2778 naturaliter
3040 2724 3152 2779 lilio
3181 2726 3435 2795 hominis,
3464 2729 3559 2798 qui

1963 2824 2107 2865 unus
2153 2816 2239 2864 est
2285 2809 2605 2865 naturaliter
2649 2808 2818 2866 Filius
2848 2811 2941 2868 Dei
2968 2811 3163 2868 Patris.
3214 2815 3332 2872 llnc
3369 2821 3558 2888 utique

1963 2897 2202 2955 Joannes
2229 2899 2560 2968 evangelista
2610 2900 2958 2970 conﬁrmans,
2991 2913 3278 2974 postquam
3311 2908 3464 2978 dixit,
3495 2911 3563 2966 Et

1975 2989 2200 3045 Verbum
2228 3007 2352 3045 caro
2376 2993 2571 3063 factum
2599 2993 3021 3057 est,etlmbitaeit
3048 2998 3102 3051 in
3123 2991 3271 3054 nobis
3298 3001 3317 3071 (
3333 3000 3489 3057 Joan.
3525 3021 3561 3070 t,

1971 3079 2090 3152 14),
2119 3082 2512 3151 subsequenter
2558 3083 2652 3149 ait,
2696 3081 2766 3136 Et
2795 3084 3012 3140 vidimus
3041 3087 3265 3158 gloriam
3286 3091 3417 3160 ejus,
3448 3093 3533 3164 glo

261 3211 444 3261 verus,
477 3196 682 3251 habens
723 3209 846 3250 cum
874 3192 1038 3249 Patre
1069 3207 1231 3247 unam
1260 3190 1558 3246 divinitatis
1585 3197 1852 3254 naturam,
1888 3188 1938 3253 C
1967 3176 2102 3230 νίαηι
2129 3176 2277 3246 φιαθὶ
2309 3173 2577 3246 Πηὶθεηὶιὶ
2599 3193 2635 3229 6
2676 3174 2858 3241 Patre,
2887 3177 3096 3246 plenum
3143 3183 3330 3252 gratia:
3356 3193 3405 3238 et
3429 3187 3566 3240 veri-

262 3296 316 3342 et
342 3286 694 3342 humanitatis
716 3301 876 3340 unam
903 3300 1028 3340 cum
1049 3291 1223 3338 matre
1245 3281 1638 3345 substantiam;
1661 3279 1867 3335 habens

263 3394 329 3435 ex
362 3378 523 3433 nobis
539 3393 708 3449 usque
727 3376 794 3432 ad
823 3384 1052 3432 mortem
1084 3374 1384 3444 iniquitatis
1414 3381 1864 3441 nostrmpmnam:

264 3470 478 3525 habens
523 3468 1015 3526 incommutabilem
1043 3467 1112 3522 de
1147 3465 1262 3522 Deo
1311 3465 1474 3520 Patte
1511 3475 1527 3502 ι
1561 3463 1864 3534 justitiam;

265 3571 493 3635 propter
521 3561 860 3631 iniquitatem
881 3568 1122 3618 nostram
1143 3556 1308 3632 506
1323 3556 1692 3626 temporaliter
1717 3570 1868 3610 mor-

270 3661 414 3718 tuus,
459 3660 681 3722 propter
705 3650 966 3720 justitiam
993 3664 1168 3713 suam,
1199 3656 1256 3703 et
1285 3647 1399 3717 ipse
1447 3659 1665 3716 semper
1691 3647 1868 3711 vivus,

268 3750 326 3797 et
347 3741 810 3797 immortalitatem
838 3739 1157 3796 mortalibus
1184 3738 1494 3808 largiturus.
1527 3734 1632 3804 Qui
1660 3735 1870 3806 perfec-

270 3843 380 3888 tam
411 3833 633 3904 quidem
681 3834 1072 3889 humanitatem
1126 3847 1280 3886 suam
1327 3831 1381 3885 in
1429 3829 1548 3899 ipsa
1574 3829 1873 3886 divinitatis

267 3941 383 3982 stuc
413 3925 750 3996 perfectione
774 3924 1039 3988 servavit;
1074 3923 1356 3978 veritatem
1400 3935 1532 3976 vero
1561 3919 1868 3976 mortalita-

269 4017 340 4071 tis
379 4031 494 4069 sua:
526 4018 571 4080 i,
600 4029 700 4084 per
727 4015 1135 4084 susceptionem
1183 4010 1394 4073 mortis,
1434 4009 1666 4064 veritate
1709 4017 1873 4078 atque

269 4103 816 4160 ineommutabilitate
845 4118 954 4160 suae
983 4099 1404 4158 immortalitatis
1433 4098 1731 4154 absorbuit.

346 4197 435 4251 15.
482 4196 596 4252 lloc
642 4204 726 4251 est
773 4195 918 4265 quod
964 4201 1191 4248 testatur
1246 4192 1440 4246 beatus
1491 4189 1708 4258 Petrus,
1746 4191 1876 4260 quia

273 4287 515 4342 Christus
545 4286 810 4358 deglutiuit
839 4295 1078 4350 mortem,
1106 4292 1162 4336 ut
1211 4283 1328 4337 vita:
1370 4291 1580 4335 azterna:
1638 4280 1873 4335 hwredes

271 4384 592 4453 eniteremur
623 4380 678 4452 (Ι
720 4381 864 4436 Petr.
897 4396 976 4447 tn,
1019 4378 1135 4449 22).
1168 4377 1366 4433 Beatus
1409 4390 1629 4447 quoque
1678 4375 1877 4431 Paulus

273 4476 437 4531 docet
467 4464 611 4545 quod
641 4473 885 4530 Christus
907 4481 1138 4528 mortem
1167 4469 1497 4542 deglutierit,
1535 4468 1845 4523 illuminave
1871 4501 1877 4509 -

1970 3269 2094 3322 tatis
2125 3266 2398 3340 (Ibidem).
2421 3267 2513 3323 Sic
2539 3268 2630 3324 ille
2650 3269 2892 3324 omnium
2911 3272 3193 3340 Spirituuni
3220 3277 3568 3348 omniumque

1969 3377 2280 3432 corporum,
2328 3361 2384 3416 id
2419 3369 2503 3416 est
2523 3362 2765 3416 omnium
2794 3371 3105 3420 naturarum
3133 3376 3350 3422 creator
3377 3379 3430 3423 et
3461 3371 3566 3426 Do-

1971 3452 2171 3518 minus,
2225 3454 2430 3508 creavit
2483 3453 2772 3521 virginem,
2822 3455 3091 3511 creandus
3127 3471 3195 3512 ex
3238 3458 3480 3527 virgine;
3513 3471 3569 3517 et

1971 3542 2125 3612 cujus
2147 3542 2263 3611 ipse
2291 3541 2463 3597 factor
2485 3549 2590 3607 est,
2619 3549 2849 3598 matrem
2878 3543 2982 3598 sibi
3019 3542 3164 3613 fecit,
3211 3548 3430 3614 quando
3466 3551 3564 3620 (al.

1971 3635 2270 3704 quomodo)
2298 3633 2368 3690 de
2392 3632 2512 3703 ejus
2555 3648 2720 3689 carne
2746 3635 3132 3704 concipiendas
3171 3646 3332 3708 atque
3355 3643 3570 3710 parien-

1973 3727 2074 3784 dus
2108 3742 2292 3782 veram
2330 3727 2618 3782 materiam
2646 3727 2740 3799 (al.
2771 3727 3044 3798 naturam)
3083 3731 3264 3787 carnis
3293 3732 3432 3788 Dens
3463 3735 3562 3788 illl-

1974 3835 2192 3878 mensus
2230 3836 2294 3877 ac
2315 3820 2678 3891 sempiternus
2697 3821 2906 3891 accepit
2938 3839 2953 3874 :
2985 3830 3043 3877 ut
3069 3831 3122 3877 et
3156 3825 3447 3880 secundum
3472 3843 3568 3881 vc-

1976 3914 2196 3969 ritatem
2243 3912 2429 3968 forma:
2482 3913 2696 3968 servilis
2737 3912 2880 3968 Deus
2934 3912 3098 3968 homo
3147 3915 3573 3974 misericorditer

1977 4006 2154 4070 ﬁeret,
2205 4015 2262 4062 et
2288 4021 2588 4062 secundum
2618 4004 2844 4061 formam
2873 4004 3003 4071 Dei,
3059 4007 3288 4061 naturali
3342 4007 3575 4066 veritate

1979 4099 2088 4170 (al.
2123 4099 2364 4168 virtute)
2417 4097 2563 4154 idem
2592 4095 2736 4152 Deus
2760 4095 2925 4152 homo
2972 4110 3298 4166 permanens
3341 4113 3450 4153 non
3479 4113 3573 4154 ca-

1981 4200 2150 4249 reret.

2052 4282 2140 4338 15.
2183 4282 2274 4339 Sic
2302 4295 2433 4350 ergo
2457 4280 2732 4337 Christum
2758 4279 2855 4334 Dei
2881 4279 3098 4345 Filium,
3129 4279 3180 4334 id
3208 4287 3294 4335 est
3321 4295 3483 4335 unam
3505 4296 3574 4338 ex

1983 4374 2247 4430 Trinitate
2268 4387 2557 4442 personam
2583 4371 2741 4442 507
2765 4370 2936 4426 Deum
2965 4385 3152 4425 verum
3179 4369 3362 4437 crede,
3393 4379 3450 4424 ut
3477 4371 3572 4442 (al.

1983 4472 2076 4542 et)
2116 4471 2450 4527 divinitatem
2493 4469 2610 4538 ejus
2666 4463 2735 4524 de
2789 4476 2982 4523 natura
3028 4467 3204 4524 Patris
3248 4477 3427 4523 natam
3458 4485 3580 4526 esse

272 4567 348 4620 rit
369 4575 554 4622 autem
584 4566 748 4621 vitam
794 4576 849 4620 et
888 4563 1346 4636 incorruptionem
1372 4559 1463 4632 (II
1495 4559 1630 4615 Tim.
1661 4576 1714 4626 ι,
1764 4561 1874 4631 10).
1907 4565 1959 4628 ι)
1986 4579 2092 4619 non
2121 4562 2363 4628 dubites;
2407 4569 2464 4617 et
2492 4561 2572 4616 sic
2613 4575 2737 4616 eum
2768 4575 2955 4616 verum
3001 4559 3274 4615 hominem
3303 4560 3490 4624 crede,
3521 4567 3582 4614 ut

272 4654 528 4711 Christus
546 4669 678 4725 ergo
707 4663 936 4713 mortem
955 4655 1212 4724 gustavit,
1239 4653 1366 4724 quia
1395 4666 1556 4707 verus
1581 4652 1748 4708 homo
1769 4661 1874 4719 est;

272 4748 535 4858 idemque
587 4757 821 4806 mortem
861 4746 1162 4817 deglutivit,
1219 4745 1344 4815 quia
1375 4757 1538 4799 verus
1586 4741 1728 4800 Deus
1773 4752 1876 4799 est.

352 4896 382 4924 ³
423 4887 525 4942 Ms.
557 4903 698 4943 unus
722 4885 924 4940 omittit
951 4884 1067 4938 htec
1094 4884 1282 4945 verba,
1310 4881 1449 4936 Deus
1473 4881 1585 4936 ille.

351 4957 384 4996 δ
426 4957 554 5014 Mss.
587 4959 846 5028 quinque,
877 4954 1105 5010 secundo
1151 4965 1305 5009 natus
1346 4962 1441 5008 est.
1468 4951 1610 5008 Editi
1641 4966 1749 5008 non
1777 4954 1878 5010 ha-

272 5029 416 5087 bent
445 5029 707 5094 secundo.

363 5114 385 5135 τ
431 5100 602 5157 Vatic.
627 5115 788 5160 unus,
820 5097 884 5151 de
905 5095 1134 5168 ejusdem
1162 5095 1344 5168 matris
1366 5104 1534 5148 utero.

357 5169 386 5210 ⁸
429 5171 604 5227 Vatic.
646 5185 806 5237 unus,
836 5164 988 5222 homo
1012 5169 1180 5238 {actus
1207 5164 1350 5220 obiit.

275 5282 333 5368 Β
360 5251 387 5280 ο
432 5239 603 5298 Vatic.
636 5234 801 5303 unus,
833 5248 884 5294 et
931 5240 988 5292 in
1013 5234 1265 5303 sepulcro
1295 5234 1457 5289 tribus
1511 5235 1690 5291 diebus
1740 5236 1879 5292 idem

337 5330 453 5367 eus.

337 5330 453 5367 ειη.

191 5391 208 5448 ι
367 5383 386 5420 ι
433 5382 602 5436 Vatic.
636 5397 793 5445 unus,
841 5378 940 5445 Qui
971 5378 1037 5432 ab
1075 5379 1257 5448 inferis
1287 5377 1356 5429 ad
1383 5393 1589 5431 carnem
1619 5376 1702 5432 die
1733 5379 1882 5433 tertio

201 5454 208 5468 ⁷
253 5454 470 5509 anima
492 5461 788 5507 reuertente.

363 5535 405 5606 ς.
420 5523 558 5606 Mss.
579 5531 829 5594 quatuor,
853 5523 908 5575 in
931 5521 1147 5576 dextera
1161 5518 1257 5576 Dei
1281 5517 1442 5574 sedet.
1473 5517 1682 5590 Reliqui
1701 5517 1884 5585 codd.,

275 5596 449 5650 sedit.

362 5665 392 5703 h
438 5663 532 5718 Ms.
567 5679 724 5728 unus,
761 5662 1011 5717 Dominus
1033 5671 1226 5718 noster.

261 5807 271 5818 ν
324 5816 333 5818 Α
372 5736 388 5772 ί
562 5735 760 5800 Corb.,
791 5731 1255 5787 incommutabilem
1305 5732 1368 5787 de
1408 5731 1519 5786 Deo
1562 5729 1722 5785 Patre
1761 5730 1888 5786 sub-

275 5816 678 5935 παῖ,
712 5877 968 5950 quinque.
1003 5874 1175 5944 Editi,
1217 5873 1553 5930 mortalitatis
1584 5881 1794 5932 nostra.
1830 5871 1890 5930 In

1989 4655 2108 4725 ejus
2133 4669 2353 4711 carnem
2384 4669 2491 4709 non
2541 4653 2801 4716 cmlestis,
2847 4667 2955 4708 non
2986 4652 3166 4719 aerias,
3200 4667 3308 4707 non
3357 4652 3580 4709 alterius

1987 4746 2305 4816 cujusquam
2327 4753 2483 4815 putes
2504 4759 2624 4800 esse
2653 4754 2880 4813 naturtc,
2903 4744 2999 4800 sed
3026 4744 3144 4814 ejus
3171 4744 3324 4814 cujus
3351 4753 3435 4800 est
3471 4760 3582 4800 om-

1989 4886 2164 4942 Vatic.
2189 4903 2298 4942 uno
2340 4896 2433 4942 aut
2473 4888 2645 4943 altero
2675 4888 2753 4942 sic
2796 4897 2968 4942 totum
2999 4888 3249 4955 habetur,
3288 4888 3572 4946 Veritatem

1991 4974 2109 5013 tero
2135 4960 2474 5013 mortalitatis
2522 4976 2631 5014 sua:
2663 4961 2716 5014 in
2757 4961 3079 5029 susceptione
3106 4962 3320 5027 mortis;
3366 4973 3583 5017 mortem

1991 5045 2110 5102 vero
2132 5031 2364 5102 ueritate,
2391 5041 2562 5102 atque,
2596 5039 2698 5085 etc.

2131 5099 2228 5182 Ms.
2261 5099 2766 5171 Corb.,Cruciﬁsus
2795 5109 2891 5154 est.
2925 5100 3098 5157 Vatic.
3138 5117 3300 5171 unus,
3331 5119 3394 5157 ea:
3422 5104 3582 5174 inﬁr-

1989 5181 2172 5225 mitate
2201 5182 2400 5226 nostra.

2071 5240 2086 5279 ι
2128 5243 2305 5314 _Vatic.
2337 5259 2494 5311 unus,
2531 5244 2810 5298 secmulum
2831 5244 3133 5314 praphetam
3167 5243 3358 5299 David.

2066 5322 2103 5348 ιη
2126 5312 2183 5366 1η
2217 5313 2387 5367 Vatic.
2421 5330 2526 5367 uno
2549 5314 2758 5384 plenior
2779 5323 2860 5368 est
2887 5312 3048 5369 lectio
3075 5333 3087 5366 :
3117 5315 3265 5370 Sicut
3293 5332 3414 5385 ergo
3441 5313 3586 5370 Deus

1993 5391 2305 5456 ceternusac
2335 5386 2582 5456 veraciter
2609 5386 2721 5438 sine
2767 5393 2999 5456 tempore
3023 5394 3102 5438 est
3139 5387 3195 5440 in
3239 5385 3465 5440 Deitatis
3500 5403 3584 5440 es-

1993 5455 2159 5508 sentia
2213 5454 2573 5527 immortaliter
2625 5456 2805 5518 rimis;
2849 5454 2894 5510 si
2942 5456 3220 5510 secundum
3273 5464 3471 5527 tempus
3521 5469 3585 5510 es

1994 5533 2160 5596 matre
2189 5526 2385 5596 virgine
2404 5534 2452 5588 et
2473 5536 2746 5596 conceptus
2774 5535 2870 5593 est,
2901 5536 2950 5580 et
2979 5533 3131 5580 natus
3161 5527 3314 5583 homo
3337 5526 3586 5582 veraciter

1995 5594 2160 5649 Deus.
2193 5594 2326 5648 Dum
2356 5597 2510 5661 enim,
2544 5594 2650 5652 etc.

2067 5674 2095 5703 τι
2131 5664 2859 5740 Editihabent,_adoptionem
2882 5666 3108 5737 ﬁliorum
3140 5667 3259 5731 Dei.
3292 5668 3591 5740 Mss.quin-

2001 5751 2236 5812 quonon
2269 5737 2468 5792 habent
2499 5737 2612 5803 Dei,
2637 5738 2789 5812 juxta
2813 5738 3056 5794 Grmcum
3088 5748 3292 5797 textum
3314 5737 3585 5812 Apostoli,

2004 5807 2094 5861 ubi
2124 5807 2318 5877 legitur
2348 5823 2448 5863 una
2471 5824 2624 5876 voce,
2650 5810 2913 5866 υἱοθεσίαν.
