4064 6358
573 384 677 442 679

524 530 529 535 ο
574 505 720 560 nium
742 490 1021 557 hominum
1058 508 1188 551 caro
1220 509 1232 545 :
1264 489 1318 546 id
1342 496 1428 545 est
1454 499 1617 557 quam
1641 482 1758 553 ipse
1787 481 1929 536 Deus
1950 476 2157 533 homini
2185 480 2232 539 Α

574 596 746 667 primo
797 600 823 628 ι
871 589 940 644 de
966 595 1110 642 terra
1138 579 1455 654 plasmavit,
1485 585 1542 631 et
1588 573 1797 631 creteris
1848 569 2157 626 hominibus

574 661 826 755 plasmat,
842 693 979 749 quos
997 690 1094 746 per
1107 668 1546 743 propagationem
1568 680 1633 725 ex
1656 661 1962 718 hominibus
1984 666 2156 714 creat.

574 752 680 832 Sed
721 773 847 828 licet
873 783 1001 824 caro
1047 763 1250 821 Christi
1296 768 1352 817 et
1400 759 1641 815 omnium
1683 755 1961 811 hominum
2000 752 2159 808 unius

575 866 920 936 ejusdemque
969 866 1171 914 natura:
1198 855 1290 923 sit,
1320 855 1435 909 haec
1462 859 1643 907 tamen
1672 862 1834 920 quam
1860 847 2003 902 Deus
2024 844 2158 900 Ver-

574 960 701 1014 bum
730 971 799 1012 ex
844 952 1010 1008 Maria
1038 949 1259 1019 Virgine
1287 946 1391 1002 sibi
1416 946 1571 1001 unire
1610 945 1858 1014 dignatus
1901 950 2008 1009 est,
2040 940 2159 996 sine

573 1056 796 1122 peccato
821 1050 1082 1115 concepta
1108 1041 1157 1109 ι’,
1210 1041 1326 1097 sine
1366 1047 1590 1110 peccato
1631 1049 1756 1093 nata
1788 1046 1870 1092 est
1903 1056 1914 1089 :
1946 1044 2003 1091 ut
2030 1041 2160 1106 pote

572 1142 865 1201 secundum
893 1153 1057 1209 quam
1082 1136 1225 1191 Deus
1244 1141 1478 1190 aeternus
1512 1140 1566 1188 et
1598 1131 1774 1200 justus
1798 1128 2160 1185 misericordi-

574 1245 677 1297 ter,
727 1242 782 1290 et
803 1237 1118 1300 conceptus,
1151 1234 1206 1282 et
1238 1233 1393 1280 natus
1420 1232 1522 1289 est,
1578 1231 1634 1277 et
1662 1222 1923 1279 Dominus
1971 1219 2159 1290 glorire

572 1327 855 1385 cruciﬁxus
879 1331 980 1380 est.

643 1419 731 1475 16.
773 1417 958 1472 Libido
1015 1412 1335 1470 concubitus.
1394 1437 1462 1448 ——
1502 1407 1706 1475 Quibus
1762 1411 1942 1459 autem
1981 1402 2160 1458 verbis

572 1510 932 1584 explicabitur
952 1506 1129 1564 carnis
1155 1504 1297 1560 illius
1324 1499 1646 1557 excellentia
1667 1496 1974 1565 singularis,
2005 1493 2159 1564 cujus

572 1603 755 1659 divina
798 1608 882 1657 est
929 1615 996 1654 ex
1025 1598 1140 1668 ipsa
1167 1594 1250 1652 sui
1278 1591 1634 1661 conceptione
1676 1600 1698 1627 ι
1727 1602 1981 1659 persona,
2006 1584 2159 1655 cujus

572 1695 724 1765 origo
754 1690 1048 1747 nativitatis
1073 1687 1305 1747 insolita,
1335 1699 1438 1754 qua
1454 1683 1532 1738 sic
1555 1680 1786 1735 Verbum
1807 1693 1935 1734 caro
1958 1678 2156 1761 factum

572 1796 672 1854 est,
706 1794 766 1841 ut
793 1800 899 1840 una
929 1795 1161 1854 persona
1187 1785 1333 1835 esset
1370 1791 1491 1831 cum
1520 1789 1685 1830 carne
1715 1788 1809 1828 sua
1840 1756 2157 1841 Unigenitus

1624 369 1679 426 S.
1722 364 2086 423 FllLGENTll
2112 361 2418 421 EPISCOPI
2457 356 2824 419 RUSPENSIS

3746 344 3860 401 680

2260 476 2556 531 amiserint.
2591 474 2751 530 Solus
2781 471 2944 541 igitur
2966 466 3187 525 abstulit
3216 473 3498 539 peccatum
3527 468 3856 539 conceptio-

2260 570 2344 626 nis
2373 569 2535 642 508
2555 574 2718 636 atque
2743 563 3042 619 nativitatis
3065 562 3311 617 humanae
3337 558 3479 615 Deus
3506 556 3854 630 Unigenitus,

2260 660 2353 731 qui
2383 659 2510 715 dum
2549 657 2927 728 conciperetur
2966 654 3253 710 veritatem
3307 653 3486 708 carnis
3544 652 3758 723 accepit
3784 667 3857 709 ex

2260 748 2494 819 virgine,
2528 756 2733 803 etcum
2776 753 3090 803 nasceretur
3127 742 3491 812 integritatem
3526 743 3856 812 virginitatis

2260 845 2496 900 servavit
2524 843 2577 898 in
2616 850 2806 896 matre.
2838 839 2945 896 ista
2966 854 3128 894 causa
3148 845 3243 893 est
3270 851 3377 907 qua
3401 836 3544 892 Deus
3572 835 3855 893 factus’est

2263 938 2404 993 ﬁlius
2434 936 2658 1005 virginis
2701 934 2904 1004 Mariae,
2930 941 2985 988 et
3013 931 3182 986 Maria
3220 930 3372 998 virgo
3401 930 3541 986 facta
3570 938 3653 985 est
3677 941 3855 986 mater

2263 1025 2534 1097 Unigeniti
2563 1016 2705 1082 Dei:
2736 1033 2795 1081 ut
2816 1039 2982 1098 quem
3005 1023 3168 1077 Pater
3206 1021 3392 1091 genuit
3428 1037 3494 1076 ex
3523 1022 3849 1087 aeternitate,

2261 1123 2438 1193 ipsum
2485 1121 2640 1193 virgo
2687 1126 3008 1192 conceptum
3037 1115 3304 1188 proferret
3348 1115 3402 1170 in
3442 1123 3729 1185 tempore:
3760 1114 3849 1169 illa

2260 1215 2447 1284 utique
2469 1214 2641 1282 virgo,
2669 1226 2830 1281 quam
2853 1211 3013 1276 Deus,
3030 1210 3122 1278 qui
3146 1207 3213 1263 de
3243 1222 3304 1263 ea
3328 1206 3505 1262 fuerat
3524 1205 3851 1272 nasciturus,

2261 1305 2334 1360 ita
2361 1302 2617 1373 singulari
2643 1302 2813 1370 gratia
2834 1297 3095 1371 praevenit
3124 1305 3287 1366 atque
3312 1294 3561 1365 replevit,
3595 1303 3654 1348 ut
3675 1294 3850 1364 ipsum

2260 1394 2485 1450 haberet
2509 1391 2710 1448 ventris
2758 1390 2844 1447 sui
2894 1389 3143 1455 fructum,
3175 1401 3339 1456 quem
3388 1399 3454 1440 ex
3496 1384 3652 1439 initio
3684 1383 3852 1438 habet

2262 1483 2582 1540 universitas
2608 1481 2893 1536 Dominum
2918 1495 2931 1531 :
2961 1484 3017 1532 et
3038 1477 3213 1547 ipsum
3237 1474 3339 1529 sibi
3361 1473 3568 1529 videret
3595 1473 3849 1528 nascendi

2260 1573 2601 1630 solemnitate
2621 1569 2913 1635 subditum,
2942 1581 3104 1639 quem
3133 1565 3191 1621 in
3222 1564 3430 1620 unitate
3459 1570 3700 1633 paterna:
3722 1562 3849 1617 sub-

2261 1666 2472 1723 stantiae
2502 1681 2609 1721 non
2636 1663 2810 1720 solum
2833 1661 3092 1726 humana,
3114 1657 3212 1715 sed
3238 1656 3404 1712 etiam
3431 1653 3671 1723 angelica
3697 1668 3849 1709 crea-

2263 1773 2381 1819 tm‘a
2423 1761 2703 1832 cognoscit
2731 1768 2786 1815 et
2820 1757 3011 1829 adorat
3039 1755 3396 1812 Altissimum.

572 1843 635 1934 ac
660 1843 1039 1947 sempiternus
1080 1871 1243 1935 Deus,
1273 1869 1387 1939 ipsa
1437 1880 1546 1922 suae
1574 1864 1752 1920 carnis
1798 1863 2157 1932 conceptione
2188 1861 2236 1922 B
2334 1851 2421 1947 {8-
2463 1851 2553 1908 Sic
2573 1864 2704 1921 ergo
2730 1854 3015 1947 Ρθθοῇιυξῐι
3042 1852 3100 1947 (ξι
3121 1858 3281 1945 ναξυρ
3309 1843 3541 1944 ιξθθοαιί.
3574 1858 3713 1947 filim
3757 1858 3847 1913 Per

571 1973 880 2038 conceptus.
913 1963 1076 2020 Istam
1105 1975 1238 2016 vero
1268 1967 1586 2016 caaterornm
1616 1955 1896 2012 hominum
1938 1968 2159 2015 carnem

571 2075 669 2132 per
716 2059 1008 2112 humanum
1064 2059 1274 2109 certum
1315 2057 1401 2104 est
1439 2047 1589 2103 nasci
1634 2045 2003 2109 concubitum,
2038 2046 2158 2100 viro

571 2150 910 2213 seminante,
929 2144 1130 2201 femina
1154 2156 1285 2196 vero
1308 2138 1649 2209 concipiente
1699 2144 1862 2205 atque
1890 2135 2156 2205 pariente.

570 2242 640 2300 Et
665 2241 791 2313 quia
847 2238 973 2295 dum
1003 2235 1107 2292 sibi
1148 2234 1379 2290 invicem
1407 2230 1492 2286 vir
1527 2228 1829 2298 mulierque
1864 2226 2162 2283 miscentur

572 2343 632 2391 ut
677 2332 816 2389 ﬁlios
842 2336 1134 2402 generent,
1162 2327 1279 2383 sine
1328 2324 1551 2380 libidine
1598 2339 1707 2379 non
1754 2329 1838 2377 est
1876 2327 2159 2391 parentum

572 2424 912 2487 concubitus,
944 2423 1016 2477 ob
1040 2421 1146 2475 hoc
1185 2416 1417 2473 ﬁliorum
1441 2429 1509 2470 ex
1534 2428 1723 2470 eorum
1744 2426 1908 2467 carne
1937 2424 2161 2466 nascen-

575 2518 707 2574 tium
736 2530 845 2571 non
873 2519 1055 2585 potest
1089 2509 1209 2566 sine
1258 2513 1484 2579 peccato
1529 2520 1650 2561 esse
1702 2507 2020 2571 conceptus,
2070 2499 2162 2555 ubi

573 2613 857 2681 peccatum
885 2605 939 2660 in
963 2601 1215 2673 parvulos
1238 2614 1346 2654 non
1369 2595 1686 2653 transmittit
1705 2591 2042 2665 propagatio,
2066 2590 2163 2647 sed

573 2696 778 2762 libido;
805 2709 907 2751 nec
931 2691 1230 2750 fecunditas
1259 2695 1465 2744 naturae
1491 2686 1742 2741 humanae
1763 2682 1890 2739 facit
1914 2681 2163 2737 homines

571 2804 696 2846 cum
723 2792 946 2859 peccato
974 2783 1144 2848 nasci,
1174 2781 1272 2838 sed
1300 2778 1518 2836 fteditas
1565 2776 1835 2840 libidinis,
1868 2789 2030 2845 quam
2056 2773 2160 2829 ho-

574 2881 749 2937 mines
773 2877 976 2933 habent
1018 2890 1087 2931 ex
1110 2874 1275 2929 illius
1299 2870 1458 2942 primi
1494 2868 1792 2944 justissima
1831 2867 2161 2922 condemna-

574 2974 722 3030 tiohe
741 2969 966 3043 peccati.
989 2966 1116 3023 Ideo
1141 2967 1333 3021 beatus
1356 2962 1543 3027 David,
1568 2960 1818 3030 quamvis
1833 2959 1901 3014 de
1920 2956 2162 3025 legitimo

575 3053 893 3123 nasceretur
911 3063 1166 3130 justoque
1195 3055 1468 3127 coniugio,
1499 3056 1550 3109 in
1578 3069 1686 3125 quo
1715 3052 1923 3109 scilicet
1952 3067 2054 3106 nec
2083 3052 2164 3105 in-

577 3156 849 3213 fidelitatis
870 3155 1028 3225 culpa
1053 3192 1069 3219 ,
1093 3165 1194 3207 nec
1220 3148 1594 3205 fornicationis
1621 3145 1831 3200 macula
1848 3150 2063 3214 poterat
2090 3143 2166 3197 in-

577 3247 747 3304 veniri
779 3264 792 3300 :
824 3251 1046 3316 propter
1072 3230 1333 3310 originale
1377 3245 1559 3291 tamen
1588 3240 1894 3306 peccatum,
1925 3247 2034 3302 quo
2064 3248 2163 3286 na-

575 3340 821 3397 turaliter
848 3335 1094 3393 obstricti
1115 3341 1243 3390 sunt
1271 3331 1365 3386 ﬁlii
1394 3331 1516 3397 irae,
1546 3345 1654 3384 non
1680 3328 1854 3383 solum
1876 3327 2163 3396 impiorum

577 3436 692 3502 ﬁlii,
723 3433 818 3491 sed
844 3444 1036 3488 omnes
1080 3427 1246 3490 etiam
1293 3424 1383 3494 qui
1414 3422 1482 3480 de
1512 3422 1780 3492 justorum
1830 3417 2162 3474 sanctiﬁcata

575 3544 738 3587 carne
785 3518 1097 3585 nascuntur,
1138 3518 1407 3576 exclamat
1446 3523 1503 3571 et
1526 3514 1703 3571 dicit‘.
1764 3512 1900 3566 Ecce
1943 3512 2079 3566 enim
2106 3512 2163 3565 in

574 3618 929 3692 iniquitatibus
958 3621 1234 3687 conceptus
1256 3627 1389 3673 sum,
1421 3617 1471 3663 et
1499 3610 1555 3662 in
1583 3606 1782 3661 delictis
1810 3606 2007 3677 peperit
2035 3621 2116 3658 me
2135 3600 2162 3641 ἀ

576 3718 742 3764 muter
798 3723 911 3762 mea
950 3703 1124 3771 (Psal.
1171 3718 1223 3767 ι,
1282 3700 1357 3769 7).
1415 3698 1648 3753 Sanctus
1686 3696 1851 3750 etiam
1879 3692 1980 3749 Job
2009 3693 2161 3761 dicit,

577 3801 831 3855 mundum
879 3813 909 3851 a
955 3792 1119 3852 sorde
1147 3809 1255 3847 non
1286 3806 1407 3846 esse
1459 3789 1756 3849 hominem,
1789 3802 1889 3842 nec
1914 3787 2163 3841 ‘si‘unius

577 3893 680 3948 diei
706 3892 777 3946 sit
796 3890 907 3944 vita
931 3886 1048 3956 ejus
1068 3899 1231 3956 super
1253 3890 1451 3938 terram
1476 3878 1596 3949 μοὸ
1626 3895 1730 3942 xtv,
1758 3877 1812 3942 4,
1831 3895 1931 3932 sec.
1966 3876 2158 3945 LXX).

651 3984 735 4036 l7.
778 3981 872 4035 Dei
898 3993 1026 4047 ergo
1058 3976 1222 4031 Filius
1252 3973 1576 4042 unigenitus,
1609 3972 1697 4040 qui
1725 3970 1882 4025 estin
1912 3971 2031 4045 sinu
2063 3968 2163 4023 Pa-

572 4077 693 4137 tris,
726 4084 784 4127 ut
822 4085 1040 4127 carnem
1070 4068 1304 4124 hominis
1331 4066 1674 4131 animamque
1704 4063 2008 4125 mundaret,
2041 4079 2161 4117 sus-

577 4163 827 4232 ceptione
879 4158 1055 4214 carnis
1100 4165 1261 4225 atque
1309 4155 1500 4209 animm
1544 4149 1824 4206 rationalis
1857 4153 2161 4207 incarnatus

580 4266 691 4324 est;
719 4265 774 4311 et
814 4254 903 4324 qui
943 4262 1028 4308 est
1075 4251 1218 4305 Deus
1241 4264 1416 4312 verus,
1451 4248 1613 4302 homo
1658 4260 1817 4301 verus
1860 4245 2027 4299 factus
2057 4256 2158 4308 est,

578 4365 687 4404 non
714 4355 774 4402 ut
797 4344 932 4400 alter
952 4342 1095 4398 Deus
1122 4338 1435 4397 esset'alter
1476 4338 1669 4401 homo;
1703 4336 1797 4391 sed
1831 4334 1967 4391 idem
1998 4334 2157 4397 Dens.

576 4438 719 4495 idem
744 4436 929 4492 homo.
946 4433 1053 4501 Qui
1072 4426 1133 4488 ut
1156 4430 1593 4500 illudpeccatnm
1620 4428 1765 4498 quod
1794 4433 1848 4483 in
1873 4427 2159 4483 concubitu

574 4529 820 4588 mortalis
842 4527 1020 4584 carnis
1045 4524 1322 4596 generatio
1341 4524 1580 4578 humana
1597 4521 1870 4579 contraxit
1898 4519 2154 4585 auferret,

2259 1941 2435 1998 scelus
2460 1946 2729 2009 corruptae
2773 1935 3016 1992 mulieris
3059 1933 3283 1990 intravit
3325 1932 3379 1987 in
3426 1930 3710 2000 mundum,
3756 1947 3848 2003 per

2258 2033 2531 2089 inviolata:
2577 2029 2802 2099 virginis
2855 2036 3066 2099 partum
3115 2025 3356 2082 aufertur
3396 2028 3434 2079 'a
3463 2024 3669 2081 mundo
3701 2034 3747 2079 ε.
3788 2023 3847 2080 Et

2259 2126 2386 2195 quia
2409 2125 2464 2179 in
2492 2122 2802 2179 conditione
2829 2119 3044 2190 generis
3064 2118 3282 2174 humani
3304 2132 3404 2188 per
3421 2116 3705 2171 mulierem
3732 2131 3847 2186 qua:

2260 2215 2328 2271 de
2355 2214 2474 2271 solo
2505 2213 2621 2268 viro
2649 2210 2796 2266 facta
2824 2217 2929 2278 est,
2957 2208 3185 2279 contigit
3225 2215 3286 2263 ut
3304 2206 3498 2263 mortis
3525 2205 3745 2261 vinculo
3768 2212 3846 2263 te-

2261 2322 2516 2364 neremnr
2545 2305 2820 2369 obstricti,
2860 2304 2969 2381 hoc
3014 2303 3069 2359 in
3107 2302 3483 2372 redemptione
3511 2300 3736 2356 humani
3762 2315 3846 2371 ge-

2262 2400 2408 2456 neris
2444 2398 2624 2454 divina
2664 2396 2878 2453 bonitas
2923 2397 3055 2466 egit,
3106 2402 3164 2449 ut
3189 2409 3291 2465 per
3314 2395 3488 2450 virum
3526 2393 3619 2463 qui
3644 2392 3715 2447 de
3736 2391 3845 2448 sola

2262 2492 2490 2549 muliere
2527 2489 2545 2529 ί
2578 2498 2739 2547 natus
2763 2489 3001 2556 est,>vita
3033 2487 3339 2544 hominibus
3368 2486 3705 2543 redderetur.
3738 2484 3845 2541 Illic

2262 2586 2555 2641 humanam
2576 2591 2824 2640 naturam
2845 2580 3173 2653 nequissima
3193 2581 3516 2652 deceptione
3540 2581 3640 2636 sibi
3670 2580 3846 2635 diaboe

2263 2685 2348 2742 lus
2382 2684 2436 2740 in
2479 2682 2687 2754 peccati
2715 2670 3121 2737 similitudinem
3171 2677 3431 2742 sociavit;
3461 2676 3548 2731 hic
3572 2675 3717 2730 Deus
3747 2676 3844 2730 hu-

2264 2788 2481 2833 manam
2526 2781 2775 2827 naturam
2815 2769 2871 2824 in
2900 2768 3166 2824 unitatem
3194 2780 3442 2836 persona:
3487 2764 3740 2834 suscepit.
3770 2763 3846 2820 lbi

2264 2865 2464 2922 femina
2492 2863 2731 2934 decepta.
2749 2869 2854 2930 est,
2886 2867 2946 2915 ut
2974 2844 3130 2914 ﬁeret
3158 2856 3268 2913 ﬁlia
3309 2854 3507 2912 diaboli
3532 2873 3545 2909 :
3575 2854 3666 2911 hic
3692 2855 3846 2926 virgo

2241 2959 2438 3031 gratia
2467 2957 2672 3028 repleta
2701 2963 2804 3022 est,
2835 2961 2898 3009 ut
2925 2951 3079 3008 ﬁeret
3105 2957 3281 3006 mater
3325 2948 3521 3003 summi
3567 2955 3733 3018 atque
3773 2948 3844 3002 in-

2266 3042 2665 3110 commutabilis
2692 3046 2962 3116 Unigeniti
2992 3045 3107 3100 Dei.
3143 3042 3221 3098 lbi
3242 3041 3463 3112 angelus
3491 3039 3735 3110 dejectus
3756 3054 3845 3110 per

2267 3143 2598 3215 superbiam,
2629 3139 2866 3197 sedch
2890 3137 3133 3194 mulieris
3154 3136 3395 3191 animum
3423 3134 3662 3190 obtinuit
3685 3142 3710 3181 ε
3728 3150 3743 3198 ;
3762 3132 3844 3187 hic

2188 3249 2237 3311 ο
2268 3235 2409 3290 Deus
2455 3233 2743 3289 humilians
2783 3246 2845 3288 se
2892 3246 2994 3301 per
3035 3227 3481 3293 misericordiam,
3527 3227 3846 3296 incorrupta

2268 3326 2490 3395 virginis
2517 3332 2729 3380 uterum
2758 3340 2826 3379 ex
2855 3339 2920 3379 ea
2959 3322 3268 3379 nasciturus
3294 3319 3553 3392 implevit.
3589 3319 3687 3374 Dei
3713 3317 3844 3375 enim

2266 3419 2435 3474 Filius
2462 3416 2619 3474 Jesus
2644 3416 2891 3474 Christus
2929 3416 3021 3486 qui
3068 3415 3122 3470 in
3182 3414 3351 3469 forma
3379 3413 3473 3470 Dei
3501 3420 3622 3469 erat
3672 3411 3845 3485 (quod

2268 3510 2368 3565 nisi
2394 3525 2464 3564 ex
2490 3517 2684 3564 natura
2709 3508 2887 3563 Patris
2914 3517 3071 3563 natus
3095 3515 3260 3571 esset,
3292 3523 3412 3564 esse
3437 3523 3544 3563 non
3569 3514 3757 3578 posset
3778 3505 3844 3576 δ),

2268 3603 2400 3673 ipse,
2433 3601 2727 3658 secundum
2758 3598 3112 3670 apostolicam
3151 3597 3477 3665 doctrinam,
3524 3599 3845 3668 semetipsum

2246 3696 2797 3765 .exinanivit-fOrmam
2819 3693 2952 3747 servi
2980 3692 3242 3762 accipiens
3272 3689 3493 3762 (Philip.
3527 3706 3583 3755 ιι.
3609 3689 3688 3759 7).
3722 3689 3846 3745 For-

2267 3800 2410 3840 mam
2439 3799 2569 3854 ergo
2594 3785 2756 3851 servi,
2792 3783 2841 3839 id
2865 3791 2949 3839 est
2977 3792 3225 3838 naturam
3266 3783 3406 3837 servi
3438 3782 3493 3836 in
3516 3796 3669 3837 suam
3699 3796 3847 3837 acce~

2266 3880 2343 3948 pit
2370 3878 2508 3933 Deus
2550 3876 2641 3932 ille
2673 3892 2977 3947 personam,
3014 3878 3192 3946 atque
3239 3874 3309 3929 ita
3359 3874 3637 3930 hominum
3683 3873 3847 3929 factor

2268 3972 2319 4025 in
2344 3969 2746 4027 similitudinem
2763 3970 3037 4036 hominum
3060 3968 3469 4032 factnsyhahitn
3494 3976 3575 4024 est
3603 3969 3847 4023 inventus

2241 4074 2249 4095 ε
2266 4072 2324 4115 ιιι
2356 4064 2536 4125 homo,
2602 4063 2712 4131 ipse
2761 4060 3059 4137 humiliavit
3105 4060 3471 4129 semetipsum,
3504 4048 3697 4115 factus
3727 4062 3848 4114 obe-

2264 4153 2415 4207 diens
2437 4151 2582 4206 Patri
2615 4167 2779 4221 usque
2809 4149 2873 4204 ad
2925 4157 3174 4216 mortem,
3205 4140 3431 4205 mortem
3467 4160 3645 4205 autem
3682 4151 3848 4207 crucis

2264 4243 2557 4315 (Ibid.,8).
2688 4255 2755 4273 -υ
3128 4250 3149 4267 γι
3276 4256 3338 4265 -~
3466 4254 3469 4261 ι

2336 4339 2421 4394 l9.
2450 4340 2657 4393 Intente
2685 4337 2845 4406 igitur
2871 4338 3009 4392 hanc
3034 4337 3277 4407 Apostoli
3300 4337 3621 4391 sententiam
3648 4337 3848 4409 cogita,

2262 4440 2319 4486 et
2345 4432 2397 4485 in
2428 4447 2491 4486 ea
2513 4438 2811 4503 cognoSces
2839 4429 3128 4499 quomodo-
3158 4429 3442 4483 Dominum
3471 4420 3657 4483 Iesum
3696 4426 3851 4483 Chl-is

2260 4534 2400 4580 stum
2432 4523 2679 4580 eumdem
2726 4521 2897 4578 Dequ
2939 4530 3102 4592 atque
3156 4515 3429 4576 hominem
3486 4520 3699 4576 credas.
3745 4519 3851 4575 Nec

573 4628 867 4692 conceptus
893 4626 977 4676 est
1003 4633 1145 4674 novo
1195 4632 1366 4684 more,
1397 4616 1540 4671 Deus
1568 4616 1878 4671 incarnatus
1899 4614 1955 4668 in
1982 4621 2156 4669 matre
2183 4636 2239 4702 Π
2261 4624 2444 4671 tamen
2474 4615 2527 4669 in
2548 4631 2614 4670 eo
2644 4614 2929 4669 veritatem
2959 4613 3240 4682 utriusque
3267 4620 3474 4666 natura:
3502 4612 3556 4666 in
3588 4627 3697 4666 una
3729 4627 3850 4682 per—

570 4712 798 4782 virgine,
828 4712 945 4781 sine
971 4710 1118 4766 coitu
1139 4708 1258 4774 viri,
1286 4709 1405 4765 sine
1430 4707 1649 4764 libidine
1671 4708 2027 4779 concipientis
2049 4707 2157 4763 vir-
2260 4723 2413 4773 sona,
2436 4715 2530 4762 aut
2559 4702 2875 4769 confundas.
2906 4712 2998 4759 aut
3025 4702 3251 4759 dividas.
3276 4702 3409 4758 Cum
3446 4716 3579 4771 ergo
3613 4704 3852 4773 primum

571 4804 709 4873 ginis
740 4822 753 4857 :
783 4810 841 4857 ut
867 4817 964 4873 per
991 4801 1161 4857 Deum
1190 4801 1486 4867 hominem,
1515 4815 1678 4871 quem
1707 4800 1911 4870 absque
1938 4799 2159 4855 libidine

571 4902 892 4965 conceptum
923 4892 1212 4947 inviolatus
1239 4890 1408 4947 edidit
1433 4892 1666 4964 virginis
1705 4899 1926 4958 uterus,
1969 4891 2156 4947 ablue-

570 4993 721 5042 retur
748 4978 1033 5058 peccatum'
1070 4984 1216 5058 quod
1243 4994 1530 5041 nascentes
1578 4984 1799 5039 trahunt
1827 4999 2016 5039 omnes
2054 4984 2155 5039 ho-

570 5078 744 5134 mines
780 5096 792 5131 :
816 5077 1009 5147 quibus
1030 5078 1084 5133 in
1114 5092 1347 5148 corpore
1370 5076 1561 5133 mortis
1590 5076 1749 5147 hujus
1779 5076 1902 5130 talis
1930 5083 2014 5130 est
2027 5090 2153 5130 nas-

569 5169 726 5227 eendi
771 5168 1029 5236 conditio,
1079 5178 1141 5225 ut
1167 5176 1368 5225 matres
1419 5183 1606 5224 eorum
1636 5166 1975 5223 fecunditatis
2020 5182 2157 5236 opus

572 5259 795 5331 implere
816 5275 925 5316 non
971 5260 1206 5345 possint,
1239 5259 1340 5314 nisi
1370 5259 1519 5330 prius
1559 5257 1918 5327 virginitatem
1976 5256 2157 5312 carnis

642 5490 668 5519 α
706 5481 804 5536 Ms.
835 5497 992 5547 unus,
1024 5481 1078 5534 in
1107 5480 1314 5550 homine
1340 5481 1528 5550 primo.

643 5552 670 5591 ιι
708 5552 800 5608 Sic
824 5568 952 5607 mss.
987 5558 1117 5607 tres.
1148 5548 1218 5605 At
1242 5548 1389 5610 editi,
1408 5550 1521 5603 sine
1548 5558 1755 5619 peccato
1779 5557 2036 5618 suscepta.

646 5632 669 5660 ε
711 5621 833 5676 Vat.
866 5636 1023 5685 unus,
1053 5622 1136 5675 sui
1154 5620 1467 5676 conditione.

643 5690 784 5772 {ita
809 5707 937 5748 mss.
969 5700 1222 5761 quatuor.
1265 5690 1334 5745 At
1362 5690 1490 5746 editi
1539 5698 1594 5761 ct
1622 5689 1793 5746 Vatic.
1829 5705 1986 5756 unus,
2018 5706 2145 5745 con-

558 5770 704 5830 ‘repit
750 5779 847 5815 me.
1458 5798 1465 5799 κ

644 5841 669 5904 ὲ
707 5831 804 5887 Ms.
826 5849 980 5896 unus,
1006 5835 1216 5904 contigit
1238 5842 1291 5886 ut
1318 5851 1407 5903 per
1430 5832 1924 5904 inviolutcevirginis
1943 5839 2147 5903 partum

573 5902 863 5971 auferretur
882 5920 914 5956 α
943 5902 1159 5969 mundo}
1189 5902 1323 5959 mss.
1342 5911 1471 5972 tres,
1496 5918 1584 5973 per
1605 5902 1926 5958 inviolatum.

2259 4800 2414 4855 audis
2456 4798 2523 4855 de
2570 4798 2798 4855 Domino
2825 4796 2953 4852 Jesu
2992 4794 3208 4852 Christo
3253 4795 3379 4865 quia
3427 4793 3481 4849 in
3530 4795 3706 4873 fortia
3754 4793 3853 4849 Dei

2259 4901 2396 4959 erat,
2427 4899 2646 4962 oportet
2672 4900 2727 4946 te
2755 4904 3055 4960 agnoscere
3103 4888 3517 4958 ﬁrmissimeque
3551 4896 3761 4952 tenere,
3798 4887 3853 4940 in

2254 4985 2352 5040 illo
2393 4984 2578 5040 formae
2622 4983 2841 5039 nomine
2889 4983 3191 5039 naturalem
3240 4980 3629 5053 plenitudinem
3652 4980 3857 5035 debere

2262 5075 2505 5145 intelligi.
2535 5075 2594 5131 In
2625 5074 2795 5155 forma
2817 5074 2979 5146 igitur
2999 5074 3096 5129 Dei
3132 5074 3392 5130 Dominus
3418 5072 3574 5129 Jesus
3603 5071 3858 5127 Christus

2262 5176 2405 5234 erat,
2439 5168 2565 5239 quia
2590 5168 2642 5223 in
2675 5175 2868 5222 natura
2897 5167 2992 5222 Dei
3021 5166 3195 5222 Patris
3220 5181 3435 5237 semper
3463 5173 3602 5232 erat,
3641 5162 3713 5218 de
3739 5176 3857 5233 quo

2261 5268 2420 5318 natus
2441 5269 2578 5318 erat.
2612 5258 2778 5316 Unius
2800 5275 2929 5330 ergo
2954 5267 3162 5315 natura:
3192 5274 3314 5315 cum
3345 5254 3505 5313 Patre
3523 5266 3625 5326 est,
3659 5272 3856 5328 mqua-

2338 5481 2355 5521 ί
2394 5484 2500 5557 his.
2535 5486 2747 5551 unicus,
2781 5486 2994 5540 muliere
3022 5486 3240 5557 virgine.

2327 5565 2353 5603 ι
2393 5555 2754 5627 MS.,dejecta:
2783 5557 3018 5611 mulieris
3045 5553 3263 5610 mentem
3294 5558 3554 5624 corrupit;
3596 5561 3653 5609 et
3684 5553 3860 5625 paulo

2251 5638 2376 5700 post
2398 5642 2532 5700 mss.
2564 5634 2693 5700 tres,
2726 5628 3043 5700 incorrupta:
3067 5628 3297 5681 mulieris
3324 5627 3556 5700 virginis.

2326 5697 2353 5735 ι·
2379 5696 2483 5771 δίε
2505 5713 2606 5752 ms.
2636 5697 2801 5771 Corb.
2828 5698 2898 5751 At
2927 5696 3099 5771 Vatie.
3137 5706 3277 5763 tres,
3309 5696 3477 5770 quiin
3519 5701 3694 5771 {arma
3726 5697 3863 5765 Dei,

2252 5770 2386 5841 quod
2413 5775 2527 5841 erat
2546 5811 2561 5835 ,
2592 5769 2691 5841 nisi
2733 5784 2797 5823 ex
2836 5778 3023 5841 natura
3053 5768 3232 5841 Patris
3271 5768 3427 5841 nutus
3449 5768 3581 5822 esse!
3603 5785 3715 5822 esse
3740 5778 3865 5824 non

2252 5838 2441 5910 posset.
2473 5838 2596 5895 Vat.
2629 5839 2783 5906 alter,
2814 5840 2901 5911 qui
2929 5841 3098 5911 [arma
3122 5838 3238 5907 Dei,
3269 5838 3406 5911 quod
3434 5851 3567 5908 erat,
3591 5848 3698 5894 ctc.
