4090 6342
219 379 321 436 681

1486 373 1573 428 DE
1610 371 1764 430 FIDE
1803 371 2003 429 LIBER
2043 372 2236 432 UNUS.

3392 370 3495 447 ess

219 497 453 565 literque
475 505 598 548 cum
627 505 693 546 eo
716 490 1077 561 sempiternus
1097 496 1259 560 atque
1287 489 1600 556 immensus,
1632 506 1806 560 aequa-
1837 491 1977 557 Alis
2001 491 2145 556 Deo;
2175 507 2227 545 m
2259 491 2359 546 ista
2401 491 2732 561 plenitudine
2772 508 2978 560 servus,
3027 497 3080 552 in
3110 498 3281 555 forma
3319 505 3492 573 servi,

218 588 349 642 liter
370 582 688 639 immortalis
718 589 772 637 et
801 580 1269 646 incommutabilis,
1297 581 1576 650 aequaliter
1621 582 1807 635 invisi—

217 677 346 732 bilis
391 682 446 730 et
473 672 876 735 inenarrabilis,
927 672 1210 741 mqualiter
1257 673 1431 728 bonus
1485 680 1541 727 ct
1590 672 1805 741 justus,

220 760 502 838 :equatiter
528 765 814 819 miserator
835 771 889 818 et
914 763 1239 826 misericors,
1271 765 1481 833 patiens
1505 772 1560 818 et
1581 765 1807 820 multum

217 845 534 912 misericors
555 863 611 909 et
627 868 812 919 verax,
844 853 1121 922 mqualiter
1150 853 1302 910 fortis
1324 861 1379 909 et
1408 853 1604 918 suavis,
1635 868 1810 924 aequa-

222 948 352 1004 liter
377 946 592 1017 sapiens
620 952 782 1013 atque
808 943 1170 1013 omnipotens.

298 1041 460 1112 509
487 1038 574 1093 20.
608 1035 839 1091 Proinde
867 1036 982 1090 haec
1011 1035 1190 1090 omnia
1218 1049 1336 1105 quae
1362 1035 1592 1090 diximus
1619 1035 1686 1091 de
1715 1035 1806 1090 Fi-

218 1136 298 1190 lio
330 1135 446 1200 Dei,
476 1130 775 1186 ﬁrmissima
805 1128 908 1184 ﬁde
930 1129 1120 1194 retine,
1148 1129 1272 1199 quia
1299 1129 1392 1200 (al.
1424 1128 1536 1198 qui)
1567 1129 1680 1183 haec
1708 1130 1809 1182 uti-

219 1244 332 1300 que
356 1225 533 1282 omnia
565 1224 620 1279 in
641 1223 845 1277 unitate
876 1231 1079 1276 natura:
1101 1222 1306 1302 habens
1333 1236 1454 1276 cum
1483 1219 1661 1286 Patre,
1693 1221 1810 1276 sine

219 1318 389 1373 dubio
417 1315 637 1385 aequalis
665 1323 750 1368 est
794 1311 958 1366 Patri.
994 1311 1221 1382 Propter
1248 1311 1392 1382 quod
1419 1320 1474 1367 et
1521 1313 1809 1382 Apostolus

219 1404 482 1465 continuo
525 1405 839 1474 adjungens,
873 1404 946 1458 ait
972 1422 983 1456 :
1018 1402 1139 1458 Non
1168 1405 1405 1472 rapinam
1428 1406 1705 1458 arbitratus
1734 1415 1810 1461 est

219 1521 335 1558 esse
360 1518 417 1556 se
445 1500 692 1572 aequalem
721 1498 832 1552 Deo
863 1497 1081 1567 (Philip.
1106 1515 1162 1562 ιι,
1193 1497 1266 1571 6).
1300 1498 1415 1554 Νοη
1443 1499 1584 1553 enim
1610 1499 1810 1568 rapina:

221 1595 321 1666 (al.
342 1591 548 1663 rapina)
580 1591 678 1644 fuit
700 1589 786 1643 illa
805 1587 922 1643 Filii
953 1603 1072 1643 cum
1095 1587 1250 1650 Patre
1271 1589 1567 1644 divinitatis
1591 1591 1811 1660 aequali-

220 1698 328 1750 tas,
345 1686 437 1740 sed
455 1693 658 1738 natum
676 1682 768 1754 (at.
791 1681 1023 1749 natura).
1039 1679 1211 1734 Etiam
1229 1681 1316 1735 illa
1338 1698 1455 1752 quae
1470 1697 1808 1751 consequen-

219 1789 310 1834 ter
335 1776 606 1846 subjungit
634 1774 924 1845 Apostolus
947 1773 1150 1840 dicens,
1182 1773 1305 1842 quia
1333 1777 1660 1846 semetipsum
1690 1777 1804 1830 exi-

1913 581 2036 649 quia
2070 583 2120 635 in
2163 582 2563 640 similitudinem
2615 583 2888 638 homiuum
2936 585 3146 653 factus,
3195 591 3378 645 habitu
3411 605 3495 648 est

1913 673 2158 728 inventus
2184 681 2241 726 ut
2270 673 2452 726 homo.
2487 672 2813 729 Exinaniens
2843 690 2974 744 ergo
3003 679 3351 748 semetipsum
3386 681 3494 737 for-

1911 780 2054 818 mam
2085 765 2225 819 servi
2281 766 2492 834 accepit
2534 776 2590 818 ut
2619 763 2770 820 ﬁeret
2797 781 3021 834 servus;
3049 769 3142 823 sed
3185 771 3366 826 forma:
3399 773 3493 828 Dei

1913 853 2298 925 plenitudinem
2330 870 2436 908 non
2467 855 2683 918 amisit,
2738 857 2790 910 in
2821 872 2926 926 qua
2959 873 3175 930 semper
3219 871 3301 916 est
3337 873 3495 918 acter-

1917 960 2014 999 nus
2057 953 2218 1014 atque
2263 945 2711 1002 incommutabilis
2749 947 3007 1005 Dominus
3041 967 3053 1002 :
3088 950 3259 1006 factus
3294 967 3492 1008 secun-

1911 1035 2038 1088 dum
2069 1034 2292 1090 formam
2322 1037 2463 1090 servi
2493 1037 2658 1092 homo
2687 1053 2864 1103 verus,
2898 1038 3138 1109 ejusdem
3169 1051 3373 1098 natura:
3404 1060 3497 1100 cu-

1908 1125 1996 1193 jus
2025 1135 2107 1182 est
2144 1127 2339 1183 ancilla
2368 1136 2573 1195 mater;
2607 1138 2662 1184 et
2692 1145 2915 1186 manens
2942 1132 2996 1185 in
3026 1132 3199 1189 forma
3228 1134 3322 1190 Dei
3352 1136 3497 1190 Deus

1915 1235 2093 1287 verus,
2127 1221 2366 1290 ejusdem
2397 1232 2600 1278 naturae
2629 1226 2781 1294 cujus
2803 1235 2885 1281 est
2919 1228 3082 1283 etiam
3107 1230 3367 1302 Dominus
3395 1232 3497 1289 Pa-

1916 1320 2014 1366 ter.
2053 1313 2109 1366 In
2151 1313 2321 1369 forma
2350 1315 2445 1371 Dei
2475 1331 2597 1371 cum
2626 1317 2787 1389 510
2810 1318 2968 1376 Patre
2993 1329 3048 1376 et
3081 1322 3284 1393 Spiritu
3307 1336 3494 1383 sancto

1917 1410 2053 1456 unus
2096 1413 2178 1457 est
2217 1405 2362 1459 solus
2409 1405 2672 1461 formator
2700 1409 2938 1464 omnium
2966 1411 3145 1479 Deus;
3200 1417 3495 1472 secundum

1915 1492 2140 1552 formam
2181 1494 2318 1566 servi
2365 1496 2512 1551 solus
2549 1497 2664 1566 ipse
2709 1514 2805 1553 sua
2835 1509 2886 1554 et
2935 1499 3110 1557 Patris
3161 1513 3215 1558 et
3263 1507 3496 1576 Spiritus

1915 1586 2086 1639 sancti
2114 1586 2429 1655 operatione
2456 1587 2716 1646 formatus
2751 1609 2763 1644 :
2797 1593 2940 1663 quod
2971 1604 3185 1652 creator
3214 1607 3318 1668 est,
3346 1617 3495 1657 com-

1914 1692 2078 1733 mune
2101 1678 2306 1733 habens
2320 1682 2635 1737 naturaliter
2652 1699 2774 1739 cum
2798 1683 2956 1742 Patre
2976 1695 3031 1742 et
3051 1687 3253 1759 Spiritu
3269 1702 3458 1751 sancto
3477 1737 3494 1762 ,

1915 1770 2060 1840 quod
2102 1779 2281 1828 autem
2322 1784 2536 1831 creatus
2584 1786 2704 1844 est,
2757 1779 2983 1838 formam
3033 1786 3174 1840 servi
3202 1788 3495 1845 secundum

217 1870 422 1922 nauirit
439 1865 808 1939 [orntamserri
829 1864 1105 1935 accipiens,
1123 1865 1524 1919 insimilitudine
1543 1867 1808 1921 hominum
1841 1878 1888 1939 B
1915 1878 2072 1932 quam
2121 1873 2334 1921 Cfealus
2382 1876 2464 1922 εει
2497 1879 2518 1905 ⁸
2546 1911 2559 1934 9
2610 1871 2756 1926 SOIUS
2803 1873 3010 1932 habens
3053 1883 3410 1948 personaliter
3443 1883 3496 1939 in

219 1960 422 2028 factus,
463 1965 514 2009 et
538 1954 715 2008 habitu
737 1955 970 2008 inventus
998 1964 1052 2006 ut
1084 1953 1269 2020 homo;
1299 1962 1354 2008 et
1375 1955 1498 2023 quia
1521 1956 1808 2012 Itumiliarit

217 2047 575 2117 semetipsum,
607 2048 775 2117 {actus
801 2044 1040 2098 obedieus
1073 2055 1095 2081 δ
1122 2061 1280 2113 usque
1303 2045 1373 2098 ad
1402 2055 1636 2114 mortem,
1665 2066 1827 2114 mors

219 2148 325 2190 tem
362 2147 532 2190 autem
571 2137 770 2199 crucis;
805 2136 982 2188 omnia
1013 2135 1127 2190 hzcc
1155 2137 1222 2190 de
1253 2137 1343 2192 illo
1386 2138 1664 2206 unigenito
1695 2140 1806 2196 Deo
1838 2152 1840 2154 '

218 2228 319 2283 Dei
361 2226 530 2291 Filio,
575 2227 640 2280 de
670 2225 762 2280 illo
793 2225 973 2279 Verbo
1019 2225 1128 2279 Deo
1171 2225 1238 2280 de
1266 2242 1374 2296 quo
1404 2227 1533 2284 dicit
1573 2244 1807 2300 evange-

218 2318 345 2371 lista
378 2335 390 2367 :
427 2316 490 2370 In
513 2317 765 2386 principio
798 2323 910 2369 erat
939 2315 1181 2383 Verbum,
1204 2326 1253 2370 et
1287 2316 1508 2372 Verbum
1535 2329 1646 2373 erat
1667 2323 1808 2390 apud

220 2408 410 2473 Deum,
441 2420 489 2462 et
520 2407 659 2461 Deus
689 2418 798 2461 erat
831 2407 1049 2462 Verbum
1081 2408 1259 2478 (Joan.
1301 2427 1337 2473 ι,
1375 2411 1460 2480 I);
1493 2412 1561 2466 de
1591 2413 1680 2467 illa
1713 2413 1809 2469 Dei

218 2501 426 2554 virtute
447 2499 649 2567 Deique
661 2499 943 2568 sapientia,
960 2499 1026 2553 de
1051 2514 1157 2567 qua
1173 2499 1282 2553 Deo
1295 2500 1491 2556 dicitur
1510 2519 1521 2554 :
1544 2501 1732 2556 Omnia
1755 2506 1808 2557 in

220 2592 480 2661 sapientia
511 2590 676 2660 fecisti
705 2587 872 2659 (Psal.
900 2605 1011 2656 cm,
1040 2589 1164 2659 24);
1189 2590 1255 2644 de
1279 2590 1368 2644 illo
1391 2592 1656 2662 principio
1685 2610 1808 2650 cum

220 2697 335 2753 quo
364 2695 526 2736 unum
556 2688 637 2734 est
667 2678 825 2733 Pater
853 2680 966 2748 ipse
1015 2680 1354 2748 principium,
1398 2690 1452 2735 et
1491 2683 1542 2736 in
1571 2697 1678 2750 quo
1705 2685 1808 2739 sibi

220 2780 495 2829 coaeterno
522 2769 644 2826 fecit
673 2771 866 2826 cmlum
890 2779 944 2824 et
972 2778 1190 2837 terram,
1223 2771 1271 2826 id
1295 2780 1379 2826 est
1408 2788 1623 2828 omnem
1651 2776 1808 2845 spiri-

220 2863 389 2919 talem
435 2861 877 2932 corporalemque
909 2870 1186 2924 naturam;
1231 2863 1300 2916 de
1329 2863 1441 2919 Deo
1483 2863 1806 2933 Unigenito,

219 2955 318 3025 qui
347 2963 430 3008 est
459 2955 511 3009 iu
540 2954 659 3008 sinu
689 2951 879 3018 Patris,
913 2962 971 3007 ut
999 2954 1129 3019 dixi,
1164 2955 1344 3010 omnia
1376 2957 1491 3012 hcce
1520 2960 1809 3028 personali-
1845 2966 1855 2973 '

220 3055 311 3101 ter
339 3045 521 3114 accipe
553 3062 566 3096 :
609 3043 753 3099 salva
793 3052 970 3098 tamen
1011 3045 1313 3100 mternitate
1339 3088 1352 3111 ,
1404 3047 1766 3106 immensitate
1789 3091 1804 3116 ,

221 3135 648 3200 inmortalitate,
683 3135 1240 3203 incommutabilitate,
1273 3136 1640 3193 iuvisibilitate
1667 3139 1806 3194 divi-

1916 1956 2114 2025 seipso.
2147 1956 2310 2026 Cujus
2337 1966 2391 2012 et
2419 1960 2754 2017 nativitatem
2776 1965 3012 2021 futuram
3053 1970 3348 2026 secundum
3379 1989 3496 2032 car.

1913 2061 2057 2115 nem,
2087 2056 2142 2102 et
2180 2057 2432 2116 mortem,
2460 2059 2515 2104 et
2554 2057 3024 2124 resurrectionem,
3058 2068 3219 2130 atque
3249 2063 3300 2117 in
3329 2065 3499 2120 ctelos

1914 2140 2288 2196 ascensionem
2319 2142 2403 2197 lex
2432 2153 2486 2197 et
2514 2146 2791 2215 propheta:
2833 2152 3196 2217 praenuntiam
3226 2171 3496 2224 nunquam

1912 2227 2250 2296 destiterunt,
2289 2240 2448 2302 prout
2492 2232 2606 2303 ipse
2635 2237 3002 2308 prrccipiehat,
3045 2243 3358 2301 obedientes
3392 2245 3409 2284 τ
3443 2256 3500 2302 et

1912 2322 2094 2378 verbis
2117 2331 2171 2376 et
2196 2322 2369 2380 factis.

1983 2411 2072 2467 22.
2111 2413 2246 2468 Nam
2290 2423 2344 2468 et
2388 2416 2442 2470 in
2479 2418 2756 2474 sacriﬁciis
2796 2422 3091 2477 carnalium
3121 2426 3496 2498 victimarum,

1913 2517 2031 2570 quae
2061 2503 2174 2571 ipsa
2221 2504 2323 2560 sibi
2353 2515 2541 2561 sancta
2583 2507 2845 2575 Trinitas,
2888 2529 3007 2582 qua:
3056 2530 3190 2570 unus
3230 2527 3312 2573 est
3358 2521 3496 2577 Deus

1913 2591 2047 2646 Novi
2069 2601 2124 2647 et
2148 2594 2355 2650 Veteris
2375 2595 2725 2663 Testamenti',
2751 2618 2780 2656 a
2816 2605 3058 2673 patribus
3079 2611 3282 2664 nostris
3304 2614 3494 2681 prteci-

1912 2685 2096 2754 piebat
2125 2686 2326 2753 oﬁ‘erri,
2359 2689 2500 2746 illius
2534 2693 2785 2749 sacriﬁcii
2827 2689 3230 2765 signiﬁcabatur
3257 2705 3492 2772 gratissi-

1913 2791 2059 2829 mum
2090 2792 2302 2845 munus,
2334 2779 2443 2849 quo
2485 2797 2584 2851 pro
2614 2785 2768 2839 nobis
2797 2786 3030 2858 seipsum
3058 2791 3208 2848 solus
3237 2793 3378 2856 Deus
3406 2796 3494 2852 Fi-

1913 2867 2016 2922 lius
2038 2870 2330 2947 secundum
2352 2888 2571 2930 carnem
2593 2885 2738 2932 esset
2758 2879 3177 2940 misericorditer
3195 2886 3494 2946 oblaturus.

1912 2958 2032 3028 Ipse
2062 2961 2204 3014 enim
2223 3003 2237 3027 ,
2282 2965 2574 3019 secundum
2605 2970 2959 3037 apostolicam
2989 2972 3316 3044 doctrinam,
3351 2980 3496 3035 obtu-

1911 3050 1972 3102 lit
2001 3053 2327 3119 semetipsum
2348 3073 2441 3126 pro
2462 3057 2608 3112 nobis
2629 3058 2941 3117 oblationem
2971 3074 3020 3119 et
3051 3066 3272 3123 hostium
3302 3070 3410 3128 Deo
3442 3076 3498 3130 in

1913 3141 2124 3197 adorem
2160 3147 2432 3202 suavitatis
2469 3147 2686 3220 (Ephes.
2728 3168 2780 3215 v,
2815 3151 2888 3224 5).
2931 3155 3052 3225 Ipse
3088 3173 3246 3216 verus
3275 3161 3416 3219 Deus
3441 3174 3499 3220 et

221 3227 406 3283 uitatis
434 3227 566 3294 ejus.
591 3225 718 3292 Qum
742 3227 813 3279 ita
840 3211 1160 3289 naturaliter
1186 3237 1242 3282 et
1263 3229 1541 3298 aequaliter
1563 3246 1806 3287 commu-
1835 3251 1881 3314 ρ
1912 3247 2073 3288 verus
2101 3235 2343 3304 pontifex
2365 3277 2380 3302 ,
2424 3239 2516 3308 qui
2546 3255 2644 3310 pro
2674 3243 2831 3298 nobis
2861 3261 2967 3301 non
3011 3248 3064 3302 in
3091 3253 3353 3321 sanguine
3380 3263 3498 3312 tau-
3583 3237 3588 3245 I

221 3322 312 3375 nia
339 3336 458 3376 cum
489 3320 599 3374 Deo
627 3319 783 3375 Patre
809 3320 971 3374 habet
1001 3321 1097 3376 Dei
1128 3321 1313 3388 Filius,
1345 3332 1402 3377 ut
1426 3324 1548 3379 licet
1575 3341 1673 3396 pro
1704 3342 1804 3382 no-

219 3412 304 3466 bis
335 3411 492 3466 l'uerit
532 3412 693 3466 homo
722 3413 988 3466 veraciter
1015 3411 1207 3480 factus,
1246 3417 1604 3483 permanserit
1628 3425 1805 3474 tamen

182 3534 197 3546 ο
219 3501 440 3571 :equalis
465 3517 593 3556 vero
621 3502 730 3556 Deo
762 3501 786 3539 δ
819 3501 986 3570 Patri,
1019 3503 1085 3557 de
1120 3519 1227 3572 quo
1269 3514 1426 3560 natus
1455 3515 1536 3561 est
1565 3524 1722 3565 verus
1751 3518 1808 3565 et

223 3592 433 3648 Veritas
462 3592 618 3647 Deus.
648 3592 1004 3664 Semetipsum
1035 3594 1193 3662 igitur
1215 3596 1516 3672 exinanivit
1546 3610 1589 3661 ι’,
1621 3600 1714 3654 sed
1737 3600 1806 3656 de

220 3683 553 3753 plenitudine
575 3683 692 3751 ejus
719 3699 816 3738 nos
843 3698 1031 3738 omnes
1060 3685 1369 3754 accepimus
1393 3685 1572 3756 (Joan.
1599 3703 1634 3750 ι,
1669 3688 1757 3760 i6)
1787 3707 1801 3743 :

219 3786 379 3841 quam
407 3770 794 3840 plenitudinem
837 3773 879 3825 si
909 3773 1215 3828 exiuanitus
1247 3776 1538 3847 amitteret,
1563 3777 1708 3845 quod
1736 3778 1804 3834 de

219 3877 282 3915 ea
321 3861 480 3915 nobis
525 3861 678 3916 daret
725 3861 909 3930 utique
950 3864 1342 3936 non\haberet.
1390 3863 1590 3920 Eodem
1621 3875 1802 3922 autem

220 3969 322 4009 non
351 3953 604 4016 habente,
631 3970 729 4008 nos
760 3955 945 4030 procul
967 3954 1129 4012 dubio
1162 3956 1254 4027 (al.
1283 3958 1490 4028 utique)
1518 3960 1648 4014 nihil
1674 3977 1800 4030 pos-

221 4059 399 4098 semus
426 4044 692 4112 accipere.
725 4043 801 4098 De
833 4028 1168 4114 plenitudine
1196 4055 1376 4102 autem
1403 4048 1519 4117 ejus
1547 4066 1647 4106 nos
1682 4068 1802 4106 om-

222 4135 666 4204 nes-accepimus.
720 4133 795 4188 Ex
825 4151 891 4190 eo
920 4135 1081 4204 igitur
1123 4137 1265 4206 quod
1297 4139 1452 4194 nobis
1481 4140 1548 4195 de
1571 4142 1803 4211 plenitu-

222 4223 341 4278 dine
391 4240 488 4279 sua
533 4225 721 4291 dedit,
771 4227 1010 4282 ostendit
1058 4229 1222 4283 etiam
1255 4247 1377 4286 cum
1409 4247 1467 4286 se
1509 4234 1805 4290 exinanivit

223 4314 606 4385 plenitudinem
632 4334 740 4373 non
765 4319 1009 4375 amisisse
1031 4335 1192 4390 quam
1216 4323 1402 4377 habuit
1427 4343 1438 4376 :
1463 4326 1590 4394 quia
1612 4327 1656 4381 si
1686 4327 1804 4398 ple-

223 4406 516 4461 nitudinem
545 4422 696 4461 suam
742 4409 1015 4463 amitteret
1043 4451 1058 4476 ,
1105 4409 1236 4466 dare
1275 4411 1344 4466 de
1378 4413 1466 4466 illa
1499 4415 1802 4471 nullatenus

223 4506 423 4568 posset.
438 4497 688 4553 Formam
713 4508 839 4568 ergo
858 4501 998 4555 servi
1019 4503 1229 4572 accepit
1253 4521 1266 4556 :
1293 4519 1469 4574 neque
1492 4506 1633 4560 enim
1655 4509 1798 4564 aliud

1913 3340 2094 3379 rerum
2129 3335 2185 3380 et
2218 3327 2513 3397 hircorum,
2554 3331 2648 3385 sed
2689 3333 2742 3386 in
2775 3337 3035 3403 sanguine
3065 3355 3164 3394 suo
3213 3346 3383 3398 semel
3412 3347 3496 3401 in-

1912 3415 2094 3469 troivit
2136 3415 2188 3468 in
2217 3424 2402 3472 sancta
2440 3417 2632 3488 (Hebr.
2663 3438 2737 3486 ix,
2776 3424 2887 3494 I2).
2923 3427 3075 3493 Quod
3103 3438 3228 3485 tunc
3258 3435 3496 3500 pontifex

1909 3506 1999 3561 ille
2027 3506 2378 3573 signiﬁcabat,
2409 3510 2500 3579 qui
2528 3525 2650 3564 cum
2679 3516 2942 3582 sanguine
2973 3517 3024 3573 in
3055 3528 3238 3574 sancta
3275 3533 3495 3580 sancto—

1908 3615 2026 3654 rum
2070 3616 2166 3669 per
2189 3617 2360 3657 annos
2392 3603 2630 3672 singulos
2659 3605 2933 3662 introibat.
2970 3608 3076 3666 Iste
3104 3613 3264 3682 igitur
3291 3626 3374 3671 est
3402 3620 3496 3688 qui

1907 3691 1962 3743 in
1993 3707 2052 3746 se
2077 3707 2184 3746 uno
2214 3699 2384 3747 totum
2424 3694 2668 3749 exhibuit
2695 3692 2841 3765 quod
2871 3715 2991 3754 esse
3031 3707 3396 3761 necessarium
3425 3709 3494 3764 ad

1909 3783 2296 3854 redemptionis
2327 3793 2528 3841 nostra:
2566 3788 2772 3843 sciebat
2796 3790 3078 3860 cﬁ‘ectum,
3117 3795 3256 3851 idem
3286 3801 3495 3856 scilicet

1907 3873 2164 3930 sacerdos
2203 3882 2258 3928 et
2279 3874 2620 3945 sacriﬁcium,
2648 3878 2788 3934 idem
2817 3880 2958 3937 Deus
2986 3891 3042 3938 et
3072 3888 3328 3956 templum
3361 3907 3374 3942 :
3409 3905 3493 3946 sa-

1906 3961 2113 4025 cerdos,
2156 3977 2255 4032 per
2299 3977 2460 4031 quem
2506 3981 2692 4022 sumus
2735 3971 3093 4039 reconciliati;
3143 3976 3491 4049 sacriﬁcium,

1906 4068 2013 4122 quo
2039 4054 2400 4120 reconciliati;
2437 4058 2713 4127 templum,
2740 4060 2792 4114 in
2812 4078 2919 4131 quo
2936 4067 3298 4134 reconciliati;
3325 4067 3492 4136 Deus,

1905 4142 1991 4196 cui
2039 4144 2388 4199 reconciliati.
2423 4145 2582 4203 Solus
2615 4157 2793 4205 tamen
2845 4156 3118 4220 sacerdos,
3169 4162 3492 4220 sacrilicium

1905 4239 1959 4285 et
1995 4233 2274 4303 templum,
2308 4238 2432 4306 quia
2462 4237 2578 4293 haec
2625 4242 2805 4297 omnia
2832 4252 2856 4291 ε
2889 4245 3032 4302 Deus
3056 4251 3348 4306 secundum
3377 4253 3492 4309 for-

1879 4337 2046 4382 ,mam
2088 4327 2265 4391 servi;
2317 4343 2425 4382 non
2480 4339 2659 4385 autem
2707 4335 2853 4388 solus
2892 4335 3058 4405 Deus,
3106 4341 3232 4408 quia
3277 4343 3494 4401 hoc'est

1904 4428 2025 4467 cum
2056 4412 2218 4471 Patre
2248 4426 2303 4472 et
2342 4420 2544 4489 Spiritu
2571 4433 2760 4479 sancto
2789 4429 3083 4483 secundum
3109 4431 3339 4490 formam
3368 4435 3488 4493 Dei.

1973 4506 2061 4559 25.
2093 4507 2444 4565 Reconciliati
2472 4513 2633 4581 igitur
2657 4531 2842 4572 sumus
2869 4535 2968 4588 per
2993 4522 3168 4577 solum
3199 4525 3392 4582 Filium
3411 4545 3492 4585 se.

224 4587 316 4643 fuit
342 4589 432 4644 illa
454 4590 650 4644 summi
681 4590 778 4645 Dei
799 4591 1112 4654 exinanitio,
1147 4594 1248 4648 nisi
1280 4594 1461 4649 formae
1489 4598 1715 4663 servilis,
1747 4599 1800 4654 id
1827 4625 1875 4684 υ
1904 4598 2134 4651 cundum
2162 4616 2412 4666 carnem,
2458 4604 2552 4658 sed
2582 4621 2690 4660 non
2721 4609 2818 4662 soli
2862 4609 2998 4664 Filio
3027 4615 3321 4671 secundum
3352 4618 3494 4676 divi-

223 4688 299 4735 est
318 4680 568 4735 humanae
588 4688 794 4736 natura:
819 4685 1081 4754 acceptio.

285 4770 372 4825 2i.
403 4771 645 4842 Utraque
667 4783 752 4828 est
774 4774 933 4842 igitur
963 4776 1014 4829 in
1044 4774 1259 4831 Christo
1280 4775 1475 4844 forma,
1507 4778 1629 4846 quia
1662 4786 1802 4834 utra-

224 4875 324 4930 que
348 4869 402 4916 et
431 4877 562 4916 vera
591 4869 647 4916 et
676 4863 837 4932 plena
879 4872 960 4918 est
986 4866 1037 4918 in
1078 4863 1293 4920 Christo
1324 4867 1639 4943 substantia.
1674 4868 1801 4924 Ideo

223 4958 435 5006 sanctus
489 4949 826 5020 Evangelista
882 4954 1097 5022 plenum
1147 4971 1267 5009 eum
1334 4957 1517 5023 gratia:
1558 4967 1612 5012 et
1670 4961 1805 5013 veri-

226 5040 347 5095 tatis
374 5041 632 5110 przedicat
662 5043 849 5115 (lbid.,
875 5044 988 5115 M),
1019 5047 1144 5115 quia
1189 5055 1245 5101 et
1273 5048 1324 5101 in
1365 5048 1545 5103 divina
1587 5059 1794 5118 natura,

223 5130 276 5183 in
313 5147 417 5200 qua
446 5133 591 5189 Deus
622 5135 836 5190 Veritas
871 5145 971 5202 εει,
1005 5138 1194 5206 plenus
1222 5147 1342 5205 est;
1387 5148 1442 5195 et
1485 5142 1796 5199 inhumana

225 5229 430 5290 natura,
464 5225 519 5279 in
564 5240 668 5294 qua
701 5226 863 5283 homo
889 5244 1050 5283 verus
1078 5229 1249 5298 gratia
1278 5230 1448 5284 factus
1477 5241 1581 5297 est,
1611 5234 1802 5303 plenus

228 5322 324 5367 est.
349 5315 404 5369 In
431 5317 519 5370 illa
542 5317 875 5386 plenitudine
899 5319 1041 5375 Deus
1062 5328 1145 5376 est
1167 5318 1216 5386 ἀ,
1243 5321 1295 5375 in
1320 5321 1488 5377 forma
1505 5322 1598 5378 Dei
1620 5341 1799 5395 mqua-

299 5460 322 5485 ι·
351 5450 508 5518 Editi,
559 5454 802 5508 obediens
847 5454 1018 5509 Patri.
1047 5455 1246 5511 Vocem
1295 5456 1447 5511 Patri
1493 5474 1598 5513 non
1640 5460 1804 5516 habet

225 5535 320 5595 ms.
348 5523 513 5595 gorb.
532 5539 638 5595 nec
664 5532 844 5578 textus
872 5524 1135 5595 Apostoli.

293 5590 317 5630 δ
345 5593 468 5648 Mss.
511 5593 619 5648 duo
660 5590 1050 5650 omittunt-vero
1098 5596 1226 5650 Deo.
1275 5596 1370 5652 Ms.
1422 5599 1559 5654 alter
1597 5601 1795 5656 omittit

228 5669 425 5718 tantum
458 5663 588 5718 Deo.

298 5743 318 5811 ξ
349 5733 408 5811 In
436 5735 606 5789 Vatic.
634 5751 740 5811 uno
770 5735 1001 5804 additur,
1029 5738 1247 5808 formam
1275 5742 1404 5794 servi
1432 5744 1715 5811 accipiens;
1741 5745 1791 5798 in

230 5801 439 5873 reliquis
467 5805 827 5867 nonadditur.

296 5871 318 5907 ι¹
343 5871 446 5929 Ms.
478 5875 649 5930 Vatic.
697 5892 833 5930 unus
878 5877 1034 5945 longe
1064 5879 1220 5935 aliter
1267 5881 1445 5948 habet,
1482 5882 1545 5936 In
1576 5894 1791 5960 utraque

550 5965 823 6028 ΡΑτιιοι..
874 5965 1065 6028 LXV.

1906 4692 2147 4747 nitatem.
2177 4694 2409 4750 Trinitas
2451 4699 2591 4751 enim
2621 4714 2720 4753 nos
2746 4702 2846 4756 sibi
2869 4707 3237 4764 reconciliavit
3260 4725 3357 4780 per
3384 4711 3491 4769 hoc

1903 4781 2045 4850 quod
2076 4783 2248 4837 solum
2295 4784 2524 4839 Verbum
2555 4802 2772 4842 carnem
2821 4792 2934 4860 ipsa
2965 4793 3197 4852 Trinitas
3237 4798 3384 4853 fecit.
3430 4802 3491 4858 In

1904 4887 2011 4941 quo
2041 4873 2117 4927 sic
2156 4875 2354 4929 veritas
2381 4876 2834 4936 incommutabilis
2867 4882 2894 4919 ιι
2929 4896 3108 4940 manet
3137 4889 3381 4946 humanae
3409 4895 3492 4949 di-

1905 4964 2150 5034 vinceque
2179 4976 2401 5032 naturae,
2449 4978 2507 5024 ut
2535 4971 2672 5026 sicut
2701 4989 2827 5029 vera
2869 4991 3082 5048 semper
3103 4989 3183 5036 est
3207 4982 3324 5051 ejus
3362 4985 3492 5041 divi-

1907 5055 2079 5121 nitas,
2130 5071 2288 5126 quam
2331 5059 2399 5115 de
2445 5058 2605 5117 Patre
2633 5063 3124 5124 incommutabilem
3174 5073 3367 5139 habet,
3415 5077 3489 5131 ita

1908 5162 2034 5202 vera
2075 5165 2288 5221 semper
2317 5167 2478 5221 atque
2527 5155 2977 5214 incommutabilis
3023 5161 3140 5230 ejus
3183 5165 3490 5225 humanitas

1905 5241 1993 5305 sit,
2025 5257 2187 5311 quam
2213 5244 2310 5298 sibi
2344 5246 2543 5300 unitam
2571 5263 2777 5302 summa
2804 5250 3056 5308 divinitas
3084 5257 3238 5323 gerit.

1972 5331 2060 5387 24.
2104 5333 2229 5390 Haec
2258 5350 2424 5405 pauca
2452 5337 2518 5392 de
2549 5339 2652 5394 ﬁde
2677 5350 2878 5397 sancta:
2909 5343 3206 5414 Trinitatis,
3253 5363 3372 5417 quae
3400 5368 3490 5407 so-
3525 5364 3529 5368 ·

1909 5465 2090 5558 igitur.
2110 5470 2428 5558 plenitudine
2472 5472 2654 5552 plenus
2674 5484 2793 5558 est;
2829 5477 2885 5531 in
2933 5480 3102 5558 [arma
3138 5479 3240 5558 Dei
3273 5487 3488 5558 (aqualis

1951 5552 2008 5590 eo
2029 5578 2057 5621 ,Δ
2075 5539 2128 5621 in
2156 5541 2326 5621 forma
2354 5539 2487 5621 serui
2518 5545 2732 5613 sequalis
2761 5539 3306 5621 serra.'Ea;inaniens,
3331 5539 3446 5610 'ctc.

1971 5616 1994 5643 ε
2029 5607 2234 5663 Absuut
2262 5611 2397 5674 haec,
2430 5607 2656 5695 formum
2674 5619 2814 5695 servi
2843 5620 3123 5695 secundum
3151 5607 3306 5695 quani
3334 5607 3484 5680 erea-

1900 5686 2100 5764 tus'e'st,
2134 5695 2163 5731 a
2195 5695 2321 5761 mss.
2344 5683 2623 5764 omnibus.
2674 5684 2740 5738 Et
2765 5687 2980 5764 quidem
3026 5706 3134 5764 non
3163 5683 3479 5764 incongrue.

1975 5746 1992 5783 τ
2021 5748 2178 5821 Deest
2208 5750 2258 5805 in
2294 5751 2412 5805 edd.
2451 5746 3029 5821 obedientrsfhabetur
3058 5761 3112 5816 in
3138 5746 3265 5820 mss.

1971 5828 1994 5902 ξς
2021 5818 2306 5902 ρεςεκετθξ,
2337 5822 2584 5902 quia/uec
2614 5818 2806 5902 omnia.
2843 5827 2998 5896 Edd.,
3030 5843 3077 5886 et
3107 5818 3231 5889 ha’e
3257 5838 3453 5902 omnia,

1969 5886 1994 5922 ιι
2023 5887 2119 5944 Ms.
2152 5886 2362 5961 Vatia,
2376 5895 2562 5948 veritas
2590 5902 2638 5947 et
2660 5886 3148 5957 ittcommutabititas

2966 5992 3044 6067 22
