4064 6358
553 417 654 478 883

1572 406 1628 463 S.
1671 401 2034 461 FULGENTII
2073 396 2380 456 EPISCOPI
2422 394 2797 451 RUSPENSIS

3733 398 3831 453 εει

553 533 634 590 Ius
656 543 712 590 et
753 546 908 588 verus
932 537 1016 587 est
1042 524 1357 583 naturaliter
1385 522 1525 578 Dcus
1543 562 1557 588 ,
1607 528 1869 591 quantum
1898 518 2138 574 brevitas
2165 520 2219 580 Α
2246 522 2364 569 tore
2394 519 2537 576 sunt,
2559 518 2756 580 utpote
2787 524 2892 563 non
2923 507 3128 577 prolata
3153 509 3219 563 de
3247 509 3386 578 ipso,
3410 511 3502 564 sed
3527 511 3664 567 facta
3687 531 3838 584 ιιι-υτ-

555 624 810 694 temporis
859 630 914 677 et
960 617 1224 676 sermonis
1271 613 1551 685 permisit,
1593 612 1824 668 inserui.
1878 609 2030 665 Nunc
2074 609 2143 664 de

554 725 798 769 creatura
827 708 955 781 quid
984 709 1187 784 absque
1212 703 1548 760 dubitatione
1568 701 1790 757 credere
1815 699 2036 766 debeas,
2061 699 2142 752 in-

554 808 779 862 timabo.

625 896 753 951 CAP.
795 908 869 948 ut.
901 922 973 933 —
999 889 1100 962 25.,
1127 889 1278 947 Unde
1318 897 1522 942 natura:
1563 895 1753 943 create
1779 887 2065 958 proﬁciant
2093 893 2145 938 et

555 986 817 1055 deﬁciant.
849 1013 920 1022 —
949 979 1328 1051 Principaliter
1355 979 1539 1048 itaque
1573 985 1698 1032 tene
1735 991 1951 1032 omnem
1999 983 2150 1031 natu-

556 1090 670 1130 ram
701 1074 792 1144 (at.
836 1074 1163 1143 creaturam)
1204 1085 1327 1140 qua:
1374 1085 1482 1124 non
1509 1076 1594 1125 est
1623 1067 1857 1124 Trinitas
1885 1067 2046 1131 Deus,
2080 1066 2148 1121 ab

557 1165 672 1237 ipsa
717 1173 906 1220 sancta
954 1163 1218 1218 Trinitate
1267 1177 1386 1232 quae
1414 1161 1562 1217 solus
1606 1176 1770 1216 verus
1815 1169 1871 1215 et
1915 1167 2149 1214 aeternus

558 1258 702 1313 Deus
733 1264 815 1312 est
842 1264 1082 1312 creatam
1104 1269 1172 1310 ex
1201 1253 1390 1310 nihilo.
1426 1253 1504 1309 Ac
1537 1253 1617 1310 sic
1645 1253 1894 1308 universa
1915 1251 1970 1306 in
1999 1250 2151 1306 caelis

560 1355 616 1404 et
640 1340 699 1402 in'
723 1356 884 1415 terra,
915 1346 1149 1402 visibilia
1176 1353 1231 1401 et
1258 1344 1567 1410 invisibilia,
1589 1344 1703 1400 sive
1729 1342 2011 1405 Thronos,
2036 1342 2151 1396 sive

558 1440 986 1508 Dominationes,
1008 1438 1121 1493 sive
1140 1437 1499 1507 Principatus,
1525 1435 1638 1491 sive
1662 1433 1988 1501 Potestates,
2016 1447 2154 1503 opus

560 1538 724 1600 atque
764 1539 1064 1586 creaturam
1095 1543 1214 1584 esse
1242 1535 1442 1583 sancta:
1474 1525 1753 1581 Trinitatis
1775 1548 1805 1592 ,ι
1845 1526 2002 1597 511
2033 1538 2154 1596 qum

561 1631 645 1678 est
673 1639 810 1678 unus
852 1621 995 1677 Deus
1022 1636 1204 1676 rerum
1235 1619 1476 1674 omnium
1523 1626 1740 1674 creator
1768 1625 1825 1672 et
1871 1617 2152 1682 Dominus,

561 1729 796 1774 aeternus
824 1759 839 1784 ,
888 1718 1252 1787 omnipotens,
1302 1715 1480 1783 justus
1533 1721 1582 1777 ⁸,
1614 1721 1670 1768 et
1708 1712 1902 1776 bonus,
1950 1710 2158 1766 habens

562 1811 882 1868 naturaliter
929 1816 989 1862 ut
1030 1820 1247 1877 semper
1283 1804 1386 1871 sit,
1432 1812 1486 1859 et
1534 1810 1593 1858 ut
1627 1803 1826 1858 mutari
1865 1800 2159 1870 aliquando

2251 619 2344 658 sus
2372 619 2436 656 ex
2483 601 2649 654 nihilo
2684 618 2695 652 :
2734 615 2917 652 verum
2947 600 3106 652 etiam
3140 600 3280 654 inter
3321 617 3378 656 se
3412 618 3517 656 non
3563 608 3841 674 :equaliter

2251 701 2399 760 sunt,
2423 692 2517 746 sed
2560 704 2896 760 unaquaeque
2925 704 3012 744 res
3050 690 3120 743 ita
3153 699 3432 760 permanet
3471 695 3610 750 sicut
3657 713 3689 750 a
3733 698 3840 754 Deo

2251 785 2463 855 accepit
2488 793 2547 838 ut
2595 793 2740 837 esset
2771 794 2825 848 ε,
2869 784 2971 836 alia
3001 784 3215 852 quidem
3247 785 3351 850 sic,
3385 787 3487 841 alia
3519 799 3696 846 autem
3741 793 3837 846 sic.

2253 875 2440 945 Neque
2470 874 2610 930 enim
2643 874 2722 928 sic
2752 873 2942 928 datum
2968 882 3052 927 est
3099 874 3419 944 corporibus
3450 885 3509 931 ut
3538 879 3676 943 sint,
3706 881 3843 935 sicut

2254 968 2475 1038 spiritus
2504 973 2830 1036 acceperunt
2863 984 2874 1018 :
2907 981 3028 1019 cum
3074 966 3190 1035 ipsa
3219 982 3436 1038 quoque
3468 984 3697 1039 corpora
3741 989 3842 1028 nou

2254 1059 2536 1129 aequaliter
2565 1059 2693 1124 sint,
2723 1065 2778 1112 et
2807 1057 2859 1111 in
2891 1058 3022 1127 ipsis
3049 1059 3359 1114 coelestibus
3383 1069 3546 1131 atque
3575 1069 3842 1121 terrestri-

2255 1151 2356 1205 bus
2385 1149 2688 1204 inveniatur
2717 1149 2975 1204 nonnul-la
2997 1149 3282 1204 diversitas
3319 1169 3331 1203 :
3366 1166 3486 1206 cum
3519 1163 3626 1208 tam
3657 1157 3843 1212 cccles-

2258 1241 2330 1294 tia
2358 1255 2516 1310 quam
2551 1241 2847 1303 terrestria,
2878 1256 2983 1294 non
3014 1241 3186 1296 solum
3228 1243 3416 1313 impari
3445 1245 3645 1300 distent
3675 1265 3841 1318 quau-

2258 1329 2413 1383 titate
2442 1328 2619 1396 molis,
2648 1343 2835 1382 verum
2866 1329 3027 1383 etiam
3057 1329 3301 1385 dissimili
3342 1333 3661 1402 splendeant
3689 1339 3844 1392 clari-

2260 1425 2392 1472 tate.
2425 1416 2541 1470 Alia
2569 1431 2800 1487 namque
2829 1426 2912 1472 est
2932 1458 2948 1485 ,
2978 1417 3116 1473 sicut
3145 1418 3434 1489 Apostolus
3461 1422 3606 1488 dicit,
3633 1425 3845 1482 claritas

2260 1507 2560 1561 caelestium
2589 1521 2899 1576 corporum,
2930 1507 3031 1560 alia
3060 1509 3417 1563 terrestrium.
3455 1511 3511 1565 In
3555 1513 3685 1583 ipsis
3711 1531 3842 1586 quo-

2261 1612 2367 1667 que
2397 1597 2708 1653 caelestibus
2737 1598 2843 1651 alia
2893 1598 3104 1652 claritas
3131 1599 3279 1667 solis,
3309 1602 3416 1654 alia
3444 1603 3659 1658 claritas
3689 1607 3842 1675 tunc,

2261 1699 2310 1744 et
2339 1690 2446 1744 alia
2476 1691 2687 1744 claritas
2734 1690 3001 1744 stellarum
3035 1707 3053 1744 :
3079 1692 3231 1744 stella
3277 1694 3413 1745 enim
3441 1711 3473 1748 a
3499 1696 3650 1749 stella
3677 1698 3852 1767 diﬂ'a't

2263 1789 2318 1841 in
2345 1786 2582 1840 claritate
2610 1785 2665 1858 (Ι
2695 1783 2816 1840 Cor.
2848 1801 2938 1853 xv,
2961 1784 3073 1855 41).
3105 1785 3475 1856 Corporalium
3506 1790 3669 1860 igitur
3695 1802 3846 1848 natu-

563 1914 670 1958 non
719 1899 904 1970 possit.
950 1896 1016 1952 Et
1067 1897 1155 1952 hic
1208 1895 1351 1950 Deus
1373 1933 1389 1958 ,
1441 1894 1534 1964 qui
1585 1893 1702 1948 sine
1739 1892 1892 1947 initio
1941 1906 2164 1961 semper
2191 1910 2242 1971 Β
2267 1894 2447 1934 mum
2477 1879 2763 1934 diVel'Silas
2789 1877 3027 1933 οδῐεηάίι
3067 1893 3498 1949 unamquamque
3528 1895 3715 1938 earum
3746 1901 3847 1942 non

561 1999 678 2058 est,
735 1990 858 2058 quia
906 2001 1115 2042 summe
1161 1992 1276 2051 est,
1327 1983 1476 2038 dedit
1531 1983 1692 2037 rebus
1762 1997 1793 2035 a
1849 1995 1907 2036 se
1965 1980 2163 2036 creatis

562 2089 623 2135 ut
679 2080 788 2134 sint
839 2097 852 2130 :
891 2093 999 2132 non
1048 2086 1230 2130 tamen
1272 2074 1390 2128 sine
1428 2071 1612 2137 initio,
1653 2071 1778 2140 quia
1821 2070 1968 2124 nulla
2007 2084 2162 2125 crea-

563 2181 687 2226 tura
741 2167 982 2236 ejusdem
1039 2174 1243 2221 naturze
1283 2173 1367 2219 est
1406 2163 1558 2232 cujus
1601 2173 1684 2217 est
1737 2161 1971 2216 Trinitas
2023 2177 2163 2217 unus

563 2275 725 2318 verus
753 2271 808 2316 et
829 2262 1002 2316 bonus
1033 2259 1174 2313 Deus
1198 2297 1213 2322 ,
1244 2272 1273 2310 a
1303 2271 1412 2327 quo
1459 2261 1640 2309 creata
1679 2261 1806 2307 sunt
1844 2253 2043 2307 omnia.
2095 2251 2163 2306 Et

565 2356 690 2424 quia
719 2367 927 2409 summe
955 2352 1131 2406 bonus
1161 2357 1283 2418 est,
1324 2347 1474 2402 dedit
1513 2347 1763 2402 omnibus
1798 2346 2004 2401 naturis
2054 2346 2157 2416 (al.

565 2443 747 2512 rebus)
791 2457 928 2512 quas
958 2440 1084 2496 fecit
1125 2450 1179 2494 ut
1220 2439 1376 2493 bona:
1422 2437 1568 2492 sint:
1602 2451 1710 2490 non
1741 2443 1922 2489 tamen
1952 2443 2161 2489 tantum

564 2535 723 2590 bona:
751 2540 1011 2602 quantum
1053 2537 1268 2584 creator
1307 2528 1549 2583 omnium
1592 2527 1860 2582 honorum
1883 2567 1898 2592 ,
1931 2527 2022 2596 qui
2053 2541 2162 2580 non

566 2626 741 2680 solum
772 2636 981 2677 summe
1020 2622 1226 2684 bonus,
1267 2618 1360 2673 sed
1390 2618 1552 2672 etiam
1581 2632 1847 2672 summum
1882 2624 2042 2686 atque
2076 2617 2162 2670 in-

567 2713 949 2771 commutabile
976 2712 1177 2767 bonum
1207 2718 1313 2777 est,
1363 2711 1492 2780 quia
1521 2718 1782 2764 aeternum
1811 2709 2014 2764 bonum
2043 2717 2160 2775 est;

567 2808 774 2864 nullum
801 2807 1008 2861 habens
1029 2803 1315 2867 defectum,
1353 2803 1478 2872 quia
1508 2818 1615 2856 non
1638 2817 1705 2856 ex
1730 2802 1900 2856 nihilo
1928 2800 2162 2867 factum;

567 2899 774 2954 nullum
801 2898 1010 2951 habens
1036 2893 1358 2964 profectum,
1388 2893 1512 2960 quia
1540 2907 1648 2946 non
1671 2891 1835 2946 habet
1868 2890 1894 2929 ι)
1928 2892 2161 2946 initium.

566 2988 694 3046 Ideo
739 2989 939 3060 quippe
979 2995 1185 3042 natura:
1220 3001 1251 3040 a
1281 2986 1392 3039 Deo
1423 2983 1575 3039 facta:
1624 2985 1887 3054 prolicere
1915 2991 2165 3054 possunt,

571 3081 698 3150 quia
727 3093 848 3134 esse
877 3085 1192 3147 coeperunt;
1235 3075 1358 3130 ideo
1407 3073 1676 3142 deficere,
1721 3076 1846 3144 quia
1887 3090 1954 3130 ex
1998 3076 2167 3130 nihilo

569 3173 726 3228 factae
753 3179 894 3226 sunt.
927 3169 1007 3224 Ad
1048 3169 1314 3223 defectum
1342 3183 1435 3224 eas
1468 3166 1710 3222 conditio
1749 3168 1897 3222 ducit
1923 3167 2163 3236 originis,

570 3264 640 3320 ad
668 3263 970 3336 profectum
992 3275 1123 3316 vero
1152 3261 1400 3331 provehit
1426 3261 1670 3332 operatio
1696 3259 1987 3315 Creatoris.
2021 3259 2077 3314 ln
2100 3276 2168 3316 eo
2187 3242 2243 3342 ὀ

569 3355 738 3425 igitur
763 3355 996 3425 primum
1026 3351 1304 3407 Trinitatis
1323 3392 1338 3417 ,
1371 3366 1492 3420 quae
1515 3350 1656 3405 Deus
1681 3365 1843 3405 verus
1871 3357 1983 3415 est,
2012 3359 2170 3405 arter-

569 3449 717 3504 nitas
755 3446 872 3501 sine
905 3444 1058 3499 initio
1091 3441 1349 3497 naturalis
1378 3442 1722 3509 agnoscitur,
1762 3440 1887 3508 quia
1923 3440 2169 3510 qumdam

570 3537 649 3596 ita
680 3536 826 3604 fecit,
857 3542 916 3590 ut
954 3549 1075 3590 cum
1116 3548 1235 3588 esse
1276 3533 1496 3601 quidem
1537 3532 1816 3603 coeperint,
1851 3540 2030 3587 tamen
2061 3547 2170 3586 non

574 3641 697 3682 esse
722 3625 1010 3696 aliquando
1039 3639 1149 3680 non
1178 3625 1407 3694 possint.
1448 3623 1505 3678 In
1536 3639 1602 3679 eo
1633 3639 1760 3680 vero
1786 3624 1900 3693 ejus
1925 3625 2172 3694 omnipo-

577 3717 754 3773 tentia
793 3715 1138 3785 intelligitur,
1177 3717 1302 3785 quia
1333 3729 1548 3770 omnem
1576 3722 1877 3770 creaturam
1906 3715 2170 3769 visibilem

575 3819 742 3879 atque
768 3809 1111 3876 invisibilem,
1142 3807 1194 3862 id
1213 3815 1296 3862 est
1321 3807 1658 3877 corporalem
1688 3813 1848 3875 atque
1875 3806 2170 3876 spiritalem

576 3903 646 3956 de
673 3900 841 3955 nihilo
868 3899 1016 3965 fecit,
1041 3900 1096 3953 in
1122 3899 1317 3967 quibus
1347 3899 1460 3968 ipsa
1488 3911 1667 3951 rerum
1693 3896 1975 3951 diversitas
2000 3897 2171 3951 multo

575 3991 749 4057 magis
790 3988 1134 4044 commendat
1175 3987 1472 4042 bonitatem
1526 3995 1688 4054 atque
1727 3986 2170 4055 omnipotentiatn

581 4079 875 4135 Creatoris.
923 4077 1034 4132 Nisi
1065 4077 1209 4132 enim
1238 4078 1580 4146 omnipotens
1608 4083 1768 4139 esset,
1802 4091 1907 4130 non
1943 4092 2045 4131 una
2076 4092 2170 4131 ea-

582 4168 812 4234 demque
853 4165 1109 4220 facilitate
1156 4165 1250 4237 (at.
1285 4165 1561 4234 facultate)
1613 4180 1823 4219 summa
1866 4173 2026 4233 atque
2067 4168 2171 4221 ima

585 4258 832 4323 fecisset;
879 4266 936 4312 et
975 4257 1078 4312 nisi
1107 4272 1315 4313 summe
1353 4258 1526 4313 bonus
1552 4266 1716 4325 esset,
1751 4273 1858 4313 non
1887 4275 1946 4314 se
1975 4261 2172 4328 guber-

582 4340 774 4404 nandis
801 4347 964 4404 rebus
989 4337 1206 4418 quoque
1235 4347 1431 4404 infimis
1460 4348 1815 4418 praestitisset.

623 4473 627 4478 -
655 4445 744 4502 26.
774 4446 1005 4517 Corpora
1034 4449 1260 4502 caelestia
1287 4457 1333 4502 et
1354 4450 1623 4503 terrestria
1644 4449 1989 4518 dilferunt.—
2008 4449 2176 4520 Igitur

584 4547 697 4594 tam
730 4538 782 4593 in
809 4539 1016 4608 magnis
1040 4549 1200 4608 quam
1239 4539 1290 4594 in
1321 4540 1500 4609 parvis
1527 4540 1827 4610 quibusque
1851 4541 2012 4618 rebus
2040 4560 2175 4600 con-

463 4696 470 4701 _
565 4635 728 4702 ditis,
763 4646 956 4705 magna
981 4643 1064 4690 est
1091 4635 1303 4692 bonitas
1324 4621 1487 4707 atque
1511 4637 1901 4708 omnipotentia
1924 4637 2178 4698 Condito-

582 4737 680 4794 ris.
711 4738 904 4794 Omnia
932 4739 1074 4794 enim
1105 4739 1376 4808 sapienter
1404 4738 1532 4795 fecit
1575 4755 1784 4795 summa
1826 4756 2061 4811 veraque
2085 4759 2175 4799 sa-

583 4839 805 4913 pientia,
837 4839 923 4894 cui
980 4838 1295 4893 naturaliter
1324 4840 1429 4895 hoc
1457 4848 1541 4895 est
1589 4856 1730 4908 esse,
1762 4842 1910 4912 quod
1961 4843 2174 4914 sapien-

585 4951 701 5000 tem
729 4956 875 5004 esse;
899 4940 1007 4996 hoc
1029 4938 1237 5005 facere,
1261 4940 1408 5010 quod
1431 4942 1707 5011 sapienter
1729 4942 1926 4999 facere.
1951 4943 2172 5014 Simpli-

584 5045 720 5102 citas
740 5040 922 5110 itaque
949 5039 1264 5111 multiplicis
1287 5041 1566 5111 sapientiae
1595 5041 1726 5110 Dei,
1750 5045 2172 5112 magnitudinem

583 5142 916 5204 celsitudinis
941 5157 1049 5198 suat
1070 5184 1084 5207 ,
1120 5156 1226 5197 non
1276 5141 1452 5198 solum
1503 5142 1557 5198 in
1585 5143 1958 5213 magnitudine
2000 5146 2170 5202 subli-

581 5242 749 5297 mium
790 5247 1181 5308 creatmarum,
1211 5255 1400 5296 verum
1432 5243 1596 5296 etiam
1629 5243 1682 5297 in
1711 5242 2014 5299 infimarum
2045 5262 2172 5316 par-

577 5344 750 5400 vitate
792 5341 1134 5398 commendat
1160 5359 1173 5394 :
1197 5341 1322 5396 dum
1370 5343 1512 5399 bona
1563 5344 1740 5399 omnia
1783 5359 1903 5414 qum
1947 5349 2170 5415 creavit,

583 5457 694 5500 non
721 5444 898 5501 solum
926 5443 1097 5499 multo
1146 5443 1368 5500 inferius
1421 5445 1838 5518 dissimiliusque
1887 5463 1988 5505 suo
2016 5465 2173 5508 crea-

655 5653 682 5715 f
711 5642 840 5715 Mss.
871 5651 1103 5715 quatuor
1129 5659 1238 5715 n_on
1263 5645 1465 5700 habent
1482 5644 1684 5715 justus.

655 5712 684 5753 ι’
704 5712 796 5788 §ic
842 5712 1118 5788 mss..sex_.
1142 5713 1281 5788 Editi
1309 5712 1495 5788 autem
1506 5755 1521 5780 ,
1552 5717 1672 5788 quia
1719 5713 1915 5772 nullam
1943 5717 2154 5774 habens.

660 5795 685 5824 ο
707 5784 926 5859 Sic__r_ns_.
975 5784 1135 5840 Corb.
1166 5786 1234 5839 At
1261 5786 1420 5859 edda,
1451 5784 1573 5840 cunt
1593 5802 1694 5859 non
1743 5797 1899 5859 esset,
1941 5791 2156 5859 accepit.

590 5852 713 5911 Mss.
757 5855 846 5914 alii
884 5855 1012 5920 duo,
1040 5871 1154 5909 cum
1194 5867 1343 5919 esset,
1379 5857 1516 5911 forte
1557 5857 1839 5911 referendo
1869 5852 1938 5913 ad
1969 5852 2152 5915 Deum.

657 5927 682 5965 ά
706 5924 876 5984 Vatic.
901 5922 1029 5990 duo,
1055 5921 1188 5989 Quia
1209 5927 1274 5979 si.
1304 5925 1532 5994 Reliqui,
1562 5922 1710 5990 Quod
1733 5926 1798 5983 si.

2267 1974 2373 2028 hoc
2414 1986 2532 2026 esse
2581 1971 2727 2041 quod
2766 1986 2833 2026 ex
2879 1986 2937 2025 se
2965 1986 3182 2042 semper
3225 1971 3424 2029 habere
3473 1978 3728 2044 potuerit,
3765 1977 3848 2034 sed

2267 2063 2411 2132 quod
2441 2064 2535 2134 (al.
2567 2062 2716 2132 quia)
2747 2077 2813 2116 ex
2842 2062 3195 2132 dispositione
3223 2072 3385 2134 atque
3413 2081 3578 2137 opere
3600 2072 3845 2142 omnipo-

2267 2154 2556 2208 tentissimi
2615 2161 2778 2221 atque
2845 2153 3297 2210 incommutabilis
3354 2164 3411 2210 et
3472 2159 3846 2227 sapientissimi

2269 2244 2542 2300 Creatoris
2583 2245 2815 2316 accepit.

2342 2341 2503 2410 512
2529 2337 2620 2392 27.
2638 2337 2779 2393 Deus
2809 2337 3015 2406 ubique.
3038 2337 3275 2408 -—Quod
3298 2342 3344 2398 si
3364 2340 3391 2381 ά
3413 2344 3574 2401 unius
3593 2345 3847 2416 ejusdem.
3876 2372 3878 2374 τ

2269 2444 2374 2498 que
2404 2437 2607 2482 natura:
2637 2437 2784 2485 esset
2819 2430 3074 2498 quaelibet
3129 2440 3377 2488 creatura
3406 2438 3726 2506 corporalis,
3760 2456 3844 2495 cu-

2264 2520 2354 2590 jus
2375 2528 2458 2574 est
2486 2528 2670 2574 sancta
2692 2519 2947 2585 Trinitas,
2977 2536 3096 2593 quae
3119 2538 3256 2579 unus
3276 2534 3361 2580 est
3382 2525 3551 2593 Deus;
3581 2543 3684 2585 nec
3706 2531 3844 2586 loca-

2265 2611 2392 2665 liter
2447 2609 2502 2664 in
2550 2610 2672 2666 loco
2719 2619 2880 2677 esset,
2913 2627 3014 2668 nec
3043 2615 3304 2685 temporis
3353 2620 3708 2676 mutationem
3757 2622 3846 2676 ali-

2269 2701 2490 2771 quando
2513 2703 2757 2770 sentiret,
2786 2719 2886 2760 nec
2914 2705 2983 2760 de
3012 2705 3132 2761 loco
3155 2706 3224 2761 ad
3249 2707 3427 2763 locum
3453 2711 3730 2778 transiret,
3760 2729 3847 2768 nec

2271 2794 2805 2850 cicmnscriberetur
2834 2796 3135 2865 quantitate
3181 2800 3342 2855 molis
3367 2816 3493 2855 suae.
3519 2801 3651 2868 Quae
3680 2804 3848 2862 omnia

2271 2890 2564 2946 ostendunt
2591 2890 2968 2960 hujuscemodi
2996 2900 3309 2947 naturarum
3360 2894 3510 2950 illum
3537 2911 3658 2952 esse
3698 2895 3846 2967 opili-

2272 2995 2413 3046 cem,
2444 2981 2736 3055 cuinullus
2782 2982 2923 3038 latus
2965 2992 3061 3037 aut
3090 2994 3348 3054 angustus
3389 2987 3542 3042 locus
3588 2997 3698 3053 est,
3731 2990 3849 3061 quia

2271 3087 2381 3127 non
2410 3073 2586 3128 minus
2609 3073 2662 3127 in
2692 3075 2932 3142 angustis
2974 3090 3137 3143 quam
3164 3076 3216 3129 in
3261 3077 3385 3132 latis
3413 3086 3558 3133 totus
3600 3087 3718 3146 est;
3750 3095 3848 3136 nec

2272 3171 2512 3218 mutatur
2541 3172 2805 3233 tempore,
2835 3166 2960 3236 quia
2983 3166 3129 3221 solus
3151 3176 3332 3237 potest
3353 3168 3621 3224 volumina
3650 3179 3850 3243 tempo-

2273 3271 2413 3317 rum,
2439 3272 2546 3311 non
2572 3257 2852 3326 temporali
2883 3257 3220 3312 volubilitate
3245 3269 3268 3297 ε
3289 3301 3305 3326 ,
3338 3259 3436 3315 Sed
3467 3269 3668 3316 (eterna
3687 3262 3850 3318 stabi-

2274 3347 2424 3401 litate
2470 3346 2789 3401 mirabiliter
2816 3349 3105 3426 ordinare:
3141 3331 3316 3420 neque
3365 3351 3508 3406 enim
3529 3353 3587 3407 in
3615 3361 3852 3424 tempore

2274 3439 2473 3506 cogitat
2505 3438 2960 3508 quemadmodum
3001 3449 3307 3512 temporum
3354 3445 3521 3500 series
3550 3460 3733 3500 rerum
3765 3445 3850 3500 de-
3891 3517 3896 3520 _

2274 3529 2520 3584 cessione
2549 3546 2612 3585 ac
2633 3531 2977 3587 successione
3000 3542 3364 3603 transcurrat;
3396 3552 3497 3592 nec
3536 3537 3717 3608 aliqua
3744 3553 3852 3593 mo-

2277 3619 2345 3673 lis
2375 3621 2677 3689 quantitate
2701 3623 3039 3690 terminatur,
3071 3625 3195 3693 quia
3227 3625 3372 3680 nullo
3401 3624 3418 3664 ί
3455 3626 3563 3682 line
3591 3627 3852 3683 concludi-

2275 3719 2390 3776 tur;
2421 3726 2595 3782 neque
2624 3727 2721 3782 per
2750 3713 2932 3767 mundi
2977 3723 3161 3784 partes
3209 3717 3452 3786 partibus
3491 3718 3605 3773 suis
3632 3727 3718 3773 est
3746 3718 3854 3789 ipse

2276 3799 2520 3869 diﬂ‘usus,
2546 3809 2601 3856 ut
2625 3801 2860 3872 majores
2881 3805 3062 3858 mundi
3087 3815 3268 3875 partes
3293 3809 3404 3862 suis
3432 3808 3726 3877 majoribus
3763 3809 3854 3862 im-

2275 3891 2439 3962 pleat,
2472 3900 2528 3946 et
2555 3893 2792 3948 minores
2822 3895 3118 3952 minoribus
3149 3897 3442 3968 implendo,
3469 3915 3736 3970 nusquam
3777 3911 3853 3954 ta-

2277 3999 2400 4038 men
2425 3993 2571 4040 totus
2614 4001 2673 4040 se
2703 3985 2966 4042 infundat.
2994 3986 3114 4058 Ipse
3143 3990 3285 4044 enim
3325 3999 3408 4046 est
3435 3991 3576 4046 Deus
3605 3993 3699 4062 qui
3739 3992 3813 4045 ait
3840 4009 3853 4042 :

2279 4076 2470 4129 Cretum
2498 4085 2546 4129 et
2576 4085 2766 4130 terram
2796 4094 2890 4148 ego
2929 4079 3116 4149 impleo
3162 4078 3294 4150 (ler.
3328 4097 3482 4143 χχιιι,
3510 4079 3626 4151 24).
3671 4080 3857 4136 Omnia

2279 4166 2444 4235 igitur
2473 4183 2592 4237 quae
2621 4168 2768 4234 fecit,
2803 4169 2852 4223 id
2902 4177 2985 4224 est
3012 4171 3232 4240 spiritus
3263 4180 3318 4226 et
3365 4188 3622 4242 corpora,
3652 4188 3861 4228 summa

2281 4267 2335 4311 et
2356 4258 2483 4321 ima,
2516 4259 2755 4314 cmlestia
2785 4269 2943 4330 atque
2973 4263 3273 4332 terrestria,
3298 4264 3531 4320 viventia
3549 4306 3565 4332 ,
3591 4275 3648 4321 et
3673 4267 3862 4335 quibus

2280 4348 2589 4403 facultatem
2639 4349 2851 4403 vivendi
2902 4366 3010 4405 non
3059 4351 3244 4418 dedit,
3277 4353 3620 4410 inelfabiliter
3670 4358 3863 4428 ubique

2283 4452 2425 4499 totus
2448 4444 2706 4498 Dominus
2736 4445 2877 4500 Deus
2900 4454 2956 4501 et
2984 4447 3172 4516 implet
3199 4456 3252 4503 et
3275 4451 3552 4514 continet;
3583 4467 3684 4507 nec
3713 4453 3769 4506 in
3801 4453 3864 4507 iis

2281 4550 2401 4603 qum
2427 4535 2739 4590 dividuntur
2765 4537 2878 4606 ipse
2907 4537 3182 4606 dividitur,
3214 4556 3314 4595 nec
3336 4541 3390 4595 in
3413 4543 3478 4597 iis
3507 4557 3629 4612 qua:
3658 4554 3868 4598 mutan-

2285 4633 2373 4679 tur
2415 4626 2523 4679 ulla
2572 4627 2870 4682 mutatione
2923 4611 3181 4684 variatur“.
3211 4629 3323 4686 Nisi
3353 4633 3498 4687 enim
3532 4611 3865 4689 naturaliter

2235 4717 2256 4766 .’
2285 4717 2740 4772 incommutabilis
2765 4719 2881 4788 ipse
2906 4727 3071 4785 esset,
3104 4736 3390 4791 nunquam.
3408 4725 3464 4777 in
3494 4725 3659 4780 rebus
3684 4733 3865 4779 muta-

2280 4809 2476 4864 bilibus
2499 4810 2631 4864 ordo
2659 4810 2877 4879 quidam
2900 4811 3114 4866 consilii
3150 4829 3213 4869 ac
3241 4814 3612 4886 dispositionis
3639 4816 3760 4886 ejus
3788 4818 3868 4873 in-
3931 4814 3944 4822 ’

2275 4901 2671 4958 commutabilis
2697 4911 3060 4972 permaneret.

2345 4993 2433 5047 28.
2476 4993 2614 5048 Deus
2641 4997 2870 5050 omnium
2894 4997 3016 5050 vita.
3049 5029 3121 5039 —
3147 4997 3290 5054 Deus
3330 4998 3494 5070 igitur
3523 5015 3702 5057 rerum
3745 5017 3874 5059 cor-

2279 5101 2566 5158 porearutn
2596 5093 2760 5156 atque
2787 5087 3234 5158 incorporearum
3283 5099 3498 5146 creator
3544 5093 3868 5160 immensus,

2281 5193 2347 5232 eo
2387 5177 2617 5249 primum
2649 5193 2707 5233 se
2760 5180 2959 5234 nullum
3009 5196 3129 5236 esse
3175 5197 3372 5252 corpus
3427 5185 3696 5248 ostendit,
3738 5187 3873 5257 quia

2281 5269 2598 5339 quibusdam
2631 5271 2946 5341 corporibus
2968 5273 3132 5327 vitam
3154 5290 3261 5329 non
3290 5273 3458 5342 dedit,
3490 5291 3612 5330 cum
3635 5290 3876 5346 corpora

2283 5362 2463 5416 omnia
2485 5364 2600 5432 ipse
2625 5365 2907 5418 creaverit.
2934 5363 3054 5434 Ipse
3077 5373 3258 5420 autem
3284 5365 3606 5422 naturaliter
3621 5368 3728 5421 vita
3761 5377 3870 5431 est,

2283 5450 2406 5523 quia
2436 5456 2481 5511 si
2507 5457 2615 5512 vita
2640 5471 2748 5512 non
2770 5465 2931 5524 esset,
2968 5473 3072 5512 non
3093 5459 3328 5514 viventia
3354 5465 3587 5529 corpora
3613 5463 3726 5530 ipse
3756 5475 3875 5516 non

2339 5660 2363 5726 ξ
2393 5651 2491 5726 Ms.
2518 5652 2704 5726 Corb.,
2728 5670 2833 5708 non
2863 5659 3132 5726 temporali
3163 5658 3448 5712 voluntate.

2341 5720 2359 5760 ί
2390 5721 2480 5808 §ic
2507 5723 2755 5808 (ξιιιίῑίκᾼῐΔ
2767 5741 2896 5805 mss.
2921 5720 3174 5808 quatuor,
3192 5730 3317 5808 quia
3335 5728 3482 5808 nulla
3503 5725 3872 5808 concluditur,

2263 5797 2452 5918 suppa:
2477 5798 2629 5850 mole.
2663 5793 2831 5851 Vatic.
2865 5793 3030 5863 unus,
3055 5793 3176 5869 quia
3204 5793 3348 5852 nullo
3376 5797 3533 5864 loco;
3564 5798 3716 5862 alter,
3739 5796 3880 5866 quia

2264 5879 2297 5916 ο
2327 5878 2396 5918 nu
2440 5880 2488 5918 ο.

2264 5879 2297 5916 ο
2327 5878 2488 5919 naua.
