4090 6342
231 403 336 461 685

1481 393 1565 452 ne
1602 383 1755 452 FIDE
1797 393 2001 452 LIBER
2041 393 2242 454 unus.

3409 395 3518 452 686

230 517 464 574 fecisset.
489 513 676 586 Neque
701 512 844 568 enim
873 512 998 569 facit
1029 527 1139 569 rem
1173 527 1281 568 non
1316 512 1588 566 viventem
1621 520 1644 548 α
1666 553 1679 576 ,
1715 509 1816 564 nisi
1843 511 1899 571 Α
1923 509 2122 579 piendo
2165 509 2356 563 divinae
2401 485 2686 578 petestatis
2735 487 3021 578 deputatur
3076 507 3318 565 arbitrio.
3389 509 3517 567 Haec

228 624 315 664 res
365 609 568 662 vivens.
601 605 718 659 Non
770 605 932 673 igitur
978 604 1141 658 unius
1170 612 1375 657 naturze
1403 617 1523 656 cum
1553 600 1664 655 Deo
1696 610 1822 654 sunt

229 713 483 768 corpora,
515 711 637 765 quae
659 695 880 750 omnino
909 695 1094 749 vivere
1125 709 1232 748 non
1259 702 1503 763 possunt.
1540 695 1614 745 Ac
1637 693 1715 746 sio
1734 707 1823 745 ne-

228 808 333 863 que
368 792 457 846 illa
489 807 721 861 corpora
746 792 903 845 unius
930 801 1138 846 natura:
1163 807 1285 846 cum
1310 791 1422 845 Deo
1441 799 1594 853 sunt,
1627 789 1822 858 quibus

227 883 458 953 singulis
483 883 722 951 singulos
747 882 938 937 brutos
967 889 1127 951 atque
1157 881 1553 935 irrationabiles
1581 881 1820 950 spiritus,

225 974 429 1044 quibus
452 973 638 1028 eadem
667 985 899 1040 corpora
926 972 1333 1025 viviﬁcarentur
1362 986 1424 1025 ac
1450 967 1823 1026 sensificaren-

227 1074 338 1129 tur,
367 1063 610 1118 inseruit.
645 1061 752 1117 Sed
785 1076 884 1116 nec
913 1061 1012 1132 ipsi
1035 1061 1178 1116 bruti
1199 1059 1419 1130 spiritus
1441 1061 1598 1115 unius
1619 1067 1826 1114 natura:

227 1169 356 1211 cum
388 1153 501 1208 Deo
529 1160 674 1218 sunt,
697 1165 836 1220 quos
863 1150 992 1206 licet
1037 1147 1373 1204 viviﬁcandis
1428 1148 1828 1204 sensilicandis-

207 1259 336 1315 -que
371 1249 736 1313 cognoscatur
757 1240 1050 1297 mseruisse
1083 1240 1403 1310 corporibus
1427 1281 1441 1305 ,
1478 1240 1608 1310 ipsis
1646 1247 1825 1293 tamen

229 1333 517 1405 spiritibus
571 1333 775 1387 nullum
826 1329 1159 1400 intelligendi
1212 1329 1436 1400 largitus
1474 1338 1556 1385 est
1603 1329 1782 1384 lumen
1808 1371 1823 1396 ,

229 1438 336 1492 quo
374 1438 534 1478 suum
573 1429 801 1494 possent
828 1429 920 1477 aut
947 1434 1274 1490 cognoscere
1300 1428 1392 1476 aut
1420 1417 1641 1490 diligere
1666 1435 1823 1476 crea-

232 1526 414 1571 torem
422 1556 435 1569 .

301 1621 379 1677 28
397 1621 512 1678 δί’.
546 1623 694 1694 ipsos
713 1638 930 1692 quoque
955 1622 1174 1692 spiritus
1193 1637 1329 1692 quos
1353 1623 1643 1678 rationales
1664 1633 1830 1694 atque

234 1712 638 1770 intellectuales
666 1729 785 1768 esse
805 1730 914 1767 non
945 1713 1163 1767 dubium
1186 1721 1287 1777 est,
1311 1713 1432 1782 quis
1456 1713 1650 1768 audeat
1679 1713 1825 1769 blas-

234 1807 447 1878 pbemo
471 1807 661 1876 spiritu
690 1815 745 1862 et
773 1822 916 1863 caeco
957 1807 1118 1878 corde
1147 1806 1387 1876 ejusdem
1417 1816 1641 1874 naturae,
1674 1807 1828 1877 cujus

1925 607 2100 653 autem
2125 599 2306 652 omnia
2329 599 2616 652 ostendunt
2639 599 2801 652 etiam
2822 609 3036 654 sanctos
3058 601 3277 670 angelos
3297 610 3512 656 creatu-

1925 705 2040 742 ram
2070 705 2190 745 esse
2230 686 2254 726 δ
2285 700 2482 745 sancta:
2510 690 2807 758 Trinitatis,
2838 691 2989 761 cujus
3019 707 3114 762 per
3142 693 3376 762 singulas
3401 709 3511 761 res,

1926 796 2061 850 quas
2092 781 2275 853 utique
2306 783 2444 837 sicut
2478 783 2649 837 voluit
2696 781 2819 838 fecit
2842 826 2854 849 ,
2898 793 3123 854 apparet
3161 785 3421 842 mirabilis
3460 794 3518 841 et

1927 871 2191 940 sapientia
2223 872 2274 924 in
2301 871 2682 941 dispositione,
2716 881 2770 926 et
2799 874 2968 928 virtus
3000 876 3050 928 in
3080 887 3263 944 opere.

2001 983 2068 1036 29
2085 983 2109 1020 ι)
2123 983 2193 1037 ίο.
2223 980 2493 1051 Quosdam
2515 984 2675 1052 igitur
2696 984 2914 1054 spiritus
2945 986 3022 1040 sic
3043 985 3185 1040 Deus
3205 987 3426 1054 creavit,
3461 997 3520 1042 ut

1930 1090 2145 1144 semper
2171 1084 2379 1136 essent;
2411 1074 2671 1144 quosdam
2700 1091 2850 1140 vero,
2877 1085 2934 1130 ut
2963 1091 3081 1131 esse
3110 1077 3327 1146 spiritus
3347 1093 3518 1147 quan-

1933 1165 2109 1234 doque
2137 1164 2466 1221 desinerent.
2497 1163 2622 1221 lllos
2652 1165 2831 1236 itaque
2867 1167 3133 1222 desituros
3161 1168 3420 1236 quosdam
3453 1185 3520 1223 ex

1932 1271 2093 1325 aqua,
2115 1256 2397 1325 quosdam,
2422 1256 2545 1325 quia
2571 1257 2649 1312 sic
2677 1257 2847 1312 voluit
2873 1255 3244 1328 Omnipotens,
3268 1262 3523 1331 produxit

1932 1364 2002 1404 ex
2030 1357 2192 1405 terra.
2234 1351 2552 1422 Superiores
2579 1367 2710 1408 vero
2747 1354 2966 1422 spiritus
3009 1355 3212 1409 nullum
3241 1371 3363 1410 cum
3394 1373 3521 1411 cor-

1931 1440 2112 1509 poreis
2139 1440 2419 1497 elementis
2446 1452 2470 1480 ο
2495 1443 2694 1498 habere
2729 1442 2855 1498 fecit
2885 1445 3128 1499 naturale
3155 1445 3521 1512 consortium;

1932 1545 2070 1598 quos
2100 1542 2155 1586 et
2182 1541 2413 1587 aeternos
2443 1534 2671 1598 creavit,
2705 1543 2758 1588 et
2787 1535 2866 1589 eis
2905 1532 3212 1589 facultatem
3251 1544 3411 1604 atque
3441 1537 3523 1590 in-

1934 1619 2284 1687 telligentiam
2315 1621 2609 1689 cogitanda:
2632 1665 2648 1691 ,
2678 1625 3064 1692 cognoscenda:
3090 1668 3104 1693 ,
3135 1625 3525 1696 diligendchue

1933 1711 2227 1768 divinitatis
2257 1714 2499 1770 inseruit.
2529 1714 2676 1783 Quos
2707 1725 2886 1773 tamen
2916 1718 2988 1772 ita
3017 1719 3238 1784 creavit,
3271 1725 3330 1774 ut
3359 1720 3525 1774 etiam

1940 1817 2049 1872 pm
2097 1804 2290 1873 seipsis
2335 1804 2481 1858 illum
2525 1804 2847 1874 diligerent,
2881 1807 3035 1877 cujus
3063 1823 3122 1863 se
3152 1808 3286 1864 tales
3311 1815 3527 1864 creatos

231 1906 317 1952 est
346 1895 529 1961 Deus,
558 1897 643 1952 vel
674 1904 863 1966 putare
884 1937 898 1962 ,
939 1896 1023 1950 vel
1067 1897 1266 1963 dicere,
1299 1912 1423 1952 cum
1469 1897 1612 1952 Deus
1642 1899 1829 1966 utique
1862 1915 1910 1974 Β
1937 1909 2102 1965 opere
2124 1895 2523 1965 cognovissent,
2545 1913 2666 1952 cum
2690 1913 2876 1952 eorum
2904 1907 2961 1952 ut
2990 1899 3124 1954 tales
3146 1898 3354 1964 ﬁerent,
3381 1901 3529 1956 nulla

233 1987 564 2041 naturaliter
590 1985 1043 2041 incommutabilis
1067 1986 1286 2040 omnino
1317 1986 1387 2040 sit
1415 1995 1470 2040 et
1499 1986 1828 2042 immensus?

231 2075 335 2144 Qui
368 2093 498 2132 cum
521 2078 572 2131 in
599 2093 660 2132 se
687 2077 1056 2131 diversitatem
1085 2076 1248 2130 ullam
1269 2077 1469 2132 habere
1498 2094 1604 2132 non
1628 2080 1826 2148 possit,

232 2171 285 2224 in
314 2169 529 2224 eisdem
579 2177 756 2222 tamen
804 2167 1100 2237 spiritibus,
1135 2183 1270 2237 quos
1327 2168 1618 2234 rationales
1667 2177 1832 2237 atque

235 2260 637 2317 intellectuales
660 2260 806 2326 fecit,
839 2259 1209 2314 diversitatem
1237 2274 1347 2314 sua:
1382 2259 1714 2329 operationis
1742 2275 1832 2314 os-

233 2351 434 2408 tendit.
471 2351 526 2406 ln
579 2351 897 2421 quibusdam
928 2348 1104 2415 enim,
1152 2347 1203 2403 id
1247 2357 1331 2403 est
1372 2349 1462 2417 qui
1514 2349 1738 2404 terrenis
1767 2363 1832 2404 ac

230 2443 563 2498 mortalibus
589 2450 714 2496 sunt
743 2441 929 2496 inserti
959 2437 1118 2513 513
1144 2439 1491 2509 corporibus,
1522 2439 1623 2493 etsi
1655 2439 1832 2494 nullus

231 2543 314 2590 est
333 2533 532 2588 localis
559 2540 756 2598 motus,
780 2530 905 2600 quia
935 2545 1030 2600 per
1052 2529 1295 2584 locorum
1316 2529 1679 2598 corporalium
1708 2544 1834 2600 par-

235 2636 336 2690 tes,
370 2640 504 2680 cum
555 2624 655 2694 ipsi
704 2623 756 2676 in
787 2621 1106 2692 corporibus
1132 2620 1240 2674 sint
1265 2659 1279 2683 ,
1312 2636 1420 2674 non
1468 2619 1831 2689 particulatim

229 2723 382 2778 sunt,
414 2713 512 2770 sed
533 2714 670 2768 sicut
697 2712 749 2766 in
781 2711 910 2766 totis
933 2709 1254 2781 corporibus
1283 2709 1400 2775 toti,
1427 2710 1506 2764 sic
1536 2708 1590 2763 in
1612 2724 1832 2764 eorum-

229 2808 355 2862 dem
402 2817 696 2874 corporum
724 2803 970 2873 partibus
998 2801 1097 2858 toti
1129 2808 1255 2857 sunt
1288 2818 1300 2852 :
1333 2809 1514 2854 tamen
1543 2799 1831 2868 cogitatio-

229 2914 361 2953 num
398 2896 634 2951 varietas
675 2893 1038 2949 diversitatem
1070 2893 1123 2947 in
1154 2892 1232 2947 eis
1255 2891 1532 2961 cujusdam
1563 2899 1834 2961 tempora-

229 2988 294 3042 lis
317 2985 587 3041 motionis
625 2999 688 3040 ac
716 2984 1030 3039 mutationis
1060 2982 1329 3049 ostendit;
1361 2983 1487 3038 dum
1535 2983 1696 3038 modo
1737 2983 1836 3038 alin

230 3078 361 3151 quid
393 3077 664 3140 nesciunt,
700 3075 859 3131 modo
882 3076 1087 3139 sciunt;
1120 3074 1280 3129 modo
1303 3073 1521 3141 volunt,
1545 3074 1706 3129 modo
1735 3089 1837 3129 ne-

231 3173 386 3236 lunt;
416 3169 581 3224 modo
603 3167 840 3236 sapiunt,
873 3165 1035 3220 modo
1063 3165 1362 3235 desipiunt;
1390 3164 1551 3220 modo
1574 3166 1740 3236 iniqui
1766 3181 1835 3220 ex

1939 1984 2129 2038 merita
2160 1985 2580 2055 prtecessissent.
2618 1981 2685 2040 Ut
2710 1994 2888 2041 autem
2917 1988 3032 2042 hzrc
3059 1987 3275 2043 dilectio
3303 1988 3530 2046 haberet

1933 2080 2135 2150 justam
2181 2088 2236 2134 et
2263 2095 2554 2150 congruam
2583 2081 2820 2146 laudem,
2852 2081 3145 2137 voluntatis
3188 2097 3401 2151 quoque
3451 2083 3531 2138 eis

1942 2170 2133 2225 tribuit
2171 2169 2475 2225 libertatem
2507 2188 2518 2224 :
2554 2179 2612 2225 ut
2657 2179 2801 2226 esset
2851 2171 2929 2226 eis
2977 2171 3270 2242 possibile,
3310 2173 3420 2226 sive
3463 2171 3530 2230 ad

1937 2277 2061 2316 eum
2090 2261 2182 2331 qui
2211 2277 2372 2332 supra
2397 2278 2491 2318 eos
2511 2271 2593 2318 est
2614 2263 2966 2317 intentionem
2991 2269 3199 2318 sancta:
3227 2262 3535 2319 dilectionis

1936 2353 2146 2422 erigere
2173 2395 2187 2420 ,
2220 2355 2333 2409 sive
2362 2354 2429 2409 ad
2456 2370 2514 2409 se
2538 2394 2552 2417 ,
2584 2355 2671 2409 vel
2701 2353 2766 2409 ad
2795 2370 2857 2410 ea
2906 2369 3025 2424 qua:
3076 2354 3213 2410 infra
3261 2357 3355 2409 eos
3383 2360 3529 2416 sunt.

1937 2461 2119 2515 prava:
2153 2445 2245 2515 (al.
2276 2446 2448 2514 gravi)
2482 2446 2788 2515 cupiditatis
2816 2447 3140 2514 semetipsos
3171 2445 3409 2515 pondere
3436 2444 3530 2501 den

1938 2533 2161 2587 clinare.

2009 2645 2098 2699 30.
2132 2645 2250 2700 Non
2276 2653 2353 2701 est
2385 2647 2547 2713 igitur
2575 2655 2790 2715 natura,
2817 2663 2937 2718 qua:
2964 2649 3017 2702 in
3045 2657 3306 2704 aeternum
3336 2651 3532 2720 possit,

1937 2737 2051 2791 sive
2072 2737 2298 2803 misere,
2324 2737 2438 2792 sive
2465 2738 2622 2792 beate
2648 2736 2668 2776 ί
2696 2739 2923 2793 vivendo
2947 2739 3264 2807 subsistere,
3291 2741 3393 2797 nisi
3413 2757 3530 2811 qna

1939 2836 2121 2899 potest
2141 2829 2208 2882 de
2234 2828 2345 2884 Deo
2371 2830 2539 2899 ipsius
2562 2829 2656 2884 Dei
2676 2845 2902 2885 munere
2929 2830 3092 2902 514
3119 2833 3380 2902 cogitare.
3405 2831 3531 2892 limo

1939 2927 2119 2973 autem
2165 2927 2357 2973 natura
2395 2919 2773 2974 intellectualis
2811 2920 2863 2974 in
2903 2920 3185 2976 animabus
3231 2929 3314 2977 est
3349 2923 3531 2979 homi-

1940 3025 2068 3064 num
2101 3017 2155 3064 et
2181 3009 2458 3080 spiritibus
2504 3011 2836 3079 angelorum.
2891 3010 3034 3066 Deus
3080 3012 3280 3084 quippe
3327 3027 3530 3083 cogno-

1940 3099 2129 3155 scendi
2157 3115 2220 3155 ac
2251 3100 2508 3170 diligendi
2538 3117 2618 3168 se,
2645 3117 2751 3155 non
2781 3101 2882 3157 nisi
2909 3103 3114 3172 angelis
3142 3110 3197 3159 et
3223 3103 3532 3164 hominibus

1940 3187 2129 3242 indidit
2157 3186 2486 3244 facultatem.
2513 3190 2710 3247 Quibus
2729 3199 2951 3260 propter
2972 3191 3179 3247 arbitrii
3208 3192 3538 3262 libertatem,

231 3261 417 3332 ἱυειῖεθ
451 3257 613 3313 “mdo
637 3256 767 3348 ills“
813 3262 945 3348 5"“!
968 3270 1045 3348 ex_
1087 3254 1311 3324 ίιιὶιιυῑε;
1334 3255 1498 3310 ωυάο
1527 3255 1832 3348 ῐξίθῑθῑίδλίμ
1859 3279 1906 3342 C
1939 3293 2060 3348 qua:
2103 3279 2337 3333 maxime
2366 3281 2550 3333 debuit
2589 3254 2938 3335 intell-ectuali
2965 3289 3230 3336 creatura:
3258 3254 3534 3343 Creatoris

230 3352 544 3406 lustrantur
570 3347 789 3412 lumine,
825 3343 986 3401 modo
1015 3344 1379 3414 depravantur
1416 3345 1708 3401 tenebroso
1736 3345 1835 3400 im-

233 3441 468 3511 pietatis
493 3450 703 3493 errore.
1746 3426 1755 3435 ’

303 3551 404 3606 ‘29.
441 3549 573 3604 Illos
596 3562 811 3631 quoque
839 3561 975 3615 quos
1004 3553 1340 3601 terrenorum
1371 3560 1658 3616 corporum
1695 3547 1840 3602 nulla

232 3650 435 3714 gravat
479 3640 746 3695 lutulenta
792 3637 1047 3692 materies
1068 3676 1082 3701 ,
1114 3635 1167 3690 id
1193 3644 1274 3691 est
1302 3636 1571 3704 angelicos
1598 3637 1840 3706 spiritus,

231 3740 358 3807 quis
388 3752 504 3791 non
536 3734 716 3788 videat
744 3747 850 3788 non
877 3731 1033 3786 unius
1061 3739 1266 3785 natura:
1295 3745 1411 3785 esse
1439 3746 1560 3785 cum
1591 3729 1724 3798 Deo,
1747 3730 1842 3786 sed

232 3827 416 3882 factos
447 3841 517 3879 ex
547 3822 746 3877 nihilo?
776 3822 1015 3887 Quorum
1042 3817 1303 3874 naturalis
1331 3818 1662 3872 mutabilitas
1691 3819 1744 3872 in
1774 3833 1842 3874 eo

233 3915 624 3984 cognoscitur,
657 3914 782 3984 quia
813 3913 1054 3982 ejusdem
1100 3920 1305 3966 natura;
1344 3927 1469 3981 pars
1497 3921 1579 3965 est
1606 3911 1658 3964 in
1688 3911 1842 3966 dete-

233 4010 349 4061 rius
403 4012 733 4076 permutata.
783 4003 989 4058 Deinde
1037 4002 1158 4072 quia
1206 4001 1242 4055 ii
1285 4001 1375 4070 qui
1406 3999 1685 4070 depravati
1735 4017 1844 4056 non

233 4107 365 4153 sunt
402 4098 588 4168 (licet,
639 4096 781 4150 illius
826 4095 971 4150 dono
999 4109 1029 4148 a
1058 4109 1166 4163 quo
1212 4109 1333 4149 cum
1364 4108 1472 4148 non
1502 4102 1682 4149 essent
1717 4093 1846 4149 facti

234 4197 367 4242 sunt
397 4228 411 4248 ,
450 4186 714 4240 indefessa
739 4229 753 4251 ,
787 4193 845 4241 et
882 4187 934 4240 in
981 4180 1239 4254 quantum
1285 4193 1545 4242 creaturae
1592 4185 1846 4254 angelicae

235 4281 412 4347 gratis
443 4278 628 4333 datum
657 4285 757 4344 est,
788 4275 1026 4347 perfecta
1055 4275 1362 4341 dilectione,
1387 4277 1846 4346 contemplatione

239 4381 414 4440 atque
466 4371 830 4426 exsultatione
857 4369 1251 4424 multitudinem
1299 4370 1594 4426 dulcedinis
1632 4370 1846 4426 Domini

239 4462 650 4517 incessabiliter
699 4468 914 4516 sumant
949 4461 977 4498 ι)
1005 4501 1022 4524 ,
1067 4475 1167 4515 nec
1195 4459 1262 4514 ab
1291 4475 1356 4514 eo
1394 4459 1626 4515 naturali
1655 4461 1845 4516 condi-

239 4554 397 4607 tione
426 4551 728 4621 deliciam),
779 4552 878 4607 etsi
911 4550 1289 4606 inhmrentibus
1317 4549 1430 4604 Deo
1452 4549 1585 4604 nihil
1615 4551 1753 4606 inest
1779 4551 1847 4606 de

1942 3371 2274 3440 benignitate
2320 3372 2412 3444 (al.
2446 3374 2710 3440 bonitate)
2755 3374 3028 3439 conferri,
3060 3375 3133 3428 ita
3171 3377 3532 3443 cognoscendi

1943 3475 2008 3514 ac
2032 3460 2286 3527 diligendi
2319 3475 2378 3514 se
2411 3458 2720 3514 facultatem
2749 3463 3188 3532 voluntatemque
3210 3463 3448 3530 donavit,
3475 3473 3534 3524 ut

1943 3563 2064 3603 eam
2095 3549 2464 3619 unusquisque
2502 3558 2557 3603 et
2595 3550 2794 3605 habere
2838 3560 3024 3621 posset
3075 3562 3130 3608 et
3170 3555 3436 3624 perdere;
3486 3557 3534 3616 si

1945 3638 2066 3708 quis
2103 3645 2281 3691 tamen
2311 3646 2504 3707 sponte
2534 3655 2651 3693 eam
2681 3640 2967 3709 perderet,
3000 3657 3100 3697 suo
3131 3658 3250 3698 eam
3279 3643 3532 3715 deinceps

1947 3726 2172 3780 arbitrio
2201 3741 2476 3781 resumere
2504 3743 2611 3781 non
2648 3729 2871 3784 valeret.
2911 3727 2976 3784 Ut
3002 3729 3144 3786 illius
3164 3741 3306 3788 esset
3333 3743 3530 3789 sancta:

1947 3817 2286 3884 cogitationis
2333 3817 2483 3871 initia
2517 3826 2542 3864 κ
2571 3818 2817 3886 gratuita:
2863 3819 3007 3875 dono
3052 3821 3309 3876 bonitatis
3354 3822 3530 3879 denuo

1947 3907 2269 3963 renovandis
2298 3908 2490 3977 quibus
2518 3908 2681 3983 vellet
2710 3906 3009 3975 infundere,
3039 3909 3190 3980 cujus
3215 3910 3314 3965 fuit
3336 3912 3389 3966 in
3415 3911 3531 3980 ipso

1947 3997 2236 4052 creationis
2261 3997 2506 4063 exordio,
2538 3999 2694 4054 nullis
2724 4000 3151 4070 pnecedentibus
3172 4004 3398 4065 meritis,
3421 4003 3532 4072 spi«

1949 4089 2084 4142 ritus
2106 4096 2159 4142 et
2186 4103 2434 4158 corpora,
2459 4089 2594 4144 locis
2619 4098 2781 4159 atque
2811 4092 3202 4160 affectionibus,
3230 4103 3391 4164 prout
3417 4096 3534 4166 ipse

1913 4204 1916 4208 ’
1948 4183 2164 4253 sapiens
2194 4183 2398 4250 voluit,
2429 4185 2679 4254 congruis
2719 4187 3032 4243 mirabiliter
3064 4188 3086 4225 ιι
3116 4192 3388 4249 ordinare.
3418 4192 3534 4248 An.

1949 4274 2052 4342 geli
2079 4287 2208 4341 ergo
2237 4283 2397 4343 atque
2418 4275 2686 4343 homines,
2709 4293 2808 4344 pro
2836 4293 2902 4331 eo
2927 4279 3070 4346 quod
3093 4282 3382 4338 rationales
3409 4283 3533 4342 facti

1949 4373 2106 4428 sunt,
2138 4366 2454 4419 aeternitatis
2482 4381 2546 4420 ac
2584 4366 2928 4422 beatitudinis
2957 4370 3155 4423 donum
3195 4372 3246 4424 in
3277 4371 3389 4440 ipsa
3433 4389 3532 4427 na-

1952 4464 2083 4510 tura:
2129 4455 2382 4523 spiritalis
2411 4456 2684 4510 creatione
2724 4456 2734 4492 ί
2773 4456 3027 4513 divinitus
3058 4468 3380 4529 acceperunt
3413 4479 3424 4514 :
3461 4463 3534 4519 ita

1951 4547 2174 4608 scilicet,
2207 4555 2264 4600 ut
2294 4548 2336 4600 si
2366 4547 2638 4601 dilectioni
2669 4549 2929 4604 creatoris
2958 4549 3039 4603 sui
3063 4549 3261 4618 jugiter
3289 4551 3524 4608 inhaesis-

238 4643 520 4696 varietate
551 4641 804 4711 temporis
837 4684 852 4709 ,
902 4640 1263 4724 quia.collato
1292 4639 1392 4695 sibi
1419 4647 1635 4694 aeterna:
1663 4639 1844 4696 incor-
1871 4645 1923 4710 ι)
1949 4645 2087 4700 sent,
2119 4636 2276 4690 simul
2305 4638 2488 4690 :eterni
2523 4637 2771 4706 beatique
2801 4639 3153 4705 mansissent;
3184 4641 3227 4694 si
3252 4657 3379 4696 vero
3409 4658 3524 4711 pro-

237 4732 525 4803 ruptionis
553 4740 714 4803 atque
753 4731 1308 4788 incommutabilitatis
1340 4744 1563 4787 munere
1582 4774 1603 4800 ,
1633 4731 1765 4787 nihil
1793 4732 1848 4788 in

235 4844 296 4884 se
325 4827 582 4880 sentiunt
602 4826 911 4881 mutationis
935 4842 948 4891 ;
982 4825 1120 4880 inest
1140 4832 1319 4878 tamen
1341 4824 1563 4893 singulis
1587 4826 1848 4881 terminus

237 4916 520 4972 naturalis
557 4927 578 4954 ε
606 4957 620 4981 ,
662 4931 768 4985 quo
815 4931 845 4969 a
893 4931 952 4970 se
999 4915 1228 4969 invicem
1272 4913 1664 4983 discernuntur,
1721 4917 1847 4986 quia

235 5009 434 5063 nullus
466 5022 653 5061 eorum
683 5016 766 5060 est
793 5006 844 5060 in
876 5005 1022 5071 alio;
1070 5013 1125 5059 et
1173 5020 1294 5060 cum
1340 5005 1432 5059 uni
1483 5020 1670 5061 eorum
1710 5022 1847 5077 opus

233 5098 539 5166 quodlibet
565 5096 856 5167 injungitur
877 5139 892 5164 ,
933 5097 1068 5152 alius
1095 5111 1310 5168 quoque
1359 5097 1512 5152 alteri
1559 5099 1710 5170 operi
1740 5099 1842 5153 im-

317 5328 346 5356 ⁸
376 5319 511 5373 Mss.
537 5319 792 5387 quinque,
825 5317 1045 5372 viventia
1086 5329 1430 5387 corporenon
1472 5319 1691 5387 fecisset.
1736 5318 1846 5372 Ne-

233 5405 343 5463 que
395 5385 565 5444 enim"
592 5385 718 5463 facit
767 5404 873 5440 rem
902 5385 1184 5463 viventem.‘
1213 5385 1524 5463 Sedntnag'is
1552 5389 1847 5463 concordat

233 5455 378 5516 cum
424 5455 774 5528 sequentibus
803 5457 946 5525 quod
974 5456 1175 5528 habent
1195 5472 1294 5510 ms.
1321 5455 1481 5512 Corb.
1511 5467 1564 5512 et
1590 5457 1737 5513 editi.

313 5529 348 5569 δ
393 5527 488 5584 Sic
517 5545 647 5584 mss.
679 5542 886 5588 omnes.
919 5528 990 5580 At
1015 5527 1171 5592 editi,
1203 5529 1448 5581 sentiant.

319 5612 345 5640 ο
401 5599 575 5655 Vatic.
611 5613 763 5661 unus,
797 5599 1002 5650 termini
1029 5598 1280 5650 naturalis
1307 5598 1447 5666 ﬁnis.

311 5671 343 5709 ⁶
391 5670 489 5726 Sic
519 5686 645 5724 mss.
679 5675 926 5737 quatuor.
969 5665 1106 5721 Editi
1127 5708 1141 5731 ,
1175 5665 1331 5736 opera
1361 5684 1488 5720 esse.

318 5751 352 5781 ο
394 5739 576 5796 Vatic.
617 5754 790 5802 unus,
831 5737 1024 5791 nullum
1063 5753 1177 5790 cum
1223 5754 1465 5806 corpore,
1500 5739 1693 5791 nullum
1732 5755 1843 5792 cum

232 5812 526 5867 corporeis
549 5810 830 5864 elementis.

399 5880 493 5935 Sic
521 5895 622 5935 ms.
653 5877 814 5935 Cori).
848 5876 987 5933 Editi
1007 5920 1020 5942 ,
1050 5895 1152 5931 stve
1181 5878 1322 5932 bene.

212 6008 237 6018 ,
318 5962 348 6002 ι
399 5949 492 6006 Sic
533 5965 660 6006 mss.
715 5956 844 6004 tres.
888 5951 956 6004 At
996 5948 1165 6004 Vatic.
1201 5964 1336 6004 unus
1361 5989 1375 6017 ,
1409 5948 1643 6003 initium'
1687 5947 1842 6014 alter,

1952 4729 2082 4800 prite
2128 4726 2437 4782 libertatis!
2485 4728 2708 4782 arbitrio
2755 4737 2943 4783 contra
3003 4733 3197 4786 summi
3254 4732 3364 4802 (at.
3409 4723 3554 4803 sui).

1950 4817 2223 4874 Creatoris
2263 4817 2543 4887 imperium
2573 4833 2723 4872 suam
2758 4819 3059 4874 niterentur
3083 4819 3259 4876 facere
3288 4822 3534 4877 volunta-

1949 4920 2058 4965 tem
2080 4951 2094 4976 ,
2126 4909 2373 4979 protinus
2403 4924 2433 4962 a
2463 4907 2869 4964 contumacibus
2898 4909 3170 4965 beatitudo
3207 4910 3529 4978 discederet,

1948 5017 2004 5063 et
2030 5007 2097 5062 ad
2124 5007 2443 5077 supplicium
2473 5007 2552 5061 eis
2579 5005 2970 5075 relinqueretur
3009 5006 3284 5063 aeternitas
3310 5007 3528 5074 misera,

1949 5100 2224 5156 erroribus
2254 5100 2509 5170 deinceps
2532 5099 2913 5170 doloribusque
2941 5099 3225 5156 crucianda
3268 5099 3314 5154 ιι.
3363 5099 3430 5154 Et
3467 5099 3535 5155 de

1947 5321 2118 5444 iniu}.
2163 5319 2335 5383 Editi,
2366 5321 2534 5374 denuo
2571 5322 2890 5376 revocandis.
2922 5321 3344 5392 Mssaquatuor,
3374 5345 3530 5384 reno-

1951 5408 2047 5444 van
2087 5409 2153 5444 ιδ.

1951 5408 2153 5445 vanam.

2010 5460 2048 5542 ,ιι
2089 5461 2250 5544 Editi,
2279 5476 2500 5531 congrue
2523 5470 2573 5514 et
2599 5459 2921 5514 mirabiliter.
2953 5461 3074 5516 Mss.
3106 5477 3232 5532 sex,
3269 5472 3530 5544 congruis,

1951 5531 2275 5585 mirabiliter.

2030 5599 2044 5636 ί
2090 5602 2194 5655 Sic.
2239 5617 2365 5655 mss.
2411 5609 2520 5656 tres
2549 5608 2604 5656 et
2631 5601 2754 5654 Ant.
2803 5601 2872 5653 At
2899 5601 3019 5656 edd.
3052 5605 3167 5669 alii,
3200 5609 3256 5661 in
3282 5622 3338 5663 se
3365 5626 3397 5663 a
3428 5627 3528 5665 tta-

1952 5680 2081 5725 tura:
2108 5671 2356 5740 spiritalis
2381 5681 2626 5725 creatore.

2029 5743 2047 5824 i.
2091 5740 2256 5804 Editi,
2298 5741 2523 5812 prapria:
2561 5742 2855 5797 voluntatis.
2903 5745 3026 5799 Mss.
3069 5748 3329 5818 quinque,
3373 5753 3524 5808 liber-

1952 5821 2189 5936 tu‘tsltls.
2219 5879 2404 5948 Corb.,
2435 5881 2790 5956 doloribusque
2819 5885 3042 5943 subacta.
