4064 6358
533 368 636 427 087

1582 349 1638 406 S.
1669 342 2032 434 FULGENTII
2071 338 2377 400 EPlSCOPl
2415 339 2789 399 BUSPENSIS

3714 341 3817 400 688

534 482 737 551 angelis
763 478 980 552 quidem
1010 477 1113 532 hoc
1141 468 1405 543 disposuit
1433 471 1487 522 et
1519 466 1761 534 implevit
1785 503 1799 528 ,
1839 469 1898 516 ut
1925 477 1970 515 sn
1999 464 2121 530 quis
2149 464 2201 519 A
2227 465 2442 512 eatores
2470 456 2695 524 angelos
2720 496 2736 523 ,
2784 461 2839 509 et
2869 453 2935 508 ad
2957 451 3276 523 judicandos
3303 451 3550 509 homines
3575 451 3731 510 vivos
3768 464 3821 513 et

537 593 722 633 eorum
748 574 1044 628 bonitatem
1071 562 1361 621 voluntatis
1390 557 1661 630 perderet,
1696 567 1966 622 nunquam
1999 566 2118 608 eam

537 667 714 721 divino
744 676 967 718 munere
997 669 1019 695 ⁸
1052 661 1349 726 repararet.

603 756 690 811 5i.
734 755 862 809 Pars
909 751 1089 816 itaque
1129 744 1442 812 angelorum
1491 753 1612 810 qua:
1655 753 1688 793 a
1727 751 1826 792 suo
1873 742 2120 790 creatore

531 850 666 912 Deo,
697 859 805 913 quo
831 841 948 897 solo
977 840 1122 893 bono
1151 837 1308 891 beata
1338 833 1440 887 fuit
1471 830 1498 869 ι’
1518 871 1532 896 ,
1565 826 1866 886 voluntaria
1897 837 2120 896 prorsus

533 937 814 998 aversione
832 914 1090 988 discessit
1117 972 1132 998 ,
1172 925 1442 998 aequitatis
1471 937 1718 994 supernae
1740 919 1941 988 judicio
1967 960 1982 985 ,
2020 916 2123 971 ini-

531 1031 667 1085 tium
696 1040 804 1081 sua:
843 1019 1206 1078 damnationis
1254 1018 1306 1072 in
1357 1017 1472 1087 ipsa
1521 1013 1802 1068 aversione
1831 1008 2122 1065 voluntatis

530 1120 738 1178 invenit
771 1138 784 1172 :
816 1126 875 1172 ut
902 1131 1012 1171 non
1042 1113 1184 1168 aliud
1217 1112 1268 1166 ei
1310 1117 1455 1166 esset
1483 1107 1723 1176 incipere
1765 1104 1876 1174 jam
1923 1102 2119 1173 puniri,

529 1229 695 1285 quam
723 1211 865 1266 illius
890 1206 1128 1264 beatifici
1158 1203 1287 1259 boni
1315 1201 1605 1256 dilectione
1648 1196 1909 1261 destitui;
1962 1209 2124 1263 quam

530 1284 676 1362 Deus
702 1305 755 1359 in
784 1311 986 1358 aeterno
1015 1299 1094 1354 sic
1121 1305 1292 1352 totam
1321 1291 1580 1365 praecepit
1609 1302 1888 1345 remanere
1916 1284 2125 1356 suppli-

532 1400 650 1464 cio,
684 1406 744 1452 ut
771 1396 932 1451 etiam
960 1394 1136 1461 ignem
1166 1390 1216 1444 ei
1244 1395 1506 1443 aeternum
1535 1388 1751 1456 pararet
1784 1399 1795 1433 :
1827 1381 1881 1434 in
1910 1394 2018 1449 quo
2049 1376 2125 1430 illi

533 1504 726 1548 omnes
781 1485 1224 1557 praevaricatores
1280 1480 1456 1549 angeli
1503 1493 1602 1533 nec
1655 1475 1797 1531 mala
1847 1472 2159 1548 voluntate

531 1581 747 1656 possint
771 1591 1005 1647 unquam
1035 1588 1250 1636 carere,
1281 1587 1383 1626 nec
1407 1584 1567 1640 pcena
1592 1586 1608 1635 ;
1658 1565 1754 1622 sed
1778 1570 2129 1635 permanqrte

532 1653 592 1729 in
636 1672 716 1726 eis
767 1670 976 1738 injustze
1023 1664 1321 1732 aversionis
1367 1661 1549 1725 malo,
1599 1663 1916 1729 permaneat
1963 1653 2129 1708 etiam

534 1762 692 1834 justo:
713 1758 1077 1816 retributionis
1096 1764 1298 1810 aeterna
1319 1751 1613 1808 damnatio.
1640 1747 1844 1802 Horum
1864 1744 2130 1799 malorum

2219 556 2464 604 mortuos
2493 547 2726 603 fideliter
2747 555 3146 616 exspectamus.
3181 546 3431 602 Testatur
3457 548 3600 602 enim
3630 549 3821 607 beatus

2223 636 2415 692 Petrus
2449 637 2574 707 quia
2616 636 2758 691 Deus
2805 636 3009 704 angelis
3041 636 3386 705 peccantibus
3423 651 3528 690 non
3561 619 3847 707 pepercit,

2222 727 2319 784 sed
2349 725 2664 783 carceribus
2680 725 2924 794 caliginis
2952 723 3484 789 inferni.detrudens,
3519 727 3739 781 tradidit
3768 729 3820 783 in

2219 820 2424 890 judicio
2453 819 2753 890 puniendos
2780 818 3045 873 reservari
3077 816 3165 888 (11
3192 817 3336 871 Petr.
3369 817 3521 889 11(4).
3542 817 3616 873 De
3642 817 3821 872 homi-

2225 915 2384 970 nibus
2410 927 2625 984 quoque
2651 911 2787 968 vivis
2813 927 2876 966 ac
2903 911 3130 965 mortuis
3153 910 3454 979 judicandis
3479 911 3669 966 beatus
3693 911 3823 966 Pau-

2227 1005 2311 1059 lus
2339 1005 2444 1061 hoc
2472 1005 2548 1058 ait
2575 1021 2588 1057 :
2618 1003 2892 1073 Testiﬁcor
2921 1018 3097 1057 coram
3124 999 3236 1057 Deo
3263 1012 3313 1056 et
3339 1001 3544 1056 Christo
3571 1002 3717 1067 Jesu,
3742 1005 3825 1072 qui

2221 1099 2552 1171 judicaturus
2597 1109 2678 1152 est
2723 1099 2860 1153 uiuos
2903 1105 2952 1150 et
2989 1105 3221 1151 mortuos
3246 1135 3261 1161 ,
3301 1106 3351 1150 et
3378 1115 3470 1168 per
3501 1107 3524 1144 ὅ
3552 1097 3823 1150 adventum

2228 1193 2392 1262 ipsius
2420 1200 2469 1244 et
2513 1205 2727 1261 regnum
2763 1189 2876 1259 ejus
2917 1185 3008 1258 (ΙΙ
3035 1186 3168 1240 Tim.
3201 1202 3272 1250 tv,
3301 1186 3375 1255 l).
3426 1185 3482 1240 ln
3531 1184 3688 1254 cujus
3735 1182 3827 1238 ad-

2229 1289 2393 1337 ventu
2423 1281 2491 1335 ab
2533 1281 2624 1334 illo
2649 1279 2808 1356 primi
2837 1277 3068 1333 hominis
3100 1293 3329 1350 corpore
3352 1278 3496 1347 quod
3526 1278 3620 1343 (at.
3644 1277 3825 1348 quem)

2232 1371 2374 1428 Deus
2394 1370 2460 1426 de
2485 1379 2626 1426 terra
2655 1369 2961 1440 plasmavit,
2983 1383 3154 1437 usque
3181 1368 3248 1422 ad
3278 1367 3516 1422 omnium
3547 1367 3826 1421 hominum

2234 1477 2464 1532 corpora
2489 1463 2663 1530 ,‘quae
2702 1459 2937 1513 animata
2968 1457 3294 1528 quandoque
3321 1457 3500 1512 vivere
3527 1464 3824 1527 cmperunt,

2235 1551 2304 1605 ab
2330 1551 2423 1604 illo
2451 1548 2946 1612 resuscitabuntur,
2986 1564 3017 1602 a
3045 1564 3153 1619 quo
3183 1556 3441 1617 operante
3467 1556 3650 1603 creata
3681 1557 3822 1602 sunt.

2237 1645 2457 1714 Singula
2485 1660 2617 1700 vero
2647 1657 2878 1714 corpora
2907 1642 3011 1696 illis
3057 1642 3280 1710 singulis
3313 1642 3425 1696 suis
3452 1639 3736 1696 animabus
3781 1641 3828 1714 in

2237 1735 2632 1790 resurrectione
2664 1732 2989 1798 reddentur,
3012 1746 3147 1802 quas
3170 1731 3222 1785 in
3254 1730 3510 1785 maternis
3529 1772 3544 1796 ,
3570 1737 3629 1784 ut
3650 1729 3831 1786 vivere

535 1820 791 1928 princeps
819 1851 1066 1906 diabolus
1096 1848 1300 1919 primos
1327 1845 1574 1900 homines
1598 1882 1612 1905 ,
1661 1855 1797 1910 quos
1827 1838 1893 1893 ad
1924 1834 2134 1908 peccati
2167 1847 2214 1908 Β
2241 1825 2580 1896 inciperent,
2617 1823 2894 1878 ventribus
2928 1823 3134 1878 habere
3171 1831 3452 1892 coeperunt
3490 1839 3502 1872 :
3536 1829 3595 1874 ut
3630 1820 3831 1875 scilicet

536 1926 896 2019 prmcipitium
930 1953 952 1981 ο
984 1939 1194 1994 invidus
1220 1937 1406 1999 duxit,
1440 1950 1547 1988 non
1577 1933 1656 1988 eis
1686 1939 1922 1995 tantum,
1954 1926 2050 1982 sed
2079 1934 2136 1980 et

539 2039 807 2094 universa:
830 2033 1112 2105 propagiui
1133 2045 1319 2084 eorum
1350 2043 1471 2082 cum
1497 2026 1628 2080 vitio
1657 2021 1865 2095 peccati
1885 2020 2135 2076 meritum

539 2129 734 2185 mortis
783 2124 1025 2180 inseruit.
1075 2122 1216 2175 Deus
1267 2126 1449 2174 autem
1496 2115 1802 2170 misericors
1846 2119 1901 2166 et
1940 2111 2134 2179 justus,

540 2221 683 2278 sicut
710 2217 927 2274 diabolo
957 2223 1013 2270 et
1047 2212 1252 2281 angelis
1295 2209 1410 2279 ejus
1437 2208 1656 2278 propria
1685 2204 2000 2261 cadentibus
2038 2216 2137 2254 vo-

541 2311 770 2374 luntate,
796 2315 1022 2363 carteros
1049 2301 1272 2370 angelos
1299 2301 1352 2354 in
1379 2315 1489 2353 sua:
1511 2296 1814 2352 dilectionis
1837 2293 2140 2348 aeternitate

548 2400 814 2466 ﬁrmavit,
847 2399 926 2452 sic
955 2396 1119 2450 etiam
1160 2390 1381 2446 humani
1415 2388 1628 2458 generis
1663 2401 1895 2441 massam
1926 2398 2032 2438 non
2063 2389 2142 2435 to-

543 2502 657 2550 tam
706 2493 756 2545 in
787 2488 1175 2558 sempiternum
1202 2483 1382 2553 perire
1407 2479 1673 2551 permisit,
1701 2477 1794 2532 sed
1824 2491 1960 2544 quos
1988 2471 2015 2509 ά
2047 2487 2141 2527 vo-

545 2584 647 2642 luit
673 2581 790 2652 ejus
817 2580 1051 2650 gratuita
1074 2576 1312 2642 bonitas,
1344 2572 1573 2642 repulsis
1604 2570 1840 2626 tenebris
1868 2568 1921 2621 in
1947 2565 2141 2635 quibus

546 2675 722 2732 omnis
745 2673 978 2727 humana
1004 2666 1254 2722 nativitas
1280 2663 1488 2734 peccati
1515 2661 1789 2730 originalis
1816 2657 2143 2712 condemna-

547 2766 699 2821 tione
743 2769 1010 2824 versatur,
1054 2753 1388 2813 reducendos
1429 2753 1588 2824 515
1636 2746 2033 2821 praedestinavit
2075 2742 2143 2798 ad

548 2855 728 2913 lucem
762 2871 775 2905 :
810 2853 862 2906 in
894 2866 960 2905 eo
991 2849 1260 2918 praecipue
1289 2845 1669 2900 demonstrans
1699 2839 1845 2910 quod
1875 2839 2007 2892 istos
2035 2836 2143 2891 ori-

551 2946 743 3015 ginalis
790 2943 996 3012 peccati
1046 2938 1273 2994 vinculis
1336 2935 1572 2990 indebita
1622 2933 1794 3002 gratia
1843 2928 2146 2984 liberatoris

552 3037 892 3098 absolveret;
941 3047 1062 3086 cum
1107 3031 1244 3083 alios
1268 3069 1283 3095 ,
1324 3036 1382 3082 et
1413 3041 1573 3097 quam
1613 3025 1844 3078 maxime
1871 3020 2142 3092 parvulos,

557 3126 754 3199 quibus
789 3124 932 3178 nulla
972 3129 1200 3192 possunt
1229 3119 1308 3174 vel
1352 3119 1492 3172 bona
1525 3116 1608 3170 vel
1641 3115 1777 3168 mala
1809 3114 1985 3168 inesse
2020 3128 2148 3182 pro-

2245 1919 2438 1974 animte
2466 1918 2518 1972 in
2542 1917 2636 1972 illo
2661 1916 2908 1971 examine
2932 1915 3064 1985 justi
3093 1913 3294 1970 Judicis
3317 1914 3369 1968 in
3391 1913 3590 1969 eisdem
3611 1912 3831 1981 singulis

2243 2008 2562 2078 corporibus
2601 2007 2710 2062 suis
2753 2006 3020 2075 accipiant
3061 2003 3488 2069 retributionem,
3519 2004 3632 2060 sive
3663 2003 3830 2074 regni,

2241 2097 2356 2152 sive
2377 2096 2650 2167 supplicii,
2677 2096 2728 2150 in
2753 2096 2948 2164 quibus
2968 2095 3082 2150 sive
3101 2096 3296 2150 bonam
3311 2135 3325 2159 ,
3350 2095 3462 2150 sive
3486 2095 3685 2150 malam
3709 2109 3832 2165 qua-

2243 2192 2451 2246 litatem
2474 2190 2598 2244 vita:
2628 2189 2911 2260 praesentis
2936 2188 3257 2243 habuerunt.

2318 2282 2406 2337 54.
2444 2282 2604 2352 Origo
2636 2283 2754 2336 vita:
2783 2281 2955 2335 malm.
2985 2311 3057 2321 —
3076 2279 3317 2347 Qualitas
3339 2287 3518 2334 autem
3541 2278 3697 2334 mala:
3719 2280 3833 2335 vita!

2243 2376 2311 2430 ab
2335 2374 2644 2428 infidelitate
2672 2374 2877 2443 incipit,
2909 2388 3028 2443 quae
3049 2373 3116 2428 ab
3147 2372 3419 2440 originalis
3454 2372 3660 2441 peccati
3684 2378 3834 2426 reatu

2245 2465 2456 2520 initium
2485 2465 2665 2520 sumit.
2717 2464 2774 2517 In
2812 2479 2920 2533 quo
2951 2463 3195 2534 quisquis
3227 2462 3412 2531 incipit
3445 2463 3518 2515 ita
3551 2463 3752 2526 vivere,
3781 2469 3834 2516 ut

2247 2567 2374 2612 ante
2402 2555 2552 2610 finiat
2572 2557 2739 2610 vitam
2761 2573 2921 2627 quam
2943 2557 3010 2611 ab
3033 2556 3149 2625 ejus
3169 2555 3494 2623 obligatione
3514 2554 3772 2620 solvatur,
3794 2557 3837 2614 si

2245 2649 2405 2702 unius
2439 2647 2546 2702 diei
2585 2647 2669 2702 vel
2709 2648 2867 2702 unius
2899 2648 3048 2702 hora:
3077 2647 3250 2717 spatio
3273 2647 3450 2700 anima
3490 2645 3579 2700 illa
3622 2646 3759 2700 vixit
3783 2646 3836 2700 in

2247 2755 2498 2811 corpore,
2530 2755 2753 2796 necesse
2785 2748 2868 2795 est
2894 2755 3013 2794 eam
3042 2755 3163 2794 cum
3190 2737 3379 2793 eodem
3416 2752 3648 2808 corpore
3678 2737 3838 2792 inter-

2246 2833 2518 2888 minabilia
2543 2831 2801 2899 gehennae
2843 2830 3104 2901 supplicia
3146 2829 3411 2885 sustinere
3431 2869 3446 2893 ,
3479 2827 3569 2882 ubi
3597 2826 3840 2882 diabolus

2247 2939 2370 2981 eum
2399 2923 2604 2992 angelis
2632 2922 2742 2976 suis
2770 2921 2822 2975 in
2853 2929 3111 2975 aeternum
3141 2935 3360 2974 arsurus
3389 2926 3472 2972 est
3491 2960 3506 2985 ,
3533 2918 3624 2987 qui
3653 2926 3706 2972 et
3735 2917 3840 2987 pri-

2248 3032 2368 3070 mus
2391 3013 2653 3084 peccavit,
2691 3020 2744 3067 et
2771 3019 3051 3081 peccatum
3077 3010 3264 3081 primis
3291 3008 3595 3064 hominibus
3625 3021 3840 3076 persua-

2250 3107 2321 3162 sit
2355 3124 2366 3158 :
2401 3105 2489 3159 ubi
2519 3119 2638 3159 cum
2669 3119 2734 3157 eo
2774 3103 2936 3157 etiam
2978 3100 3250 3157 fornicarii
3272 3138 3288 3164 ,
3329 3098 3487 3154 idolis
3525 3097 3840 3163 servientes,

555 3187 686 3288 pria:
717 3214 908 3268 merita
942 3223 965 3251 θ
998 3210 1322 3276 voluntatis,
1352 3207 1622 3263 insolubili
1652 3221 1795 3260 nexu
1822 3214 2024 3260 aeterna
2053 3205 2149 3259 da-
2177 3215 2222 3277 ρ
2254 3199 2515 3264 adulteri,
2561 3196 2785 3260 molles,
2834 3193 3196 3249 masculorum
3239 3189 3633 3252 concubitores,
3676 3187 3843 3252 fures,

557 3308 764 3362 mnatio
793 3305 1069 3358 retineret.

633 3397 720 3450 '52.
743 3395 904 3451 Bonae
927 3407 1143 3464 quoque
1163 3382 1460 3448 voluntatis
1479 3397 1535 3444 et
1555 3386 1898 3456 cogitationis
1920 3385 2150 3449 initium,

560 3505 670 3546 non
700 3487 905 3542 homini
932 3501 1000 3540 ex
1025 3486 1206 3556 seipso
1237 3482 1401 3544 nasci,
1435 3479 1530 3534 sed
1559 3478 1831 3541 divinitus,
1861 3485 1913 3530 et
1945 3490 2155 3546 praepa-

561 3583 703 3648 rari,
744 3589 798 3635 et
830 3579 990 3634 tribui
1017 3579 1072 3633 in
1109 3593 1174 3632 eo
1218 3576 1358 3630 Deus
1397 3573 1678 3627 evidenter
1707 3569 1981 3633 ostendit,
2012 3566 2156 3636 quod

563 3689 739 3743 neque
779 3671 1022 3727 diabolus
1049 3710 1062 3734 ,
1104 3682 1279 3738 neque
1319 3665 1514 3734 aliquis
1556 3662 1868 3730 angelorum
1905 3658 2019 3727 ejus
2043 3698 2057 3722 ,
2091 3672 2158 3711 ex

563 3781 672 3836 quo
698 3764 866 3819 ruinae
897 3762 1039 3815 illius
1070 3759 1266 3813 merito
1297 3757 1349 3810 in
1375 3756 1516 3809 banc
1545 3761 1670 3808 sunt
1710 3749 2022 3804 inferiorem
2061 3745 2156 3801 de—

566 3854 701 3908 trusi
745 3851 1029 3918 caliginem
1056 3886 1070 3910 ,
1103 3847 1299 3900 bonam
1330 3843 1505 3914 potuit
1533 3850 1624 3895 aut
1664 3839 1863 3909 poterit
1892 3850 2162 3891 resumere

566 3945 942 4009 voluntatem,
974 3937 1131 4003 Quod
1176 3936 1223 3989 si
1266 3933 1284 3972 ί
1329 3930 1583 4003 possibile
1631 3937 1777 3984 esset
1824 3934 1882 3982 ut
1930 3927 2160 3980 humana

568 4040 781 4094 natura,
822 4036 1107 4097 postquam
1135 4039 1165 4076 a
1195 4022 1306 4076 Deo
1356 4034 1542 4074 aversa
1588 4019 1885 4073 bonitatem
1931 4015 2164 4086 perdidit

570 4117 864 4173 voluntatis
889 4155 903 4178 ,
946 4129 1012 4167 ex
1041 4112 1218 4182 seipsa
1257 4124 1440 4164 rursus
1481 4122 1602 4163 eam
1629 4107 1830 4162 habere
1876 4107 2158 4180 potuisset,

2255 3293 2430 3358 avari,
2477 3291 2707 3356 ebriosi,
2745 3289 3024 3355 maledici,
3078 3289 3239 3359 516
3267 3301 3520 3357 rapaces,
3563 3293 3620 3340 et
3658 3298 3844 3340 omnes

2256 3387 2347 3457 qui
2378 3398 2542 3455 opera
2569 3384 2744 3439 carnis
2766 3391 2932 3451 agunt
2971 3381 3060 3454 [de
3095 3382 3288 3452 quibus
3317 3380 3508 3436 beatus
3540 3379 3672 3433 dicit
3699 3380 3846 3449 Apo-

2257 3476 2443 3542 stolus,
2463 3475 2581 3548 quia
2604 3491 2816 3546 regnum
2839 3472 2938 3527 Dei
2961 3490 3064 3528 non
3085 3482 3456 3545 consequentur
3479 3472 3621 3543 (Gal.
3641 3489 3694 3538 v,
3709 3470 3842 3544 21)],

2263 3568 2308 3621 si
2333 3575 2458 3622 ante
2483 3565 2642 3636 hujus
2661 3564 2785 3619 vita:
2812 3565 3095 3618 terminum
3119 3579 3149 3618 a
3170 3564 3272 3618 viis
3298 3564 3409 3618 suis
3430 3563 3584 3618 malis
3604 3563 3849 3619 conversi

2261 3673 2370 3713 non
2401 3656 2619 3720 fuerint,
2661 3655 2878 3709 :eternis
2907 3654 3118 3721 ignibus
3147 3661 3459 3709 exurentur.
3491 3651 3680 3708 Omnis
3707 3653 3850 3708 enim

2261 3750 2424 3802 homo
2451 3747 2543 3816 qui
2569 3747 2623 3800 in
2647 3745 2754 3800 hoc
2781 3745 2978 3800 sarculo
3006 3760 3177 3814 usque
3206 3744 3273 3798 ad
3301 3742 3461 3799 ﬁnem
3500 3745 3554 3798 in
3598 3744 3855 3815 iniquita-

2264 3847 2374 3893 tum
2405 3837 2763 3892 delectatione
2793 3836 2821 3872 ιι
2854 3845 2907 3890 et
2947 3835 3126 3891 cordis
3160 3834 3514 3890 obduratione
3542 3849 3855 3906 permanse-

2263 3931 2363 3994 rit,
2397 3930 2533 3983 sicut
2563 3928 2650 3982 hic
2680 3942 2803 3982 eum
2837 3926 2998 3981 noxia
3025 3925 3307 3981 criminum
3335 3925 3624 3980 delectatio
3662 3924 3860 3993 tenuit,

2264 4024 2342 4080 sic
2367 4038 2488 4075 eum
2514 4021 2631 4075 sine
2660 4020 2766 4074 line
2793 4020 3120 4090 sempiterna
3145 4018 3404 4076 cruciatio
3434 4018 3710 4073 retinebit.

2337 4112 2424 4166 55.
2459 4110 2687 4178 Corpora
2717 4111 3014 4180 impiorum.
3047 4137 3118 4147 —
3139 4107 3255 4162 Erit
3284 4107 3426 4163 enim
3455 4107 3621 4163 etiam
3647 4107 3866 4177 iniquo-

570 4211 742 4267 multo
779 4206 1091 4278 possibilius
1125 4205 1230 4260 hoc
1264 4210 1456 4258 natura
1486 4199 1713 4255 haberet
1741 4199 1978 4268 angelica
2001 4237 2015 4263 ,
2047 4213 2163 4267 quae

573 4311 774 4374 quanto
818 4299 995 4354 minus
1043 4303 1297 4368 gravatur
1358 4293 1562 4349 terreni
1604 4290 1848 4362 corporis
1894 4289 2162 4360 pondere,

2267 4219 2384 4259 rum
2421 4200 2745 4257 resurrectio
2769 4240 2784 4266 ,
2816 4199 2910 4254 sed
2939 4199 3056 4255 sine
3097 4198 3468 4254 immutatione
3491 4240 3506 4265 ,
3537 4212 3703 4266 quam
3733 4195 3868 4251 solis

2268 4294 2514 4350 fidelibus
2534 4301 2588 4347 et
2608 4307 2675 4347 ex
2697 4289 2803 4346 fide
2829 4289 2843 4328 ί
2866 4291 3009 4361 juste
3024 4290 3328 4346 viventibus
3347 4289 3569 4344 daturus
3590 4296 3676 4343 est
3695 4287 3870 4344 Deus.

575 4401 728 4448 tanto
751 4393 918 4460 magis
948 4391 1052 4445 hac
1079 4396 1222 4444 esset
1248 4386 1469 4458 prmdita
1499 4384 1772 4440 facultate.
1798 4381 1903 4437 Sed
1933 4381 2166 4436 ostendit
2268 4385 2383 4440 Hoc
2411 4393 2493 4440 est
2520 4384 2664 4439 enim
2706 4381 2854 4454 quod
2888 4383 2962 4437 ait
3003 4383 3192 4438 beatus
3231 4381 3422 4437 Paulus
3450 4399 3464 4435 :
3508 4379 3705 4436 Omnes
3757 4379 3874 4454 qui-

575 4487 720 4542 Deus
747 4484 886 4539 unde
912 4483 1054 4538 bona
1082 4481 1330 4537 voluntas
1361 4477 1667 4534 hominibus
1695 4475 1871 4540 detur,
1899 4488 2062 4544 quam
2089 4473 2167 4528 sic
2271 4476 2387 4534 dem
2411 4488 2758 4551 resurganus,
2787 4472 2878 4532 sed
2899 4487 3004 4532 non
3035 4488 3210 4532 ames
3241 4469 3627 4529 rmmulabimur
3665 4466 3730 4540 (Τ
3747 4470 3876 4528 Cor.

577 4579 876 4642 amiserunt
900 4576 1074 4653 angeli
1100 4590 1221 4637 cum
1244 4573 1526 4645 baberent,
1550 4577 1612 4632 ut
1631 4569 1882 4631 amissam
1911 4567 2166 4643 deinceps
2192 4589 2246 4651 ι)
2269 4589 2358 4638 xv,
2389 4571 2501 4638 51).
2535 4569 2833 4625 Ostendeus
2863 4577 3041 4624 autem
3061 4569 3233 4635 justos
3257 4565 3438 4620 divino
3461 4578 3690 4618 munere
3722 4577 3879 4618 com-

560 4677 779 4732 .babere
809 4691 917 4730 non
947 4649 1171 4744 possint.
2194 4649 2229 4651 v
2267 4661 2576 4727 mutandos,
2608 4661 2682 4714 ait
2716 4677 2728 4712 :
2763 4657 2831 4712 Et
2858 4675 2950 4712 nos
2977 4655 3363 4712 immutabimur
3393 4653 3586 4726 (Ibid.,
3608 4652 3729 4720 52).
3772 4649 3881 4705 Ha-

652 4767 741 4820 55.
773 4764 1035 4832 Quoniam
1065 4764 1224 4832 igitur
1250 4761 1408 4830 digna
1438 4766 1523 4814 est
1544 4758 1733 4814 eadem
1759 4757 2005 4812 voluntas
2025 4755 2168 4810 bona
2271 4755 2476 4811 bebunt
2504 4766 2631 4821 ergo
2661 4751 2829 4820 iniqui
2865 4765 2986 4806 cum
3009 4749 3169 4820 justis
3207 4746 3663 4803 resurrectionem
3692 4744 3885 4801 carnis

582 4872 682 4929 per
710 4856 804 4910 Dei
834 4855 1058 4923 gratiam
1088 4861 1302 4907 aeternae
1329 4848 1676 4905 beatitudinis
1704 4847 1953 4918 praemio,
1985 4854 2039 4900 et
2067 4845 2170 4899 ini-
2271 4861 2630 4911 communem,
2658 4836 3046 4899 immolationis
3066 4851 3242 4898 tamen
3269 4842 3283 4891 l
3313 4841 3542 4909 gratiam
3573 4855 3682 4894 non
3712 4837 3886 4892 habe

584 4950 762 5021 quitas
791 4948 1032 5015 angelica
1059 4957 1220 5017 atque
1247 4945 1481 5000 humana
1511 4957 1631 4997 esse
1670 4957 1776 4996 non
1804 4941 1965 4994 debet
1994 4939 2168 5008 impu-
2277 4939 2428 5003 bunt,
2461 4953 2580 5008 quae
2609 4937 2824 4992 dabitur
2839 4935 2998 5006 justis
3031 4955 3043 4988 :
3078 4935 3329 5006 quoniam
3362 4950 3392 4988 a
3421 4933 3756 5003 corporibus
3789 4933 3891 4986 im-

586 5043 721 5105 nita,
754 5053 1064 5112 propterea,
1097 5037 1390 5094 secundum
1428 5035 1704 5090 catholicae
1746 5031 1868 5088 fidei
1910 5030 2165 5100 regulam,
2275 5030 2487 5100 piorum
2510 5044 2616 5083 non
2648 5027 2919 5082 auferetur
2947 5027 3242 5098 corruptio,
3267 5033 3323 5080 et
3347 5024 3672 5093 ignobilitas,
3711 5031 3780 5077 et
3813 5022 3892 5075 in-

586 5141 870 5190 venturum
901 5147 1021 5187 esse
1051 5131 1245 5185 Filium
1275 5128 1370 5184 Dei
1403 5126 1470 5182 ad
1496 5123 1798 5197 puniendos
1827 5136 2017 5178 omnes
2044 5113 2192 5192 pec-3
2278 5121 2499 5177 firmitas
2545 5121 2598 5176 in
2631 5121 2824 5190 quibus
2859 5119 3193 5176 seminantur
3224 5136 3236 5171 :
3269 5131 3387 5188 quae
3426 5116 3496 5172 ob
3540 5117 3644 5171 hoc
3698 5125 3897 5170 morte

2357 5302 2376 5341 ί
2421 5303 2544 5358 Mss.
2579 5309 2825 5371 quatuor,
2854 5299 2988 5365 Quia
3016 5301 3082 5354 si.

2354 5383 2377 5421 8
2419 5373 2506 5428 Sic
2537 5367 2707 5427 vane.
2732 5388 2889 5438 unus,
2911 5371 3064 5440 juxta
3087 5369 3331 5425 Graecum
3362 5374 3568 5422 textum
3602 5367 3901 5437 Apostoli.

2281 5444 2472 5500 Caneri
2501 5459 2608 5499 non
2640 5443 2840 5497 habent
2869 5440 3186 5511 particulam
3215 5456 3322 5511 per.

2355 5514 2379 5551 ιι
2413 5515 2537 5569 Mss.
2569 5515 2824 5583 quinque,
2854 5509 3181 5583 iniquitatum
3211 5509 3548 5564 dilectione...
3576 5513 3758 5565 noxia
3796 5515 3907 5566 cri-

2286 5589 2477 5640 minum
2499 5585 2722 5638 dilectio.
3359 5585 3361 5587 ’

2363 5657 2376 5693 ί
2416 5656 2586 5711 Vatic.
2619 5671 2775 5720 unus,
2807 5665 2855 5708 et
2884 5657 2937 5708 in
2962 5655 3086 5724 ﬁde.

2362 5727 2373 5776 i
2415 5727 2584 5781 Vatic.
2621 5741 2774 5790 untts,
2805 5723 3210 5780 immutationem
3239 5734 3408 5778 tamen
3441 5723 3612 5778 carnis
3639 5739 3652 5786 ,'
3728 5725 3895 5782 alter

2289 5799 2689 5854 immutationem
2721 5805 2913 5851 autent.
3453 5790 3472 5805 '

662 5333 688 5361 ι
725 5317 970 5376 Vaticani
999 5323 1129 5380 tres,
1157 5315 1270 5369 sine
1300 5310 1469 5367 divino
1493 5323 1722 5380 munere.
1753 5303 1860 5360 Sed
1892 5302 2070 5380 verior
2097 5302 2173 5357 le-

591 5392 698 5448 ctio
725 5373 1053 5458 reliquorum
1081 5373 1261 5447 codd,
1289 5382 1378 5458 ubi
1406 5382 1522 5458 haec
1549 5394 1662 5458 vox.
1681 5379 1792 5458 sine
1818 5390 1925 5458 non
1955 5373 2170 5442 legitur.

665 5446 690 5501 ὖ
730 5446 899 5514 Vatic.
933 5471 1104 5520 unus,
1135 5446 1378 5527 quaisolo
1409 5451 1541 5527 Qona
1568 5459 1618 5502 et
1647 5448 1795 5527 beata
1827 5446 1942 5527 fuit:

670 5543 692 5570 ο
733 5513 821 5584 Sic
848 5513 976 5583 mss.
1007 5513 1245 5580 duo.'At
1274 5539 1373 5577 ms.
1402 5520 1564 5575 Corb.
1585 5561 1600 5584 ,
1643 5518 1710 5571 ad
1741 5513 1935 5587 peccati
1962 5513 2175 5584 partici-

596 5601 752 5669 pium.
776 5598 934 5662 Editi,
967 5597 1034 5649 ad
1063 5595 1257 5667 peccati
1285 5593 1613 5664 principium.

669 5668 694 5706 ἀ
735 5669 830 5722 Ms.
862 5667 1047 5722 Corb..
1079 5667 1166 5720 sed
1193 5667 1236 5718 si
1264 5680 1409 5722 auos.

787 5685 830 5722 s.
862 5680 1047 5730 born,
1079 5680 1165 5720 sea
1193 5682 1235 5718 si
1264 5680 1409 5730 quos.
1754 5729 1757 5730 ν
1897 5727 1906 5730 _
2000 5724 2039 5730 _-
2107 5723 2117 5730 .
2165 5698 2167 5700 ·

674 5683 694 5706 ιι
735 5683 830 5722 MS.
862 5683 1047 5730 μοι-οη
1079 5683 1165 5720 sea
1193 5683 1235 5718 si
1264 5683 1409 5735 quos.
2165 5698 2167 5700 .

674 5749 697 5775 ο
737 5739 902 5807 Abest
929 5739 1149 5807 propria!
1187 5750 1216 5789 a
1267 5750 1365 5790 ms.
1418 5732 1616 5807 Corb._;
1662 5729 1854 5807 legitur
1895 5727 1947 5807 in
2000 5723 2174 5807 Ya‘tic.
2233 5791 2237 5795 V

598 5809 788 5862 tribus.
823 5792 989 5860 Vatic.
1021 5792 1174 5872 alter,
1213 5807 1435 5876 propria:
1478 5792 1657 5859 marito
1688 5792 1984 5857 voluntatis.
2017 5792 2177 5858 Editi,

600 5879 811 5952 propria
839 5877 1037 5932 merita.
