4090 6342
271 415 372 471 689

1517 417 1600 476 DE
1642 419 1794 474 FIDE
1836 418 2034 474 LIBER
2079 419 2276 476 UNUS.

3443 423 3545 481 690

271 537 433 590 etiam
485 548 592 588 non
643 532 1053 603 exstinguentur
1077 573 1092 601 ,
1136 542 1194 590 ut
1222 533 1354 592 illud
1380 535 1506 606 juge
1537 543 1860 591 tormentum
1892 541 1939 596 Α
1969 549 2102 605 pore
2131 538 2292 590 homo
2321 534 2510 602 egerit,
2543 533 2834 602 quamlibet
2863 529 3095 603 iniquus,
3128 535 3418 604 quamlibet
3447 553 3544 592 an-

268 627 485 694 corpori
533 633 694 696 atque
733 627 922 680 animm
949 627 1017 682 sit
1057 629 1246 683 mortis
1275 637 1490 683 mternm
1519 628 1856 699 supplicium.

263 715 428 772 iustae
462 733 591 773 vero
620 719 812 773 animae
838 759 852 787 ,
893 735 1026 790 quas
1054 720 1142 776 hic
1170 720 1502 792 Redemptor
1529 705 1668 776 Deus
1697 723 1862 790 gratis

265 825 326 864 ex
360 809 468 865 fide
495 810 838 881 justiticavit,
869 820 923 866 et
946 810 1250 881 justiﬁeatis
1278 814 1419 868 bene
1447 812 1658 867 vivendi
1693 825 1862 881 usque

264 899 315 955 in
346 900 512 954 linem
544 902 997 971 perseverantiam
1027 902 1212 975 tribuit
1235 911 1283 966 α,
1311 902 1364 957 in
1387 902 1516 972 ipsis
1544 901 1859 972 corporibus

263 991 315 1046 in
351 992 553 1061 quibus
590 992 674 1047 hic
707 991 1102 1060 justiticationis
1139 993 1365 1060 gratiam
1405 993 1659 1048 divinitus
1702 1008 1860 1048 acce-

263 1094 480 1157 perunt,
512 1095 566 1140 et
592 1085 644 1139 in
676 1085 867 1164 quibus
891 1085 1196 1154 iustificata:
1224 1100 1321 1155 per
1350 1085 1529 1153 tidem,
1548 1086 1613 1139 in
1635 1085 1860 1140 caritate

261 1175 355 1232 Dei
387 1178 730 1248 proximique
754 1179 1022 1241 vixerunt,
1051 1179 1204 1247 regni
1233 1179 1469 1236 cmlestis
1495 1189 1696 1233 aeterna
1727 1178 1857 1233 bea-

263 1269 494 1324 titudine
515 1271 789 1340 potientur
813 1288 826 1324 :
851 1271 1160 1340 gloriticatis
1184 1271 1348 1326 etiam
1375 1271 1694 1341 corporibus
1723 1271 1855 1336 suis,

259 1375 375 1430 qum
406 1361 527 1415 sine
555 1359 748 1426 dubio,
790 1363 966 1417 carnis
1006 1371 1194 1417 natura
1219 1403 1234 1428 ,
1277 1379 1434 1433 quam
1465 1363 1602 1418 Deus
1631 1365 1854 1430 creavit,

258 1451 532 1504 veraciter
570 1463 921 1520 permanente
945 1491 960 1517 ,
999 1467 1106 1507 non
1137 1453 1276 1508 sicut
1313 1453 1399 1509 hic
1425 1454 1677 1509 animalia
1703 1497 1718 1522 ,
1762 1454 1858 1510 sed

258 1539 526 1608 spiritalia
549 1547 673 1594 tunc
694 1540 984 1596 habebunt.
1011 1540 1330 1598 Sanctorum
1350 1543 1492 1598 enim
1513 1546 1808 1601 seminatur
1827 1545 1854 1584 δ

259 1642 461 1698 corpus
490 1629 723 1684 animale
745 1669 761 1696 ,
802 1639 984 1700 surget
1013 1647 1208 1703 corpus
1250 1633 1509 1702 spiritale.
1561 1633 1618 1688 In
1650 1635 1731 1690 his
1758 1651 1857 1705 per

259 1720 407 1790 illam
449 1724 905 1794 immutationem,
929 1742 1047 1795 quae
1071 1727 1200 1782 solis
1220 1726 1432 1782 dabitur
1454 1727 1634 1796 justis,
1659 1729 1852 1799 imple-

257 1813 405 1868 bitur
433 1815 580 1884 quod
600 1825 853 1886 oportere
873 1817 1374 1890 dicitApostolusU
1394 1819 1510 1875 Cor.
1540 1838 1625 1886 xv,
1653 1820 1766 1890 53),
1792 1830 1851 1876 ut

1968 643 2150 691 nosus,
2183 629 2224 682 si
2259 636 2372 682 toto
2394 626 2556 682 corde
2579 628 2966 682 renuntiaverit
2988 630 3222 699 peccatis
3243 631 3546 700 prmteritis,

1967 727 2021 772 et
2051 735 2149 789 pro
2179 720 2258 774 eis
2287 719 2340 774 in
2369 728 2664 788 conspectu
2688 719 2782 774 Dei
2814 735 2920 775 non
2950 722 3122 776 solum
3160 723 3423 792 corporis,
3456 725 3551 779 sed

1965 810 2128 863 etiam
2159 809 2336 865 cordis
2365 811 2627 881 lacrymas
2674 810 2888 878 fuderit,
2948 820 3003 866 et
3032 813 3296 868 malorum
3325 829 3551 885 operum

1964 901 2202 957 maculas
2229 901 2384 957 bonis
2433 903 2686 973 operibus
2732 903 2942 959 diluere
2971 907 3256 971 curaverit,
3310 908 3551 962 omnium

1963 1001 2306 1062 peccatorum
2335 1009 2552 1048 suorum
2583 994 2970 1063 indulgentiam
3000 1012 3127 1052 mox
3153 997 3390 1052 habebit.
3437 997 3552 1054 Hoc

1963 1083 2105 1138 enim
2145 1083 2300 1138 nobis
2343 1085 2600 1140 Dominus
2645 1086 2961 1156 prophetico
3012 1088 3279 1156 promittit
3327 1088 3547 1158 eloquio

1960 1175 2146 1231 dicens
2173 1195 2184 1230 :
2218 1177 2280 1232 Si
2303 1194 2573 1232 conversus
2605 1181 2784 1248 fueris,
2816 1190 2863 1233 et
2890 1183 3223 1252 ingemueris,
3249 1183 3417 1235 salvus
3447 1184 3550 1236 eris

1961 1265 2118 1339 (Isai.
2153 1285 2279 1336 χχχ,
2312 1269 2400 1337 15,
2430 1287 2532 1324 sec.
2557 1269 2754 1340 LXX).
2788 1271 2855 1326 Et
2875 1273 2982 1327 alio
3010 1274 3130 1329 loco
3151 1273 3348 1329 dicitur
3374 1293 3386 1326 :
3415 1274 3548 1341 Fili,

1958 1361 2220 1429 peccasti;
2253 1377 2318 1414 ne
2345 1361 2568 1430 adjicias
2598 1364 2802 1426 iterum,
2846 1363 2940 1416 sed
2969 1372 3018 1418 et
3065 1365 3127 1418 de
3152 1366 3426 1431 praeteritis
3456 1366 3548 1419 de-

1959 1466 2191 1519 precare,
2223 1459 2278 1503 ut
2300 1449 2391 1502 tibi
2419 1450 2747 1504 dimittantur
2778 1449 2967 1522 (Eccli.
2999 1468 3109 1515 χχι,
3143 1452 3215 1521 1).
3259 1453 3548 1522 Nunquam

1957 1542 2203 1610 peccanti
2231 1552 2373 1597 esset
2401 1541 2598 1598 indicta
2626 1557 2725 1611 pro
2755 1543 2993 1612 peccatis
3012 1543 3341 1612 deprecatio,
3375 1544 3421 1598 si
3449 1544 3548 1598 de-

1955 1633 2200 1703 precanti
2245 1648 2354 1688 non
2383 1641 2528 1688 esset
2555 1633 2802 1689 remissio
2845 1632 3211 1688 concedenda.
3250 1632 3354 1687 Sed
3385 1633 3548 1692 etiam

1956 1724 2277 1793 paenitentia
2308 1724 2581 1794 pcccatori
2613 1732 2739 1779 tunc
2768 1723 3008 1793 prodest,
3048 1724 3092 1778 si
3122 1723 3240 1778 eam
3283 1723 3335 1776 in
3366 1721 3547 1776 Eccle~

1954 1815 2033 1870 sia
2064 1815 2328 1870 catholica
2360 1824 2549 1884 gerat:
2583 1815 2669 1870 cui
2699 1814 2840 1869 Deus
2864 1815 2915 1868 in
2948 1829 3179 1883 persona
3221 1812 3364 1867 beati
3397 1809 3545 1865 Petri

257 1905 615 1974 corruptibile
651 1905 756 1962 hoc
794 1906 980 1962 induat
1008 1909 1466 1980 incorruptionem
1489 1949 1506 1975 ,
1547 1919 1602 1967 et
1626 1913 1855 1969 mortale
1885 1904 1932 1964 Β
1958 1903 2157 1974 ligandi
2187 1905 2538 1972 solvendique
2569 1905 2753 1959 tribuit
2780 1912 3124 1974 potestatem,
3159 1903 3378 1956 dicens:
3417 1898 3546 1964 Qua:

256 1991 361 2050 hoc
393 1997 581 2051 induat
610 1997 1090 2054 immortalitatem.
1142 1999 1200 2054 ln
1231 2001 1424 2072 quibus
1449 2017 1610 2058 sexus
1637 2020 1852 2062 mascu-

257 2088 395 2144 linus
436 2090 519 2145 vel
546 2089 826 2158 femineus,
857 2093 997 2148 sicut
1025 2093 1213 2149 eadem
1242 2110 1469 2164 corpora
1497 2105 1677 2152 creata
1705 2108 1848 2164 sunt,

255 2182 598 2252 permanebit
630 2201 642 2235 :
672 2198 902 2252 quorum
933 2183 1101 2251 gloria
1131 2185 1233 2239 erit
1258 2200 1358 2254 pro
1387 2184 1650 2240 factorum
1677 2188 1851 2244 bono-

256 2283 374 2324 rum
405 2269 718 2327 diversitate
745 2271 978 2327 diversa.
1024 2271 1214 2328 Omnia
1248 2283 1427 2329 tamen
1459 2292 1710 2346 corpora,
1739 2278 1852 2334 sive

255 2362 619 2418 masculorum
641 2404 656 2428 ,
697 2363 812 2418 sive
851 2360 1168 2419 feminarum
1193 2407 1207 2432 ,
1241 2381 1575 2436 quaecunque
1603 2367 1655 2421 in
1687 2382 1850 2437 regno

256 2449 347 2510 illo
380 2464 565 2523 erunt,
596 2457 830 2525 gloriosa
859 2467 1016 2514 erunt
1049 2477 1061 2512 :
1097 2459 1184 2514 ille
1216 2471 1396 2514 autem
1436 2461 1529 2529 (al.
1562 2463 1726 2530 enim)
1758 2462 1850 2530 ju-

255 2546 359 2602 dex
407 2547 577 2614 novit,
596 2557 853 2618 quantam
889 2550 1177 2619 unicuique
1223 2551 1292 2605 sit
1332 2537 1552 2606 daturus
1589 2552 1846 2620 gloriam,

255 2637 379 2705 quia
412 2637 465 2691 in
490 2637 591 2693 hac
616 2639 723 2692 vita
747 2655 844 2708 per
867 2639 1290 2695 misericordiam
1320 2642 1485 2708 gratis
1507 2641 1850 2710 justiticando

253 2728 539 2796 prmvenit,
573 2743 710 2796 quos
740 2729 844 2785 illic
877 2745 972 2800 per
997 2731 1257 2799 justitiam
1285 2731 1586 2799 gloriﬁcare
1613 2731 1850 2803 disponit

255 2813 351 2884 (al.
385 2815 695 2887 disposuit).

247 2905 252 2910 ’
326 2903 416 2957 36.
449 2902 686 2975 Tempus
708 2921 839 2960 vero
859 2907 1169 2974 acquirendi
1194 2907 1357 2962 vitam
1386 2917 1640 2964 mternam
1665 2909 1718 2964 in
1745 2909 1847 2964 ista

254 3003 468 3050 tantum
498 2994 608 3048 vita
639 2994 778 3050 Deus
805 2995 1111 3050 hominibus
1149 2996 1332 3062 dedit,
1383 2998 1472 3052 ubi
1517 2998 1686 3054 voluit
1727 3013 1848 3054 esse

254 3086 416 3140 etiam
447 3085 820 3155 paenitentiam
859 3071 1204 3164 fructuosam.
1252 3087 1378 3144 Ideo
1407 3099 1586 3144 autem
1613 3090 1699 3145 hic
1727 3105 1845 3160 pm-

254 3177 481 3232 nitentia
513 3176 786 3232 fructuosa
809 3185 911 3243 est,
935 3178 1061 3247 quia
1091 3186 1270 3248 potest
1295 3179 1384 3235 hic
1412 3180 1576 3236 homo
1602 3165 1845 3251 deposita

1961 1995 2053 2066 (al.
2088 1993 2437 2064 Qua'cunque)
2460 1995 2756 2065 alligaveris
2781 2010 2935 2062 super
2965 2003 3174 2053 terram,
3205 2000 3352 2043 erunt
3383 1993 3574 2064 ligata‘

1955 2094 2004 2138 et
2031 2085 2084 2138 in
2110 2086 2248 2137 caelis
2273 2101 2291 2149 ;
2323 2095 2372 2138 et
2392 2101 2505 2156 qua:
2531 2084 2745 2138 solveris
2775 2100 2928 2154 super
2949 2092 3160 2144 terram,
3193 2090 3342 2135 erunt
3374 2081 3545 2134 soluta

1957 2183 2005 2230 et
2033 2177 2087 2229 in
2119 2175 2257 2229 caelis
2311 2173 2524 2246 (Matth.
2558 2191 2666 2242 xvi,
2699 2175 2775 2244 9).
2818 2172 2877 2228 In
2903 2188 3223 2244 quacunque
3251 2173 3411 2241 igitur
3439 2173 3543 2227 hoc

1955 2284 2046 2323 mo
2073 2277 2231 2324 mtate
2264 2283 2448 2324 veram
2500 2279 2846 2338 peccatorum
2896 2285 3115 2324 suorum
3167 2268 3543 2337 pmnitentiam

1955 2361 2144 2430 egerit,
2175 2370 2231 2416 et
2250 2361 2411 2415 vitam
2433 2377 2581 2418 suam
2600 2359 2710 2416 Deo
2727 2362 3062 2438 illuminante
3089 2361 3406 2425 correxerit,
3431 2374 3542 2414 non

1954 2453 2253 2523 privabitur
2281 2452 2620 2521 indulgentia:
2651 2468 2874 2507 munere
2898 2491 2912 2516 ,
2947 2455 3069 2521 quia
3100 2451 3259 2518 Deus,
3291 2452 3426 2505 sicut
3448 2464 3544 2518 per

1939 2545 2272 2614 prophetam
2301 2544 2448 2608 dicit,
2481 2560 2586 2599 non
2611 2545 2722 2598 vult
2743 2552 2973 2598 mortem
2998 2543 3276 2599 morientis
3301 2540 3348 2606 ἀ,
3372 2555 3540 2612 quam
3597 2609 3606 2618 ἱ

1956 2639 2070 2687 tum
2117 2642 2174 2687 ut
2222 2642 2524 2688 revertatur
2551 2650 2582 2687 a
2612 2635 2698 2688 via
2724 2650 2822 2689 sua
2851 2633 3013 2698 mala,
3065 2642 3119 2689 et
3168 2633 3314 2688 vivat
3361 2633 3540 2692 anima

1920 2768 1922 2770 τ
1955 2726 2071 2797 ejus
2100 2725 2316 2796 (Ezech.
2348 2743 2536 2792 χχχιιι,
2568 2727 2676 2794 Η).

2023 2817 2113 2872 38.
2147 2817 2533 2878 Verumtamen
2559 2818 2738 2872 nullus
2780 2819 3059 2873 hominum
3106 2817 3269 2873 debet
3316 2817 3416 2872 sub
3443 2831 3541 2888 spe

1954 2908 2342 2964 misericordia:
2372 2910 2468 2964 Dei
2509 2910 2563 2964 in
2597 2910 2708 2965 suis
2747 2909 2946 2964 diutius
2967 2924 3250 2964 remanere
3280 2910 3540 2979 peccatis,

1955 3013 2080 3054 cum
2109 2999 2271 3055 etiam
2297 3001 2350 3054 in
2379 3001 2497 3070 ipso
2523 3015 2754 3071 corpore
2774 3015 2934 3055 nemo
2960 3001 3090 3055 velit
3113 3001 3211 3056 sub
3231 3013 3327 3068 Spe
3353 3000 3542 3056 futurae

1954 3090 2141 3145 salutis
2169 3090 2367 3145 diutius
2394 3099 2676 3160 aegrotare.
2720 3086 2876 3146 Tales
2905 3091 3048 3146 enim
3076 3091 3169 3162 qui
3189 3092 3255 3146 ab
3285 3090 3542 3160 iniquita-

1955 3183 2098 3239 tibus
2117 3183 2227 3238 suis
2255 3183 2509 3240 recedere
2538 3184 2835 3252 negligunt,
2868 3190 2923 3238 et
2951 3183 3051 3238 sibi
3079 3181 3146 3238 de
3168 3181 3280 3238 Deo
3303 3182 3397 3253 (al.
3423 3182 3545 3252 Dei)

256 3273 460 3327 malitia
493 3273 634 3328 bene
661 3273 842 3328 vivere
868 3314 883 3338 ,
925 3281 980 3329 et
1018 3282 1224 3328 mutata
1254 3274 1534 3330 voluntate
1569 3275 1765 3344 injusta
1797 3287 1847 3345 ε,
1877 3288 1925 3354 c
1956 3274 2338 3345 indulgentiam
2369 3276 2776 3346 repromittunt,
2806 3290 3190 3344 nonnunquam
3233 3276 3304 3328 ita
3336 3289 3543 3344 prmve-

257 3363 449 3418 merita
477 3362 637 3418 simul
667 3379 944 3434 operaque
974 3373 1186 3420 mutare
1205 3407 1220 3433 ,
1252 3374 1308 3420 et
1351 3367 1407 3420 in
1439 3367 1632 3423 timore
1659 3368 1756 3423 Dei
1784 3383 1848 3425 ea

258 3466 447 3520 gerere
476 3470 596 3524 qua:
623 3455 874 3524 placeant
903 3455 1036 3510 Deo.
1088 3455 1241 3522 Quod
1269 3457 1363 3526 qui
1391 3457 1444 3511 in
1474 3458 1575 3514 hac
1603 3459 1713 3513 vita
1742 3475 1851 3514 non

259 3541 464 3606 fecerit,
489 3542 708 3599 habebit
732 3545 948 3615 quidem
973 3546 1345 3615 pmnitentiam
1374 3547 1429 3602 in
1457 3546 1636 3604 futuro
1657 3551 1852 3607 szeculo

262 3634 328 3689 de
358 3635 520 3690 malis
546 3636 696 3700 suis,
753 3636 848 3693 sed
896 3637 1282 3707 indulgentiam
1328 3638 1382 3692 in
1421 3649 1713 3709 conspectu
1760 3640 1854 3695 Dei

251 3723 365 3781 non
397 3727 637 3782 inveniet
662 3746 674 3781 :
699 3729 823 3796 quia
856 3730 1014 3801 517
1045 3729 1145 3784 etsi
1175 3730 1278 3785 erit
1307 3730 1378 3785 ibi
1405 3731 1655 3806 stimulus
1679 3732 1854 3801 pumi-

263 3819 484 3884 tudinis,
507 3821 652 3874 nulla
675 3828 851 3876 tamen
876 3821 948 3876 ibi
980 3821 1084 3876 erit
1111 3822 1340 3891 amplius
1365 3825 1632 3878 correctio
1661 3823 1852 3880 volun-

263 3911 404 3966 tatis.
447 3911 494 3964 A
527 3912 721 3970 talibus
750 3913 894 3968 enim
925 3912 997 3966 ita
1029 3911 1334 3983 culpabitur
1363 3913 1614 3983 iniquitas
1644 3929 1758 3979 sua,
1794 3922 1855 3969 ut

262 4003 566 4061 nullatenus
610 4005 677 4058 ab
725 4005 802 4060 eis
847 4005 1018 4074 possit
1065 4005 1150 4060 vel
1191 4005 1376 4074 diligi,
1428 4006 1513 4060 vel
1560 4005 1855 4061 desiderari

261 4095 481 4165 iustitia.
514 4095 778 4151 Voluntas
806 4097 948 4151 enim
978 4113 1167 4152 eorum
1198 4097 1320 4152 talis
1347 4097 1467 4164 erit,
1493 4105 1554 4152 ut
1580 4099 1778 4153 habeat
1797 4098 1854 4154 in
1880 4162 1882 4164 ν

264 4203 316 4243 se
343 4204 565 4259 semper
591 4189 935 4258 malignitatis
963 4205 1073 4244 sua:
1101 4188 1439 4259 supplicium,
1467 4203 1741 4258 nunquam
1767 4197 1853 4244 ta-

263 4295 379 4335 men
429 4281 676 4350 recipere
715 4282 887 4350 possit
923 4280 1180 4336 bonitatis
1216 4278 1487 4336 all‘ectum.
1540 4279 1675 4346 Quia
1714 4280 1856 4336 sicut

265 4370 332 4425 illi
362 4372 457 4442 qui
507 4387 630 4426 cum
680 4369 894 4427 Christo
936 4372 1236 4440 regnabunt
1286 4372 1458 4426 nullas
1503 4372 1556 4426 in
1590 4387 1672 4436 se
1697 4372 1853 4427 make

265 4462 552 4516 voluntatis
596 4462 851 4531 reliquias
893 4461 1201 4526 habebunt,
1254 4462 1328 4519 ita
1372 4462 1448 4520 illi
1489 4462 1583 4530 qui
1611 4471 1770 4518 erunt
1797 4463 1852 4517 in

267 4553 529 4622 supplicio
561 4542 698 4619 ignis
742 4554 928 4608 mterni
957 4569 1079 4608 cum
1127 4553 1341 4608 diabolo
1385 4562 1441 4607 et
1485 4553 1600 4622 ejus
1647 4553 1851 4622 angelis

1955 3366 2177 3422 niuntur
2225 3366 2508 3436 repentino
2534 3360 2631 3420 Dei
2674 3366 2877 3429 furore,
2928 3373 2986 3419 ut
3032 3380 3132 3419 nec
3174 3363 3544 3418 conversionis

1955 3467 2187 3530 tempus,
2235 3474 2335 3513 nec
2363 3456 2680 3513 beneficium
2709 3456 3046 3512 remissionis
3069 3455 3364 3510 inveniant.
3416 3454 3544 3510 Ideo

1955 3566 2389 3621 unumquemque
2411 3558 2655 3604 nostrum
2683 3555 2835 3604 Sacra
2857 3548 3132 3617 Scriptura
3150 3546 3380 3614 benigne
3403 3560 3544 3614 pra:-

1955 3651 2141 3698 monet
2169 3642 2390 3697 dicens:
2425 3640 2511 3694 Ne
2540 3641 2827 3694 tardaveris
2857 3640 2952 3710 (al.
2991 3638 3187 3707 tardes)
3219 3639 3444 3692 converti
3475 3636 3544 3690 ad

1955 3735 2142 3798 Deum,
2186 3744 2235 3788 et
2267 3751 2328 3788 ne
2353 3733 2566 3802 di/feras
2591 3733 2653 3786 de
2689 3733 2773 3786 die
2794 3735 2848 3786 in
2882 3732 3056 3785 diem:
3103 3729 3270 3784 subito
3298 3731 3434 3784 enim
3462 3745 3544 3784 ve-

1957 3826 2061 3879 niet
2091 3827 2171 3879 ira
2194 3825 2324 3895 ejus,
2352 3832 2399 3880 et
2421 3827 2475 3879 in
2499 3834 2723 3896 tempore
2747 3825 2984 3879 vindicta:
3005 3823 3266 3893 disperdet
3287 3831 3334 3876 te
3353 3821 3542 3891 (Eccli.

1955 3930 2012 3982 v,
2044 3913 2120 3984 8).
2164 3914 2301 3969 Dicit
2328 3915 2489 3969 etiam
2511 3915 2702 3970 beatns
2730 3915 2897 3969 David
2923 3933 2936 3968 :
2971 3913 3140 3968 Hodie
3166 3914 3212 3966 si
3237 3929 3404 3967 vocem
3433 3913 3546 3982 ejus

1957 4006 2245 4069 audieritis,
2288 4006 2448 4060 nolite
2490 4004 2746 4060 obdurare
2787 4006 2946 4059 corda
2993 4013 3159 4058 vestra
3192 4002 3364 4074 (Psal.
3397 4017 3542 4065 χειν,

1957 4093 2034 4164 8).
2075 4092 2174 4149 Cui
2202 4097 2392 4150 beatus
2424 4111 2640 4165 quoque
2664 4094 2863 4150 Paulus
2891 4095 3186 4151 concordat
3212 4095 3295 4149 his
3320 4094 3502 4148 verbis
3526 4111 3540 4147 :

1965 4183 2166 4252 Videte,
2199 4188 2408 4256 fratres,
2442 4203 2505 4240 ne
2535 4189 2668 4256 forte
2695 4187 2763 4240 sit
2791 4188 2846 4239 in
2875 4187 3048 4258 aliquo
3066 4195 3290 4240 vestrum
3311 4202 3400 4240 cor
3428 4201 3546 4238 ma-

1955 4275 2063 4329 lum
2095 4277 2468 4331 incredulitatis
2496 4285 2518 4314 ο
2551 4277 2848 4332 discedendi
2884 4278 3046 4348 518
3076 4295 3107 4330 a
3136 4277 3245 4331 Deo
3275 4278 3382 4330 vivo
3407 4292 3424 4328 :
3455 4273 3546 4330 sed

1959 4369 2311 4440 adhortamini
2340 4371 2672 4438 vosmetipsos
2698 4387 2790 4438 per
2817 4371 3049 4440 singulos
3074 4370 3211 4434 dies,
3245 4370 3404 4422 donec
3426 4368 3545 4423 Ho-

1957 4461 2042 4514 die
2072 4463 2484 4531 cognominatur,
2512 4471 2568 4513 ut
2597 4477 2696 4515 non
2730 4461 3007 4514 obduretur
3035 4463 3147 4529 quis
3181 4477 3244 4514 ea;
3274 4460 3410 4514 vobis
3441 4461 3545 4528 [al-

1959 4551 2095 4604 lacia
2135 4553 2329 4620 peccati
2362 4549 2548 4621 (Hebr.
2603 4566 2678 4616 ιιι,
2730 4550 2816 4614 1‘2,
2867 4549 2975 4619 15).
3031 4547 3334 4603 Obdui-atus
3382 4549 3544 4616 igitur

270 4640 535 4711 deputati,
567 4641 706 4696 sicut
752 4642 954 4696 nullam
1003 4643 1225 4697 ulterius
1271 4641 1546 4696 habebunt
1583 4643 1848 4711 requiem,
1877 4659 1934 4721 ι)
1959 4641 2090 4695 Vivit
2125 4639 2142 4678 ί
2176 4641 2289 4695 sive
2327 4641 2417 4708 qui
2450 4656 2557 4694 non
2594 4641 2945 4704 convertitur,
3004 4639 3296 4708 desperans
3343 4639 3410 4693 de
3460 4639 3543 4693 in-

269 4732 337 4786 sic
377 4734 576 4788 bonam
618 4732 923 4787 nullatenus
963 4733 1161 4788 habere
1203 4741 1455 4802 poterunt
1496 4732 1846 4787 voluntatem.

273 4824 329 4881 Et
353 4827 492 4883 sicut
521 4827 890 4882 cohmrcdibus
913 4826 1109 4882 Christi
1137 4825 1348 4880 dabitur
1378 4823 1638 4894 perfectio
1666 4824 1851 4892 gratia“:

272 4921 332 4974 ad
359 4931 615 4976 :eternam
649 4922 905 4990 gloriam,
936 4921 1014 4976 sic
1042 4921 1384 4976 consortibus
1427 4919 1625 4975 diaboli
1664 4935 1852 4974 eumue

271 5009 395 5066 labit
443 5014 558 5084 ipsa
604 5012 909 5082 malignitas
951 5027 1196 5082 pinnam,
1241 5009 1455 5078 quando
1494 5009 1852 5064 exterioribus

274 5101 508 5172 deputati
539 5106 777 5161 tenebris
799 5148 812 5172 ,
856 5104 1002 5160 nullo
1031 5104 1440 5158 illustrabuntur
1469 5104 1724 5160 interiore
1765 5103 1848 5157 lu-

275 5194 410 5249 mine
433 5197 696 5250 veritatis.

269 5325 272 5327 λ
342 5288 422 5342 37.
457 5289 634 5344 Claves
666 5286 1147 5343 Petri.—Proindc
1168 5287 1314 5342 omni
1337 5285 1536 5340 homini
1557 5286 1608 5339 in
1626 5284 1727 5339 hac
1744 5284 1851 5338 vita

275 5393 388 5435 esse
413 5391 592 5452 potest
623 5384 764 5437 utilis
794 5379 1108 5451 plenitentia
1128 5421 1142 5445 ,
1174 5394 1335 5448 quam
1363 5392 1684 5446 quocunque
1711 5384 1850 5430 tem-

351 5590 372 5616 ει
411 5579 507 5635 Ms.
542 5595 699 5642 unus,
733 5580 856 5632 bene
884 5580 1080 5632 vivendi
1103 5579 1325 5647 gratiam
1348 5586 1396 5629 et
1416 5574 1848 5645 perseverantiam

279 5667 425 5759 usque
448 5653 500 5704 in
524 5652 680 5721 ﬁnem
711 5652 919 5712 tribuit;
960 5650 1113 5708 alter,
1141 5648 1305 5699 dedit.
1513 5657 1516 5660 ’

413 5720 522 5759 Mcc'
566 5736 704 5759 nan
735 5735 838 5759 nnn
867 5720 1023 5759 halm!
1057 5716 1363 5759 Sanctarum
1385 5755 1397 5759 -
1429 5715 1521 5759 ςριὶ
1557 5714 1696 5759 Semi

412 5714 534 5776 Mss.
566 5736 704 5774 unus
733 5735 839 5774 non
867 5720 1028 5773 habet
1056 5716 1364 5770 Sanctorum
1385 5755 1398 5778 ,
1429 5715 1522 5769 sed
1557 5714 1856 5768 Seminatur

283 5807 534 5916 "Tiblss.
565 5862 803 5931 quinque
820 5876 949 5931 _non
981 5860 1181 5914 habent
1210 5859 1426 5928 injusta.

351 5932 374 5969 ά
404 5931 489 5991 Sic
511 5925 639 5989 mss.
673 5925 788 5990 δέχ.
819 5925 959 5990 E‘diti
991 5938 1167 5991 autem
1187 5966 1202 5990 .
1231 5925 1333 5986 non
1366 5929 1469 5986 vult
1500 5934 1712 5984 mortem
1744 5938 1862 5985 nec-

1956 4731 2230 4798 dulgentia
2260 4737 2605 4798 peccatorum
2630 4745 2848 4783 suorum
2883 4740 2931 4797 κ,
2986 4729 3100 4784 sive
3127 4729 3218 4796 qui
3269 4728 3346 4783 sic
3373 4729 3540 4782 mise-

1955 4819 2240 4873 ricordiam
2269 4817 2365 4871 Dei
2396 4827 2596 4886 sperat,
2643 4827 2701 4871 ut
2727 4833 2896 4886 usque
2940 4818 2992 4871 in
3020 4817 3179 4871 linem
3228 4817 3353 4870 vitae
3399 4830 3535 4886 pra:-

1955 4911 2123 4965 scntis
2171 4910 2223 4963 in
2265 4925 2484 4963 suorum
2529 4909 2810 4964 criminum
2865 4908 3217 4980 perversitate
3263 4916 3542 4963 remaneat

1957 5004 2051 5074 (al.
2084 5005 2440 5072 permaneat).

2033 5092 2121 5146 59.
2157 5093 2428 5146 Peccatum
2456 5093 2509 5144 in
2531 5090 2785 5162 Spiritum
2807 5100 3063 5143 sanctum.
3081 5119 3152 5130 ——-
3170 5087 3402 5144 Proinde
3418 5087 3542 5142 dili-

1961 5193 2150 5254 gentes
2179 5183 2604 5240 misericordiam
2635 5182 2749 5246 Dei,
2803 5191 3213 5249 metuentesque
3254 5179 3540 5250 justitiam,

1962 5295 2065 5334 nec
2092 5279 2159 5333 de
2188 5277 2504 5332 remissione
2533 5282 2876 5345 peccatorum
2907 5275 3276 5343 desperemus,
3313 5285 3414 5324 nec
3457 5283 3542 5323 re-

1965 5388 2279 5428 maneamus
2309 5373 2361 5424 in
2391 5369 2662 5440 peccatis:
2709 5368 2941 5423 scientes
2987 5367 3110 5434 quia
3164 5365 3254 5418 illa
3301 5363 3542 5418 omnium

1958 5571 2168 5633 caloris,
2193 5571 2296 5622 sive
2318 5568 2598 5632 morientis,
2624 5567 2715 5621 sed
2743 5569 2928 5637 magis.
2958 5564 3126 5621 Vatic.
3150 5563 3278 5632 duo,
3308 5563 3400 5621 sed
3421 5572 3540 5618 tau-

1959 5652 2064 5694 tum
2093 5651 2165 5692 ut.

2037 5722 2057 5747 ε
2095 5710 2261 5763 Vatic.
2295 5725 2448 5770 unus,
2477 5708 3089 5776 carnaliuminﬁdelitas.

2041 5778 2176 5833 fSic
2221 5779 2368 5832 editi.
2413 5780 2480 5849 At
2533 5794 2658 5849 mss.
2703 5775 2849 5842 duo,
2885 5775 3152 5831 Obdurato
3192 5779 3350 5849 igitur
3382 5777 3536 5831 corde

1964 5854 2099 5906 vivit.
2130 5849 2228 5903 Sis.
2260 5850 2414 5912 alter,
2446 5848 2508 5902 In
2532 5847 2868 5901 obduratione
2895 5849 3051 5917 igitur
3080 5849 3216 5902 vivit.

2039 5932 2063 5969 ε
2097 5919 2192 5976 llis.
2217 5918 2402 5986 Corb.,
2436 5918 2755 5986 desperando
2781 5919 3152 5986 indulgentiam
3185 5927 3532 5986 peccatorum.

1947 6064 2032 6073 ..σ-
