4064 6358
484 291 633 398 .691
704 317 711 321 '

1572 335 1627 392 S.
1668 335 2025 392 FULGENTII
2063 335 2366 392 EPISCOPI
2405 338 2776 396 RUSPENSIS

537 449 814 502 hominum
838 447 1018 502 debita
1044 449 1113 502 sit
1140 456 1396 502 exactura
1427 457 1653 516 aequitas
1682 449 1960 526 justissimi
1983 448 2123 516 judi—
2155 449 2208 510 Α
2237 449 2369 504 bona
2407 454 2635 520 fecerunt
2678 455 2732 506 in
2758 453 3181 530 resurrectionem
3210 453 3325 506 vim:
3349 493 3364 517 ,
3407 451 3495 522 qui
3533 466 3652 504 rem
3681 452 3826 503 mata

537 539 634 605 cis,
678 555 796 610 qua:
838 556 946 594 non
993 540 1257 594 dimiserit
1305 539 1669 594 misericordia
1721 542 2123 595 clementissimi

537 629 938 701 Redemptoris.
980 629 1129 684 Sicut
1160 631 1301 684 enim
1335 632 1703 686 misericordia
1755 633 1978 701 suscipit
2031 624 2125 685 ab—

541 723 810 792 solvitque
842 735 1156 789 conversos,
1210 723 1286 776 ita
1324 722 1531 792 justitia
1570 724 1796 793 repellet
1841 733 1896 778 et
1942 725 2127 794 puniet

537 814 850 869 obduratos.
892 809 957 864 Ili
988 821 1115 866 sunt
1157 814 1250 881 qui
1279 823 1570 884 peccantes
1614 815 1666 868 in
1715 815 1971 884 Spiritum
2003 830 2127 870 san-

537 911 702 969 ctum,
731 917 905 971 neque
933 902 986 957 in
1014 903 1120 959 hoc
1147 906 1367 971 saeculo,
1414 921 1590 974 neque
1620 907 1673 960 in
1709 905 1887 961 futuro
1938 907 2127 962 remis-

534 991 742 1046 sionem
793 993 1059 1062 accipient
1098 1005 1465 1064 peccatorum.
1507 995 1631 1051 ldeo
1681 1005 1861 1052 autem
1893 997 2128 1051 hominis

535 1085 712 1138 anima
729 1084 1112 1142 intellectualis
1137 1088 1359 1157 spiritus
1381 1097 1482 1152 est,
1516 1097 1574 1142 ut
1596 1096 1822 1157 quaerat,
1847 1096 2123 1156 agnoscat,

534 1180 697 1241 atque
725 1172 996 1229 discernat
1027 1184 1083 1230 et
1114 1187 1323 1248 tempus
1352 1194 1575 1248 operum
1606 1195 1845 1241 suorum,
1877 1194 1976 1249 pro
2005 1179 2125 1248 qui-

533 1259 635 1317 bus
664 1274 946 1334 receptura
988 1275 1072 1322 est
1099 1267 1153 1322 in
1191 1267 1399 1336 judicio
1430 1269 1574 1339 quod
1627 1268 1900 1329 ordinavit
1947 1269 2127 1324 divina

533 1350 759 1422 iustitia,
805 1364 874 1410 et‘
901 1356 1143 1425 ejusdem
1190 1360 1562 1415 retributionis
1589 1370 1820 1431 tempus,
1871 1375 1980 1431 quo
2019 1378 2128 1417 non

536 1445 697 1498 etiam
744 1446 947 1513 licebit,
991 1457 1083 1503 aut
1129 1464 1295 1518 opera
1338 1457 1567 1518 mutare,
1616 1447 2130 1506 aut'remissionem

535 1544 885 1605 peccatorum
915 1554 1134 1593 suorum
1166 1541 1232 1595 de
1277 1540 1458 1601 divina
1507 1541 1871 1598 misericordia
1925 1543 2132 1597 utiliter

535 1626 1057 1696 postulare._Czcteri
1102 1647 1232 1686 vero
1282 1633 1501 1701 spiritus
1543 1633 1780 1688 omnium
1819 1633 2128 1690 animalium

536 1717 731 1784 quibus
769 1734 875 1773 non
917 1730 999 1774 est
1028 1722 1365 1789 intellectus,
1398 1724 1523 1792 quia
1569 1725 1783 1794 quidam
1829 1740 2017 1780 eorum
2062 1725 2132 1780 de

2229 553 2441 611 egerunt
2485 546 2536 596 in
2597 546 3021 598 resurrectionem
3047 544 3233 616 judieii
3265 544 3445 613 (Joan.
3487 560 3541 608 v,
3575 543 3668 610 28,
3711 542 3823 612 29).

2231 629 2301 685 Ut
2345 633 2552 688 scilicet
2581 634 2670 702 qui
2702 634 2845 687 mala
2875 641 3103 702 egerunt
3131 641 3260 688 eant
3287 633 3344 687 in
3387 632 3826 687 combustionem

2229 732 2486 777 aeternam
2511 740 2725 794 semper
2741 726 2914 780 arsuri
2937 741 3057 780 cum
3080 724 3295 780 diabolo
3317 725 3561 796 principe
3581 726 3824 780 omnium

2231 813 2533 881 malorum,
2585 814 2674 882 qui
2720 829 2851 869 vero
2901 815 3044 870 bona
3091 816 3335 870 fecerunt
3381 823 3508 870 eant
3554 816 3607 869 in
3654 816 3826 870 vitam

2232 911 2491 956 mternam
2529 903 2804 972 regnaturi
2836 905 2953 958 sine
2991 903 3096 958 line
3133 919 3256 958 cum
3288 903 3503 958 Christo
3537 917 3668 972 rege
3710 919 3831 958 om-

2234 994 2380 1048 nium
2407 995 2747 1050 saeculorum.
2782 994 2863 1048 Illi
2893 1003 3072 1050 autem
3105 1009 3226 1049 cum
3268 995 3485 1050 Christo
3517 995 3825 1063 regnabunt

2232 1100 2370 1155 quos
2407 1084 2549 1140 Deus
2593 1069 2825 1156 gratuita
2862 1086 3105 1140 bonitate
3152 1101 3247 1140 sua
3304 1085 3712 1155 praedestinavit
3759 1087 3826 1141 ad

2232 1187 2481 1241 regnum.
2521 1172 2655 1240 Quia
2692 1175 2834 1227 enim
2866 1189 2960 1228 eos
2991 1175 3127 1230 tales
3155 1173 3586 1244 prmdestinaudo
3613 1191 3826 1245 pracpa-

2234 1263 2373 1318 ravit
2401 1271 2460 1318 ut
2479 1277 2645 1332 regno
2667 1263 2812 1333 digni
2827 1271 3010 1318 essent
3031 1304 3046 1331 ,
3077 1264 3396 1334 prteparavit
3417 1264 3603 1334 utique
3626 1279 3822 1318 secun-

2235 1351 2362 1407 dum
2390 1355 2729 1423 propositum
2756 1355 3032 1421 vocandos
3061 1364 3119 1408 ut
3156 1354 3409 1410 obediant
3434 1373 3448 1421 ;
3500 1356 3823 1425 praeparavit

2230 1441 2622 1511 justiﬁcandos,
2660 1454 2718 1498 ut
2746 1452 2968 1514 accepta
2997 1445 3168 1512 gratia
3197 1453 3343 1500 recte
3373 1445 3615 1512 credant,
3647 1454 3703 1499 et
3731 1446 3824 1500 be-

2236 1551 2305 1589 ne
2333 1535 2545 1601 vivant;
2581 1537 2905 1606 przeparavit
2933 1537 3096 1591 etiam
3125 1535 3523 1606 gloriﬁcandos,
3558 1546 3632 1602 ut,
3664 1536 3820 1592 (11]νὶ-

2235 1626 2305 1681 sti
2335 1625 2645 1681 cohaeredes
2669 1625 2864 1694 elfecti,
2898 1642 3120 1697 regnum
3151 1627 3407 1683 caelorum
3427 1628 3542 1682 sine
3568 1627 3673 1683 line
3697 1643 3819 1698 pos-

2235 1715 2462 1771 sideant.

537 1814 703 1872 terra,
749 1810 965 1878 quidam
1009 1812 1078 1866 de
1108 1813 1261 1882 aquis
1305 1814 1567 1882 originem
1597 1815 1798 1870 ducunt
1842 1815 1931 1886 (de
1976 1817 2130 1882 aquis
2163 1826 2212 1890 B
2306 1804 2396 1860 Μ·
2433 1803 2556 1860 Νοη
2588 1808 2892 1878 repetendus
2915 1807 3308 1878 baP‘53"W3--
3330 1807 3412 1864 Αά
3434 1807 3575 1880 qui“!
3597 1823 3818 1879 νεεηυω

539 1897 682 1950 enim
713 1907 835 1952 sunt
862 1901 1068 1970 reptilia
1093 1911 1147 1956 et
1168 1903 1428 1968 volatilia,
1458 1905 1525 1960 de
1556 1913 1700 1959 terra
1729 1921 1858 1960 vero
1884 1907 2128 1976 quaidam

539 2002 659 2055 qua:
685 2000 896 2058 repunt,
945 1993 1187 2062 quaedam
1218 2009 1350 2049 vero
1379 2011 1500 2062 quae
1552 1997 1888 2065 gradiuntur,
1939 2005 2129 2051 exorta

538 2078 688 2147 sunt)
708 2120 721 2141 ,
748 2081 928 2134 tandiu
955 2083 1173 2152 spiritus
1197 2092 1324 2138 sunt
1367 2085 1606 2155 quandiu
1633 2085 1687 2139 in
1710 2087 2025 2156 corporibus
2051 2088 2130 2141 vi-

539 2178 690 2222 vunt.
743 2171 933 2226 Anima
974 2175 1174 2244 quippe
1219 2191 1338 2246 quae
1387 2177 1613 2231 rationis
1660 2193 1830 2248 capax
1875 2179 2131 2233 divinitus

539 2260 682 2316 facta
724 2279 830 2318 non
859 2274 976 2332 est,
1008 2283 1131 2345 cum
1172 2284 1337 2329 carne
1362 2285 1458 2324 sua
1488 2277 1542 2323 et
1591 2270 1776 2342 incipit
1826 2279 1881 2324 et
1931 2271 2130 2326 desinit

539 2351 758 2407 vivere:
788 2355 912 2424 quia
940 2356 1154 2426 quando
1194 2360 1412 2428 corpori
1452 2360 1616 2414 vitam
1660 2375 1769 2414 non
1819 2359 2022 2428 tribuit,
2073 2370 2129 2415 et

538 2441 653 2510 ipsa
685 2458 792 2498 non
813 2445 972 2499 vivit:
1006 2455 1169 2516 atque
1199 2447 1273 2502 ita
1303 2451 1440 2503 miro
1467 2450 1632 2504 modo
1661 2465 1780 2505 cum
1804 2451 1950 2504 omni
1977 2454 2127 2506 carni

538 2535 716 2588 anima
747 2536 816 2590 sit
843 2553 1005 2593 causa
1036 2549 1062 2576 ιι
1094 2541 1326 2605 vivendi,
1357 2542 1576 2611 spiritus
1598 2550 1778 2596 tamen
1803 2541 2132 2598 irrationalis

533 2625 724 2679 tandiu
758 2626 889 2680 vivit
917 2627 1153 2696 quandiu
1205 2631 1259 2683 in
1306 2645 1469 2685 carne
1499 2645 1720 2685 manere
1772 2629 2029 2699 potuerit,
2074 2638 2131 2684 et

537 2715 664 2769 dum
703 2732 733 2770 a
781 2733 945 2772 carne
991 2734 1088 2773 sua
1117 2729 1421 2789 separatur,
1470 2721 1830 2789 exstinguitur
1858 2720 1905 2774 ι).
1950 2720 2028 2774 lta
2070 2717 2132 2772 lit

533 2815 626 2870 ut,
686 2821 807 2859 cum
853 2807 967 2876 ipse
1014 2808 1122 2863 vita
1171 2811 1348 2864 carnis
1397 2827 1506 2865 sua:
1554 2811 1660 2877 sit,
1710 2812 1892 2864 vivere
1948 2817 2129 2863 tamen

535 2903 806 2964 nequeat,
873 2897 1089 2966 quando
1152 2899 1318 2952 vitam
1367 2901 1514 2952 carni
1567 2900 1977 2954 subministrare
2030 2899 2127 2952 de-

532 2987 776 3052 stiterit;
829 2995 885 3042 et
929 2990 975 3041 si
1024 3004 1134 3042 non
1161 2990 1232 3042 sit
1260 3006 1388 3044 caro
1429 2990 1513 3044 cui
1556 2991 1720 3044 vitam
1751 2990 1881 3044 dare
1928 2988 2130 3056 valeat,

535 3076 652 3142 ipse
701 3091 920 3144 quoque
968 3093 1090 3132 eam
1135 3080 1382 3147 protinus
1431 3096 1538 3134 non
1587 3080 1827 3134 habebit.
1869 3079 1995 3134 Ideo
2027 3093 2130 3134 nec

2238 1894 2465 1950 diversis
2495 1898 2828 1966 temporibus
2867 1913 2964 1967 per
3009 1905 3366 1963 sacramenta,
3411 1913 3528 1968 quae
3567 1898 3637 1953 ad
3661 1899 3818 1956 tidem

2219 1988 2624 2044 incarnationis
2651 2005 2762 2044 sua:
2791 1988 3036 2044 Christus
3064 1989 3314 2051 instituit,
3356 1988 3430 2043 illi
3460 1997 3818 2059 pervenerunt

2221 2096 2382 2148 quos
2424 2080 2564 2136 Deus
2608 2081 2776 2148 gratis
2823 2081 2971 2134 nullo
3019 2079 3173 2135 bona:
3219 2081 3512 2135 voluntatis
3565 2081 3654 2134 vel
3695 2082 3818 2138 boni

2218 2174 2419 2242 'operis
2447 2173 2640 2227 merito
2663 2173 3000 2242 prmeedente
3017 2172 3259 2228 salvavit.
3281 2170 3744 2238 Quemadmodum
3770 2182 3820 2228 et

2221 2259 2306 2318 ex
2336 2265 2429 2319 illo
2452 2273 2696 2336 tempore
2733 2281 2842 2334 quo
2864 2266 3114 2320 Salvator
3162 2273 3348 2324 noster
3399 2265 3571 2320 dixit:
3607 2263 3669 2320 Si
3708 2268 3816 2337 quis

2237 2365 2448 2409 renatus
2469 2373 2573 2410 non
2604 2357 2761 2427 fuerit
2784 2373 2849 2409 ex
2893 2371 3026 2428 aqua
3052 2364 3101 2408 et
3133 2355 3332 2426 Spiritu
3363 2362 3562 2420 sancto,
3604 2371 3707 2409 non
3737 2373 3819 2426 po-

2241 2455 2336 2499 test
2364 2447 2578 2500 introire
2606 2449 2659 2500 in
2689 2463 2904 2516 regnum
2937 2444 3031 2499 Dei
3067 2444 3247 2517 (Joan.
3280 2459 3356 2510 tu,
3389 2443 3468 2516 5),
3502 2445 3710 2514 absque
3738 2459 3819 2500 sa-

2237 2545 2515 2591 cramento
2545 2534 2571 2573 ἀ
2602 2537 2962 2606 baptismatis,
3004 2543 3200 2606 przeter
3239 2551 3336 2591 eos
3363 2536 3455 2608 qui
3491 2535 3552 2590 in
3580 2534 3819 2591 Ecclesia

2239 2625 2506 2682 catholica
2563 2628 2679 2681 sine
2729 2628 3055 2696 baptismate
3099 2641 3199 2696 pro
3247 2627 3463 2683 Christo
3507 2628 3820 2696 sanguinem

2235 2716 2485 2784 fundunt,
2519 2733 2616 2773 nec
2645 2732 2864 2786 regnum
2895 2718 3151 2773 caelorum
3181 2726 3361 2788 potest
3381 2718 3660 2788 quisquam
3684 2719 3822 2775 acci-

2236 2822 2392 2876 pere,
2437 2823 2536 2863 nec
2564 2809 2729 2862 vitam
2758 2818 3038 2863 aeternam.
3081 2807 3217 2875 Quia
3246 2809 3360 2863 sive
3389 2808 3441 2862 in
3468 2807 3750 2866 Catholica
3777 2818 3818 2874 ⁸,

2238 2897 2353 2952 sive
2382 2899 2435 2950 in
2466 2899 2656 2954 haeresi
2687 2915 3006 2968 quacunque
3037 2900 3119 2954 vel
3155 2901 3442 2958 schismate
3463 2901 3750 2970 quisquam
3773 2901 3822 2956 in

2240 2990 2458 3044 nomine
2490 2988 2664 3044 Patris
2693 2997 2748 3043 et
2778 2990 2897 3044 Filii
2920 2997 2975 3044 et
2999 2989 3230 3060 Spiritus
3251 2976 3430 3045 sancti
3455 2990 3712 3062 baptismi
3741 2994 3820 3047 sal

2240 3089 2576 3137 cramentum
2595 3083 2884 3156 acceperit,
2903 3083 3166 3153 integrum
3188 3093 3587 3138 sacramentum
3601 3084 3818 3155 accipit;

495 3158 502 3164 ’
534 3165 809 3221 teternitas
857 3167 1263 3222 irrationalibus
1320 3169 1595 3238 spiritibus
1656 3170 1780 3224 data
1838 3177 1950 3234 est,
2027 3183 2129 3223 nec
2162 3186 2210 3250 Ω
2239 3169 2334 3225 sed
2363 3172 2610 3235 salutem,
2645 3186 2764 3240 quae
2786 3173 2956 3227 virtus
2977 3181 3056 3226 est
3077 3174 3420 3238 sacramenti,
3452 3190 3562 3228 non
3585 3174 3818 3239 habebit,

537 3251 759 3323 aliquod
808 3257 887 3311 eis
928 3256 1187 3326 judicium
1235 3266 1594 3329 praeparatur,
1646 3259 1700 3312 in
1751 3273 1858 3328 quo
1905 3259 1984 3313 eis
2040 3259 2132 3314 vel
2162 3247 2209 3256 β
2241 3259 2286 3312 si
2316 3267 2468 3313 extra
2511 3260 2834 3315 catholicam
2862 3259 3155 3317 Ecclesiam
3206 3263 3381 3333 ipsum
3428 3274 3821 3320 sacramentum

533 3345 816 3404 beatitudo
867 3363 965 3417 pro
994 3349 1171 3415 bonis,
1225 3350 1311 3404 vel
1356 3350 1632 3405 damnatio
1670 3365 1772 3420 pro
1809 3349 1967 3404 malis
2003 3349 2130 3404 red-

533 3440 696 3494 datur
741 3442 1012 3510 operibus.
1062 3442 1189 3497 ldeo
1249 3443 1342 3513 (al.
1387 3441 1535 3512 Inde)
1577 3451 1758 3498 autem
1808 3443 1861 3497 in
1905 3441 1983 3496 eis
2011 3442 2132 3496 nul-

532 3531 584 3586 la
635 3547 856 3602 operum
910 3532 1166 3588 discretio
1214 3535 1560 3604 requiretur,
1613 3535 1739 3612 quia
1792 3533 1990 3588 nullam
2041 3534 2128 3587 in-

532 3623 810 3690 telligendi
840 3621 1147 3679 facultatem
1178 3624 1434 3681 divinitus
1455 3638 1805 3696 acceperunt.
1831 3625 2128 3703 PrOpterea

533 3726 664 3780 ergo
692 3727 877 3766 eorum
906 3727 1134 3782 corpora
1164 3723 1532 3770 resurrectura
1561 3733 1669 3772 non
1701 3728 1844 3790 sunt,
1878 3724 2002 3792 quia
2027 3741 2130 3782 nec

533 3799 590 3854 in
617 3801 746 3869 ipsis
769 3802 1054 3857 animabus
1088 3817 1298 3868 eorum,
1328 3811 1422 3857 aut
1447 3805 1695 3874 aequitas,
1749 3817 1842 3862 aut
1869 3811 2128 3881 iniquitas

529 3895 650 3958 fuit,
668 3911 768 3964 pro
791 3909 896 3964 qua
913 3897 990 3952 eis
1019 3905 1238 3963 aeterna,
1261 3898 1345 3952 vel
1361 3897 1643 3954 beatitudo
1665 3900 1734 3956 sit
1751 3903 2122 3967 retribuenda',

537 3984 622 4037 vel
644 4000 823 4053 pcena.

606 4072 694 4126 40.
725 4072 821 4126 Illa
851 4074 1016 4141 igitur
1049 4087 1069 4112 ε
1097 4077 1348 4130 animalia
1381 4081 1661 4146 prtesentis
1698 4083 1878 4137 saeculi
1908 4101 2126 4142 cursum

534 4170 704 4230 atque
733 4171 981 4216 ornatum
1021 4166 1317 4220 secundum
1344 4164 1620 4224 Creatoris
1657 4170 2122 4242 incomprehensi-

532 4250 696 4305 bilem
721 4264 984 4322 peragunt
1012 4256 1370 4327 voluntatem,
1393 4273 1512 4329 quae
1528 4260 1596 4316 de
1621 4262 1732 4317 suis
1749 4261 1902 4318 lactis
1925 4265 2131 4320 nullam

533 4345 802 4400 rationem
851 4347 1125 4402 redditura
1167 4359 1309 4416 sunt,
1352 4353 1477 4421 quia
1515 4353 1800 4408 rationalia
1830 4371 1936 4410 non
1976 4365 2128 4410 sunt.

533 4434 786 4508 Nunquid
814 4439 949 4492 enim
973 4439 1036 4494 de
1071 4441 1229 4495 bovus
1258 4451 1382 4497 cura
1421 4453 1497 4498 est
1533 4443 1638 4500 Deo
1671 4445 1726 4515 (Ι
1755 4443 1873 4500 Cor.
1907 4447 2128 4516 v,10)?

2243 3348 2510 3403 habuerit.
2555 3348 2697 3419 Ergo
2729 3351 2849 3405 ideo
2877 3351 3037 3405 debet
3065 3351 3133 3405 ad
3163 3351 3458 3408 Ecclesiam
3487 3353 3693 3419 redire,
3725 3369 3821 3408 non

2240 3447 2301 3493 ut
2327 3449 2720 3494 sacramentum
2751 3442 3087 3510 baptismatis
3130 3443 3325 3498 iterum
3378 3444 3633 3514 accipiat,
3686 3443 3821 3514 qum!

2241 3545 2402 3584 nemo
2431 3529 2588 3585 debet
2618 3532 2671 3585 in
2701 3533 2941 3602 quolibet
2973 3533 3190 3588 homine
3227 3533 3501 3603 baptizato
3530 3543 3781 3604 repetere
3807 3575 3823 3600 ,

2238 3618 2336 3674 sed
2360 3628 2418 3675 ut
2447 3621 2498 3674 in
2521 3623 2781 3676 societate
2810 3622 3074 3678 catholica
3104 3623 3264 3677 vitam
3293 3632 3548 3679 aeternam
3579 3626 3820 3694 accipiat,

2238 3707 2309 3762 ad
2337 3724 2499 3778 quam
2533 3711 2880 3765 obtinendam
2909 3728 3184 3782 nunquam
3213 3729 3332 3768 esse
3360 3723 3539 3783 potest
3578 3715 3820 3779 idoneus,

2237 3800 2334 3868 qui
2362 3815 2482 3854 cum
2512 3809 2850 3855 sacramento
2877 3802 3210 3872 baptismatis
3236 3802 3303 3856 ab
3325 3801 3565 3858 Ecclesia
3595 3803 3824 3857 catholi-

2240 3903 2305 3943 ca
2335 3890 2656 3944 remanserit
2684 3891 2907 3944 alienus.
2951 3891 3051 3956 Qui
3075 3891 3119 3945 si
3151 3891 3244 3960 (al.
3271 3889 3424 3957 Quod
3453 3893 3577 3961 etsi)
3602 3901 3660 3946 et
3689 3893 3829 3946 elee—

2243 3993 2494 4050 mosynas
2534 3979 2708 4047 largas
2749 3979 2928 4044 faciat,
2969 3990 3023 4034 et
3060 3995 3158 4049 pro
3188 3980 3408 4035 nomine
3433 3979 3636 4035 Christi
3667 3981 3826 4034 etiam

2240 4069 2558 4136 sanguinem
2587 4068 2794 4132 fundat,
2838 4085 2938 4139 pro
2966 4085 3034 4125 eo
3063 4070 3208 4140 quod
3239 4071 3288 4124 in
3321 4071 3423 4125 hac
3463 4071 3574 4125 vita
3605 4087 3717 4126 non
3748 4079 3827 4126 te-

2241 4158 2364 4211 nuit
2393 4157 2645 4214 Ecclesia:
2673 4159 2951 4214 catholicae
2982 4159 3262 4224 unitatem,
3288 4177 3395 4215 non
3423 4161 3650 4216 habebit
3675 4170 3828 4216 aeter-

2242 4262 2366 4300 nam
2395 4248 2642 4302 salutem.
2689 4247 2790 4303 Ubi
2817 4250 2960 4304 enim
2993 4250 3187 4318 cuique
3224 4250 3480 4319 prodesse
3517 4259 3706 4320 potest
3731 4251 3827 4304 ba-

2234 4338 2486 4405 ptismus,
2538 4337 2611 4393 ibi
2635 4347 2814 4408 potest
2838 4346 2894 4393 et
2933 4339 3276 4408 eleemosyna
3305 4337 3583 4409 prodesse.
3617 4338 3833 4410 Baptis-

2240 4441 2362 4480 mus
2389 4434 2569 4482 autem
2597 4435 2751 4482 extra
2781 4426 3074 4483 Ecclesiam
3101 4428 3316 4496 quidem
3347 4443 3472 4484 esse
3497 4438 3704 4500 potest,
3737 4427 3830 4486 sed

531 4527 790 4583 Homines
814 4545 943 4584 vero
969 4532 1095 4599 quia
1123 4532 1414 4588 rationales
1443 4535 1604 4604 519
1628 4534 1756 4590 facti
1787 4544 1932 4604 sunt,
1963 4545 2018 4590 et
2045 4537 2120 4592 de

2237 4516 2344 4571 nisi
2375 4518 2514 4572 intra
2534 4517 2827 4573 Ecclesiam
2853 4517 3112 4588 prodesse
3139 4534 3245 4574 non
3275 4527 3474 4588 potest.

531 4635 612 4686 se,
645 4628 699 4673 et
725 4619 794 4674 de
815 4621 1063 4677 omnibus
1091 4622 1252 4676 rebus
1278 4637 1412 4692 quas
1435 4624 1487 4677 in
1510 4639 1663 4679 usum
1687 4626 1810 4679 vitae
1836 4628 2124 4695 przesentis

531 4721 876 4782 acceperunt,
903 4715 1170 4770 rationem
1201 4715 1459 4770 reddituri
1482 4724 1607 4771 sunt
1636 4716 1769 4786 Deo,
1791 4725 1846 4772 et
1867 4734 1963 4788 pro
1986 4735 2117 4774 suo-

530 4818 650 4856 rum
703 4811 917 4858 actuum
965 4805 1224 4875 qualitate
1271 4807 1552 4876 recipient,
1604 4817 1696 4862 aut
1745 4824 1979 4878 pmnam,
2025 4820 2117 4864 aut

531 4893 780 4962 gloriam.
829 4893 1022 4950 Omnes
1049 4897 1186 4950 enim
1229 4913 1326 4952 nos
1366 4899 1699 4968 manifestari
1747 4910 1948 4968 oportet
1997 4910 2124 4955 ante

531 4984 757 5038 tribunal
785 4983 999 5054 Christi,
1040 4995 1098 5040 ut
1139 4989 1354 5058 recipiat
1379 4991 1726 5061 unusquisque
1762 4993 1974 5060 propria
2009 5008 2118 5047 cor-

526 5076 692 5145 poris,
724 5088 875 5146 prout
903 5078 1082 5148 gessit,
1121 5079 1224 5132 sive
1253 5079 1462 5144 bonum,
1514 5081 1618 5134 sive
1649 5081 1840 5135 malum
1864 5080 1951 5155 (II
1993 5081 2119 5138 Cor.

527 5180 582 5232 v,
622 5165 752 5236 l0):
786 5175 914 5223 tunc
942 5169 1149 5224 scilicet
1194 5183 1337 5230 cum,
1391 5169 1687 5225 secundum
1731 5171 1896 5240 ipsius
1945 5173 2122 5228 nostri

530 5256 810 5314 Creatoris
845 5275 910 5315 ac
933 5259 1316 5330 Redemptoris
1363 5261 1636 5331 eloquium
1671 5279 1682 5314 :
1719 5261 1910 5317 Omnes
1939 5265 2023 5332 qui
2063 5265 2121 5318 in

529 5351 877 5406 monumentis
900 5359 1021 5406 sunt
1046 5351 1259 5406 audient
1297 5368 1465 5407 vocem
1485 5352 1628 5422 ejus;
1659 5363 1708 5407 et
1729 5354 2008 5424 procedent
2034 5353 2124 5424 qui

609 5539 634 5568 ⁸
663 5530 762 5586 Ms.
796 5531 994 5599 Vatic.,
1023 5549 1140 5586 cum
1181 5533 1346 5587 omnis
1375 5533 1556 5588 astima
1591 5533 1648 5586 in
1677 5547 1834 5586 carne
1866 5530 1933 5584 sit
1960 5543 2120 5583 causa
2145 5561 2148 5564 «

531 5602 750 5658 vivendi.

608 5672 634 5710 ι)
661 5670 786 5727 Mss.
822 5681 950 5739 tres,
981 5682 1306 5728 extenuatur.

612 5754 633 5813 ς
662 5742 831 5813 Αδρει
857 5743 1016 5813 igitur
1041 5760 1070 5797 a
1097 5759 1224 5800 mss.
1253 5751 1511 5813 quatuor.

609 5810 633 5851 ἀ
662 5809 836 5870 Vatic.
865 5809 1016 5882 unus
1050 5815 1105 5869 id
1133 5823 1208 5872 est
1235 5809 1425 5880 absque
1452 5820 1795 5872 sacramento.

2305 4627 2394 4682 42.
2427 4626 2663 4682 Ecclesia
2693 4629 2965 4683 catholica.
2997 4658 3068 4670 —
3096 4627 3154 4682 In
3202 4628 3441 4684 Ecclesia
3489 4629 3658 4700 igitur
3703 4639 3827 4684 tan-

2232 4719 2514 4775 tummodo
2563 4719 2827 4775 catholica
2878 4729 3058 4790 potest
3105 4720 3392 4790 unicuique
3438 4720 3724 4790 prodesse,
3775 4729 3830 4776 et

2232 4809 2511 4878 perceptio
2539 4809 2894 4879 baptismatis,
2924 4817 2979 4864 et
3002 4823 3168 4879 opera
3204 4808 3612 4876 misericordiae,
3647 4820 3705 4866 et
3727 4825 3831 4866 no-

2233 4902 2396 4955 minis
2431 4899 2629 4955 Christi
2660 4900 2892 4971 gloriosa
2934 4899 3199 4955 confessio
3226 4918 3238 4953 :
3267 4899 3309 4958 si
3343 4908 3525 4954 tamen
3558 4900 3614 4953 in
3639 4899 3836 4955 Eccle-

2229 4992 2313 5045 sia
2342 4990 2608 5046 catholica
2653 4989 2791 5044 bene
2837 4990 3064 5044 vivatur.
3115 4990 3279 5060 520
3320 4988 3472 5043 Sicut
3519 4987 3668 5044 enim
3715 4989 3836 5043 sine

2231 5080 2486 5136 Ecclesiae
2508 5079 2784 5136 catholica:
2809 5079 3066 5133 societate
3091 5093 3191 5133 nec
3218 5077 3516 5146 baptismus
3545 5078 3710 5132 alicui
3745 5092 3842 5147 po-

2231 5181 2341 5226 test
2368 5171 2644 5241 prodesse,
2677 5185 2776 5224 nec
2808 5183 2972 5237 opera
3002 5165 3384 5220 misericordiae
3411 5202 3426 5226 ,
3462 5165 3564 5218 nisi
3597 5165 3746 5219 forte
3778 5174 3839 5218 ut

2233 5264 2420 5318 mitius
2445 5262 2538 5333 (al.
2584 5261 2784 5329 minus)
2835 5265 3169 5327 torqueatur,
3218 5271 3322 5311 non
3353 5265 3535 5310 tamen
3583 5265 3644 5309 ut
3685 5257 3841 5310 inter

2235 5354 2334 5408 Dei
2360 5352 2498 5409 ﬁlios
2527 5352 2816 5421 deputetur
2841 5369 2852 5402 :
2897 5350 2974 5404 sic
2999 5349 3138 5402 intra
3167 5346 3463 5402 Ecclesiam
3493 5347 3847 5401 catholicam

2311 5537 2335 5564 ο
2363 5526 2454 5582 Sic
2483 5540 2611 5580 mss.
2648 5533 2776 5578 tres.
2811 5525 2879 5580 At
2920 5523 3071 5588 editi,
3103 5525 3158 5578 in
3187 5522 3439 5576 catholica
3465 5522 3592 5590 ﬁde.
3646 5519 3838 5574 Vatic.

2228 5612 2395 5662 unus,
2438 5598 2490 5649 in
2521 5595 2772 5648 catholica
2807 5593 3062 5647 Ecclesia.
3097 5592 3336 5647 Priorem
3361 5591 3657 5662 lectionem,
3683 5605 3844 5662 prece

2232 5661 2478 5732 ferimus,
2511 5673 2622 5719 tum
2653 5665 2776 5732 quia
2807 5663 2902 5719 SS.
2934 5663 3038 5717 PP.
3074 5663 3335 5717 familiare
3363 5671 3444 5714 est
3472 5661 3592 5716 solo
3626 5661 3844 5732 Catho-

2236 5738 2355 5790 lica:
2385 5731 2604 5789 nomine
2629 5734 2929 5804 Ecclesiam
2957 5733 3262 5804 designare,
3289 5741 3400 5786 tum
3440 5732 3565 5804 quia
3597 5731 3843 5790 inferius

2233 5807 2384 5866 dicit.
2413 5807 2456 5859 si
2481 5815 2628 5860 extra
2656 5803 2939 5864 Ecclesiam
2970 5803 3296 5861 catholicam.
