4090 6342
1507 367 1595 424 DE
1631 366 1788 426 FIDE
1825 367 2028 425 LIBER
2066 365 2268 426 UNUS.

3426 375 3531 435 εθι

239 499 338 552 per
367 483 544 538 solum
571 483 903 555 baptismum
933 484 1043 540 vita
1071 492 1272 540 aeterna
1300 497 1405 538 non
1431 482 1744 551 acquiritur,
1781 486 1828 537 si
1855 489 1911 547 Α
1933 483 2106 535 solum
2134 479 2180 534 si
2208 478 2582 536 fornicationis
2603 481 2883 538 mortifero
2908 481 3132 540 crimine
3155 482 3252 554 (at.
3282 483 3526 557 vulnere)

240 581 366 642 post
402 573 727 643 baptismum
755 574 897 628 male
940 573 1170 628 vivatur.
1222 571 1355 628 Nam
1386 579 1442 626 et
1469 571 1544 625 illi
1572 572 1664 641 qui
1694 571 1830 626 bene

237 663 428 716 vivunt
471 663 670 718 debent
716 664 970 733 operibus
1028 660 1416 719 misericorth
1466 660 1831 714 indesinenter

232 752 534 809 insistere:
585 755 818 810 scientes
860 770 920 811 se
966 755 1093 810 licet
1139 754 1299 820 levia,
1350 753 1608 807 nonnulla
1648 760 1830 806 tamen

235 842 492 912 quotidie
520 845 843 899 contrahere
870 853 1114 914 peccata,
1154 859 1254 914 pro
1280 843 1476 913 quibus
1505 841 1669 898 etiam
1701 855 1828 895 san-

233 932 307 988 cti
337 941 397 987 et
420 932 555 1001 justi
585 949 800 1004 semper
828 935 883 988 in
921 935 1024 988 hac
1053 935 1162 989 vita
1193 934 1305 988 Deo
1335 933 1518 989 dicere
1547 932 1779 987 debeant
1811 949 1823 984 :

233 1023 457 1079 Dimitte
479 1025 627 1080 nobis
649 1025 823 1080 debita
844 1035 1046 1093 nostra,
1069 1028 1201 1081 sicut
1227 1034 1276 1079 et
1305 1041 1398 1079 nos
1414 1025 1718 1078 dimittimus
1739 1024 1828 1078 de—

229 1113 489 1168 bitoribus
519 1115 710 1168 nostris
743 1113 958 1183 (Matth.
988 1130 1060 1179 vi,
1094 1113 1201 1184 12).
1233 1113 1364 1180 Quae
1388 1122 1605 1183 peccata
1627 1119 1828 1181 quanto
1857 1097 1863 1103 ’

230 1203 398 1258 etiam
450 1213 476 1240 λ
521 1204 575 1258 in
621 1204 788 1258 rebus
836 1205 999 1260 licitis
1046 1213 1102 1260 et
1159 1221 1190 1258 a
1242 1204 1355 1259 Deo
1405 1204 1682 1265 concessis
1731 1207 1831 1258 l're-

229 1301 468 1362 quenter
493 1293 800 1348 hominibus
829 1295 1148 1364 subrepunt,
1199 1302 1253 1349 et
1281 1290 1488 1363 quanto
1515 1294 1686 1362 magis
1713 1293 1826 1348 for-

230 1384 464 1438 tioribus
493 1384 625 1439 cibis
653 1399 854 1453 corpus
881 1384 1158 1452 impletur,
1195 1391 1250 1438 et
1278 1383 1584 1438 carnalibus
1604 1399 1700 1437 cor
1728 1382 1828 1438 bo-

229 1471 396 1526 minis
425 1472 638 1526 actibus
661 1480 828 1541 atque
853 1470 1134 1526 allectibus
1180 1472 1504 1542 implicatur,
1535 1481 1688 1528 tanto
1715 1471 1826 1527 fre-

229 1563 494 1632 quentior
519 1563 676 1633 culpa
704 1563 758 1616 in
779 1564 882 1618 hac
909 1564 1242 1619 mortalitate
1270 1565 1627 1620 contrahitur.

299 1650 396 1705 4'5.
429 1651 778 1706 Abstinentia.
801 1685 874 1694 —
904 1651 1200 1723 Pr0pterea
1233 1653 1466 1710 humiles
1502 1655 1644 1710 servi
1671 1654 1828 1709 Chri-

227 1743 315 1807 sti,
364 1743 466 1812 qui
516 1744 739 1813 cupiunt
786 1743 1016 1799 Domino
1043 1760 1142 1799 suo
1179 1744 1296 1800 sine
1337 1745 1723 1815 impedimento
1770 1754 1828 1800 et

227 1835 441 1904 absque
476 1835 643 1890 animi
688 1834 847 1890 noxia
897 1835 1252 1904 occupatione
1296 1835 1520 1895 servire.
1573 1835 1827 1904 conjugia

227 1925 457 1990 Omnino
488 1939 599 1980 non
646 1932 926 1994 appetunt,
975 1932 1031 1978 et
1058 1939 1089 1978 a
1120 1925 1368 1980 carnibus
1395 1940 1460 1980 ac
1486 1925 1613 1979 vino
1655 1924 1826 1979 absti-

227 2028 380 2085 nent,
419 2019 475 2074 in
505 2026 767 2087 quantum
801 2019 1046 2088 corporis
1082 2019 1339 2074 valetudo
1382 2019 1666 2088 permittit.
1708 2017 1828 2073 Non

227 2112 351 2182 quia
385 2120 674 2182 peccatum
705 2119 788 2167 est
815 2120 909 2166 aut
935 2111 1218 2185 qonjugem
1255 2111 1472 2175 habere,
1523 2118 1618 2165 aut
1645 2111 1827 2166 vinum

226 2219 496 2261 carnesve
524 2204 804 2274 percipere
830 2221 843 2258 ;
875 2191 1001 2257 uani
1029 2211 1085 2257 et
1108 2204 1300 2258 beatus
1327 2201 1621 2271 Apostolus
1650 2201 1784 2257 dicit
1809 2218 1823 2254 :

229 2295 365 2361 Quia
397 2299 569 2351 omnis
599 2305 838 2350 creatura
866 2293 965 2348 Dei
993 2293 1127 2348 bona
1155 2301 1252 2358 est,
1303 2302 1353 2347 et
1400 2292 1531 2347 nihil
1576 2291 1821 2362 rejicien-

224 2387 343 2441 dum
377 2385 522 2458 quod
541 2402 656 2439 cum
685 2385 973 2457 gratiarum
1003 2384 1204 2438 actione
1232 2383 1548 2452 percipitur:
1587 2379 1826 2450 sanctiﬁ~

224 2487 374 2531 catur
406 2478 548 2534 enim
588 2492 682 2546 per
715 2473 918 2530 verbum
947 2473 1078 2539 Dei,
1109 2482 1158 2526 et
1179 2473 1467 2528 orationem
1493 2469 1548 2541 (l
1582 2470 1716 2524 Tim.
1748 2485 1824 2537 1v,

225 2569 281 2637 ι,
312 2569 400 2639 5).
443 2567 766 2638 Conjugium
795 2581 1011 2636 quoque
1039 2568 1093 2619 in
1133 2563 1321 2634 primis
1350 2561 1658 2617 hominibus
1685 2559 1828 2616 Deus

223 2670 278 2718 et
303 2659 568 2726 instituit,
599 2665 656 2712 et
683 2657 960 2712 benedixit
991 2653 1144 2726 (Gen.
1170 2670 1228 2718 ιι,
1259 2652 1373 2721 22).
1416 2649 1644 2721 Propter
1681 2649 1827 2720 quod

222 2749 528 2820 Apostolus
555 2748 631 2802 ait
656 2765 668 2800 :
710 2744 1031 2802 Honorabile
1061 2742 1369 2812 connubium
1402 2743 1456 2795 in
1479 2738 1734 2803 omnibus,
1776 2747 1826 2791 et

224 2856 372 2899 torus
425 2823 793 2895 inmaculatus
831 2837 1016 2906 (Hebr.
1044 2852 1155 2901 xm,
1189 2833 1263 2904 4).
1299 2832 1464 2902 Igitur
1495 2830 1520 2868 δ
1557 2829 1699 2884 servi
1730 2826 1826 2882 Dei

225 2936 280 2991 in
309 2949 380 2990 eo
404 2932 554 3003 quod
574 2946 607 2986 a
631 2930 879 2986 carnibus
899 2942 955 2986 et
979 2929 1104 2983 vino
1125 2927 1412 2992 abstinent,
1437 2940 1546 2980 non
1570 2931 1825 2991 tanquam

219 3042 308 3084 res
337 3023 652 3081 immundas
681 3022 966 3092 refugiunt,
999 3020 1094 3076 sed
1114 3018 1413 3075 mundioris
1434 3018 1556 3072 vitae
1581 3016 1826 3070 instituta

218 3124 528 3182 tentantur,
559 3123 614 3170 et
645 3114 701 3168 in
746 3128 812 3168 eo
852 3111 996 3181 quod
1026 3109 1275 3179 conjugia
1321 3123 1430 3162 non
1462 3105 1683 3174 habent,
1715 3119 1825 3158 non

1938 570 2258 636 maculetur,
2291 585 2475 624 verum
2508 572 2674 626 etiam
2704 573 2749 626 si
2779 581 2872 626 aut
2900 573 2980 627 vir
3007 588 3232 628 uxorem
3259 575 3528 646 aecipere,

1939 661 2096 730 521
2130 667 2228 714 aut
2259 660 2452 714 mulier
2475 660 2677 716 nubere
2699 662 2949 726 voluerit,
2973 663 3264 718 secundum
3285 663 3532 734 Apostoli

1934 749 2259 802 sententiam
2279 747 2332 820 (Ι
2353 749 2489 805 Tim.
2511 767 2564 819 v,
2596 750 2703 823 12),
2721 751 3121 809 damnationem
3146 754 3386 822 habebit,
3405 757 3532 825 quia

1934 839 2162 910 primam
2180 839 2339 895 [idem
2356 841 2561 896 irritam
2579 842 2724 898 fecit.
2745 843 2896 900 Sicut
2914 858 3067 915 ergo,
3084 847 3377 902 secundum
3396 847 3536 918 Apo-

1934 929 2061 983 stoli
2089 930 2410 985 sententiam
2431 932 2482 1002 (1
2507 932 3062 1005 Cor.vu,5),dignum
3085 944 3248 992 estut
3276 939 3431 992 uxori
3453 940 3534 993 vir

1933 1023 2174 1079 debitum
2216 1025 2428 1093 reddat,
2458 1027 2706 1084 similiter
2735 1037 2790 1084 et
2813 1044 2952 1084 uxor
2978 1030 3116 1096 viro,
3166 1031 3294 1098 quia
3335 1033 3382 1085 si
3411 1033 3533 1099 quis

1935 1105 2211 1184 acceperit
2241 1131 2468 1172 uxorem
2499 1133 2608 1173 non
2653 1127 2861 1188 peccat,
2913 1127 2969 1174 et
3008 1120 3054 1174 si
3104 1121 3258 1190 virgo
3287 1121 3536 1191 nupserit

1936 1219 2044 1258 non
2075 1213 2288 1273 peccat,
2317 1206 2413 1273 ita,
2447 1207 2744 1262 secundum
2767 1207 3008 1276 ejusdem
3029 1208 3275 1279 Apostoli
3303 1209 3530 1274 dictum,

1933 1296 2030 1364 qui
2056 1298 2304 1352 statuerit
2334 1297 2386 1351 in
2419 1297 2583 1353 corde
2610 1314 2710 1353 suo
2738 1298 2924 1373 ﬁrmus
2951 1315 3060 1354 non
3097 1299 3302 1354 habens
3345 1315 3533 1354 neces-

1932 1389 2170 1456 sitatem,
2219 1397 2546 1459 potestatem
2577 1400 2758 1447 autem
2789 1392 2997 1448 habens
3043 1409 3156 1448 sua:
3204 1394 3527 1462 voluntatis,

1931 1487 1991 1533 et
2019 1479 2226 1534 voverit
2267 1481 2656 1536 continentiam
2686 1483 2817 1548 Deo,
2865 1482 3024 1538 debet
3075 1498 3196 1538 eam
3247 1500 3415 1552 usque
3464 1485 3521 1538 in

1936 1569 2097 1623 tinem
2126 1577 2237 1624 tota
2269 1571 2465 1626 mentis
2489 1572 2852 1628 sollicitudine
2879 1574 3172 1638 custodire,
3209 1589 3278 1628 ne
3305 1575 3532 1629 damna-

1936 1665 2139 1719 tionem
2180 1665 2410 1730 habeat,
2441 1666 2488 1720 si
2516 1666 2745 1735 primam
2774 1665 2931 1720 ﬁdem
2970 1666 3178 1720 irritam
3208 1665 3417 1721 fecerit.
3452 1665 3533 1720 Si-

1936 1756 2137 1810 militer
2165 1764 2221 1810 et
2247 1755 2521 1825 conjugati
2549 1757 2675 1823 viri,
2717 1756 2804 1811 vel
2831 1757 3132 1826 conjugattr.
3161 1757 3436 1818 mulieres,
3483 1755 3546 1811 si'

1857 1868 1910 1930 Β
1936 1861 2005 1902 ex
2029 1861 2298 1901 consensu
2327 1861 2620 1916 perennem
2660 1846 2772 1901 Deo
2819 1847 3071 1902 voverint
3118 1847 3529 1911 continentiam,

1935 1938 2189 1993 noverint
2229 1954 2290 1993 se
2318 1940 2432 1994 voti
2466 1941 2550 1996 sui
2595 1939 2863 1994 obnoxios
2890 1939 3120 1994 detineri
3155 1949 3218 2005 ει,
3268 1955 3370 1994 nec
3419 1938 3531 2006 jam

1933 2030 2035 2086 sibi
2061 2030 2260 2086 debere
2285 2033 2728 2086 commixtionem
2763 2032 2962 2108 carnis,
2993 2047 3154 2101 quam
3183 2031 3384 2086 licitam
3414 2032 3531 2100 pri-

1933 2122 2096 2175 mitus
2119 2122 2448 2187 habuerunt,
2481 2122 2576 2176 sed
2605 2122 2716 2176 Deo
2744 2137 2804 2176 se
2833 2121 3038 2177 debere
3079 2123 3470 2177 continentiam
3507 2119 3528 2158 ι

1932 2225 2095 2280 quam
2143 2219 2427 2266 voverunt.
2490 2209 2641 2266 Tunc
2684 2210 2828 2265 enim
2876 2211 3245 2278 unusquisque
3306 2223 3530 2276 regnum

1933 2287 2224 2370 enatorum,
2271 2301 2416 2370 quod
2462 2303 2662 2357 sanctis
2712 2302 3063 2371 promittitur,
3115 2303 3431 2371 possidebit,
3482 2303 3530 2358 si

1933 2390 2258 2445 Oblivisceris
2286 2404 2407 2459 quae
2435 2397 2582 2444 retro
2606 2399 2750 2454 sunt,
2779 2398 2834 2444 et
2858 2389 2912 2444 in
2934 2390 3210 2444 anteriora
3235 2389 3528 2443 extendens

1932 2481 2192 2549 seipsum,
2223 2479 2518 2536 secundum
2545 2480 2690 2548 quod
2721 2480 2776 2533 in
2806 2478 3032 2533 Psalmis
3059 2479 3284 2533 dicitur:
3325 2478 3526 2541 Vovete,

1931 2581 1982 2624 et
2011 2571 2208 2624 reddite
2237 2571 2461 2625 Domino
2483 2569 2594 2624 Deo
2623 2578 2793 2624 vestro
2821 2569 2996 2639 (Psal.
3026 2585 3189 2634 Lxxv,
3219 2567 3307 2637 12)
3333 2608 3348 2633 ,
3382 2567 3526 2637 quod

1932 2663 2036 2717 scit
2064 2677 2183 2717 esse
2211 2661 2433 2727 licitum,
2471 2670 2527 2716 et
2553 2660 2621 2715 ad
2649 2660 2951 2730 profectum
2982 2660 3221 2714 melioris
3251 2659 3374 2713 vitae
3400 2674 3525 2728 per-

1935 2755 2109 2809 tinere
2137 2754 2438 2823 cognoscit,
2467 2761 2523 2808 et
2545 2754 2776 2808 libenter
2795 2762 3014 2819 voveat,
3041 2761 3097 2808 et
3122 2753 3374 2807 celeriter
3401 2751 3525 2806 red-

1933 2845 2028 2898 dat
2059 2856 2107 2912 ε,
2134 2853 2190 2900 et
2212 2846 2266 2899 in
2296 2845 2404 2900 hoc
2430 2845 2574 2914 quod
2605 2853 2788 2898 votum
2819 2843 3019 2909 reddit,
3053 2844 3276 2898 meliore
3302 2857 3524 2912 semper

1932 2945 2134 2991 conatu
2164 2935 2431 3004 proﬁciat.
2454 2934 2612 2990 Omni
2637 2934 2782 2990 enim
2808 2935 3020 2988 voventi
3040 2932 3172 2995 Deo,
3198 2941 3252 2985 ct
3282 2931 3524 2986 reddenti

1931 3026 2077 3095 quod
2107 3028 2267 3092 vovit,
2317 3027 2433 3096 ipse
2458 3041 2677 3096 quoque
2703 3025 2847 3081 Deus
2887 3024 3078 3080 reddet
3105 3024 3339 3080 caelestis
3369 3023 3525 3090 regni

1933 3118 2154 3186 prmmia
2182 3133 2301 3188 qua:
2329 3118 2595 3186 promisit.

223 3209 541 3277 nuptiarum
570 3205 772 3260 bonum
810 3203 1015 3257 crimen
1044 3215 1163 3254 esse
1192 3199 1538 3261 existimant,
1573 3195 1667 3249 sed
1696 3209 1825 3250 con-

2002 3209 2134 3265 Csp.
2171 3227 2242 3278 1v,
2267 3227 2353 3265 seu
2377 3211 2602 3266 Recens
2630 3225 2808 3264 unus.
2850 3205 3061 3260 Natura
3089 3206 3284 3258 divina.
3316 3235 3388 3246 ——
3423 3199 3525 3255 45.

223 3297 518 3355 tinentiam
564 3294 745 3364 jugem
793 3292 949 3347 bonis
996 3291 1195 3360 nuptiis
1235 3288 1518 3342 meliorem
1552 3301 1672 3340 esse
1711 3299 1824 3339 non

222 3389 480 3445 dubitant
507 3406 521 3442 :
563 3388 667 3442 isto
694 3393 855 3456 quam
889 3383 1120 3440 maxime
1152 3390 1414 3450 tempore,
1447 3378 1663 3448 quando
1692 3376 1824 3431 dici-

223 3493 308 3540 tur
334 3484 408 3539 de
437 3479 774 3538 continentia
800 3495 814 3532 :
849 3476 950 3541 Qui
974 3484 1136 3547 potest
1165 3489 1367 3543 capere,
1399 3471 1570 3542 capiat
1601 3459 1818 3541 (Matth.

223 3595 336 3643 xix,
371 3575 503 3646 12);
536 3575 604 3629 de
634 3571 836 3642 nuptiis
864 3585 995 3624 vero
1023 3567 1220 3623 dicitur
1245 3583 1257 3617 :
1308 3563 1406 3628 Qui
1437 3579 1491 3616 se
1521 3578 1624 3615 non
1651 3563 1820 3613 conti--

223 3680 328 3737 net,
383 3670 548 3723 nubat
590 3663 640 3737 (ι
673 3663 910 3727 Cor.vu,
937 3659 1014 3730 9).
1064 3658 1124 3712 In
1172 3672 1280 3711 uno
1323 3654 1465 3709 enim
1513 3650 1822 3706 hortatione

221 3766 398 3818 virtus
427 3760 654 3830 erigitur
691 3769 734 3823 ο,
766 3757 821 3809 in
857 3754 1027 3808 altero
1057 3750 1340 3806 inﬁrmitas
1369 3744 1609 3802 remedio
1636 3744 1821 3799 suble-

221 3865 404 3914 vatur.
453 3851 608 3908 Unde
646 3849 771 3919 quia
799 3843 1099 3914 tegritudini
1140 3856 1359 3911 semper
1401 3847 1486 3894 est
1531 3835 1819 3892 consulen-

221 3948 372 4011 dum,
421 3952 712 4013 propterea
743 3938 787 3995 si
817 3937 902 3992 cui
931 3936 1108 4006 primo
1146 3930 1433 4000 contigerit
1461 3927 1660 4000 privari
1689 3941 1820 3981 con-

223 4041 394 4112 iugio,
426 4039 473 4091 si
500 4034 732 4090 voluerit
779 4029 1062 4092 secundas,
1111 4027 1198 4082 vel
1238 4025 1401 4080 etiam
1446 4023 1635 4078 tertias
1682 4021 1821 4076 inire

225 4128 466 4200 nuptias,
497 4125 700 4179 nullum
729 4121 796 4176 de
819 4120 924 4175 illis
949 4125 1234 4190 peccatum
1265 4114 1503 4178 habebit,
1534 4114 1579 4168 si
1605 4129 1697 4168 eas
1725 4127 1819 4167 ca-

225 4230 307 4274 ste
337 4215 662 4280 servaverit,
713 4212 766 4267 id
807 4218 908 4276 est,
942 4209 988 4264 si
1015 4224 1152 4264 unus
1181 4215 1236 4262 et
1267 4220 1392 4270 una,
1426 4203 1665 4271 legitime
1691 4202 1823 4257 dun-

224 4321 381 4370 taxat
410 4309 707 4378 conjuncti,
739 4304 898 4360 iidem
929 4307 1166 4366 servant,
1218 4307 1279 4354 ut
1325 4312 1425 4353 nec
1471 4295 1562 4350 ille
1607 4295 1822 4350 mulieri

224 4413 432 4476 praeter
460 4415 706 4466 uxorem,
741 4413 844 4452 nec
873 4395 963 4450 illa
994 4393 1109 4448 viro
1138 4399 1332 4462 praeter
1359 4389 1612 4444 maritum
1638 4387 1823 4443 ullate-

226 4517 332 4557 nus
361 4501 676 4554 misceatur.
716 4494 775 4548 In
803 4491 1000 4547 talibus
1027 4487 1130 4544 etsi
1158 4485 1319 4542 fuerit
1343 4483 1536 4552 aliquis
1561 4482 1822 4551 conjuga-

224 4597 293 4652 lis
346 4608 637 4657 excessus,
687 4590 778 4659 qui
825 4595 1001 4642 tamen
1041 4582 1340 4652 legitimum
1380 4595 1489 4635 non
1529 4579 1697 4634 violet
1733 4585 1821 4633 to-

223 4704 371 4752 rum,
402 4683 624 4740 habebit
653 4678 968 4736 nonnullum
996 4673 1045 4743 ἀ,
1083 4673 1180 4730 sed
1206 4671 1418 4752 veniale
1445 4677 1747 4741 peccatum.

299 4775 398 4831 Η.
431 4772 775 4829 Continentia:
803 4777 992 4824 votum.
1025 4799 1097 4809 --
1123 4763 1232 4819 Sed
1271 4764 1388 4818 haec
1433 4761 1648 4816 illorum
1700 4769 1827 4816 sunt

225 4869 324 4942 qui
366 4867 571 4922 nullam
617 4867 882 4920 voverunt
934 4855 1318 4913 continentiam
1365 4852 1497 4908 Deo.
1558 4851 1827 4908 Cmterum

225 4958 485 5030 quisquis
528 4955 766 5023 seipsum
793 4947 1112 5006 castraverit
1138 4953 1363 5016 propter
1399 4957 1624 5014 regnum
1653 4945 1825 5000 cmlo-

223 5063 379 5111 rum,
408 5055 466 5102 et
495 5046 550 5101 in
573 5043 738 5102 corde
767 5056 868 5102 suo
896 5036 1287 5096 continentiam
1314 5035 1425 5092 Deo
1457 5039 1686 5106 voverit,
1718 5053 1826 5093 non

311 5255 340 5283 ι
374 5242 466 5298 Sic
491 5242 642 5297 editi.
681 5242 749 5295 At
791 5255 893 5296 ms.
934 5237 1125 5308 Corb.,
1161 5237 1405 5309 quoniam
1432 5236 1608 5291 etiam.
1650 5235 1823 5291 Vatic.

227 5329 401 5384 unus,
429 5312 734 5384 quandoque
761 5312 937 5384 etiopt.

305 5384 337 5423 δ
371 5376 530 5445 Editi,
558 5376 801 5504 ldeboue.
834 5379 960 5435 Mss.
991 5387 1222 5461 septem,
1257 5376 1444 5458 Igitur.
1701 5445 1713 5455 θ

307 5466 334 5493 ε
369 5453 426 5504 ιιι
465 5454 644 5504 editis.
718 5468 751 5503 η
780 5467 885 5504 una
923 5452 1060 5504 enim
1108 5457 1312 5503 ratione
1354 5455 1517 5501 virtus
1567 5459 1712 5500 exon

307 5466 334 5493 ε
369 5453 426 5506 In
465 5454 644 5518 editis,
685 5450 751 5504 In
780 5467 885 5505 una
923 5452 1060 5505 enim
1108 5450 1539 5518 ratione_uirtus_
1567 5450 1823 5518 exoritur.

227 5524 349 5578 Sed
378 5524 568 5578 melius
588 5514 732 5591 quod
752 5522 1086 5591 restituimus
1107 5535 1175 5573 ex
1191 5534 1292 5573 ms.
1313 5516 1474 5591 (ἔοι-ι).
1502 5516 1670 5591 vatic.
1695 5514 1824 5582 duo,

229 5594 305 5648 In
333 5611 435 5646 una
461 5588 862 5647 enimioratione
891 5590 1004 5661 (alii
1032 5590 1158 5652 duo,
1203 5589 1478 5661 orationis)
1509 5588 1666 5640 virtus
1695 5600 1824 5639 exo-

224 5667 392 5720 ritur.
423 5664 572 5730 Angl.
610 5663 741 5725 duo,
764 5659 998 5730 oratione
1023 5661 1182 5715 virtus
1209 5659 1456 5730 exeritur.

306 5736 332 5768 ·¹
371 5733 464 5787 Ms.
494 5725 656 5792 inuis,
683 5729 883 5783 habebit
904 5748 1008 5785 non
1039 5729 1276 5789 mortale,
1304 5728 1395 5780 sed
1423 5725 1638 5780 veniale.

316 5815 343 5876 ἶ
370 5803 540 5876 Χπιὶο.
577 5817 735 5865 unus,
767 5817 822 5854 se
843 5801 924 5876 sui
947 5801 1048 5876 v_oti
1075 5816 1212 5854 nexu
1226 5797 1475 5876 detineri.
1774 5863 1803 5876 μ’

321 5871 342 5910 ί
370 5871 536 5932 Vatic.
590 5889 759 5931 unus.
811 5870 900 5927 sed
945 5869 1056 5931 Deo
1104 5887 1158 5927 se
1203 5868 1383 5924 debere
1425 5881 1630 5924 seruare
1665 5868 1834 5921 conti-

1934 3298 1961 3336 ¹ι
1997 3300 2330 3357 Firmissime
2353 3302 2534 3371 itaque
2556 3309 2704 3366 tene,
2727 3309 2784 3355 et
2813 3299 3120 3354 nullatenus
3153 3296 3388 3361 dubites,
3418 3295 3526 3348 Pa-

1933 3405 2070 3449 trem
2099 3403 2152 3450 et
2172 3394 2364 3449 Filium
2394 3403 2450 3454 et
2479 3393 2738 3463 Spiritum
2759 3399 3000 3446 sanctum
3033 3404 3197 3443 unum
3222 3402 3341 3442 esse
3369 3397 3525 3440 natu-

1930 3486 2116 3558 raliter
2142 3487 2331 3552 Deum,
2363 3488 2418 3540 in
2449 3485 2599 3554 cujus
2627 3485 2848 3540 nomine
2876 3481 3134 3552 baptizati
3156 3494 3357 3534 sumus.
3391 3477 3524 3532 Cum

1930 3577 2074 3630 enim
2107 3578 2250 3631 aliud
2280 3592 2480 3632 nomen
2503 3575 2576 3631 sit
2603 3576 2782 3641 Pater,
2814 3573 2959 3628 aliud
2996 3573 3181 3637 Filius,
3213 3569 3358 3624 aliud
3397 3567 3524 3637 Spi-

1929 3671 2066 3725 ritus
2099 3679 2343 3737 sanctus,
2375 3671 2480 3726 hoc
2511 3678 2598 3727 est
2640 3655 2826 3738 utique
2856 3684 3020 3724 unum
3072 3674 3275 3722 naturas
3328 3677 3525 3720 nomen

1928 3763 2121 3817 horum
2151 3763 2332 3826 trium,
2358 3761 2505 3830 quod
2533 3761 2730 3817 dicitur
2750 3760 2912 3825 Deus,
2943 3760 3037 3830 qui
3066 3758 3197 3814 dicit
3241 3757 3298 3812 in
3329 3757 3525 3810 Dente-

1929 3855 2216 3911 ronomio:
2253 3853 2458 3918 Videte,
2499 3853 2516 3890 ί
2551 3853 2717 3908 videte
2744 3854 2994 3922 quoniam
3027 3869 3121 3923 ego
3145 3867 3258 3906 sunt
3287 3849 3447 3913 Deus,
3477 3859 3528 3903 et

1928 3961 2032 3998 non
2045 3955 2120 3998 est
2141 3944 2273 3998 alius
2304 3945 2318 3994 i
2343 3953 2532 4014 praeter
2550 3960 2632 3998 me
2654 3942 3009 4014 (Beatum,
3031 3942 3119 4012 9);
3143 3949 3198 3996 et
3219 3940 3288 3995 de
3309 3953 3417 4009 quo
3439 3938 3524 3992 di-

1928 4036 2069 4089 citur
2097 4053 2108 4087 :
2142 4036 2299 4103 Audi,
2335 4035 2526 4102 Israel,
2554 4034 2810 4090 Dominus
2839 4033 2982 4088 Deus
3013 4043 3127 4086 tuus
3149 4030 3405 4086 Dominus
3429 4029 3524 4096 (al.

1927 4125 2092 4198 Deus)
2140 4143 2272 4180 unus
2317 4136 2394 4181 est
2442 4125 2618 4198 (Deut.
2670 4142 2744 4189 γι,
2794 4125 2881 4196 4);
2933 4133 3006 4188 et,
3038 4123 3321 4178 Dominum
3361 4119 3528 4175 Deum

1929 4230 2071 4272 tuum
2095 4219 2362 4284 adorabis,
2396 4228 2443 4272 et
2473 4219 2550 4273 illi
2578 4217 2675 4272 soli
2705 4219 2894 4273 servies
2917 4214 3106 4286 (Ibid.,
3137 4214 3247 4286 15).

1997 4307 2126 4363 CAP.
2161 4324 2213 4374 v,
2245 4325 2334 4362 seu
2363 4307 2496 4364 Ras.
2531 4325 2586 4362 ιι.
2625 4306 2770 4362 Unus
2791 4305 2953 4360 Deus.
2975 4338 3046 4348 —
3074 4303 3164 4359 46.
3197 4301 3528 4358 Firmissime

1926 4407 2075 4467 tene,
2105 4407 2161 4454 et
2189 4399 2497 4455 nullatenus
2524 4398 2756 4460 dubites,
2779 4396 2995 4452 Patrem
3025 4404 3080 4451 et
3109 4395 3302 4449 Filium
3324 4402 3380 4449 et
3407 4393 3528 4462 Spis-

1926 4490 2090 4544 ritum
2111 4498 2377 4554 sanctum,
2410 4489 2464 4544 id
2485 4498 2570 4545 est
2595 4497 2838 4544 sanctam
2867 4480 3185 4542 Trinitatem
3214 4500 3333 4540 esse
3353 4484 3528 4539 solum

1927 4581 2247 4638 naturaliter
2273 4597 2460 4638 verum
2487 4579 2676 4636 Deum.
2723 4578 2859 4646 Quia
2901 4594 3024 4634 cum
3050 4587 3162 4632 tres
3200 4575 3334 4632 deos
3370 4573 3529 4629 nobis

1932 4674 2114 4729 colere
2137 4688 2247 4729 non
2274 4673 2455 4738 liceat,
2485 4672 2588 4727 nisi
2608 4686 2778 4727 unum
2817 4671 2991 4726 solum
3030 4683 3217 4725 verum
3265 4667 3432 4722 Deum
3474 4663 3524 4730 ι,

1930 4773 2134 4830 tamen,
2169 4765 2310 4820 sicut
2335 4763 2498 4818 Pater
2525 4763 2668 4819 Deus
2696 4777 2854 4818 verus
2872 4761 3088 4829 dicitur,
3120 4768 3354 4843 testante
3377 4759 3525 4826 Apo-

1932 4857 2095 4922 stolo,
2125 4856 2216 4925 qui
2245 4856 2322 4910 ait
2352 4873 2364 4908 :
2390 4854 2629 4910 Conversi
2665 4855 2788 4910 estis
2837 4854 2907 4908 ad
2946 4853 3112 4908 Deum
3149 4870 3182 4906 a
3211 4849 3524 4912 simulacris,

1935 4949 2125 5004 servire
2145 4946 2256 5002 Deo
2284 4948 2393 5004 vivo
2420 4955 2626 5014 eluere,
2656 4954 2707 5000 et
2734 4953 3033 5016 exspectare
3061 4942 3258 4997 Filium
3304 4941 3418 5010 ejus
3462 4939 3528 4994 de

1935 5041 2098 5107 caelis,
2128 5057 2276 5113 quem
2295 5041 2563 5096 suscitavit
2589 5056 2624 5095 α
2641 5041 2856 5096 mortuis
2877 5037 3056 5093 Jesum
3077 5034 3132 5107 (1
3136 5061 3144 5067 ν
3161 5034 3339 5089 Thess.
3367 5049 3404 5100 ι,
3427 5030 3484 5103 9)
3509 5047 3525 5084 :

1935 5239 2189 5292 nentiam.

2010 5316 2036 5375 β
2065 5307 2235 5362 Vatic.
2258 5322 2415 5370 unus,
2437 5314 2485 5359 et
2517 5305 2742 5375 ﬁdeliter
2768 5303 2970 5375 reddat.

2009 5374 2038 5413 ιι
2067 5375 2338 5431 Hactenus
2377 5367 2632 5430 continua
2661 5373 2910 5429 oratione
2932 5373 3128 5439 legitur
3149 5373 3201 5426 in
3231 5386 3333 5426 ms.
3357 5367 3522 5424 Corb.
3591 5424 3599 5433 ,

1935 5444 2073 5502 Hinc
2091 5461 2223 5500 vero
2246 5449 2312 5500 ad
2335 5445 2493 5499 linem
2522 5458 2692 5514 usque
2719 5444 2942 5512 singulm
2968 5442 3036 5496 40
3061 5441 3258 5509 regulae
3288 5455 3385 5494 suo
3428 5453 3529 5494 nu-

1942 5531 2093 5571 mero
2121 5515 2486 5584 designantur.

2019 5585 2032 5623 ί
2065 5585 2190 5640 Mss.
2227 5577 2335 5642 tres
2355 5585 2528 5640 Vatic.
2557 5593 2614 5641 et
2644 5584 2832 5650 Corb.,
2871 5583 3071 5649 Videte,
3102 5582 3284 5636 videte.
3327 5577 3530 5642 Caeteri

1937 5656 2107 5710 semel
2128 5664 2357 5709 tantum.

2017 5727 2029 5774 i
2068 5725 2236 5779 Vatic.
2263 5726 2389 5790 duo,
2419 5742 2521 5779 non
2552 5735 2626 5778 est
2653 5725 2786 5777 alius
2817 5722 2976 5778 Deus.

2018 5796 2037 5830 ¹λ
2076 5795 2243 5851 Vatic.
2280 5812 2437 5864 unus,
2470 5811 2636 5851 verum
2657 5805 2706 5849 et
2725 5795 3121 5866 omnipotentem
3150 5794 3316 5854 Deum

1895 5980 1962 5997 αι-
2177 5988 2180 5989 ν
3287 5965 3327 5995 ν
