4090 6342
559 320 662 375 695

1588 308 1643 364 ε.
1686 305 2049 365 FllLGENTIl
2090 300 2391 361 EPISCOPI
2431 298 2817 369 ιιυΒΡΕΝεις

560 445 638 502 ita
662 453 877 515 quoque
910 436 1099 500 Filium
1128 455 1313 497 verum
1347 438 1515 495 Deum
1543 438 1781 493 Joannes
1802 432 2149 491 commendat
2182 428 2227 488 Α
2253 427 2543 485 secundum
2575 438 2791 481 carnem
2837 419 3138 515 baptizatus
3303 414 3634 515 Cingonius
3678 418 3847 515 Deus,

561 537 841 608 apostolus
861 536 1047 593 dicens
1072 554 1083 588 :
1111 533 1314 589 Scimus
1340 531 1462 604 quia
1486 528 1658 586 Filius
1688 529 1785 584 Dei
1814 530 1971 594 venit,
1993 534 2043 581 et
2063 526 2156 579 de-

561 627 638 684 dit
679 629 827 685 nobis
866 626 1198 691 intellectum,
1229 633 1285 678 ut
1325 639 1695 693 cognoscamus
1745 636 1919 676 verum
1968 617 2153 683 Deum,

561 728 611 774 et
634 722 796 777 simus
822 720 877 774 in
906 735 1021 773 vero
1052 717 1191 772 Filio
1232 718 1345 788 ejus
1368 717 1495 771 Iesu
1517 715 1740 771 Christo.
1778 712 1879 767 Hic
1904 719 1980 766 est
2023 708 2159 764 Deus

560 827 731 876 verus,
764 802 934 864 etrita
962 818 1157 869 (eterna
1191 806 1243 879 (Ι
1270 808 1430 863 Joan.
1454 824 1510 873 ν,
1532 806 1626 876 20)
1653 824 1665 860 :
1698 806 1789 876 qui
1822 804 2007 874 utique
2035 815 2166 871 quo-

562 901 710 956 niam
738 915 900 955 verus
928 900 1070 955 Deus
1089 908 1189 963 est,
1210 892 1374 955 etiam
1398 899 1611 954 Veritas
1637 907 1737 963 est,
1761 897 1900 953 sicut
1928 895 2043 966 ipse
2063 908 2164 948 nos

561 990 758 1047 edocet
795 993 952 1062 522
1000 991 1229 1047 dicens:
1268 989 1384 1061 Ego
1419 1007 1533 1045 sum
1573 990 1679 1056 uia,
1738 989 1924 1043 ueritas
1972 994 2022 1041 et
2060 984 2165 1038 vita

566 1083 747 1154 (Joan.
791 1100 901 1151 xw,
941 1082 1017 1153 6).
1068 1082 1145 1139 De
1186 1082 1390 1153 Spiritu
1441 1098 1659 1152 quoque
1703 1088 1894 1136 sancto
1930 1079 2167 1135 Joannes

565 1173 843 1243 apostolus
860 1174 953 1241 ait,
980 1173 1115 1240 Quia
1139 1175 1368 1245 Spiritus
1389 1181 1465 1228 est
1492 1176 1681 1229 veritas
1702 1183 1724 1210 °
1751 1171 1804 1241 (Ι
1825 1171 1984 1227 Ioan.
2008 1187 2060 1234 v,
2085 1169 2163 1240 6).

566 1265 638 1321 Et
686 1268 872 1338 utique
920 1284 1026 1322 non
1071 1275 1254 1338 potest
1302 1267 1619 1321 naturaliter
1674 1258 1817 1321 Deus
1853 1278 2013 1319 verus
2059 1276 2168 1317 non

568 1374 711 1421 esse,
734 1360 826 1428 qui
852 1359 1065 1413 Veritas
1087 1366 1189 1413 est.
1219 1358 1389 1425 Quem
1419 1360 1581 1414 etiam
1612 1344 2011 1412 Deum'Paulus
2039 1369 2172 1425 apo-

568 1451 741 1505 stolus
764 1451 1054 1505 conﬁtetur
1076 1450 1260 1505 dicens
1282 1467 1294 1503 :
1317 1450 1553 1506 Membra
1583 1459 1755 1504 vestra
1778 1450 2024 1519 templum
2051 1455 2171 1501 sunt

572 1542 803 1611 Spiritus
836 1542 1001 1596 sancti
1029 1543 1133 1613 qni'
1160 1543 1213 1595 in
1239 1540 1381 1595 vobis
1411 1550 1508 1607 est,
1542 1532 1689 1611 quem
1719 1539 1915 1593 habetis
1958 1556 1990 1593 a
2038 1538 2169 1603 Deo,

570 1641 622 1686 et
668 1650 772 1686 non
818 1635 941 1687 estis
983 1634 1157 1687 uestri.
1203 1631 1378 1703 Empti
1414 1633 1552 1686 enim
1589 1633 1709 1685 estis
1745 1633 2171 1700 pretio_magno;

553 1724 862 1795 'glorjﬁcate
904 1732 953 1778 et
992 1731 1194 1794 portate
1224 1721 1388 1778 Deum
1429 1724 1485 1776 iu
1514 1738 1731 1793 corpore
1770 1731 1935 1776 vestro
1964 1720 2016 1794 (Ι
2047 1718 2167 1775 Cor.

573 1832 647 1881 ιἰ,
674 1815 759 1880 19,
794 1815 904 1885 20).
1414 1820 1419 1825 '

643 1906 773 1962 Car.
802 1925 876 1975 vr,
899 1925 988 1963 seu
1011 1908 1147 1963 Rea.
1180 1924 1255 1963 ιιι.
1288 1905 1429 1962 Deus
1453 1914 1696 1961 wternus.
1726 1936 1799 1948 -——
1822 1903 1913 1958 47.
1954 1902 2174 1957 Firmis-

574 2000 712 2053 sime
740 2007 889 2065 tene,
918 2008 973 2054 et
1000 1999 1303 2075 nullatenps
1323 1998 1557 2060 dubites,
1591 1995 1805 2051 Patrem
1828 2003 1884 2051 et
1906 1994 2098 2049 Filium
2120 2002 2177 2049 et

575 2089 837 2159 Spiritum
871 2098 1137 2156 sanctum,
1185 2088 1237 2143 id
1265 2097 1349 2144 est
1376 2096 1620 2144 sanctam
1663 2086 1983 2142 Trinitatem
2010 2099 2174 2139 unum

576 2194 763 2234 verum
790 2181 958 2235 Deum
987 2181 1103 2235 sine
1131 2180 1287 2260 initio
1310 2180 1705 2250 Sempiternum
1753 2193 1894 2234 esse.
1938 2176 2176 2260 .Propter

577 2271 719 2339 quod
764 2271 1022 2341 scriptum
1060 2280 1144 2326 est
1181 2290 1193 2324 :
1230 2270 1295 2325 In
1340 2272 1598 2342 principio
1648 2280 1762 2325 erat
1809 2268 2068 2333 Verbum,
2126 2275 2176 2320 et

586 2360 809 2416 Verbum
838 2371 953 2416 erat
979 2363 1118 2433 apud
1150 2362 1334 2429 Deum,
1357 2372 1407 2416 et
1441 2363 1583 2417 Deus
1604 2360 1727 2417 erat
1773 2360 2011 2414 Verbum.
2062 2348 2177 2413 Hoc

579 2460 691 2506 erat
714 2455 767 2507 in
794 2454 1051 2522 principio
1075 2456 1213 2523 apud
1246 2454 1412 2508 Deum
1445 2454 1622 2523 (Joan.
1653 2469 1688 2518 ι,
1724 2454 1772 2520 l,
1806 2452 1883 2523 (ἓ).
1918 2452 2042 2507 llzcc
2079 2450 2178 2506 de-

579 2559 688 2598 nuo
719 2544 1122 2614 sempiternitas
1152 2546 1432 2599 intimatur
1473 2547 1525 2600 in
1568 2546 1776 2614 psalmo
1816 2545 1903 2599 ubi
1941 2544 2175 2600 dicitur:

581 2634 723 2689 Deus
746 2646 917 2690 autem
945 2635 1054 2691 Rea:
1079 2647 1251 2691 noster
1278 2648 1399 2692 ante
1418 2639 1609 2691 siccata
1635 2638 1811 2708 (Psal.
1847 2653 2027 2698 axxm,
2057 2635 2176 2701 1‘2);

583 2732 637 2779 et
664 2725 771 2779 alio
802 2726 941 2791 loco,
972 2728 1302 2795 Sempiterna
1322 2745 1522 2800 quoque
1549 2729 1661 2798 ejus
1681 2732 1839 2783 uirtus
1870 2739 1918 2782 et
1938 2729 2180 2781 divinitas

584 2813 762 2885 (Rom.
798 2833 833 2879 ι,
865 2817 978 2887 9.0).

654 2908 783 2963 Car.
838 2925 926 2971 vn,
973 2926 1060 2963 seu
1111 2910 1245 2964 RBG.
1298 2927 1367 2964 tv.
1424 2909 1560 2964 Deus
1609 2908 2070 2965 incommutabilis.
2112 2937 2181 2949 —-

587 3000 677 3055 48.
707 3000 1039 3057 Firmissime
1067 3011 1210 3063 tene,
1237 3011 1292 3054 et
1314 3002 1622 3056 nullatenus
1666 3002 1900 3065 dubites,
1942 3008 2181 3053 sam-tam

588 3088 909 3145 Trinitatem
953 3092 1125 3146 solum
1163 3107 1347 3147 verum
1398 3092 1589 3157 Deum,
1620 3092 1761 3146 sicut
1799 3100 2080 3157 talentum,
2110 3090 2182 3143 ita

2259 521 2351 591 qui
2378 533 2597 587 carnem
2624 515 2774 571 solus
2806 513 3045 584 accepit;
3072 521 3130 568 et
3173 509 3436 583 Spiritum
3481 517 3730 566 sanctum
3756 506 3857 565 Pa-

2260 613 2359 669 tris
2381 620 2437 667 et
2458 610 2578 666 Filii
2609 608 2783 665 solum
2812 620 2953 674 esse,
2985 605 3076 676 qui
3104 604 3155 659 in
3184 602 3369 674 specie
3389 601 3655 658 columba:
3695 616 3860 672 super

2262 703 2533 760 Christum
2553 702 2881 772 baptizatum
2905 707 2961 754 et
2982 697 3361 753 ascendentem
3385 695 3609 765 abaqua
3630 695 3859 750 descen-

2264 800 2381 864 dit,
2436 807 2491 854 et
2560 793 3002 866 quinquagesimo
3056 791 3146 848 die
3199 797 3325 861 post
3374 789 3901 855 resurrectionem,

2266 890 2463 946 Christi
2506 886 2691 949 ﬁdeles
2735 888 2789 942 in
2837 899 2945 939 uno
2993 883 3115 939 loco
3171 880 3396 953 positos,
3456 881 3511 936 in
3558 880 3859 949 linguarum

2268 984 2545 1053 ignearum
2571 979 2836 1037 divisione
2870 988 2893 1017 ο
2924 976 3218 1034 adveniens
3258 976 3508 1046 replevit.
3552 974 3703 1029 illam
3734 990 3860 1030 vero

2268 1089 2479 1138 vocem,
2511 1087 2616 1143 qua
2647 1072 2794 1127 solus
2835 1071 3176 1126 locutusrest
3203 1067 3348 1123 Deus
3378 1066 3569 1133 Pater;
3619 1076 3674 1122 et
3720 1067 3862 1122 illam

2272 1184 2509 1235 carnem,
2541 1184 2645 1239 qua
2668 1168 2814 1222 solus
2842 1166 3008 1221 homo
3039 1166 3210 1221 lactus
3232 1172 3317 1218 est
3336 1161 3654 1232 Unigenitus
3687 1161 3858 1227 Deus;

2273 1268 2329 1317 et
2358 1261 2503 1315 illam
2528 1258 2856 1323 columbam,
2893 1257 2948 1311 in
2969 1255 3122 1324 cujus
3161 1255 3344 1325 specie
3374 1253 3608 1325 Spiritus
3643 1260 3860 1309 sanctus

2275 1366 2443 1421 super
2489 1350 2758 1406 Christum
2814 1348 3398 1417 descenditiillasque
3436 1348 3646 1415 linguas
3689 1347 3866 1414 igneas

2279 1444 2418 1514 (Act.
2452 1442 2606 1511 11,5),
2640 1442 2692 1496 in
2722 1456 2947 1510 quarum
2972 1440 3131 1513 523
3153 1439 3417 1494 divisione
3436 1438 3621 1493 ﬁdeles
3644 1436 3661 1474 τ
3682 1438 3732 1492 in
3763 1450 3865 1491 uno

2279 1533 2401 1588 loco
2438 1532 2762 1588 constitutos
2808 1531 3055 1600 replevit,
3107 1544 3273 1600 opera
3319 1544 3437 1585 esze
3476 1529 3643 1584 totius
3674 1537 3863 1583 sancta

2278 1621 2577 1683 Trinitatis,
2605 1621 2655 1676 id
2680 1630 2763 1676 est
2792 1604 2949 1676 unius
2984 1620 3100 1687 Dei,
3135 1620 3229 1689 qui
3272 1618 3398 1675 fecit
3427 1621 3608 1675 omnia
3640 1620 3693 1674 in
3730 1618 3861 1675 omlo

2278 1725 2337 1773 et
2366 1717 2419 1771 in
2444 1725 2612 1782 terra,
2640 1715 2869 1772 visibilia
2899 1723 2953 1770 et
2979 1714 3285 1770 invisibilia.

2205 1821 2249 1882 β
2332 1808 2478 1864 CAP.
2518 1824 2572 1871 x,
2606 1824 2693 1861 seu
2740 1804 2874 1862 Rea.
2923 1822 3013 1861 vn.
3069 1804 3349 1860 Distinctio
3394 1822 3753 1876 personarum.
3800 1837 3863 1848 —

2280 1898 2365 1953 Μ.
2419 1889 2749 1955 Firmissime
2786 1906 2928 1962 tene,
2974 1905 3030 1952 et
3076 1894 3380 1953 nullatenus
3424 1897 3658 1965 dubites,
3701 1897 3862 1953 solum

2280 1991 2447 2046 Deum
2490 1990 2707 2052 Filium,
2763 1991 2813 2045 id
2844 1997 2928 2045 est
2955 2003 3117 2044 unam
3148 2003 3216 2043 es
3257 1987 3518 2042 Trinitate
3565 2001 3861 2058 personam,

2279 2081 2445 2137 solius
2471 2081 2565 2135 Dei
2598 2079 2771 2134 Patris
2791 2095 2910 2136 esse
2937 2079 3159 2153 Filium
3183 2077 3441 2150 Spiritum
3452 2093 3586 2134 vero
3607 2086 3860 2146 sanctum,

2214 2230 2230 2249 ‘
2280 2172 2454 2241 ipsum
2485 2185 2701 2240 quoque
2730 2186 2890 2226 unam
2921 2186 2989 2227 ex
3012 2169 3276 2226 Trinitate
3312 2185 3621 2240 personam,
3652 2185 3761 2227 non
3786 2185 3864 2226 so.

2280 2265 2384 2319 lius
2413 2261 2607 2328 Patris,
2640 2263 2736 2319 sed
2774 2263 2934 2319 simul
2975 2261 3151 2318 Patris
3188 2269 3245 2317 et
3281 2261 3402 2316 Filii
3431 2276 3553 2317 esse
3593 2261 3861 2331 Spiritum.

2281 2353 2582 2411 Ostendens
2616 2356 2761 2411 enim
2790 2354 2885 2410 Dei
2930 2354 3097 2411 Filius
3130 2369 3190 2410 se
3235 2354 3410 2410 solum
3440 2369 3562 2411 esse
3608 2354 3676 2410 de
3724 2352 3866 2408 Patre

2282 2446 2542 2515 genitum,
2569 2445 2645 2500 ait
2667 2456 2691 2492 ς
2720 2464 2731 2498 τ
2763 2446 2855 2501 Sic
2875 2446 3010 2500 enim
3035 2445 3173 2499 Dens
3196 2444 3381 2499 dilexit
3399 2444 3669 2509 mundum,
3698 2451 3757 2497 ut
3780 2440 3866 2496 Fio

2283 2538 2409 2592 lium
2434 2554 2581 2592 suum
2603 2538 2925 2609 unigenitum
2966 2537 3115 2591 duret
3145 2535 3324 2606 (Joan.
3349 2551 3427 2604 In,
3458 2533 3579 2605 16);
3628 2543 3683 2590 et
3721 2532 3865 2605 paulo

2285 2636 2427 2699 post,
2460 2625 2559 2692 Qui
2580 2639 2751 2683 autem
2770 2645 2873 2683 non
2897 2628 3057 2683 credit
3077 2627 3193 2699 jam
3211 2627 3475 2698 judicatus
3502 2636 3609 2690 est,
3635 2626 3757 2696 quia
3776 2639 3866 2679 non

2285 2723 2505 2777 credidit
2531 2724 2586 2776 in
2613 2723 2818 2778 nomine
2843 2722 3101 2793 unigeniti
3124 2719 3253 2775 Filii
3283 2718 3382 2773 Dei
3405 2716 3596 2788 (Ibid.,
3628 2715 3739 2784 l8).
3759 2714 3867 2785 Spi-

2286 2814 2449 2869 ritum
2476 2823 2656 2885 autem
2686 2823 2929 2869 sanctum
2961 2821 3015 2868 et
3042 2811 3217 2891 Patris
3246 2819 3302 2867 et
3328 2809 3451 2866 Filii
3480 2823 3599 2865 esse
3624 2808 3867 2879 Spiritum

2287 2908 2579 2978 Apostolus
2598 2907 2776 2970 docet,
2795 2907 2887 2977 qui
2914 2908 3019 2961 ait:
3048 2904 3155 2960 Vos
3175 2914 3345 2959 autem
3366 2920 3468 2958 non
3488 2902 3611 2957 estis
3630 2900 3682 2954 in
3702 2916 3866 2965 eam,

2258 2982 2460 3054 νξράϊη
2500 3001 2704 3067 spiritu,
2737 3000 2783 3053 si
2827 3009 2996 3052 tamen
3028 2996 3257 3068 Spiritus
3286 2994 3383 3050 Dei
3413 2993 3608 3049 habitat
3641 2994 3695 3046 in
3738 2992 3869 3047 vobis

2290 3090 2467 3160 (Rom.
2495 3107 2603 3157 vm,
2636 3089 2714 3161 9).
2750 3089 2817 3144 Et
2847 3090 3092 3159 sequitur
3115 3087 3160 3154 ³³,
3194 3087 3255 3142 Si
3282 3088 3399 3159 quis
3437 3094 3597 3140 autem
3624 3084 3867 3153 Spiritum

590 3180 765 3236 solum
812 3182 1128 3237 naturaliter
1159 3182 1653 3238 incommutabilem
1691 3198 1828 3237 esse.
1880 3182 1993 3235 Hoc.
2040 3182 2182 3237 enim
2214 3196 2259 3260 ρ
2290 3181 2484 3237 Christi
2512 3200 2616 3238 non
2645 3184 2815 3246 habet,
2849 3184 2931 3236 hic
2958 3199 3060 3237 non
3086 3191 3161 3236 est
3185 3182 3297 3253 ejus
3320 3179 3533 3253 (Ibid).

589 3270 856 3342 signiﬁcat
886 3286 1006 3328 cum
1037 3272 1169 3328 dicit
1208 3286 1503 3331 servo‘suo
1535 3274 1703 3346 Moysi
1730 3292 1743 3327 :
1777 3273 1889 3344 Ego
1937 3292 2048 3327 sum
2092 3275 2179 3345 qui

591 3382 706 3419 sum
736 3363 932 3431 (Exod.
957 3381 1033 3429 ιιι,
1068 3365 1179 3434 id).
1212 3365 1346 3422 Hinc
1369 3372 1425 3421 et
1457 3366 1510 3421 in
1555 3366 1780 3421 Psalmis
1809 3366 2003 3421 dicitur
2021 3365 2070 3429 ι),
2115 3364 2180 3420 1η

590 3458 869 3529 principio,
900 3457 1141 3523 Domine,
1164 3467 1355 3514 terram
1386 3460 1637 3530 fundasti,
1681 3468 1730 3514 et
1759 3476 1913 3531 opera
1939 3475 2183 3513 manuum

595 3557 801 3604 tuarum
826 3560 944 3605 sunt
972 3552 1103 3606 caeli.
1138 3550 1249 3622 Ipsi
1293 3550 1549 3623 peribunt,
1599 3562 1651 3605 tu
1687 3562 1859 3607 mrtem
1890 3570 2181 3623 permanes,

595 3650 646 3695 et
672 3657 848 3695 omnes
867 3640 998 3696 sicut
1018 3644 1372 3697 vestimentum
1398 3651 1747 3707 reteruscent;
1777 3653 1828 3697 et
1863 3646 1996 3698 sicut
2032 3636 2186 3715 oper-

598 3732 784 3786 torium
827 3728 1051 3789 mutabis
1095 3751 1202 3799 eos,
1248 3744 1298 3788 et
1343 3735 1709 3790 mutabuntur:
1740 3747 1795 3789 tu
1825 3746 1995 3791 autem
2050 3739 2190 3794 idem

599 3823 710 3895 ipse
737 3841 808 3889 es,
835 3833 884 3879 et
903 3828 1028 3881 anni
1047 3828 1120 3881 tui
1143 3844 1246 3882 non
1259 3827 1500 3897 deﬁcient
1516 3839 1538 3867 ε
1557 3827 1732 3895 (Psal.
1754 3844 1823 3893 ει,
1848 3828 1935 3893 26,
1960 3828 2047 3894 97,
2071 3829 2190 3900 9.8).

672 3913 802 3971 CAP.
835 3934 945 3984 vm,
978 3935 1067 3973 seu
1099 3918 1231 3975 ῐίεσ.
1267 3935 1316 3973 ν.
1350 3918 1487 3974 Deus
1510 3921 1736 3974 omnium
1759 3930 1982 3975 creator.
2008 3954 2079 3963 —
2099 3919 2185 3974 49.

604 4003 934 4062 Firmissime
963 4017 1106 4071 tene,
1132 4017 1188 4063 et
1218 4009 1522 4063 nullatenus
1550 4009 1783 4076 dubites,
1806 4018 2047 4066 sanctam
2069 4008 2194 4065 Tri-

604 4094 829 4149 nitatem
858 4097 1031 4151 solum
1052 4112 1172 4152 esse
1196 4114 1380 4152 verum
1408 4099 1595 4164 Deum,
1627 4116 1806 4154 rerum
1836 4102 2072 4156 omnium
2106 4100 2194 4156 ⁷νί-

606 4184 842 4238 sibilium
883 4194 1045 4254 atque
1090 4188 1432 4242 invisibilium
1486 4197 1808 4246 creatorem.
1864 4192 1937 4248 De
1990 4209 2098 4263 quo
2140 4194 2196 4248 in

608 4272 838 4331 Psalmis
863 4275 1088 4346 dicitur:
1116 4277 1302 4333 Beatus
1327 4296 1385 4333 ru
1384 4283 1473 4350 jus
1497 4280 1635 4335 Deus
1649 4281 1811 4337 Iacob
1827 4285 2036 4354 adjutor
2053 4287 2196 4356 ejus;

608 4387 725 4443 spes
747 4372 856 4443 ejus
884 4373 938 4426 in
970 4372 1193 4429 Domino
1224 4374 1330 4430 Deo
1359 4376 1538 4444 ipsius,
1569 4380 1654 4447 qui
1676 4380 1794 4449 fecit
1823 4383 1999 4434 coelum
2029 4390 2077 4434 et
2094 4390 2200 4434 ter—

608 4460 921 4533 ram,'mare
964 4476 1013 4520 et
1051 4470 1224 4522 omnia
1261 4485 1375 4540 qua!
1413 4471 1466 4522 in
1496 4472 1570 4524 eis
1600 4481 1718 4525 sunt
1744 4471 1913 4539 (Psal.
1947 4489 2103 4535 chv,
2142 4473 2196 4538 5,

2360 3274 2488 3330 Car.
2525 3291 2600 3344 xt,
2631 3293 2721 3329 seu
2745 3275 2878 3331 Rea.
2910 3291 3021 3330 vm.
3049 3275 3277 3346 Spiritus
3297 3284 3527 3329 sanctus.
3560 3306 3629 3315 —
3650 3269 3738 3326 52.
3763 3269 3867 3324 Fir-

2286 3368 2527 3424 missime
2557 3376 2701 3436 tene,
2734 3376 2788 3423 et
2818 3369 3125 3423 nullatenus
3158 3366 3390 3432 dubites,
3431 3364 3677 3420 eumdem
3708 3362 3863 3432 Spiri—

2289 3472 2399 3519 tum
2430 3472 2698 3529 sanctum,
2724 3463 2815 3532 qui
2844 3463 3014 3519 Patris
3041 3469 3095 3517 et
3123 3461 3244 3516 Filii
3277 3476 3414 3515 unus
3440 3460 3671 3529 Spiritus
3691 3466 3785 3519 est.
3806 3456 3863 3511 de

2290 3553 2451 3609 Patre
2476 3563 2532 3608 et
2560 3553 2696 3609 Filio
2720 3553 3035 3624 procedere.
3068 3552 3207 3607 Dicit
3234 3551 3377 3606 enim
3405 3551 3572 3606 Filius
3600 3569 3613 3603 :
3645 3548 3768 3603 Cum
3795 3566 3872 3603 re-

2290 3644 2423 3697 nerit
2449 3643 2675 3712 Spiritus
2704 3643 2953 3708 ueritatis,
2977 3644 3063 3714 qui
3086 3660 3118 3696 a
3147 3642 3309 3696 Patre
3326 3643 3557 3713 procedit
3582 3641 3634 3712 (1
3639 3657 3758 3695 oau.
3784 3654 3867 3708 xv,

2290 3735 2415 3807 26);
2448 3737 2535 3794 ubi
2566 3752 2719 3792 suum
2741 3735 2997 3808 Spiritum
3028 3751 3149 3792 esse
3168 3735 3367 3801 docuit,
3392 3737 3515 3805 quia
3540 3735 3651 3805 ipse
3677 3731 3872 3811 estVe.

2293 3828 2425 3882 ritas
2440 3827 2616 3899 (Joan.
2634 3844 2743 3893 xw,
2759 3827 2836 3898 6).
2853 3828 2930 3883 De
2942 3827 3078 3883 Filio
3095 3842 3311 3899 quoque
3325 3825 3617 3897 procedere
3631 3824 3868 3894 Spiritum

2295 3926 2557 3983 sanctum,
2590 3920 2902 3989 prophetica
2929 3926 3091 3987 atque
3115 3919 3412 3989 apostolica
3448 3916 3605 3972 nobis
3640 3914 3865 3970 doctrina

2297 4010 2657 4066 commendat.
2706 4011 2872 4067 Isaias
2921 4011 3065 4067 enim
3120 4011 3250 4079 dicit
3291 4010 3359 4067 de
3417 4010 3553 4065 Filio
3590 4007 3865 4063 :Percutiet

2299 4112 2493 4158 terram
2518 4104 2661 4175 virga
2684 4106 2790 4159 oris
2820 4106 2921 4173 sui,
2945 4114 2995 4159 et
3023 4105 3209 4177 spiritu
3233 4102 3486 4159 labiorum
3506 4120 3716 4157 suorum
3737 4103 3871 4155 inter-

2300 4194 2438 4262 ﬁciet
2477 4195 2693 4265 impium
2726 4195 2884 4264 (lsai.
2916 4212 2988 4261 st,
3020 4194 3099 4265 4).
3126 4196 3202 4251 De
3224 4211 3333 4265 quo
3358 4203 3416 4251 et
3452 4193 3743 4265 Apostolus
3775 4191 3869 4245 ait:

2305 4282 2468 4347 Quem
2514 4286 2788 4354 interﬁciet
2836 4284 3092 4341 Dominus
3128 4283 3279 4340 Iesus
3319 4287 3503 4356 spiritu
3548 4285 3656 4339 oris
3693 4284 3765 4338 sui
3800 4274 3874 4347 (ﬂ

2307 4373 2486 4430 Thess.
2513 4375 2678 4444 11,-8).
2707 4375 2875 4444 Quem
2905 4378 3068 4433 etiam
3099 4379 3214 4447 ipse
3245 4376 3432 4432 unicus
3460 4375 3555 4430 Dei
3585 4374 3750 4430 Filius
3784 4370 3875 4442 spi-

2304 4468 2468 4523 ritum
2498 4469 2609 4525 oris
2645 4469 2727 4524 sui
2768 4484 2887 4525 esse
2931 4468 3262 4539 signiﬁcans,
3292 4477 3416 4541 post
3447 4469 3871 4524 resurrectionem

610 4556 689 4629 6).
725 4558 801 4613 De
824 4558 932 4628 q'uo
960 4561 1122 4615 etiam
1154 4561 1442 4632 Apostolus
1476 4563 1643 4618 dicit:
1678 4564 2026 4628 Quoniamea:
2064 4556 2197 4638 ipso,
2231 4574 2282 4635 ι)
2306 4574 2459 4615 suam
2498 4558 2774 4615 insuﬁlans
2805 4561 2857 4614 in
2885 4560 3191 4630 discipulos,
3210 4556 3297 4615 'ait
3331 4577 3343 4613 :
3386 4559 3618 4629 Accipite
3649 4558 3875 4629 Spiritum

610 4659 662 4702 et
700 4664 791 4719 per
829 4652 1017 4720 ipsum,
1046 4660 1095 4704 et
1132 4653 1183 4706 in
1227 4654 1339 4723 ipso
1394 4663 1512 4716 sunt
1552 4657 1748 4721 omnia,
1798 4658 1898 4726 ipsi
1940 4656 2105 4728 gloria
2145 4658 2198 4717 in

614 4741 804 4794 alecula
823 4737 851 4778 ἀ
884 4740 1060 4813 (Rom.
1094 4759 1165 4805 x1,
1194 4742 1307 4810 56).

686 4822 814 4885 Car.
849 4845 925 4895 Ix,
942 4838 1029 4884 seu
1053 4830 1189 4887 Rm.
1223 4848 1293 4886 vr.
1321 4832 1552 4887 Trinitas
1574 4835 1629 4888 in
1656 4834 1959 4890 unitate.'—-
1976 4834 2061 4889 50.
2089 4836 2204 4891 Fir-

615 4921 859 4977 missime
888 4930 1035 4985 tene,
1060 4931 1116 4977 et
1137 4923 1441 4979 nullatenus
1470 4924 1702 4987 dubites,
1733 4925 1905 4982 Patris
1927 4937 1981 4983 et
2010 4927 2127 4983 Filii
2149 4938 2207 4983 et

614 5010 849 5079 Spiritus
877 5011 1047 5064 sancti
1076 5027 1237 5067 unam
1263 5012 1479 5081 quidem
1507 5028 1626 5069 esse
1648 5023 1911 5079 naturam,
1940 5023 2049 5072 tres
2077 5030 2208 5071 vero

619 5116 739 5155 esse
768 5116 1058 5169 personas;
1094 5101 1413 5174 Patremque
1429 5105 1602 5160 solum
1632 5120 1749 5162 esse
1776 5107 1868 5176 qui
1896 5105 2068 5160 dixit:
2096 5106 2201 5160 Hic

618 5200 697 5243 est
727 5189 897 5244 Filius
936 5207 1078 5245 meus
1104 5193 1338 5259 dilectus,
1370 5196 1425 5248 in
1453 5211 1551 5264 quo
1577 5194 1704 5249 mihi
1748 5195 1872 5250 bene
1910 5197 2205 5268 complacui

623 5280 841 5351 (Matth.
874 5297 950 5345 ιιι,
987 5281 1108 5363 l7);
1144 5291 1200 5338 et
1228 5282 1420 5340 Filium
1455 5286 1630 5342 solum
1677 5300 1796 5342 esse
1842 5301 2006 5356 super
2042 5300 2207 5357 quem

623 5370 714 5427 illa
741 5386 850 5430 vox
892 5369 1058 5428 solius
1098 5370 1272 5428 Patris
1318 5376 1581 5441 insonuit,
1615 5376 1833 5444 quando
1879 5376 1933 5432 in
1975 5375 2211 5435 Jordane

699 5540 724 5603 τ
756 5531 853 5603 bis.
884 5548 1041 5599 unus,
1073 5534 1193 5603 quia
1219 5534 1408 5587 ueritas
1435 5543 1529 5587 est.

700 5597 727 5638 δ
754 5600 845 5671 Sic
862 5616 997 5671 mss.
1023 5597 1269 5671 quatuor.
1311 5603 1377 5656 At
1396 5603 1542 5671 e:ld.,
1564 5601 1699 5659 Hinc
1723 5618 1770 5659 et
1792 5601 2036 5662 Psalmus
2058 5607 2202 5662 dicit.

628 5666 727 5725 Ms.
750 5668 935 5734 Corb.,
964 5666 1096 5725 Huic
1118 5683 1164 5725 et
1193 5679 1244 5727 iu
1276 5672 1503 5727 Psalmis
1529 5666 1737 5729 dicitur.

703 5749 725 5776 ο
757 5737 881 5792 Mss.
914 5746 1023 5794 tres
1046 5743 1298 5797 omittunt
1319 5743 1431 5798 lucc
1455 5743 1631 5799 verba.

701 5808 727 5848 ο
759 5806 879 5872 Νι,
906 5808 957 5867 in
978 5812 1165 5871 steculu
1193 5810 1513 5874 seculorum.
1544 5815 1717 5880 Amen.

818 5929 861 5964 ο
1926 5912 2042 5951 «ιιι-

2305 4660 2541 4705 sanctum
2574 4649 2751 4719 (Joan.
2796 4666 2890 4717 xx,
2921 4650 3035 4720 22).
3090 4652 3165 4707 De
3195 4666 3291 4708 ore
3316 4666 3447 4707 vero
3492 4651 3661 4722 ipsius
3692 4645 3876 4704 Domini

2306 4740 2430 4796 .lesu
2455 4742 2527 4795 ait
2555 4740 2790 4798 Joannes
2826 4742 2879 4796 in
2914 4741 3234 4813 Apocalypsi
3269 4742 3394 4812 quia
3422 4740 3633 4809 gladius
3676 4747 3876 4807 utraque

2308 4839 2462 4901 parte
2488 4840 2678 4886 acutus
2707 4829 3036 4901 procedebat
3068 4818 3320 4903 (Apoc.t,
3348 4831 3461 4900 16).
3490 4830 3610 4903 ipse
3645 4844 3768 4899 ergo
3787 4825 3856 4896 spi

2312 4929 2397 4978 tus
2418 4923 2528 4978 oris
2554 4922 2669 4991 ejus
2699 4923 2812 4992 ipse
2835 4929 2916 4977 est
2942 4921 3150 4990 gladius
3168 4921 3259 4991 qui
3287 4921 3356 4977 de
3378 4936 3474 4977 ore
3495 4919 3614 4990 eius
3636 4916 3876 4991 procedit.

2383 5012 2513 5068 Car.
2547 5030 2638 5076 xu,
2672 5030 2760 5068 seu
2780 5012 2915 5071 Rnc.
2954 5029 3030 5069 Ix.
3073 5010 3303 5068 Trinitas
3332 5013 3493 5070 nullis
3520 5011 3752 5069 terminis
3788 5008 3877 5061 cir-

2313 5104 2807 5178 cumscripta.—55.
2825 5105 3156 5163 Firmissime
3177 5114 3322 5169 tene,
3346 5113 3403 5161 et
3423 5105 3729 5161 nullatenus
3746 5098 3879 5155 dubi-

2312 5204 2413 5263 tes,
2446 5194 2761 5251 Trinitatem
2788 5196 2958 5251 Deum
3004 5196 3329 5252 immensum
3372 5210 3496 5251 esse
3524 5196 3739 5256 virtute,
3788 5204 3877 5243 nou

2315 5286 2488 5353 mole,
2522 5295 2578 5341 et
2604 5301 2818 5343 omnem
2848 5293 3151 5343 creaturam
3189 5286 3488 5357 spisitaiem
3518 5293 3676 5355 atque
3704 5296 3869 5350 corpu

2316 5377 2485 5436 ralem
2514 5378 2712 5434 virtute
2740 5377 2857 5448 ejus
2879 5385 2935 5434 et
2970 5378 3255 5450 pnesentia
3276 5377 3564 5437 contineri.
3592 5374 3726 5432 Dicit
3753 5368 3878 5427 enim

2320 5512 2330 5524 ’
2388 5544 2412 5574 ε
2442 5536 2532 5592 Sic
2556 5551 2656 5590 ms.
2680 5534 2844 5593 Corb.
2874 5536 2941 5589 At
2961 5536 3105 5599 edd.,
3139 5539 3349 5593 uisione.

2312 5603 2601 5744 αρξῶίῖἐῗῖ
2630 5607 2808 5674 ﬁdeles
2839 5607 3118 5676 apostolos.
3151 5607 3278 5664 Mss.
3309 5607 3547 5678 quinque
3578 5618 3683 5701 non
3704 5598 3883 5658 habent

2389 5754 2413 5790 ιε
2443 5744 2540 5798 Ms.
2573 5760 2727 5809 unus,
2756 5745 2997 5800 Ostendit
3023 5749 3225 5803 enim...
3260 5764 3374 5807 sunt
3396 5750 3493 5811 ait.

2389 5812 2415 5872 lI
2441 5812 2567 5872 Mss.
2603 5823 2729 5896 tres,
2759 5825 2808 5875 et
2827 5824 3048 5893 secutus,
3082 5819 3170 5887 ait,
