4064 6358
285 354 388 411 σοι

1539 345 1626 402 DE
1653 345 1807 403 FIDE
1846 344 2045 402 LIBER
2086 347 2284 404 UNUS.

3463 352 3572 411 me
3624 304 3633 311 .

288 468 432 525 Deus
458 465 620 522 Pater
652 484 662 519 :
696 465 888 520 Coenam
916 473 965 519 et
1005 475 1196 519 terram
1225 480 1317 535 ego
1350 465 1536 535 impleo
1565 462 1698 537 (Jer.
1725 480 1874 529 χχιιι,
1906 469 1960 527 Α
1982 464 2105 517 licta
2133 474 2211 519 est
2239 467 2415 519 anima
2443 471 2553 535 ejus
2585 468 2638 521 in
2679 469 2907 539 inferno,
2953 483 3113 538 neque
3152 483 3273 521 caro
3308 468 3419 537 ejus
3448 469 3573 523 vidit

288 558 399 633 2i).
441 559 642 616 Dicitur
668 561 833 614 etiam
861 558 928 613 de
955 544 1228 627 Sapientia
1257 555 1375 619 Dei,
1403 570 1521 626 qua:
1569 555 1734 610 Filius
1764 554 1880 624 ejus

288 659 390 717 est,
422 653 546 722 quia
575 650 784 722 attingit
805 668 835 702 a
863 649 1154 720 ﬁne'usque
1173 649 1243 702 ad
1269 648 1428 718 ﬁnem
1451 648 1671 718 fortiter,
1697 655 1746 701 et
1773 647 1882 702 dis-

264 743 436 814 .ponit
451 742 636 798 omnia
665 740 887 794 suaviter
919 738 1073 809 (Sap.
1101 754 1210 805 vin,
1240 738 1314 807 l).
1344 737 1419 792 De
1443 737 1645 807 Spiritu
1666 751 1881 806 quoque

288 839 476 887 sancto
504 830 731 899 legimus
762 846 774 882 :
804 827 947 894 Quia
975 827 1205 896 Spiritus
1233 827 1447 882 Domini
1476 827 1684 897 replevit
1707 826 1879 881 orbem

289 932 546 979 terrarum
578 921 732 993 (Sap.
759 938 804 989 ι,
832 920 908 991 7).
949 918 1016 974 Et
1044 919 1210 975 David
1243 919 1507 991 propheta
1556 920 1687 976 dicit
1720 938 1733 974 :
1766 919 1879 984 Quo

287 1012 372 1069 ibo
400 1032 433 1069 a
458 1017 643 1084 spiritu
664 1023 770 1081 tuo,
801 1024 851 1070 et
876 1032 908 1069 a
935 1016 1071 1087 facie
1098 1023 1188 1069 tua
1216 1014 1578 1089 quofugiam?
1594 1012 1663 1070 Si
1694 1030 1879 1069 ascen-

287 1111 413 1167 dero
438 1115 493 1167 in
514 1113 716 1176 caelum,
742 1121 796 1166 tu
824 1112 934 1167 illic
961 1128 1015 1167 es
1028 1120 1053 1175 ;'
1076 1112 1121 1165 si
1152 1110 1461 1166 descendere
1502 1110 1558 1165 in
1597 1111 1877 1183 infernum,

288 1204 415 1257 ades
436 1198 610 1275 (Psal.
640 1220 896 1268 cxxxvut,
931 1204 1008 1274 '7).

356 1291 488 1348 Cu.
523 1310 635 1360 xm,
664 1309 751 1348 seu
777 1293 910 1349 Bac.
942 1309 996 1347 χ.
1033 1291 1269 1347 Persona
1294 1290 1442 1346 Filii.
1467 1288 1638 1345 4-54.
1671 1289 1886 1347 Firmis-

286 1383 425 1439 sime
454 1392 597 1451 tene,
627 1392 685 1440 et
714 1384 1035 1464 ouullatenus
1063 1384 1298 1451 dubites,
1328 1398 1491 1438 unam
1522 1397 1592 1438 ex
1621 1381 1884 1438 Trinitate

288 1488 598 1546 personam,
630 1476 683 1531 id
718 1484 800 1531 est
846 1476 1012 1531 Deum
1051 1475 1265 1543 Filium,
1304 1475 1396 1545 qui
1437 1475 1504 1530 de
1546 1483 1737 1529 natura
1788 1473 1883 1530 Dei

287 1564 468 1623 Patris
493 1568 642 1624 solus
669 1578 825 1623 natus
862 1577 966 1636 est,
1005 1576 1061 1623 et
1089 1567 1247 1623 unius
1288 1566 1637 1636 ejusdemque
1679 1572 1884 1619 naturzn

290 1677 414 1718 cum
443 1661 602 1720 Patre
632 1672 713 1721 est
731 1706 746 1731 ,
779 1664 952 1734 ipsum
970 1662 1024 1718 in
1050 1661 1380 1733 plenitudine
1410 1659 1667 1730 temporis
1692 1673 1886 1714 secun-

286 1754 415 1809 dum
445 1756 845 1827 susceptionem
869 1756 1055 1811 forma:
1080 1753 1292 1810 servilis
1319 1752 1622 1808 voluntarie
1664 1752 1717 1806 in
1763 1749 1884 1806 Vir-

1984 558 2364 626 corruptionem
2396 560 2531 627 (Act.
2561 574 2615 623 ιι,
2651 557 2738 624 50,
2771 558 2882 627 51).

2057 647 2185 703 ΟΜ».
2219 666 2307 715 xv,
2339 667 2427 704 seu
2462 649 2596 705 Rea.
2622 664 2714 705 xu.
2749 650 3008 707 Divinitas
3032 650 3242 707 Christi.
3268 683 3329 697 -
3350 647 3438 706 56.
3459 649 3577 705 Fir-

1986 738 2222 794 missime
2276 748 2418 805 tene,
2467 749 2521 796 ct
2569 742 2875 798 nullatenus
2923 742 3365 807 dubites,unum
3417 750 3578 811 atque

1970 831 2160 900 ipsum
2184 847 2302 887 esse
2328 831 2497 887 Deum
2538 833 2774 889 Verbum
2815 833 2858 903 ί,
2888 834 2980 904 qui
3023 849 3145 890 cum
3187 832 3347 890 Patre
3368 833 3479 890 Deo
3524 842 3580 890 et

1987 922 2191 992 Spiritu
2223 933 2412 979 sancto
2440 923 2554 981 Deo
2584 924 2712 981 fecit
2735 926 2917 982 omnia
2947 935 3212 997 tempora,
3240 934 3295 981 et
3322 926 3376 981 in
3395 935 3581 982 monte

1987 1017 2137 1072 Sinai
2158 1017 2329 1087 legem
2352 1018 2522 1091 Moysi
2551 1020 2700 1075 dedit
2728 1020 2927 1090 (Exod.
2959 1037 3032 1077 xx
3055 1030 3105 1077 et
3130 1022 3243 1093 xxx)
3272 1022 3579 1078 ordinatam

1986 1110 2333 1181 perangelos
2362 1109 2503 1182 (Gal.
2537 1126 2615 1178 ιιι,
2648 1109 2758 1183 19),
2809 1120 2865 1167 et
2902 1111 3075 1182 ipsum
3128 1111 3365 1168 Verbum
3410 1111 3581 1168 Deum

1986 1215 2203 1256 carnem
2231 1200 2470 1257 factum:
2515 1202 2607 1271 qui
2637 1203 2888 1259 veniente
2925 1204 3258 1275 plenitudine
3299 1203 3580 1276 temporis,

1989 1292 2184 1347 missus
2209 1306 2239 1346 a
2268 1290 2427 1346 Patre
2455 1300 2509 1347 et
2534 1291 2737 1363 Spiritu
2758 1301 2966 1358 sancto,
2999 1294 3146 1350 solus
3175 1293 3346 1350 factus
3383 1301 3467 1349 est
3510 1307 3579 1348 ex

1989 1386 2214 1440 muliere
2234 1399 2396 1454 quam
2426 1384 2573 1453 fecit,
2616 1385 2765 1443 solus
2811 1387 2986 1444 factus
3013 1395 3097 1443 est
3144 1388 3241 1444 sub
3275 1386 3393 1458 lege
3434 1385 3575 1459 (Gal.

1988 1494 2059 1544 tv,
2092 1476 2146 1547 4)
2176 1492 2337 1546 quam
2367 1476 2534 1533 dedit.
3305 1544 3318 1559 .

1988 1592 1994 1597 '
2059 1576 2188 1630 CAP.
2223 1593 2331 1644 xvr,
2362 1593 2449 1630 seu
2482 1576 2614 1632 RBG.
2656 1592 2767 1632 χιιι.
2808 1576 2888 1631 De
2916 1576 3113 1632 duabus
3148 1579 3204 1632 in
3234 1576 3437 1635 Christo
3478 1595 3577 1634 nae

1989 1671 2134 1723 turis.
2164 1700 2237 1712 -
2262 1668 2352 1723 57.
2382 1668 2712 1724 Firmissime
2747 1678 2891 1738 tene,
2916 1678 2971 1726 et
3012 1670 3315 1727 nullatenus
3341 1670 3575 1739 dubites,

1988 1762 2085 1818 Dei
2117 1762 2276 1818 Verbi
2304 1763 2317 1813 i
2351 1762 2493 1832 quod
2527 1778 2656 1818 caro
2691 1762 2888 1819 factum
2931 1772 3013 1820 est
3063 1764 3196 1820 duas
3245 1772 3464 1837 naturas
3492 1764 3578 1820 in-

287 1846 413 1915 sinc
439 1855 785 1917 conceptum,
811 1855 866 1901 θι
887 1847 953 1901 de
981 1845 1202 1915 Virgine
1228 1853 1435 1911 natum.
1477 1844 1712 1900 Verbum
1760 1858 1881 1900 θαι·-
1907 1851 1959 1912 Β
1984 1851 2375 1907 conlusibiliter
2400 1859 2562 1922 atque
2593 1853 3021 1923 inseparabiliter
3044 1868 3363 1924 permanere
3385 1868 3577 1909 :unam

287 1952 413 1993 nem
468 1937 705 1992 factum:
751 1938 925 2008 ipsum
966 1952 1184 2008 quoque
1230 1951 1352 1993 esse
1392 1935 1484 2006 qui
1528 1935 1885 1992 essentialiter

287 2026 447 2085 uatu‘s
477 2031 644 2086 estde
673 2030 831 2086 Patre
863 2041 911 2099 ι,
945 2040 999 2085 et
1018 2029 1389 2088 ‘essentialiter
1409 2028 1570 2101 524
1587 2037 1882 2100 conceptus

288 2130 374 2177 est
402 2130 670 2192 natusque
714 2122 781 2177 de
822 2121 1068 2192 Virgine;
1122 2122 1404 2192 ipsumque
1438 2136 1601 2175 unum
1648 2134 1787 2186 esse,
1826 2127 1884 2176 et

288 2215 448 2269 unius
477 2224 680 2269 natura:
703 2230 825 2271 cum
857 2213 1035 2278 Patre,
1064 2221 1117 2268 et
1146 2213 1306 2268 unius
1325 2220 1528 2267 natura:
1553 2209 1579 2250 ι’
1611 2225 1733 2266 cum
1762 2209 1883 2264 Vir-‘

286 2307 429 2376 gine,
460 2306 552 2377 qui
581 2308 657 2361 ait
680 2306 749 2362 de
774 2306 884 2362 Deo
912 2306 1071 2361 Patre
1105 2323 1117 2358 :
1152 2305 1284 2360 Ante
1309 2304 1501 2359 saecula
1525 2279 1757 2375 fundavit
1778 2318 1878 2369 me,

286 2408 335 2452 et
355 2408 477 2453 ante
503 2417 679 2455 omnes
708 2400 864 2455 colles
887 2400 1060 2470 genuit
1081 2416 1161 2453 me
1184 2396 1366 2470 (Prov.
1400 2412 1492 2451 vm
1512 2435 1528 2461 ,
1566 2394 1653 2461 2‘2,
1682 2405 1732 2449 et
1755 2392 1877 2464 26);

284 2491 352 2547 de
377 2507 488 2562 quo
510 2494 671 2549 etiam
701 2492 834 2548 dixit
880 2492 1170 2563 Apostolus
1214 2490 1360 2559 quia,
1390 2504 1504 2542 cum
1542 2487 1674 2542 venit
1706 2487 1879 2554 pleni-

285 2580 410 2637 tudo
438 2584 703 2653 temporis,
753 2583 895 2636 misit
946 2581 1086 2635 Deus
1125 2578 1322 2653 Filium
1361 2593 1535 2644 suum,
1585 2578 1779 2647 factum
1817 2591 1882 2629 ea:

284 2675 520 2741 muliere,
544 2652 748 2746 factum
769 2674 861 2728 sub
891 2673 1001 2744 lege
1032 2652 1178 2743 (Gal:
1209 2687 1282 2737 tv,
1316 2669 1393 2741 4).

353 2768 488 2824 Car.
519 2785 625 2836 xw,
669 2785 759 2823 seu
804 2767 938 2823 Rea.
982 2783 1054 2822 ιιι.
1091 2765 1404 2819 Humanitas
1447 2761 1660 2817 Christi.
1690 2793 1761 2803 —
1789 2757 1876 2814 55.

284 2860 617 2919 Firmissime
641 2867 784 2925 tene,
813 2867 869 2915 et
897 2859 1204 2913 nullatenus
1232 2854 1464 2920 dubites,
1489 2852 1760 2908 Christum
1787 2850 1882 2905 Dei

284 2951 480 3008 ﬂium
536 2952 786 3008 sicut'de
818 2936 957 3007 'Deo
1003 2949 1163 3005 Patre
1211 2949 1429 3019 plenum
1477 2945 1882 3018 perfectumque

286 3045 477 3113 Deum,
507 3047 580 3103 ita
607 3047 677 3104 de
704 3046 921 3115 Virgine
949 3057 972 3086 ε
1005 3052 1182 3125 matre
1223 3045 1443 3116 plenum
1474 3041 1885 3114 perfectumque

286 3136 561 3196 hominem
583 3137 610 3176 ά
640 3140 900 3209 genitum,
934 3137 987 3193 id
1008 3145 1091 3193 est
1114 3136 1349 3193 Verbum
1370 3135 1562 3202 Deum,
1592 3134 1882 3191 habentem

1985 1958 2167 1999 veram
2195 1943 2452 2011 divinam,
2482 1958 2642 2013 quam
2672 1944 2835 1998 habet
2865 1960 2988 2000 cum
3024 1943 3183 1999 Patre
3212 1956 3574 2011 communem,
3602 1952 3607 1957 ‘

1953 2035 2276 2091 secundum
2333 2050 2493 2105 quam
2543 2034 2672 2091 dicit
2707 2054 2718 2088 :
2758 2035 2871 2107 Ego
2911 2047 2959 2090 et
3005 2035 3163 2090 Pater
3200 2037 3357 2090 unum
3404 2052 3581 2092 sumus

1988 2125 2173 2197 (Joan.
2218 2143 2272 2191 x,
2315 2124 2433 2196 '50);
2494 2134 2565 2190 et,
2622 2122 2725 2189 Qui
2770 2142 2851 2180 me
2893 2126 3045 2191 ridet,
3085 2126 3222 2179 videt
3273 2135 3322 2179 et
3367 2124 3581 2181 Patrem

1988 2218 2167 2291 (Joan.
2199 2233 2311 2286 xxv,
2340 2216 2427 2287 9);
2459 2225 2534 2283 et,
2565 2215 2679 2287 Ego
2741 2217 2795 2271 in
2824 2215 3007 2283 Patre,
3040 2224 3088 2271 et
3118 2215 3281 2270 Pater
3315 2217 3373 2270 in
3400 2232 3479 2270 me
3504 2223 3582 2270 est

1988 2311 2173 2384 (lbid.,
2209 2311 2332 2382 10):
2378 2310 2672 2367 secundum
2703 2325 2863 2381 quam
2893 2308 2919 2347 ιι
2952 2326 3074 2365 eum
3120 2310 3251 2366 dicit
3288 2308 3581 2381 Apostolus

1988 2402 2148 2476 (Heb.
2175 2417 2211 2466 ι,
2244 2401 2320 2471 5),
2354 2400 2711 2472 Splendorem
2735 2400 2921 2469 glorise
2941 2408 2997 2455 et
3016 2401 3240 2469 ﬁguram
3268 2402 3426 2473 525
3449 2401 3579 2457 sub-

1985 2493 2196 2550 stantia:
2244 2493 2374 2559 Dei;
2410 2494 2635 2572 alteram
2670 2508 2851 2547 veram
2885 2490 2903 2530 ι
2937 2493 3245 2558 humanam,
3287 2493 3580 2549 secundum

1985 2599 2148 2655 quam
2179 2584 2293 2653 ipse
2321 2583 2463 2640 Deus
2496 2582 2804 2638 incarnatus
2833 2581 2980 2649 dicit,
3021 2580 3182 2636 Pater
3205 2583 3377 2654 major
3400 2599 3481 2638 me
3504 2589 3578 2638 est

1988 2681 2167 2748 (Joan.
2194 2695 2302 2747 xw,
2326 2677 2437 2745 28).

2059 2770 2186 2827 CAP.
2220 2785 2344 2834 xvn,
2372 2786 2460 2824 seu
2484 2768 2617 2824 Rsc.
2642 2783 2751 2823 xw.
2788 2767 2975 2823 Unitas
3000 2783 3237 2837 personae
3262 2769 3319 2823 in
3341 2766 3577 2823 Christo.

1951 2933 1957 2939 η
1987 2894 2058 2908 --
2087 2861 2174 2918 58.
2202 2861 2533 2917 Firmissime
2554 2869 2702 2926 tene,
2731 2867 2788 2915 et
2808 2859 3115 2914 nullatenus
3134 2857 3379 2926 dubites,
3411 2857 3579 2916 Deum
3731 2921 3745 2932 _

1988 2955 2222 3012 Verbum
2251 2968 2467 3009 carnem
2490 2951 2688 3007 factum
2718 2965 2882 3006 unam
2908 2950 3110 3031 habere
3138 2949 3438 3006 divinitatis
3461 2963 3575 3005 suae
3676 2984 3681 2989 ι

1989 3048 2273 3120 carnisque
2301 3060 2613 3119 personam.
2640 3045 2784 3100 Deus
2811 3043 2957 3100 enim
2980 3043 3216 3100 Verbum
3239 3042 3451 3114 plenam
3479 3056 3578 3097 na-

1991 3151 2165 3196 turam
2185 3140 2475 3195 humanam
2497 3136 2569 3191 ita
2590 3134 2694 3192 sibi
2720 3133 2986 3191 veraciter
3004 3133 3161 3188 unire
3188 3131 3439 3203 dignatus
3462 3139 3545 3187 est
3560 3171 3576 3196 ,

279 3230 495 3288 scilicet
520 3232 638 3287 sine
667 3239 891 3302 peccato
915 3244 1095 3286 veram
1117 3227 1287 3283 nostri
1308 3226 1522 3297 generis
1544 3239 1758 3281 carnem
1776 3237 1798 3262 ε
1829 3231 1886 3279 et
1912 3242 1959 3308 ο
1991 3240 2046 3289 et
2060 3238 2411 3304 permanente
2431 3226 2710 3283 divinitate
2722 3234 2870 3281 suam
2889 3226 2964 3281 ita
2977 3223 3217 3281 Verbum
3237 3238 3367 3280 caro
3382 3222 3579 3280 factum

290 3324 527 3380 animam
555 3323 899 3379 rationalem.
933 3320 1088 3389 Quod
1121 3321 1236 3391 ipse
1264 3319 1360 3375 Dei
1390 3317 1557 3373 Filius
1604 3316 1884 3373 evidenter

289 3417 525 3474 ostendit
544 3400 731 3474 dicens
759 3417 825 3472 de
864 3431 1029 3472 carne
1061 3430 1157 3472 sua
1187 3431 1201 3468 :
1236 3414 1461 3484 Palpate
1496 3421 1547 3467 et
1573 3411 1737 3467 ridete
1763 3412 1884 3484 quia

289 3512 499 3582 spiritus
518 3527 727 3565 carnem
745 3519 795 3565 et
822 3526 943 3565 ossa
972 3525 1076 3564 non
1106 3506 1281 3576 habet,
1317 3506 1449 3560 sicut
1476 3521 1557 3559 me
1585 3503 1765 3558 videtis
1786 3502 1882 3556 ha-

291 3604 403 3659 bere
425 3603 577 3676 (Luc.
604 3621 750 3672 xxrv,
779 3603 893 3674 59).
921 3603 1170 3659 Animam
1199 3615 1418 3673 quoque
1456 3615 1517 3656 se
1560 3599 1763 3654 habere
1801 3598 1886 3653 his

284 3698 467 3755 Verbis
493 3698 746 3764 ostendit,
787 3697 972 3754 dicens
1006 3716 1019 3751 :
1052 3695 1341 3767 Propterea
1382 3710 1465 3748 me
1495 3692 1656 3747 Pater
1694 3691 1883 3763 diligit,

290 3776 404 3861 quia
426 3807 521 3862 ego
551 3806 685 3860 pono
720 3791 951 3844 animam
996 3803 1183 3855 meam,
1224 3797 1274 3842 et
1311 3788 1497 3841 iterum
1548 3800 1693 3839 sumo
1723 3782 1740 3821 ί
1773 3798 1885 3836 eam

283 3879 469 3952 (Joan.
504 3897 555 3949 χ,
584 3881 699 3952 l7).
730 3880 1065 3939 Intellectum
1087 3894 1307 3952 quoque
1345 3879 1537 3934 anima:
1586 3893 1644 3933 se
1686 3876 1889 3931 habere

284 3974 525 4030 ostendit
544 3975 598 4029 in
629 3989 696 4030 eo
725 3975 870 4045 quod
899 3975 976 4030 ait
1000 3993 1012 4028 :
1045 3972 1245 4028 Discite
1269 3990 1301 4026 a
1327 3987 1410 4027 me
1456 3972 1578 4040 quia
1605 3970 1745 4024 mitis
1774 3984 1888 4023 sum

287 4077 334 4123 et
355 4056 585 4124 'humilis
612 4070 765 4125 corde
806 4068 1021 4141 (Matth.
1054 4085 1129 4133 χι,
1161 4066 1275 4137 29).
1318 4064 1385 4120 Et
1423 4062 1497 4120 de
1542 4064 1659 4136 ipso
1692 4072 1716 4111 ες
1748 4062 1890 4117 Deus

286 4174 385 4232 per
423 4161 744 4232 prophetam
785 4161 954 4217 dicit:
987 4159 1124 4215 Ecce
1167 4160 1419 4231 intelliget
1458 4173 1789 4230 puermeus.
1840 4164 1889 4209 et

274 4242 626 4321 excitabitur,
651 4261 700 4307 et
727 4253 962 4308 sublimis
982 4253 1080 4308 erit
1105 4251 1254 4307 valde
1285 4246 1445 4322 (Isai.
1477 4236 1581 4314 ut,”
1599 4247 1709 4317 ιδ).
1756 4248 1887 4301 Nam

286 4354 340 4402 et
360 4346 555 4402 beatus
583 4344 773 4400 Petrus
801 4344 1094 4401 secundum
1137 4343 1311 4400 sancti
1339 4340 1510 4396 David
1549 4339 1889 4411 prophetiam

285 4437 343 4492 in
394 4434 610 4492 Christo
653 4451 872 4491 carnem
918 4443 974 4490 et
1016 4435 1249 4489 animam
1290 4430 1596 4489 confitetur.
1652 4431 1891 4501 De.ipso

288 4528 433 4584 enim
455 4528 618 4583 beato
641 4526 809 4582 David
837 4526 1067 4596 loquens
1098 4526 1172 4579 ait
1193 4523 1255 4577 δε
1292 4522 1554 4593 Propheta
1582 4523 1741 4594 igitur
1777 4537 1892 4574 cum

1988 3331 2072 3381 est
2093 3362 2108 3388 ,
2136 3330 2196 3377 ut
2214 3319 2462 3391 quamvis
2479 3316 2796 3389 naturaliter
2817 3331 2926 3372 non
2949 3315 3053 3371 hoc
3075 3314 3146 3370 sit
3170 3312 3405 3370 Verbum
3432 3310 3579 3383 quod

1987 3430 2135 3479 caro,
2147 3414 2273 3484 quia
2289 3412 2514 3467 duarum
2532 3417 2845 3464 naturarum
2858 3405 3061 3462 veritas
3074 3414 3259 3460 manet
3275 3405 3328 3459 in
3340 3403 3575 3470 Christo,

1987 3505 2282 3562 secundum
2304 3517 2464 3558 unam
2489 3509 2669 3554 tamen
2693 3512 3001 3569 personam,
3017 3495 3159 3551 idem
3181 3495 3421 3552 Verbum
3448 3507 3577 3550 caro

1989 3598 2058 3653 ab
2108 3597 2225 3667 ipso
2275 3593 2433 3649 tieret
2478 3598 2738 3646 maternae
2784 3588 3159 3658 conceptionis
3209 3585 3383 3641 initio.
3436 3584 3579 3640 Deus

1991 3693 2136 3749 enim
2157 3688 2396 3745 Verbum
2420 3688 2527 3742 ndn
2548 3684 2759 3754 accepit
2780 3695 3068 3753 personam
3091 3678 3346 3747 hominis,
3372 3677 3468 3733 sed
3489 3692 3579 3733 na-

1995 3792 2167 3838 turam
2196 3797 2210 3847 ;
2261 3786 2314 3835 et
2347 3777 2401 3832 in
2442 3785 2702 3831 aeternam
2732 3785 3019 3844 personam
3048 3769 3344 3826 divinitatis
3371 3768 3579 3838 accepit
3658 3837 3671 3847 _

1995 3871 2352 3945 temporalem
2378 3865 2738 3924 substantiam
2772 3863 2967 3920 carnis.
3002 3861 3153 3918 Unus
3170 3868 3257 3917 est
3283 3871 3413 3928 ergo
3431 3857 3580 3915 Chri-

1991 3976 2107 4022 stus
2126 3963 2368 4019 Verbum
2397 3976 2525 4018 caro
2553 3958 2752 4014 factum
2775 3955 2957 4030 (Joan.
2990 3972 3027 4023 ι,
3056 3953 3171 4027 14),
3198 3953 3291 4025 qui
3319 3960 3374 4009 et
3392 3969 3460 4008 ea:
3486 3969 3580 4024 pa-

1986 4060 2159 4115 tribus
2188 4057 2472 4113 secundum
2499 4068 2731 4120 carnem,
2761 4059 2811 4106 et
2838 4068 2994 4122 super
3032 4050 3209 4105 omnia
3247 4047 3388 4103 Deus
3431 4047 3581 4117 bene-

1993 4151 2159 4207 dictus
2189 4152 2243 4204 in
2273 4144 2465 4203 swculu
2516 4145 2535 4213 (
2554 4142 2701 4199 Rom.
2745 4159 2828 4209 Ix,
2861 4141 2952 4211 5).
2987 4139 3137 4196 Unus
3163 4139 3351 4204 Jesus,
3401 4137 3488 4194 cui
3528 4142 3582 4194 et

1992 4240 2156 4296 Pater
2183 4239 2311 4295 dicit
2345 4256 2357 4291 :
2404 4235 2487 4291 Ea:
2513 4245 2657 4290 utero
2686 4243 2807 4288 ante
2833 4232 3108 4304 luciferum
3136 4232 3291 4304 genui
3333 4241 3380 4285 te
3407 4227 3580 4302 (Psal.

1994 4349 2099 4399 cur,
2134 4332 2188 4403 5)
2218 4350 2230 4385 :
2265 4330 2352 4384 ubi
2380 4326 2712 4397 signiﬁcatur
2741 4333 2867 4379 ante
2895 4316 3058 4380 Omne
3088 4331 3300 4394 tempus
3322 4322 3441 4378 sine
3471 4320 3571 4376 ini-

1997 4425 2070 4479 tio
2091 4430 2291 4478 aeterna
2311 4418 2593 4482 nativitas;
2617 4425 2643 4453 ιι
2661 4415 2727 4470 dc
2747 4430 2855 4484 quo
2872 4422 2925 4469 et
2947 4412 3275 4483 evangelista
3293 4411 3440 4475 dicit,
3456 4411 3582 4479 quia

1996 4523 2228 4570 vocatum
2267 4518 2344 4565 est
2376 4525 2561 4563 nomen
2584 4506 2695 4577 ejus
2715 4504 2890 4568 Iesus,
2923 4503 3061 4575 quod
3081 4503 3272 4555 dictum
3292 4509 3369 4554 est
3389 4500 3453 4553 ab
3483 4514 3582 4553 an-

289 4626 444 4683 esset,
474 4627 525 4672 et
551 4619 705 4672 sciret
740 4619 861 4690 quia
897 4589 1243 4689 jurejurando
1277 4589 1507 4686 jura'sset
1542 4589 1622 4667 illi
1664 4611 1803 4666 Deus
1829 4611 1893 4665 de
1923 4630 1975 4689 Ι)
1999 4607 2132 4678 gelo,
2163 4605 2463 4676 priusquam
2494 4602 2548 4654 in
2577 4608 2724 4651 utero
2751 4596 3103 4690 conciperetur
3134 4591 3283 4690 (Luc:
3309 4607 3365 4657 ιι,
3395 4589 3510 4690 ξι).

289 4712 464 4781 {ructu
495 4708 651 4763 lumbi
693 4708 805 4779 ejus
832 4708 1011 4762 sedere
1048 4724 1203 4777 super
1234 4706 1407 4760 sedem
1448 4703 1579 4775 ejus,
1617 4702 1887 4774 providens

289 4802 495 4858 locutus
523 4811 598 4856 est
627 4801 688 4856 de
724 4801 1093 4856 resurrectione
1124 4797 1337 4861 Christi,
1381 4797 1509 4869 quia.
1542 4811 1702 4867 neque
1743 4794 1889 4849 dere-

369 5053 397 5082 ·
428 5044 527 5099 Ms.
558 5057 717 5105 unus,
744 5040 1019 5112 Ipsumque
1046 5039 1390 5094 essentialiter
1411 5033 1667 5112 de__Patre
1689 5044 1905 5092 natum.‘

291 5126 343 5167 et
361 5114 706 5178 essentialiter
720 5108 783 5166 de
811 5108 1024 5183 Virgine
1038 5118 1203 5165 matre
1223 5108 1573 5178 temporaliter
1593 5112 1892 5175 conceptum

291 5193 347 5236 et
371 5196 549 5254 natum
572 5201 588 5238 :
619 5186 902 5254 ipsumque.

368 5252 400 5293 δ
433 5246 709 5311 Βοειιιιῑίιι
735 5246 894 5307 editis
923 5254 1039 5307 haec
1077 5251 1259 5315 verba,
1293 5264 1406 5303 cum
1439 5247 1615 5310 Patre,
1648 5255 1696 5299 et
1738 5246 1891 5300 unius

291 5332 522 5381 natum.
554 5325 831 5380 Habentur
854 5339 925 5378 es.
949 5338 1049 5377 ms.
1081 5322 1244 5377 Corb.

375 5407 397 5433 ε
423 5395 520 5451 Ms.
548 5396 737 5463 Corb.,
764 5396 837 5449 sic
859 5394 923 5448 de
946 5391 1123 5446 Maria
1159 5392 1387 5462 Virgine.

370 5463 397 5503 δ
429 5464 528 5521 Ms.
559 5466 747 5531 Corb.,
776 5463 1241 5518 Deum-hominem.

373 5545 400 5572 '
429 5535 527 5591 Ms.
559 5530 761 5604 Vatic.’,
791 5534 939 5590 Idem
960 5533 1058 5587 Dei
1087 5533 1309 5605 Verbum
1334 5530 1524 5586 habens
1544 5530 1657 5582 sine
1683 5536 1890 5599 peccato

288 5646 297 5651 -
324 5623 471 5662 erant
500 5609 667 5663 nostri
695 5608 887 5661 scilicet
915 5606 1117 5677 generis
1142 5620 1370 5658 carnem.

374 5677 398 5717 ¹
428 5678 552 5750 Mss.
583 5685 833 5750 quatuor,
857 5693 1082 5750 sumam.

376 5759 403 5797 ε
432 5748 523 5806 Sic
549 5745 677 5807 mss.
710 5748 780 5802 At
808 5745 952 5811 edd.,
978 5757 1025 5801 et
1055 5747 1118 5800 de
1142 5748 1328 5816 seipse.

377 5815 409 5857 δ
434 5820 532 5874 κς.
562 5836 701 5875 unus
722 5818 866 5884 Vat.,
894 5816 970 5870 De
989 5818 1102 5887 ipso
1124 5812 1259 5872 enim
1282 5815 1459 5887 beatus
1487 5812 1658 5866 David
1679 5813 1887 5887 loquens
1958 5841 1968 5853 ι

294 5893 407 5953 ait:
441 5890 700 5961 Quoniam
730 5906 832 5950 non
870 5883 1189 5966 derelinques
1227 5885 1456 5943 animam
1500 5899 1667 5943 meam
1710 5899 1765 5943 ιιι
1814 5883 1889 5942 in-

2068 4698 2195 4752 Csr.
2226 4712 2350 4750 xvut
2373 4736 2386 4760 ,
2430 4709 2518 4747 seu
2548 4690 2682 4745 Rm.
2715 4705 2800 4744 xv.
2856 4685 3010 4741 Verbi
3040 4693 3088 4739 et
3128 4681 3302 4739 carnis
3340 4681 3482 4736 unio.
3513 4711 3582 4728 -—

1997 4789 2087 4844 59.
2114 4786 2449 4843 Firmissime
2480 4793 2605 4838 tene
2625 4824 2638 4850 ,
2674 4790 2728 4836 et
2759 4780 3062 4835 nullatenus
3090 4774 3332 4843 dubites,
3366 4786 3583 4833 carnem

1998 5033 2164 5103 {erum
2187 5026 2481 5103 __Pr0pheta.

2075 5099 2090 5139 ί
2124 5099 2286 5164 Editi,
2310 5085 2468 5151 unum
2483 5094 2677 5150 Filium
2703 5101 2853 5164 atque
2878 5092 3047 5161 ipsum
3066 5085 3361 5164 esse‘Deum
3382 5102 3577 5143 rerum.

1995 5171 2103 5228 Sed
2127 5159 2442 5225 concinnior
2465 5165 2678 5221 videtur
2698 5159 2858 5218 lectio
2887 5159 3015 5216 mss.
3046 5159 3224 5215 trium.

2072 5245 2086 5293 ι
2124 5240 2214 5295 Sic
2243 5256 2373 5294 mss.
2394 5236 2557 5291 Corb.
2591 5242 2647 5289 et
2676 5232 2795 5287 Vat.
2843 5240 2972 5286 tres.
3003 5229 3211 5286 Cteteri
3248 5244 3357 5285 non
3410 5227 3576 5283 about

1996 5314 2110 5368 hmc
2146 5312 2336 5371 verba,
2366 5319 2517 5377 atque
2546 5302 2979 5377 inseparabiliter,
3008 5301 3320 5377 habentque
3345 5297 3445 5355 Dei
3466 5314 3579 5356 ναι-

1996 5384 2204 5438 bum....
2230 5382 2284 5435 in
2313 5371 2444 5432 duas
2471 5371 2709 5436 naturas,
2742 5372 2838 5428 sed
2866 5371 3143 5429 mendoso.

2069 5436 2215 5506 llSic
2253 5465 2380 5505 mss.
2418 5458 2543 5503 tres.
2573 5446 2636 5500 At
2659 5443 2781 5499 Vat.
2816 5458 2972 5510 unus,
3013 5436 3293 5496 secundum
3337 5455 3491 5510 quam
3528 5446 3583 5495 et

1910 5478 1915 5493 ’
1995 5478 3582 5590 auxiliarii}:sgieiio}"§to‘ii';f’ei73$5"idyllia;

1993 5612 2292 5721 ιεῙιιῗλῖςιιίε.
2321 5663 2448 5728 duo,
2479 5660 2696 5714 alteram
2723 5672 2860 5719 vero,
2886 5654 3007 5709 Vat.
3042 5659 3198 5717 alter,
3225 5654 3442 5708 alterum
3458 5668 3576 5709 vero

1993 5754 2186 5791 verum.

2069 5756 2078 5767 -
2150 5754 2186 5789 ι.

2069 5754 2309 5860 II(fnilatic.
2342 5819 2501 5872 unus,
2532 5800 2817 5855 divinitatis
2837 5814 2944 5872 sum
2964 5807 3170 5872 natura.

2067 5886 2093 5921 υ
2127 5876 2191 5938 ltt
2213 5875 2370 5936 editis
2392 5866 2678 5951 repetitur,
2698 5885 2831 5928 unus
2850 5866 3018 5928 Iesus.
3047 5867 3213 5929 Abest
3241 5881 3272 5926 ιι
3293 5880 3402 5927 mss
3451 5878 3567 5927 tes.

2657 6067 2823 6079 ηαδ-ς-
2860 6071 2954 6081 -κησ
