4090 6342
1523 333 1579 388 S.
1621 330 1990 389 FULGENTH
2027 328 2336 389 EPISCOPI
2367 329 2742 390 RUSPENSIS

3672 331 3783 394 τω

490 452 689 511 Christi
715 468 827 512 non
852 431 971 510 sine
1009 451 1288 509 divinitate
1316 455 1634 517 conceptam
1661 448 1716 502 in
1759 455 1914 502 utero
1941 445 2068 502 Vir-
2100 451 2155 510 Α
2178 444 2340 500 tabile
2361 443 2593 509 bonum;
2623 443 2769 500 etab
2786 457 2906 514 ipso
2927 449 3142 499 creatas
3165 456 3287 500 esse
3307 456 3502 501 omnes
3529 449 3781 512 naturas,

491 546 652 615 ginis,
665 546 974 616 priusquam
991 544 1353 612 susciperetur
1367 555 1399 594 a
1415 538 1595 594 Verbo
1611 556 1626 604 ;
1650 537 1745 594 sed
1764 538 1939 608 ipsum
1951 533 2083 592 Ver-

490 636 621 693 bum
643 636 813 692 Deum
838 650 948 690 sum
969 634 1150 689 carnis
1170 631 1490 700 acceptione
1511 635 1854 699 conceptum,
1882 628 2083 697 ipsam-

491 744 600 800 que
627 744 846 784 carnem
870 726 1030 780 Verbi
1063 723 1438 778 incarnatione
1458 732 1778 791 conceptam
1806 721 1887 788 (ut
1904 718 2080 782 Seut.,

491 818 615 873 dist.
646 817 700 883 2,
723 835 840 886 cap.
866 815 925 870 Si
951 804 1178 884 autem).

563 911 691 966 Car.
713 925 826 974 xix,
849 924 938 962 seu
960 906 1093 962 Rea.
1120 923 1230 960 xvt.
1257 905 1557 975 Sacriﬁcia.
1577 903 1910 971 Sacrificium
1930 901 2082 971 panis

491 1011 542 1059 et
570 1003 691 1056 uini.
720 1031 790 1042 —
818 1000 904 1056 60.
930 1000 1264 1055 Firmissime
1295 1008 1451 1067 tene,
1505 1006 1558 1052 et
1587 997 1897 1052 nullatenus
1926 995 2084 1050 dubi-

491 1103 594 1160 tes,
611 1094 785 1164 ipsum
809 1093 1143 1162 unigenitum
1167 1091 1339 1146 Deum
1362 1089 1598 1144 Verbum
1617 1103 1834 1143 carnem
1858 1087 2080 1152 factum,

489 1203 554 1248 se
578 1203 679 1257 pro
707 1189 863 1242 nobis
890 1187 1152 1242 obtulisse
1174 1184 1499 1248 sacriﬁcium
1540 1191 1597 1237 et
1622 1181 1854 1236 hostiam
1885 1179 1999 1233 Deo
2025 1178 2080 1232 in

494 1279 716 1335 odorem
743 1279 1022 1335 suavitatis
1052 1277 1281 1352 (Ephes.
1305 1295 1370 1345 v,
1399 1276 1464 1346 3)
1498 1295 1510 1329 :
1547 1275 1631 1331 cui
1669 1264 1793 1329 cum
1841 1271 2001 1326 Patre
2028 1279 2085 1326 et

494 1368 699 1440 Spiritu
727 1378 916 1426 sancto
944 1385 974 1424 a
1006 1369 1330 1440 patriarchis
1348 1409 1364 1434 ,
1395 1375 1450 1423 et
1479 1366 1788 1436 prophetis,
1821 1371 1878 1418 et
1901 1377 2084 1417 sacer-

495 1458 739 1524 dotibus,
774 1468 1018 1529 tempore
1041 1459 1254 1514 Veteris
1277 1456 1612 1512 Testamenti
1638 1453 1891 1510 animalia
1917 1451 2084 1507 sacri-

495 1529 827 1613 ﬁcabantur;
875 1555 932 1603 et
961 1547 1048 1603 cui
1079 1563 1242 1612 nunc,
1267 1546 1322 1600 id
1350 1555 1434 1601 est
1463 1555 1708 1616 tempore
1734 1542 1870 1598 Novi
1895 1541 2086 1596 Testa-

496 1639 695 1706 menti,
729 1654 851 1694 cum
880 1636 1042 1694 Patre
1068 1646 1126 1692 et
1143 1637 1349 1706 Spiritu
1377 1644 1599 1704 sancto,
1635 1650 1756 1690 cum
1785 1632 1979 1702 quibus
2006 1629 2085 1686 illi

497 1738 584 1788 est
604 1745 710 1784 una
741 1729 1016 1797 divinitas,
1044 1726 1368 1785 sacriﬁcium
1395 1729 1547 1798 panis
1574 1735 1629 1782 et
1657 1727 1789 1793 vini,
1818 1725 1872 1778 in
1902 1722 2007 1779 ﬁde
2027 1731 2086 1780 et

493 1823 720 1880 caritate
747 1829 932 1876 sancta
956 1821 1222 1878 catholica
1264 1818 1503 1876 Ecclesia
1534 1833 1630 1888 per
1653 1819 1965 1874 universum
1993 1831 2086 1871 or-

496 1912 621 1969 bem
645 1920 803 1967 terrae
825 1910 1020 1967 oﬂ'erre
1040 1916 1157 1966 ‘non
1182 1918 1379 1966 cessat.
1406 1909 1465 1964 ln
1486 1909 1591 1965 illis
1618 1910 1761 1964 enim
1781 1907 2089 1964 carnalibus

497 2001 753 2068 victimis,
777 2001 1098 2072 signiﬁcatio
1129 2001 1226 2072 (al.
1244 1998 1517 2070 ﬁguratio)
1546 1997 1644 2054 fuit
1665 1999 1842 2055 carnis
1867 1997 2087 2068 Christi,
2113 2047 2118 2050 .

495 2108 658 2163 quam
672 2108 770 2162 pro
783 2093 1016 2162 peccatis
1038 2091 1238 2148 nostris
1266 2093 1382 2162 ipse
1407 2092 1524 2147 sine
1549 2101 1776 2162 peccato
1797 2091 1972 2148 fuerat
1985 2091 2087 2147 ob-

495 2181 723 2250 laturus,
745 2191 802 2238 et
825 2183 1097 2254 sanguinis
1124 2198 1284 2252 quem
1313 2192 1430 2238 erat
1451 2180 1717 2240 eﬂ‘usurus
1738 2184 1794 2238 in
1815 2184 2089 2238 remissio-

497 2287 622 2333 nem
641 2282 984 2343 peccatorum
1010 2283 1318 2330 nostrorum
1349 2291 1363 2326 :
1389 2275 1443 2328 in
1465 2275 1572 2330 isto
1595 2283 1775 2330 autem
1795 2274 2084 2339 sacriﬁcio,

497 2365 794 2434 gratiarum
848 2366 991 2420 actio
1040 2374 1204 2435 atque
1259 2366 1707 2422 commemoratio
1763 2375 1844 2422 est
1910 2367 2110 2442 carnis,

499 2452 718 2520 Christi,
751 2469 911 2524 quam
935 2467 1042 2526 pro
1069 2456 1225 2510 nobis
1255 2456 1470 2522 obtulit,
1523 2464 1580 2511 et
1607 2457 1885 2524 sanguinis
1926 2471 2087 2525 quem

498 2557 600 2618 pro
624 2545 780 2602 nobis
810 2545 951 2600 idem
985 2546 1126 2600 Deus
1152 2543 1358 2600 elludit.
1409 2545 1487 2602 De
1523 2561 1632 2616 quo
1661 2547 1852 2601 beatus
1891 2543 2089 2600 Paulus

499 2635 630 2689 dicit
652 2636 704 2689 in
733 2637 956 2692 Actibus
983 2636 1358 2707 apostolorum
1391 2655 1404 2691 :
1434 2638 1696 2691 Atlendite
1725 2637 1864 2692 vobis
1893 2645 1942 2690 et
1971 2638 2090 2690 uni-

500 2739 642 2780 verso
664 2726 828 2798 gregi,
859 2725 914 2779 in
944 2742 1042 2798 quo
1075 2742 1160 2779 vos
1191 2725 1422 2795 Spiritus
1453 2735 1662 2780 sanctus
1690 2727 1859 2795 posuit
1887 2726 2088 2794 episco-

498 2831 592 2888 pos
631 2831 809 2887 regere
849 2814 1143 2870 Ecclesiam
1177 2815 1292 2878 Dei,
1345 2833 1497 2886 quam
1539 2816 1809 2886 acquisivit
1837 2816 2091 2885 sanguine

503 2923 593 2962 suo
636 2905 774 2978 (Act.
809 2922 900 2969 xx,
933 2905 1048 2970 28).
1098 2905 1155 2958 lu
1186 2905 1290 2962 illis
1317 2919 1447 2974 ergo
1473 2905 1751 2960 sacrificiis
1779 2903 1907 2973 quid
1935 2902 2092 2960 nobis

501 3004 646 3050 esset
664 2996 983 3050 donandum
998 2995 1221 3064 ligurate
1241 2994 1671 3064 signiﬁcabatur;
1701 2996 1754 3048 in
1777 2995 1880 3050 hoc
1909 3003 2092 3048 autem

502 3085 771 3145 sacriﬁcio
782 3087 910 3156 quid
930 3087 1086 3143 nobis
1105 3087 1218 3157 jam
1231 3086 1488 3141 donatum
1506 3087 1596 3151 sit,
1610 3085 1890 3140 evidenter
1911 3092 2092 3139 osten-

2173 537 2357 622 bonas
2380 534 2618 604 quidem,
2648 534 2774 603 quia
2803 549 2834 587 a
2865 549 3075 588 summo
3095 533 3244 588 bono
3263 533 3418 588 factae
3445 541 3576 588 sunt
3599 544 3622 573 ε
3645 550 3660 598 ;
3684 532 3788 589 sed

2185 629 2470 684 mutabiles
2500 626 2550 696 ἀ,
2581 629 2708 698 quia
2737 628 2803 684 de
2831 628 3002 684 nihilo
3050 627 3205 684 facite
3250 638 3414 695 sunt;
3467 630 3790 702 nullamque

2185 734 2304 776 esse
2330 719 2458 774 mali
2488 729 2735 774 naturam
2762 729 2808 785 ο,
2839 719 2964 790 quia
2993 719 3170 774 omnis
3198 728 3414 786 natura,
3438 721 3492 774 in
3513 730 3786 791 quantum

2187 823 2376 870 natura
2400 822 2501 879 est,
2527 814 2670 868 bona
2689 821 2792 868 est.
2825 811 2934 867 Sed
2961 811 3087 880 quia
3118 812 3172 865 in
3198 826 3262 866 ea
3293 812 3496 867 bonum
3525 822 3582 868 et
3608 814 3788 870 minui

2169 912 2243 980 et
2264 903 2448 972 augeri
2471 908 2670 972 potest,
2695 901 2758 966 in
2787 909 2999 955 tantum
3026 901 3170 957 mala
3199 901 3416 971 dicitur,
3437 903 3494 958 in
3519 911 3790 972 quantum

2185 993 2390 1048 bonum
2411 991 2528 1061 ejus
2555 991 2831 1045 minuitur.
2857 990 3056 1045 Malum
3078 990 3222 1045 enim
3248 990 3381 1045 nihil
3402 999 3488 1046 est
3512 989 3661 1045 aliud
3684 991 3791 1046 nisi

2187 1085 2418 1156 privatio
2441 1083 2588 1142 boni.
2633 1082 2786 1139 Unde
2813 1090 3032 1140 constat
3059 1084 3332 1152 geminum
3371 1098 3492 1139 esse
3515 1093 3791 1138 creatura:

2187 1174 2466 1230 rationalis
2511 1174 2710 1229 malum
2744 1189 2944 1228 :unum
2988 1188 3097 1244 quo
3131 1173 3228 1245 (al.
3260 1172 3428 1244 quod)
3473 1173 3792 1231 voltuitarie

2186 1267 2303 1337 ipsa
2341 1264 2540 1321 defecit
2563 1281 2594 1319 a
2637 1278 2848 1320 summo
2875 1263 3022 1319 bono
3068 1271 3316 1318 creatore
3346 1278 3447 1318 suo
3474 1303 3491 1330 ,
3543 1263 3792 1318 alterum

2187 1372 2296 1428 quo
2321 1356 2416 1429 (al.
2440 1355 2607 1426 quod)
2632 1355 2800 1411 invita
2829 1354 3083 1424 punietur
3103 1353 3241 1422 ignis
3254 1353 3445 1408 aeterni
3474 1354 3789 1424 supplicio:

2188 1446 2320 1504 illud
2339 1462 2561 1518 passura
2578 1446 2744 1516 juste,
2759 1445 2886 1514 quia
2906 1445 3014 1500 hoc
3038 1444 3255 1500 admisit
3278 1444 3504 1514 injuste;
3526 1453 3585 1500 et
3603 1445 3744 1514 quia
3765 1443 3788 1484 ί

2189 1539 2433 1594 ordinem
2472 1537 2528 1593 in
2575 1553 2636 1593 se
2675 1553 2787 1592 non
2842 1537 3080 1592 servavit
3136 1536 3331 1591 divinae
3383 1538 3752 1596 institutionis
3771 1576 3791 1605 ,

2188 1629 2434 1686 ordinem
2455 1630 2652 1686 divinae
2673 1646 2782 1684 non
2807 1629 3031 1698 eﬂugiet
3051 1629 3290 1684 ultionis.

2261 1718 2391 1775 Car.
2433 1736 2562 1786 xxn,
2590 1736 2680 1774 seu
2706 1719 2846 1775 Rea.
2878 1736 2989 1776 xtx.
3042 1717 3210 1774 Nulla
3239 1732 3476 1777 creatura
3499 1733 3578 1778 est
3605 1724 3796 1782 eadem

2115 1827 2165 1893 Β
2190 1826 2307 1865 cum
2320 1809 2614 1868 Dem—6'5.
2633 1809 2968 1866 Firmissime
2996 1817 3140 1875 tene,
3157 1819 3213 1866 et
3229 1812 3533 1869 nullatenus
3546 1813 3794 1881 dubites,

2192 1915 2370 1971 neque
2399 1901 2622 1969 angelos
2646 1942 2664 1971 ,
2709 1916 2886 1972 neque
2933 1902 3232 1970 quamlibet
3260 1903 3430 1958 aliam
3478 1914 3796 1964 creaturam

2192 1991 2434 2062 ejusdem
2455 2001 2662 2047 natura:
2691 2006 2832 2058 esse,
2865 1991 3018 2062 cujus
3045 1983 3131 2048 est
3158 1996 3452 2050 secundum
3482 1997 3798 2054 naturalem

2193 2083 2531 2140 divinitatem
2560 2098 2713 2142 suam
2743 2098 2952 2137 summa
2976 2082 3246 2149 Trinitas,
3269 2100 3390 2153 quae
3411 2094 3496 2142 est
3524 2103 3673 2142 unus
3695 2103 3797 2143 na-

2193 2175 2442 2230 turaliter
2481 2175 2622 2231 Deus
2663 2173 2827 2229 Pater
2857 2182 2913 2230 et
2953 2173 3120 2230 Filius
3165 2183 3224 2230 et
3267 2174 3502 2246 Spiritus
3544 2186 3796 2235 sanctus.

2193 2267 2380 2338 Neque
2411 2262 2555 2322 enim
2595 2267 2754 2322 unius
2791 2275 2996 2322 natura:
3035 2282 3158 2323 esse
3202 2276 3497 2338 potuerunt
3517 2278 3545 2318 ε
3577 2269 3676 2327 ille
3705 2272 3798 2342 qui

2192 2359 2320 2416 fecit
2340 2368 2394 2416 et
2411 2374 2484 2414 "ea
2514 2375 2634 2430 qua:
2662 2360 2808 2414 fecit.

2265 2451 2552 2518 Canxxnt,
2575 2468 2664 2506 seu
2691 2450 2826 2507 Rsc.
2853 2467 2944 2505 xx.
2973 2452 3157 2524 Angeli
3179 2453 3308 2523 facti
3330 2451 3563 2509 stabiles.
3599 2485 3681 2499 ——
3705 2453 3797 2512 64.

2194 2545 2524 2601 Firmissime
2545 2553 2687 2610 tene,
2701 2544 3076 2601 etnullatenus
3094 2544 3327 2612 dubites,
3339 2561 3556 2603 omnem
3577 2557 3798 2604 creatus

2193 2651 2312 2690 ram
2325 2634 2640 2690 naturaliter
2651 2635 2960 2690 mutabilem
2972 2651 3002 2690 a
3014 2634 3126 2691 Deo
3139 2635 3565 2692 incommutabili
3578 2637 3800 2706 laetam;

2195 2742 2297 2782 nec
2320 2734 2496 2782 tamen
2515 2725 2627 2794 jam
2651 2741 2810 2796 posse
2829 2725 3126 2794 quemlibet
3149 2735 3455 2783 sanctorum
3477 2729 3799 2798 angelorum

2195 2817 2250 2872 in
2277 2817 2516 2872 deterius
2544 2816 2894 2881 commutari,
2925 2817 3051 2887 quia
3081 2817 3162 2872 sic
3186 2828 3512 2889 acceperunt
3535 2829 3800 2882 aeternam

2194 2905 2580 2962 beatitudinem
2601 2921 2705 2975 qua
2723 2904 2835 2960 Deo
2851 2905 3116 2960 stabiliter
3136 2905 3498 2977 perfruuntur,
3536 2917 3597 2962 ut
3620 2925 3690 2964 ea
3712 2924 3800 2965 ca-

2195 3011 2318 3052 rere
2349 3011 2453 3051 non
2484 2997 2715 3066 possint.
2749 2993 2853 3052 Sed
2879 2995 2984 3050 hoc
3011 2996 3186 3066 ipsum
3207 2997 3353 3066 quod
3379 2995 3403 3033 δ
3430 2999 3499 3053 ab
3527 2999 3624 3053 illo
3649 3007 3798 3058 statu

2195 3087 2552 3144 beatitudinis
2571 3088 2626 3142 in
2655 3104 2763 3158 quo
2785 3098 2910 3146 sunt
2932 3088 3128 3142 mutari
3151 3089 3203 3143 in
3225 3089 3465 3146 deterius
3491 3091 3796 3152 nullatenus

505 3177 667 3234 ditur.
691 3177 752 3234 lu
775 3178 879 3234 illis
901 3179 1178 3234 sacriliciis
1208 3178 1671 3249 praenuntiabatur
1691 3176 1856 3231 Filius
1877 3176 1973 3231 Dei
1991 3191 2090 3245 pro
2121 3199 2171 3268 ο
2199 3186 2450 3250 possunt,
2501 3193 2610 3232 non
2640 3185 2722 3232 est
2751 3178 2830 3233 eis
2857 3179 3177 3234 naturaliter
3218 3180 3472 3250 insitum,
3517 3181 3616 3237 sed
3639 3192 3799 3254 post-

505 3269 687 3339 impiis
709 3269 1035 3328 occidendus
1060 3288 1072 3322 :
1093 3270 1147 3324 in
1167 3269 1273 3325 hoc
1294 3279 1472 3324 autem
1491 3284 1590 3342 pro
1613 3268 1791 3339 impiis
1815 3268 2097 3322 annuntia-

506 3369 594 3415 tur
622 3361 852 3426 occisus,
900 3368 1135 3417 testante
1175 3359 1438 3430 Apostolo
1495 3359 1622 3428 quia
1661 3357 1896 3413 Christus
1921 3397 1936 3423 ,
1981 3375 2097 3411 cum

504 3452 675 3506 adhuc
722 3453 918 3524 inﬁrmi
961 3467 1185 3506 essemus
1214 3450 1494 3504 secundum
1537 3460 1766 3519 tempus,
1800 3468 1894 3522 pro
1923 3451 2098 3521 impiis

505 3553 734 3599 mortuus
761 3552 837 3600 est
859 3543 1036 3612 (Rom.
1060 3560 1111 3610 ν,
1136 3542 1190 3612 6)
1216 3584 1232 3612 ,
1263 3551 1317 3598 et
1343 3544 1468 3616 quia
1493 3559 1608 3596 cum
1628 3544 1826 3597 inimici
1847 3559 2097 3609 essemus,

507 3635 828 3698 reconciliati
841 3651 1017 3696 sumus
1031 3632 1141 3688 Deo
1155 3651 1247 3704 per
1267 3643 1483 3689 mortem
1499 3631 1628 3687 Filii
1645 3633 1758 3704 ejus
1771 3631 1936 3706 (Ibid.
1949 3679 1962 3699 ,
1984 3632 2095 3703 lO).

583 3727 744 3796 526
779 3721 909 3780 Car.
938 3739 1041 3790 xx,
1074 3740 1163 3779 seu
1193 3724 1330 3782 Rue.
1376 3740 1506 3779 xvu.
1536 3721 1855 3776 Humanitas
1883 3721 2097 3780 Christi.

513 3847 584 3861 ——
596 3816 657 3871 6t
672 3854 684 3869 .
700 3815 1030 3871 Firmissime
1049 3823 1195 3882 tene,
1209 3823 1264 3870 et
1287 3814 1595 3869 nullatenus
1617 3813 1852 3881 dubites,
1869 3812 2101 3868 Verbum

511 3923 728 3964 carnem
757 3907 955 3981 factum
1007 3906 1250 3962 eamdem
1279 3906 1572 3962 humanam
1621 3919 1842 3960 carnem
1885 3919 2103 3974 semper

513 4013 698 4054 veram
713 3999 918 4054 habere
937 4013 1042 4069 qua
1061 3997 1128 4052 de
1151 3997 1371 4068 Virgine
1396 3997 1633 4053 Verbum
1654 3995 1797 4051 Deus
1820 4004 1976 4050 natus
1995 4004 2102 4064 est,

513 4102 622 4157 qua
646 4087 934 4143 cruciﬁxus
971 4097 1028 4142 et
1059 4095 1303 4142 mortuus
1330 4096 1434 4152 est,
1486 4103 1592 4156 qua
1626 4086 1924 4142 resurrexit
1954 4094 2009 4139 et
2050 4085 2106 4138 in

516 4179 711 4236 οωιυω
741 4178 1007 4248 ascendit,
1049 4187 1105 4234 et
1133 4178 1186 4233 in
1216 4178 1440 4234 dextera
1483 4178 1578 4232 Dei
1609 4177 1750 4232 sedit
1779 4177 1874 4249 (al.
1907 4175 2102 4244 sedet),

520 4284 627 4340 qua
666 4268 828 4324 etiam
873 4278 1134 4325 venturus
1177 4278 1263 4324 est
1286 4267 1533 4338 judicare
1563 4269 1715 4326 vivos
1757 4276 1813 4324 et
1839 4277 2104 4324 mortuos.

519 4359 749 4431 Propter
771 4361 916 4432 quod
946 4362 1013 4417 ab
1037 4361 1242 4430 angelis
1282 4361 1516 4433 apostoli
1546 4359 1835 4416 audierunt
1861 4378 1873 4414 :
1908 4360 1998 4416 Sic
2027 4378 2109 4415 ve-

519 4456 624 4510 niet
646 4454 1076 4526 quemadmodum
1097 4454 1299 4510 vidistis
1323 4469 1438 4508 eum
1456 4461 1659 4508 euntem
1688 4453 1742 4506 in
1773 4453 1953 4528 caelum
1968 4452 2104 4524 (Act.

2201 3283 2365 3338 quam
2394 3268 2564 3323 creati
2589 3276 2752 3335 sunt,
2802 3268 2989 3336 gratiae
3015 3267 3211 3324 divina:
3237 3269 3490 3340 largitate
3517 3271 3804 3331 collatum.

2203 3358 2261 3414 Si
2291 3359 2432 3414 enim
2475 3359 2656 3430 angeli
2701 3359 3022 3415 naturaliter
3069 3360 3538 3419 incommutabiles
3587 3360 3804 3432 deruit,

2205 3467 2479 3522 nunquam
2503 3451 2573 3507 de
2602 3467 2792 3508 eorum
2821 3453 3098 3510 consortio
3120 3453 3366 3514 diabolus
3399 3465 3456 3513 et
3475 3455 3598 3527 ejus
3623 3457 3805 3530 angeli

2207 3541 2549 3598 cecidissent.

2280 3635 2408 3689 Csp.
2446 3650 2589 3701 xxnv,
2631 3651 2721 3689 seu
2751 3634 2888 3692 Bac.
2922 3652 3034 3692 xxt.
3087 3635 3349 3692 Creatura:
3383 3637 3700 3693 rationales.
3739 3668 3810 3684 -ι

2209 3727 2299 3782 65.
2332 3726 2662 3782 Firmissime
2684 3736 2840 3794 tene,
2869 3737 2925 3783 et
2964 3729 3270 3786 nullatenus
3311 3729 3544 3795 dubites,
3572 3729 3634 3784 in
3659 3731 3813 3789 omni

2210 3827 2479 3883 creatura,
2526 3834 2689 3890 quam
2718 3819 3017 3890 spiritalem
3063 3827 3226 3890 atque
3251 3835 3571 3890 corpoream
3595 3836 3814 3882 summa

2213 3904 2448 3961 Trinitas
2477 3906 2624 3975 fecit,
2648 3908 2796 3963 solos
2823 3909 3044 3978 spiritus
3065 3908 3340 3980 angelicos
3362 3919 3416 3966 et
3443 3911 3720 3968 humanos
3742 3913 3814 3969 in-

2214 3999 2487 4067 telligendi
2509 3997 2824 4055 facultatem
2841 4001 3100 4057 divinitus
3117 4003 3422 4072 accepisse;
3439 4012 3671 4060 water-os
3684 4019 3816 4061 vero

2215 4091 2435 4160 spiritus
2472 4091 2756 4146 brutorum
2779 4093 3093 4148 animalium
3115 4095 3385 4150 rationem
3415 4104 3470 4150 et
3498 4095 3818 4165 intelligen-

2218 4181 2344 4234 tiam
2368 4197 2476 4236 non
2497 4182 2791 4252 accepisse,
2819 4190 2874 4237 et
2901 4183 3063 4238 etiam
3093 4184 3196 4239 hoc
3225 4185 3447 4240 omnino
3475 4185 3686 4241 habere
3707 4203 3820 4244 non

2218 4287 2395 4341 posse.
2427 4270 2652 4342 Propter
2680 4274 2825 4343 quod
2848 4274 3044 4329 dicitur
3066 4276 3401 4331 hominibus:
3428 4279 3586 4350 537
3634 4277 3820 4334 Nolite

2217 4364 2333 4434 ﬁeri
2363 4366 2492 4419 sicut
2523 4383 2678 4437 equus
2719 4376 2768 4420 et
2793 4368 2994 4434 mulus,
3057 4368 3239 4440 quibus
3271 4387 3374 4424 non
3402 4382 3477 4425 est
3521 4373 3820 4427 intellectus

2221 4454 2394 4526 (Psal.
2415 4473 2558 4522 χχχι,
2585 4457 2710 4528 l9);
2735 4467 2790 4513 et
2813 4458 2933 4513 ideo
2962 4460 3172 4516 animas
3201 4461 3480 4518 hominum
3514 4473 3570 4519 et
3604 4465 3823 4520 animas

519 4561 556 4609 ι,
589 4543 711 4613 ll);
761 4554 818 4599 et
840 4545 1030 4601 beatus
1060 4543 1296 4601 Joannes
1317 4544 1393 4598 ait
1419 4561 1431 4596 :
1460 4542 1594 4598 Ecce
1622 4543 1789 4598 veniet
1818 4559 1933 4596 cum
1961 4541 2111 4596 nubi-
2141 4591 2198 4654 Β
2221 4561 2477 4616 pecorum
2495 4547 2650 4602 unius
2665 4557 2868 4602 natura:
2882 4563 2989 4603 non
3015 4565 3163 4618 esse;
3187 4567 3288 4608 nec
3309 4554 3516 4609 animas
3545 4570 3818 4624 pecorum

525 4633 612 4654 Ι.-.-
686 4643 723 4654 -.
756 4635 937 4654 ..Βλςιλι
1122 4635 1271 4654 ηυνξ.
1316 4634 1482 4654 -_-.l___
1559 4643 1595 4654 ,Α
1635 4634 1710 4654 -.με
1748 4650 1849 4654 μη--
1890 4634 2084 4654 _---L'_-_
2223 4637 2264 4654 9..
2298 4637 2311 4654 ι
2346 4652 2355 4654 μ
2388 4637 2440 4654 ..⁸
2466 4653 2470 4654 ν
2496 4653 2503 4654 κ
2568 4636 2578 4654 2
2720 4653 2723 4654 ν
2772 4653 2781 4654 κ
2837 4639 2849 4650 ⁸
3000 4639 3014 4654 1
3135 4641 3146 4652 ⁸
3324 4643 3336 4654 ⁸

521 4633 642 4700 bus,
674 4643 724 4688 et
752 4635 937 4689 videbit
965 4652 1082 4689 eum
1109 4635 1274 4690 omnis
1305 4634 1514 4701 oculus,
1545 4643 1595 4688 et
1623 4634 1710 4707 qui
1737 4650 1852 4688 eum
1882 4634 2114 4704 conﬁxe-

521 4737 642 4780 runt
690 4736 738 4795 ι,
775 4736 824 4781 et
853 4726 1092 4783 uidebunt
1128 4743 1244 4783 eum
1272 4743 1448 4783 omnes
1493 4725 1652 4782 tribus
1695 4737 1848 4781 terra:
1894 4727 2049 4781 talem
2085 4726 2111 4764 δ

524 4817 706 4887 (Apoc.
737 4834 773 4884 ι,
808 4818 881 4889 7).

593 4909 721 4963 CAP.
757 4926 866 4975 xxt,
897 4927 986 4966 seu
1016 4910 1153 4967 Rea.
1182 4925 1332 4965 xvut.
1364 4907 1574 4963 Natura
1602 4909 1736 4963 nihil
1766 4925 1870 4964 non
1899 4908 2108 4963 bonum.

445 5001 452 5010 ‘
524 5033 596 5044 —
618 5001 706 5056 62.
729 5001 1059 5058 Firmissime
1089 5011 1236 5068 tene,
1264 5010 1320 5057 et
1341 5001 1648 5057 nullatenus
1676 4999 1912 5066 dubites,
1942 4999 2115 5056 Trini-

523 5101 692 5148 tatem
724 5094 922 5165 Deum,
979 5094 1031 5149 id
1060 5102 1145 5149 est
1170 5091 1388 5149 Patrem
1421 5100 1477 5148 et
1514 5090 1711 5146 Filium
1755 5099 1812 5146 et
1849 5089 2109 5161 Spiritum

523 5195 767 5243 sanctum
791 5200 909 5243 esse
939 5187 1257 5243 naturaliter
1300 5201 1570 5243 summum
1613 5192 1776 5256 atque
1805 5183 2109 5242 incommut-

601 5359 625 5422 ξι
652 5348 740 5422 Sic
766 5364 894 5406 mss.
926 5349 1184 5422 quinque.
1208 5349 1277 5404 At
1295 5349 1445 5422 editi,
1468 5349 1862 5422 cruciﬁxerunt.

598 5420 628 5500 If
655 5419 774 5500 Vat.
808 5416 1211 5500 unus',_q_ualem
1239 5416 1437 5477 scilicet
1473 5416 1836 5492 despexerunt.
1884 5416 1943 5475 In
1972 5419 2103 5476 reli-

525 5491 648 5558 quis
670 5490 782 5546 haec
807 5507 914 5548 non
940 5490 1226 5548 adduntur.
1567 5490 1574 5492 ⁷

602 5571 628 5644 ξ
773 5577 932 5644 unus,
963 5579 995 5616 a
1017 5578 1215 5644 summa
1242 5563 1374 5644 bono
1396 5560 1547 5644 home
1570 5564 1724 5644 factis
1751 5571 1889 5644 sunt.

598 5627 779 5700 “Haec
824 5627 985 5688 verba
1030 5634 1121 5688 sed
1150 5631 1456 5700 mutabiles,
1497 5627 1627 5700 διὸ..
1674 5632 1869 5689 absunt
1914 5645 1946 5686 a
1973 5646 2103 5688 mss.

527 5695 736 5753 duobus
757 5699 929 5756 Vatic.

602 5779 626 5842 ξ
650 5768 740 5842 _S_ic
762 5785 891 5842 mss.
919 5785 1032 5826 sex.
1062 5773 1130 5827 At
1157 5773 1308 5842 editi,
1332 5776 1526 5830 malam
1553 5784 1814 5829 naturam.

601 5839 620 5880 ¹
650 5838 777 5898 Min.
807 5841 1062 5910 quinque,
1089 5851 1137 5898 et
1164 5838 1302 5911 quat.
1335 5843 1509 5902 Vatic.
1558 5861 1724 5911 unus,
1763 5844 1951 5900 diuina
1973 5859 2103 5899 con-

2221 4637 2272 4690 in
2296 4637 2541 4693 homines
2568 4636 2608 4704 ί,
2634 4653 2734 4693 nec
2764 4639 2971 4695 animas
3000 4639 3282 4696 hominum
3323 4643 3377 4698 in
3412 4659 3611 4714 pecora
3652 4661 3825 4717 posse

2220 4727 2505 4798 aliquando
2536 4731 2789 4784 transire.

2289 4817 2418 4872 Car.
2449 4835 2569 4881 xxv,
2598 4836 2683 4873 seu
2713 4819 2847 4875 Rea.
2880 4838 3009 4877 xxn.
3057 4821 3243 4878 Libera
3271 4825 3508 4879 voluntas
3546 4826 3698 4881 Adit.
3750 4857 3823 4875 -ι

2217 4911 2305 4965 66.
2333 4911 2661 4968 Firmissime
2711 4922 2856 4980 tene,
2901 4926 2956 4971 et
2998 4917 3307 4974 nullatenus
3335 4919 3569 4990 dubites,
3608 4923 3826 4994 primos

2219 5006 2485 5072 homines,
2505 5005 2556 5061 id
2572 5008 2838 5063 estAdam
2861 5017 2916 5064 et
2936 5010 3218 5067 mulierem
3241 5011 3380 5082 ejus,
3401 5013 3595 5082 bonos,
3611 5028 3823 5088 rectos,

2218 5106 2277 5152 et
2297 5099 2412 5152 sine
2435 5105 2657 5167 peccato
2679 5107 2896 5156 creatos
2917 5115 3058 5169 esse,
3073 5117 3195 5156 cum
3224 5101 3398 5158 libero
3425 5104 3670 5173 arbitrio,
3705 5125 3825 5182 quo

2221 5195 2472 5259 possent,
2496 5188 2540 5244 si
2564 5189 2784 5260 vellent,
2807 5190 2919 5248 Deo
2941 5207 3155 5263 semper
3181 5192 3196 5243 ἱ
3235 5193 3428 5252 humili
3455 5204 3513 5252 et
3537 5197 3680 5256 bona
3714 5217 3819 5259 vo-

2217 5352 2522 5405 stitutionis.

2290 5431 2315 5494 ξς
2340 5421 2465 5494 Mss.
2489 5430 2716 5494 septem,
2748 5440 2861 5477 esse
2887 5431 3149 5494 poterant.

2285 5489 2313 5566 ξι
2347 5491 2472 5566 μεθ.
2505 5489 2632 5558 tres,
2660 5493 2756 5547 hoc
2784 5489 2951 5566 ipsum
2972 5511 3091 5566 qua.

2222 5635 2233 5645 .
2295 5561 2308 5599 ί
2343 5562 2430 5644 Sic
2458 5579 2583 5618 mss.
2609 5561 2860 5630 quatuor.
2894 5564 2962 5619 At
2983 5561 3139 5632 'editi,
3164 5568 3220 5622 in
3246 5568 3454 5626 enim
3468 5569 3814 5628 hostium...

2215 5649 2271 5687 tn
2297 5649 2500 5687 animas
2522 5649 2781 5703 pecorum.

2293 5705 2306 5752 l
2349 5702 2790 5778 Legunturhaec,
2832 5702 2944 5761 Deo
2973 5723 3204 5778 seraper,
3245 5709 3299 5764 iu
3330 5725 3432 5767 ms.
3476 5711 3638 5768 Corb.
3683 5711 3815 5769 Non

2217 5775 2469 5844 leguntur
2497 5774 2550 5830 in
2580 5773 2701 5830 edd.

2199 5955 2238 5972 κ
