4090 6342
1572 361 1660 419 DE
1697 358 1853 421 FIDE
1890 356 2095 419 “BER
2135 358 2335 418 UNDE.

3461 363 3563 420 702

273 475 489 555 luntate
503 472 707 531 servire
727 478 890 549 atque
910 472 1129 531 obedire
1151 490 1163 527 :
1190 487 1299 544 quo
1321 472 1544 530 arbitrio
1566 474 1734 531 etiam
1752 488 1870 544 pos-
1894 474 1953 537 Α
1974 472 2209 528 adventu
2241 472 2454 528 Domini
2483 475 2718 528 futuram
2741 486 2860 529 esse
2888 485 3229 530 communem
3254 490 3268 539 ;
3312 474 3553 529 retribu-

269 576 430 633 sent,
452 567 505 623 si
525 566 725 623 vellent
746 607 762 634 ,
796 566 1021 639 prepria
1046 566 1326 622 voluntate
1354 580 1623 639 peccare;
1667 580 1867 635 eosque

260 672 388 715 non
409 658 758 733 necessitate,
789 658 884 715 sed
904 658 1123 731 propria
1144 658 1421 715 voluntate
1443 671 1723 730 peccasse;
1747 657 1869 714 illo-

265 764 384 820 que
413 757 643 819 peccato
662 749 741 804 sic
767 749 823 803 in
843 749 1082 804 deterius
1101 756 1366 805 mutatam
1394 749 1682 805 humanam
1708 755 1868 803 natu-

262 853 413 903 ram,
440 847 507 903 ut
528 854 640 911 non
660 840 833 899 solum
857 840 913 912 in
933 839 1064 913 ipsis
1086 840 1272 910 primis
1290 839 1598 897 hominibus
1618 854 1717 909 per
1736 854 1863 911 pec-

260 937 456 987 catum
482 945 632 987 mors
659 929 930 985 obtineret
963 944 1212 1001 regnum,
1253 930 1350 987 sed
1372 931 1539 989 etiam
1578 931 1867 991 iu‘omues

260 1017 524 1077 homines
545 1020 798 1081 transiret
826 1022 1036 1091 peccati
1059 1021 1356 1092 mortisque
1378 1021 1695 1081 dominium.

335 1108 474 1169 Car.
508 1128 664 1179 χχιι,
705 1128 795 1167 seu
821 1111 960 1169 Rea.
994 1129 1149 1170 χχιιι.
1179 1113 1459 1178 Peccatum
1487 1115 1765 1187 originale.
1794 1145 1849 1159 -

260 1199 358 1259 67.
409 1200 749 1281 Firmissime
772 1211 896 1259 tene
915 1246 932 1271 ,
960 1211 1018 1260 et
1036 1205 1348 1265 nullatenus
1378 1204 1617 1281 dubites,
1646 1222 1863 1265 omnem

256 1288 551 1351 hominem
574 1294 666 1365 qui
694 1278 793 1364 per
812 1295 1158 1351 concubitum
1187 1296 1289 1350 viri
1320 1305 1375 1352 et
1413 1278 1656 1352 mulieris
1683 1297 1864 1354 conci-

259 1381 338 1452 pit
350 1399 440 1449 ur,
458 1399 581 1438 cum
594 1384 839 1452 originali
854 1394 1079 1455 peccato
1098 1387 1271 1454 nasci,
1287 1386 1549 1458 impietati
1565 1387 1859 1457 subditum,

257 1474 545 1545 mortique
565 1474 882 1545 subjectum,
899 1485 954 1533 et
972 1477 1043 1534 ob
1061 1478 1167 1533 hoc
1187 1485 1377 1533 natura
1399 1479 1491 1534 ira:
1507 1480 1671 1535 lilium
1692 1480 1861 1536 nasci.

256 1561 344 1625 De
372 1581 486 1637 qua
515 1565 645 1623 dicit
663 1568 958 1638 Apostolus
990 1588 1002 1622 :
1034 1569 1258 1626 Eramus
1285 1573 1424 1624 enim
1463 1581 1513 1626 et
1541 1589 1636 1625 nos
1674 1581 1866 1627 natura

254 1655 528 1751 flii-ire,
553 1658 684 1712 sicut
711 1667 762 1713 et
791 1659 965 1714 caeteri
995 1658 1211 1731 (Ephes.
1243 1676 1309 1751 ιι,Ι
1326 1659 1404 1730 5).
1435 1660 1482 1714 A
1505 1676 1612 1729 qua
1639 1661 1716 1715 ira
1748 1661 1866 1717 nui-

254 1745 351 1813 lus
383 1746 669 1818 liberatur,
697 1749 810 1805 nisi”
822 1765 921 1820 per
942 1749 1102 1807 ﬁdem
1140 1745 1455 1809 mediatoris
1489 1751 1582 1806 Dei
1609 1760 1665 1807 et
1687 1752 1863 1807 homi-

1969 563 2173 617 tionem
2198 578 2326 619 vero
2343 563 2564 632 iustitiae
2586 562 2679 617 Dei
2705 577 2823 619 esse
2845 563 3002 619 bonis
3030 563 3294 633 mali'sque
3319 564 3553 619 dissimi-

1969 654 2075 710 lem
2104 672 2117 708 :
2146 654 2442 711 secundum
2480 655 2624 725 quod
2654 655 2946 726 Apostolus
2986 656 3061 711 ait
3099 656 3223 726 quia
3254 673 3430 711 omnes
3458 653 3565 711 re-'

1969 763 2262 819 surgemus,
2281 747 2373 803 sed
2396 764 2502 801 non
2523 764 2700 803 omnes
2715 747 3099 802 immutabimur
3116 747 3172 818 (1
3185 746 3303 804 Cor.
3333 765 3419 816 xv,
3446 747 3556 820 Si).

1970 838 2408 894 lmmutahuntur
2437 849 2618 895 autem
2636 839 2789 909 justi,
2821 840 2912 910 qui
2941 841 3095 897 ibunt
3116 840 3170 895 in
3202 840 3365 894 vitam
3402 849 3562 895 teter-

1968 946 2115 989 uam.
2148 931 2303 998 Quod
2331 930 2626 1004 Apostolus
2646 932 2884 988 ostendit
2912 932 3095 987 dicens
3120 948 3132 983 :
3164 928 3235 987 Et
3256 933 3447 987 mortui
3475 948 3559 985 re-

1966 1030 2180 1094 surgent
2203 1022 2509 1091 incorrupti,
2538 1030 2587 1076 et
2609 1038 2701 1077 nos
2724 1021 3111 1075 immutabimur
3144 1019 3332 1090 (Ibid.,
3352 1018 3465 1091 52).
3492 1018 3559 1077 Et

1969 1113 2260 1171 ostendens
2288 1128 2407 1183 qua:
2436 1114 2539 1169 erit
2585 1114 2699 1183 ipsa
2744 1113 3061 1171 immutatio
3084 1112 3283 1182 adjecit
3310 1113 3380 1185 (υ.
3414 1111 3502 1182 53)
3538 1131 3550 1165 :

1974 1202 2190 1274 Oportet
2216 1204 2354 1257 enim
2375 1204 2711 1274 corruptibile
2739 1203 2835 1259 hoc
2857 1205 3069 1258 induere
3093 1206 3555 1274 incorruptionem,

1969 1303 2019 1349 et
2045 1293 2263 1349 mortale
2302 1294 2397 1349 hoc
2426 1294 2643 1348 induere
2687 1294 3153 1351 immortalitatem.
3196 1293 3255 1349 in
3290 1293 3563 1363 justorutlt

1971 1388 2069 1457 (al.
2095 1387 2306 1457 eorum)
2339 1388 2656 1457 corporibus
2682 1386 2775 1443 ﬁet
2794 1387 2938 1456 quod
2966 1388 3084 1459 ipse
3110 1388 3404 1459 Apostolus
3433 1390 3510 1443 ait
3543 1405 3557 1440 :

1970 1476 2272 1531 Seminamr
2293 1477 2346 1530 in
2372 1478 2722 1547 corruptione,
2746 1486 2920 1550 surget
2947 1478 3000 1532 in
3025 1478 3450 1548 incorruptione;
3478 1493 3561 1532 se-

1970 1566 2199 1621 minatur
2229 1567 2281 1619 in
2303 1566 2647 1639 ignobilitate,
2681 1578 2857 1639 surget
2880 1568 2933 1623 in
2956 1568 3162 1643 gloria;
3195 1568 3481 1623 seminatur
3502 1568 3557 1623 in

1967 1657 2308 1727 inﬁrmitate,
2342 1667 2518 1731 surget
2563 1659 2616 1711 in
2648 1660 2832 1715 virtute
2855 1676 2876 1724 ;
2923 1659 3206 1713 seminatur
3235 1674 3420 1730 corpus
3448 1658 3562 1713 ani:-

1969 1749 2133 1813 male,
2162 1758 2336 1819 surget
2368 1766 2552 1820 corpus
2579 1750 2818 1821 spiritale
2847 1750 3034 1822 (Ibid.,
3064 1750 3135 1809 42
3154 1759 3202 1809 et
3222 1751 3376 1824 seq.).
3407 1747 3563 1818 Quod

258 1852 407 1893 num
426 1880 443 1908 ,
492 1837 725 1895 hominis
752 1836 879 1894 Jesu
918 1834 1144 1905 Christi,
1195 1838 1287 1909 qui
1328 1838 1443 1894 sine
1483 1850 1711 1911 peccato
1738 1854 1867 1897 con—
1895 1852 1947 1921 Β
1971 1847 2261 1911 propterea
2287 1840 2532 1910 spiritale
2560 1841 2717 1908 dixit,
2750 1856 2860 1899 non
2880 1843 3006 1915 quia
3027 1842 3202 1915 ipsum
3226 1857 3422 1913 corpus
3448 1842 3561 1913 spi-

260 1936 502 1999 ceptus,
548 1927 666 1984 sine
692 1938 919 1998 peccato
946 1936 1125 1994 natus,
1163 1927 1282 1984 sine
1325 1936 1551 1999 peccato
1593 1938 1863 1999 mortuus,

254 2025 561 2099 peccatum
598 2032 699 2091 pro
728 2018 885 2074 nobis
911 2016 1086 2073 factus
1110 2026 1213 2082 est,
1244 2017 1298 2071 id
1326 2025 1408 2073 est
1436 2008 1756 2074 sacriﬁcium
1781 2019 1864 2074 la—

257 2114 395 2162 ctus
422 2114 508 2161 est
535 2120 637 2181 pro
665 2106 902 2181 peccatis
930 2105 1147 2161 nostris.
1173 2105 1232 2160 in
1254 2105 1436 2163 Veteri
1460 2106 1658 2177 quippe
1687 2106 1868 2162 Testa—

257 2203 464 2249 mento
490 2203 713 2263 peccata
737 2193 1055 2248 dicebantur
1082 2192 1346 2248 sacriﬁcia
1364 2208 1485 2263 qua:
1506 2210 1605 2263 pro
1627 2195 1865 2265 peccatis

258 2283 650 2365 oﬂ’erebantur
675 2303 687 2336 :
715 2284 768 2338 in
788 2283 982 2353 quibus
996 2285 1243 2340 omnibus
1265 2285 1364 2339 fuit
1385 2285 1703 2355 signiﬁcatio
1716 2285 1868 2343 Chri-

257 2377 357 2444 sti,
414 2377 542 2446 quia
578 2377 692 2449 ipse
730 2384 814 2432 est
854 2377 1029 2450 Agnus
1064 2387 1087 2413 α
1119 2377 1217 2431 Dei
1246 2379 1331 2449 qui
1365 2378 1498 2433 tollit
1525 2379 1737 2449 peccata
1770 2379 1861 2449 (al.

257 2465 568 2537 peccatum)
596 2468 774 2521 ntundi
803 2468 984 2539 (Joan.
1011 2485 1048 2533 I,
1070 2466 1184 2539 29).

336 2558 481 2613 Car.
512 2575 676 2626 χχιιι,
705 2577 796 2614 seu
822 2559 958 2615 Rea.
983 2577 1127 2615 xxtv.
1160 2558 1285 2615 Non
1311 2563 1688 2633 oaptizatorum
1714 2577 1869 2634 plena

258 2666 413 2720 quae.
444 2682 519 2692 —
547 2649 636 2707 68.
680 2649 1014 2705 Firmissime
1043 2658 1188 2717 tene,
1226 2659 1280 2705 et
1308 2651 1614 2707 nullatenus
1636 2649 1867 2716 dubites,

259 2755 382 2796 non
410 2740 588 2795 solum
612 2739 857 2795 homines
873 2739 982 2809 jam
1002 2741 1216 2796 ratione
1238 2748 1472 2809 utentes,
1494 2758 1682 2798 verum
1703 2742 1868 2801 etiam

258 2831 557 2902 parvulos,
585 2832 679 2901 qui
698 2832 811 2886 sive
834 2831 887 2886 in
913 2831 1079 2886 uteris
1106 2841 1339 2893 matrum
1368 2833 1553 2890 vivere
1581 2835 1867 2906 incipiunt,

258 2933 319 2981 et
347 2925 430 2979 ibi
460 2924 787 2993 moriuntur,
808 2925 923 2981 sive
944 2926 1055 2995 jam
1089 2925 1181 2996 (al.
1214 2925 1355 2997 cum)
1380 2926 1447 2984 de
1468 2927 1729 2983 matribus
1756 2927 1867 2983 nati

258 3016 392 3073 sine
412 3023 753 3070 sacramento
772 3016 943 3071 sancti
964 3015 1324 3087 baptismatis,
1346 3018 1491 3086 quod
1512 3016 1669 3072 datur
1696 3018 1748 3073 in
1772 3034 1870 3074 no-

258 3110 426 3165 mine
454 3106 629 3163 Patris
666 3115 719 3163 et
748 3106 867 3162 Filii
889 3116 945 3163 et
971 3106 1203 3181 Spiritus
1231 3109 1436 3178 sancti,
1460 3108 1527 3164 de
1551 3110 1654 3164 hoc
1675 3108 1869 3167 saeculo

1968 1930 2107 1991 ritus
2133 1932 2253 1998 erit,
2285 1932 2381 1989 sed
2408 1934 2534 2003 quia
2575 1932 2879 1991 viviﬁcante
2906 1934 3100 2005 spiritu
3148 1934 3452 1990 immortale
3476 1942 3561 1989 at-

1970 2040 2077 2095 que
2105 2024 2513 2101 incorruptibile
2540 2025 2897 2094 permanebit.
2928 2025 3019 2083 Sic
3047 2033 3228 2081 autem
3253 2033 3384 2081 tunc
3411 2024 3561 2081 dice-

1969 2121 2058 2167 tur
2084 2114 2326 2184 spiritale
2346 2128 2562 2183 corpus,
2585 2131 2708 2171 cum
2730 2131 2839 2171 non
2865 2114 3086 2186 spiritus
3108 2116 3197 2183 sit,
3226 2115 3320 2172 sed
3344 2130 3560 2187 perma-

1967 2210 2099 2258 neat
2123 2219 2358 2275 corpus;
2389 2204 2532 2261 sicut
2553 2221 2695 2265 nunc
2718 2207 2951 2263 animale
2980 2205 3197 2275 dicitur,
3228 2222 3352 2267 cum
3374 2215 3557 2265 tamen

1968 2292 2274 2349 inveniatur
2301 2309 2408 2349 non
2440 2295 2618 2350 anima
2648 2310 2787 2362 esse,
2817 2295 2913 2353 sed
2940 2310 3159 2369 corpus.

2040 2384 2169 2439 CAP.
2196 2401 2337 2453 xxx,
2367 2402 2456 2439 seu
2485 2385 2619 2441 Bac.
2657 2401 2821 2441 xxvu.
2857 2385 3018 2441 Fides
3054 2395 3105 2442 et
3140 2386 3446 2458 baptismus.
3520 2420 3558 2438 -.

1971 2474 2057 2529 Ἡ.
2093 2474 2422 2531 Firmissime
2447 2484 2572 2529 tene
2590 2515 2605 2541 ,
2630 2484 2685 2530 et
2710 2474 3013 2531 nullatenus
3042 2474 3274 2543 dubites,
3311 2475 3553 2546 exceptis

1968 2564 2074 2620 illis
2092 2566 2183 2634 qui
2203 2580 2302 2636 pro
2325 2565 2542 2620 nomine
2561 2563 2760 2619 Christi
2780 2579 2880 2620 suo
2904 2564 3165 2633 sanguine
3186 2563 3551 2634 baptizantur,

1971 2658 2175 2713 nullum
2198 2657 2470 2713 hominem
2491 2665 2838 2728 accepturum
2854 2656 3017 2712 vitam
3039 2664 3321 2723 mternam,
3340 2657 3431 2725 qui
3454 2671 3557 2713 non

1970 2748 2265 2805 hicamalis
2285 2749 2395 2806 suis
2414 2747 2577 2804 fuerit
2596 2762 2694 2820 per
2708 2748 3080 2818 paenitentiam
3104 2747 3370 2816 iidemque
3388 2746 3413 2785 ι’
3430 2762 3557 2803 con-

1971 2855 2179 2906 versus,
2209 2848 2265 2895 et
2303 2854 2401 2910 per
2435 2850 2834 2894 sacramentum
2866 2835 2988 2893 ﬁdei
3017 2845 3073 2892 et
3100 2838 3462 2907 pmnitentim,
3508 2838 3558 2892 id

1973 2938 2055 2984 est
2084 2944 2199 2999 per,
2250 2930 2577 3001 baptismum
2608 2930 2886 2991 liberatus.
2912 2927 2980 2983 Et
3019 2928 3315 2999 majoribus
3345 2929 3559 3001 quidem

1972 3023 2336 3079 necessarium
2354 3038 2491 3091 esse,
2511 3031 2566 3078 et
2580 3022 2954 3095 paenitentiam
2977 3022 3044 3079 de
3066 3021 3222 3075 malis
3243 3026 3355 3077 suis
3375 3037 3559 3092 agere,

1974 3121 2030 3168 et
2069 3113 2228 3169 ﬁdem
2257 3113 2581 3169 catholicam
2610 3112 2906 3170 secundum
2930 3112 3168 3182 regulam
3210 3111 3451 3169 veritatis
3481 3121 3560 3167 te~

258 3207 586 3287 transeunt,
626 3198 761 3287 ignis
787 3198 974 3254 aeterni
993 3199 1323 3268 sempiterno
1346 3198 1608 3269 supplicio
1638 3199 1868 3269 punien-
1894 3206 1944 3279 ε
1974 3220 2124 3273 nere,
2153 3214 2210 3261 et
2232 3214 2631 3262 sacramentum
2655 3204 2993 3276 baptismatis
3014 3204 3292 3276 accipere;
3324 3202 3562 3274 parvulis

257 3292 392 3349 dos.
418 3283 567 3359 'Quia
596 3283 695 3346 etsi
722 3298 1002 3365 peccatum
1032 3289 1267 3365 propria:
1294 3289 1525 3345 actionis
1546 3288 1752 3343 nullum
1774 3289 1869 3343 ha-

254 3382 545 3449 buerunt,
577 3381 853 3451 originalis
877 3389 1056 3436 tamen
1086 3381 1297 3451 peccati
1322 3380 1723 3435 damnationem
1752 3396 1871 3435 car-

256 3476 379 3534 nali
412 3474 771 3547 conceptione
798 3482 854 3528 et
875 3472 1158 3529 nativitate
1184 3479 1487 3527 traxerunt.

331 3567 481 3623 Car.
516 3558 699 3634 xxvnt,
720 3582 808 3621 seu
832 3564 968 3621 Rea.
1001 3580 1123 3619 xxv.
1142 3564 1171 3618 1
1181 3565 1429 3619 udicium.
1448 3595 1519 3605 —
1540 3560 1627 3617 69.
1653 3562 1871 3618 Firmis-

255 3659 416 3717 sime
436 3667 585 3727 tene,
609 3666 665 3713 et
684 3658 990 3713 nullatenus
1005 3654 1235 3722 dubites,
1258 3654 1379 3710 ideo
1389 3652 1661 3709 Christum
1675 3653 1869 3708 Filium

254 3749 362 3808 Dei
390 3749 463 3804 ad
479 3747 798 3820 judicandos
816 3748 972 3803 vivos
991 3754 1047 3802 et
1074 3754 1319 3802 mortuos
1348 3753 1653 3825 venturum,
1681 3753 1739 3799 ut
1763 3745 1865 3799 hoo

256 3843 456 3898 mines
475 3840 721 3910 quosdaic
740 3839 887 3895 dono
909 3852 1019 3893 suae
1040 3838 1224 3906 gratia:
1237 3836 1405 3905 gratis
1426 3851 1523 3907 per
1545 3835 1699 3890 iidem
1713 3834 1872 3904 justi-

254 3933 426 3996 σθαι,
451 3929 763 3999 eisdemque
781 3927 1110 3999 iustiﬁcatis,
1132 3928 1188 3982 in
1212 3926 1317 3981 ﬁde
1345 3933 1401 3981 et
1425 3925 1650 4001 caritate
1670 3934 1870 3980 sanctae

254 4022 469 4079 matris
497 4017 747 4076 Ecclesiae
792 4034 963 4089 usque
1004 4019 1059 4073 in
1086 4018 1248 4073 ﬁnem
1276 4016 1733 4088 perseverantiam
1773 4014 1871 4070 do-

254 4124 385 4183 nat,
422 4114 479 4169 in
507 4127 605 4169 suo
629 4112 862 4167 adventu
886 4110 1173 4167 resuscitet
1201 4116 1257 4164 et
1277 4107 1563 4177 gloriﬁcet,
1593 4116 1648 4161 et
1672 4121 1867 4161 secun—

256 4207 401 4262 dum
437 4203 855 4275 promissionem
885 4217 1039 4259 suam
1060 4200 1296 4270 aequales
1318 4200 1520 4256 sanctis
1546 4197 1752 4267 angelis
1783 4196 1866 4252 fa-

253 4297 402 4363 ciat,
427 4302 487 4349 et
515 4293 582 4348 ad
612 4308 735 4349 eum
764 4299 964 4348 statum
992 4291 1284 4362 perducat,
1314 4290 1369 4345 in
1396 4304 1505 4359 quo
1528 4289 1789 4361 perfecte,
1815 4290 1867 4343 in

253 4394 542 4459 quantum
563 4386 850 4456 unicuique
876 4384 1045 4440 donat
1066 4384 1237 4453 Deus,
1269 4384 1396 4441 boni
1417 4384 1545 4451 sint,
1576 4392 1631 4438 et
1657 4383 1724 4437 ab
1754 4384 1867 4452 ipsa

250 4480 614 4554 perfectione
635 4478 892 4550 deinceps
917 4479 1115 4534 mutari
1136 4494 1243 4534 non
1270 4478 1481 4549 possint
1508 4496 1519 4530 :
1545 4477 1637 4532 ubi
1657 4477 1865 4533 diversa

253 4576 374 4631 erit
424 4580 738 4628 sanctorum
778 4572 948 4641 gloria
975 4612 990 4638 ,
1038 4570 1135 4627 sed
1174 4585 1281 4626 una
1326 4569 1429 4624 erit
1475 4568 1868 4631 omnium,vita

251 4675 503 4724 aeterna.
521 4663 801 4720 Diabolum
824 4678 954 4719 vero
975 4671 1030 4719 et
1057 4662 1277 4730 angelos
1298 4660 1414 4731 ejus
1437 4660 1491 4713 in
1512 4659 1691 4727 ignem
1711 4666 1868 4713 teter-

250 4772 402 4813 num
454 4771 485 4809 a
534 4752 751 4821 Christo
780 4769 899 4810 esse
927 4752 1249 4818 mittendos,
1298 4751 1387 4806 ubi
1414 4764 1685 4819 nunquam
1717 4764 1871 4804 eare-
1896 4782 1948 4843 Β

250 4849 411 4907 bunt
433 4861 597 4917 pmna
626 4860 789 4916 quam
812 4846 892 4901 eis
917 4845 1238 4925 praeparavit
1265 4844 1440 4898 divina
1466 4842 1672 4913 justitia
1699 4860 1711 4908 ;
1747 4858 1869 4898 cum

250 4941 393 5013 ipso
418 4946 610 5009 autem
640 4938 855 4995 diabolo
882 4938 1079 5010 impios
1119 4948 1175 4993 et
1222 4937 1433 5007 iniquos
1471 4935 1719 4991 homines
1745 4978 1760 5003 ,
1803 4935 1870 4990 de

249 5033 476 5104 quibus
503 5030 781 5103 Scriptura
809 5030 940 5087 dicit
991 5048 1003 5084 :
1050 5029 1334 5085 Imitantur
1364 5029 1527 5101 528
1556 5036 1727 5082 autem
1756 5044 1869 5082 eum

251 5127 354 5198 qui
381 5131 510 5180 sunt
538 5141 605 5179 ea:
627 5132 774 5196 parte
798 5124 938 5178 illius
965 5124 1119 5195 (Sap.
1150 5140 1208 5186 ιι,
1231 5120 1348 5193 25),
1374 5136 1473 5192 pro
1498 5135 1565 5176 eo
1582 5119 1725 5192 quod
1745 5135 1870 5175 eum

250 5217 318 5273 in
352 5215 522 5272 malis
542 5216 794 5288 operibus
821 5216 1017 5271 imitati
1045 5223 1192 5285 sunt,
1222 5222 1278 5270 et
1299 5221 1425 5268 ante
1444 5210 1603 5267 ﬁnem
1635 5226 1871 5283 praesen-

252 5309 337 5364 tis
366 5308 501 5362 vita:
526 5320 821 5377 congruam
845 5307 1220 5381 paenitentiam
1250 5321 1356 5361 non
1381 5312 1636 5374 egerunt,
1664 5319 1873 5361 resum-

253 5401 387 5473 ptis
399 5400 721 5470 corporibus
732 5399 995 5471 supplicio
1006 5407 1221 5455 aeternae
1234 5395 1621 5453 combustionis
1633 5409 1871 5449 arsuros.

340 5488 487 5545 CAP.
521 5506 678 5556 xxix,
720 5507 807 5543 seu
848 5488 983 5545 Rea.
1014 5505 1160 5543 xxvr.
1206 5486 1532 5542 Resurrectio
1566 5486 1761 5538 carnis.
1803 5516 1875 5527 —

252 5582 367 5641 70.
404 5580 738 5638 Firmissime
761 5590 912 5648 tene,
940 5589 995 5637 et
1019 5580 1325 5635 nullatenus
1353 5578 1586 5643 dubites,
1625 5577 1873 5632 omnibus

255 5669 593 5729 hominibus
615 5678 670 5724 et
690 5669 846 5725 bonis
867 5677 922 5725 et
947 5668 1102 5723 malis
1124 5667 1576 5722 resurrectionem
1609 5666 1789 5722 carnis
1817 5666 1871 5721 in

345 5798 379 5859 τι
417 5786 538 5859 ﬂat.
565 5802 724 5854 unus,
745 5787 927 5859 Agnus
951 5783 1333 5859 immaculata.

348 5856 385 5898 ὶι
418 5854 518 5913 Ms.
550 5853 715 5926 unus,
739 5853 831 5926 per
861 5854 1269 5913 misericordiam
1292 5853 1565 5925 ﬁdemque.

1973 3309 2125 3359 vero,
2157 3295 2248 3366 qui
2271 3310 2371 3351 nec
2401 3296 2621 3368 propria
2650 3296 2932 3351 voluntate
2960 3293 3209 3359 credere,
3245 3308 3346 3349 nec
3387 3294 3561 3365 poeni-

1974 3386 2201 3441 tentiam
2231 3401 2328 3455 pro
2348 3396 2575 3457 peccato
2604 3385 2751 3457 quod
2779 3385 3116 3455 originaliter
3136 3384 3358 3439 trahunt
3402 3397 3563 3451 agere

1973 3486 2229 3547 possunt,
2277 3485 2674 3533 sacramentum
2708 3475 2829 3531 ﬁdei
2874 3484 2931 3530 et
2958 3474 3291 3546 poenitentia:
3324 3486 3372 3541 ε,
3415 3472 3561 3544 quod

1974 3574 2057 3624 est
2095 3575 2339 3622 sanctum
2368 3567 2655 3638 baptisma,
2686 3564 2929 3636 quandiu
2968 3564 3195 3620 rationis
3218 3573 3349 3620 mtas
3373 3580 3561 3622 eorum

1974 3671 2145 3727 capax
2174 3673 2292 3713 esse
2314 3672 2421 3711 non
2453 3664 2653 3727 potest,
2688 3654 2938 3710 sufﬁcere
2966 3654 3035 3709 ad
3059 3655 3309 3711 salutem.

2046 3747 2174 3802 Car.
2204 3762 2352 3812 χχχι,
2383 3763 2471 3800 seu
2503 3744 2637 3801 Rea.
2678 3761 2862 3801 xxvm.
2890 3742 3095 3799 Gratia.
3126 3778 3197 3788 —
3229 3745 3316 3802 72.
3343 3730 3587 3805 Firmis--

1973 3841 2107 3895 sime
2132 3850 2273 3909 tene,
2307 3848 2363 3894 et
2394 3839 2702 3894 nullatenus
2722 3838 2935 3893 dubites
2954 3882 2968 3906 ,
2998 3839 3267 3894 neminem
3290 3840 3377 3896 hic
3402 3856 3562 3911 posse

1972 3928 2250 3983 hominum
2271 3927 2643 3999 paenitentiam
2668 3941 2849 3996 agere,
2882 3928 2983 3981 nisi
3007 3942 3165 3998 quem
3198 3926 3336 3984 Deus
3366 3929 3561 3984 illumi-

1974 4017 2205 4083 naverit,
2231 4025 2285 4072 et
2304 4016 2533 4086 gratuita
2554 4031 2651 4070 sua
2674 4016 3019 4071 miseratione
3042 4018 3389 4073 converterit.
3417 4020 3562 4089 Apo-

1973 4109 2145 4165 stolus
2172 4109 2315 4163 enim
2342 4107 2474 4162 dicit
2499 4125 2511 4159 :
2544 4103 2627 4159 Ne
2650 4107 2783 4178 forte
2804 4106 2887 4160 det
2917 4106 3021 4161 illis
3046 4105 3185 4161 Deus
3206 4110 3563 4179 pwnitentiam

1973 4203 2044 4256 ad
2084 4200 2495 4273 cognoscendam
2525 4200 2824 4267 veritatem,
2862 4210 2910 4273 et
2940 4201 3250 4272 resipiscam
3293 4218 3325 4255 a
3368 4200 3564 4257 diaboli

1973 4296 2169 4369 laqueis
2202 4292 2290 4366 (II
2315 4290 2449 4350 Tim.
2482 4310 2538 4356 ιι,
2571 4291 2683 4362 25).

2046 4387 2175 4441 CAP.
2201 4402 2368 4450 xxxu,
2398 4402 2483 4439 seu
2509 4385 2644 4441 Rea.
2672 4401 2818 4440 χχιχ.
2850 4382 3001 4437 Nihil
3023 4386 3109 4453 agi
3136 4386 3247 4438 sine
3267 4386 3461 4455 gratia.
3492 4416 3563 4428 —

1974 4477 2063 4530 ⁸75.
2112 4476 2441 4531 Firmissime
2483 4482 2628 4538 tene,
2679 4482 2734 4529 et
2775 4460 3081 4528 nullatenus
3121 4472 3361 4538 dubites,
3401 4487 3563 4543 posse

1974 4566 2189 4637 quidem
2220 4566 2493 4621 hominem
2533 4581 2693 4634 quem
2737 4579 2836 4618 nec
2883 4563 3185 4632 ignorantia
3230 4562 3560 4631 litterarum,

1974 4672 2077 4711 nec
2105 4657 2283 4727 aliqua
2309 4655 2563 4726 prohibet
2592 4654 2934 4708 imbecillitas
2955 4653 3038 4707 vel
3060 4652 3373 4718 adversitas,
3396 4650 3562 4706 verba

1975 4758 2176 4806 sanctte
2205 4749 2336 4817 legis
2374 4755 2431 4804 et
2460 4746 2755 4814 Evangelii,
2801 4745 2915 4799 sive
2947 4745 3125 4814 legere
3145 4787 3160 4813 ,
3211 4744 3324 4799 sive
3355 4759 3422 4798 ex
3468 4757 3564 4798 ore

1973 4840 2289 4912 cujusquam
2314 4836 2679 4911 pratdicatoris
2702 4836 2917 4911 audire;
2944 4836 3039 4891 sed
3066 4835 3259 4889 divinis
3289 4832 3562 4888 mandatis

1975 4933 2197 4991 obedire
2228 4932 2495 4988 neminem
2527 4943 2709 5001 posse,
2744 4928 2845 4983 nisi
2884 4943 3045 4997 quem
3084 4926 3227 4983 Dens
3254 4924 3424 4995 gratia
3467 4938 3563 4979 sua

1974 5025 2324 5101 praevenerit,
2348 5031 2406 5078 ut
2432 5022 2577 5094 quod
2606 5021 2756 5077 audit
2778 5034 3033 5092 corpore,
3067 5019 3227 5074 etiam
3250 5017 3413 5073 corde
3440 5032 3565 5089 per-
3656 5006 3665 5019 “

1976 5116 2160 5187 cipiat,
2175 5122 2248 5181 et,
2275 5121 2495 5182 accepta
2517 5111 2774 5165 divinitus
2802 5110 2942 5164 bona
2967 5107 3247 5162 voluntate
3269 5114 3431 5176 atque
3454 5105 3565 5160 vir-

1978 5215 2116 5275 tute,
2165 5204 2419 5259 mandata
2453 5201 2546 5255 Dei
2576 5199 2755 5255 facere
2796 5208 2853 5255 et
2894 5198 3027 5255 velit
3056 5207 3112 5254 et
3150 5198 3338 5270 possit.
3386 5193 3567 5271 Neque

1976 5296 2145 5373 529
2169 5298 2310 5353 enim
2334 5296 2422 5366 qui
2441 5294 2642 5361 plantat
2665 5301 2739 5347 est
2760 5292 2980 5365 aliquid,
3011 5309 3174 5362 neque
3194 5291 3279 5360 qui
3297 5290 3454 5362 rigat,
3468 5286 3567 5342 sed

1979 5390 2065 5462 qui
2091 5390 2462 5442 incrementum
2491 5384 2582 5436 dat
2622 5380 2765 5436 Deus
2800 5379 2854 5452 (1
2880 5380 3000 5436 Cor.
3033 5397 3117 5446 ιιι,
3145 5380 3199 5452 7)
3238 5398 3249 5434 :
3282 5379 3374 5448 qui
3405 5379 3568 5433 etiam

1981 5485 2240 5549 operatur
2276 5475 2329 5529 in
2357 5472 2513 5527 nobis
2541 5480 2595 5525 et
2626 5470 2764 5526 velle
2787 5479 2841 5525 et
2864 5470 3141 5541 perﬁcere,
3174 5483 3275 5539 pro
3303 5468 3445 5523 bona
3470 5481 3568 5521 vo-

1980 5569 2188 5625 luntate
2220 5563 2438 5637 (Philip.
2474 5578 2529 5626 It,
2565 5561 2675 5630 15).

2054 5661 2184 5717 CAP.
2220 5672 2405 5723 χχχιιι,
2445 5672 2533 5710 seu
2572 5654 2707 5709 Rea.
2739 5668 2867 5708 xxx.
2914 5652 3079 5707 Deum
3116 5651 3246 5706 nihil
3287 5650 3465 5706 latere.
3492 5680 3566 5729 3—-

2062 5788 2083 5817 ο
2107 5775 2275 5830 Abest
2294 5772 2362 5826 ab
2386 5769 2510 5826 edd.
2533 5773 2583 5822 et
2688 5767 2939 5822 nitentior.
2968 5766 3044 5822 Le
3085 5767 3190 5822 itur
3210 5745 3265 5822 in
3284 5781 3426 5825 mss.
3456 5779 3563 5839 qua

2062 5863 2132 5892 nr-
2157 5843 2255 5892 Ms.
2289 5857 2445 5892 unus.
2476 5782 2711 5892 ποίει
2736 5837 3012 5892 secundum
3043 5781 3318 5892 gantismo.

1990 5857 2133 5906 tuor.
2157 5843 2255 5900 Ms.
2289 5857 2445 5905 unus,
2476 5837 2613 5906 quod
2637 5846 2711 5893 est
2736 5837 3012 5892 secundum
3043 5837 3318 5910 baptismo.
