4090 6342
555 403 662 462 ’705

1603 401 1660 455 s.
1703 369 2398 455 FULGENTII'ErisEopI
2441 373 2811 448 R‘U'SPENSIS

3731 379 3838 442 704

560 519 648 572 74.
683 519 1008 575 Firmissime
1041 527 1182 581 tene,
1215 520 1269 569 et
1296 509 1602 566 nullatenus
1642 507 1873 570 dubites,
1920 505 2031 559 Deo
2063 503 2143 557 in—
2174 505 2225 563 Α
2250 500 2572 565 lus,omnem
2586 501 2767 571 ﬁdem,
2783 509 2831 554 et
2854 497 3015 574 53o
3033 498 3261 555 noverim
3286 499 3460 553 omnia
3482 507 3836 562 sacramenta,

532 611 925 680 ‘comtnutabili
954 625 1059 664 non
1109 606 1281 661 solum
1311 589 1580 674 prmterita
1613 608 1666 654 et
1697 596 1998 669 praesentia,
2049 592 2148 650 sed

560 703 725 758 etiam
755 703 931 758 futura
960 700 1140 757 omnia
1166 695 1679 764 incommutabiliter
1699 707 1817 748 esse
1847 689 2147 755 notissima,

561 798 651 854 cui
680 798 875 854 dicitur
897 815 909 849 :
935 795 1092 860 Deus,
1117 793 1202 865 qui
1233 791 1546 847 occultorum
1573 806 1627 844 es
1651 789 1904 860 cognitor,
1933 785 2018 856 qui
2047 783 2150 838 scis

562 889 736 944 omnia
765 897 1037 956 antequam
1066 886 1197 955 ﬁant
1229 882 1393 954 (Dan.
1424 897 1536 946 xm,
1568 879 1679 950 42).

627 978 759 1033 CAP.
793 994 977 1046 xxxiv,
1026 993 1112 1031 seu
1140 975 1273 1030 RBG.
1306 991 1455 1029 χχιιι.
1505 971 1928 1026 Praedestinatio.
1961 1001 2031 1011 —
2056 964 2150 1023 75.

564 1065 893 1124 Firmissime
919 1077 1064 1132 tene,
1117 1075 1172 1122 et
1212 1065 1518 1120 nullatenus
1547 1062 1780 1129 dubites,
1832 1061 2150 1115 Trinitatem

563 1155 732 1213 Deum
762 1157 1278 1222 incommutabilem,
1331 1170 1513 1210 rerum
1553 1153 1794 1209 omnium
1830 1160 1992 1220 atque
2021 1165 2153 1220 ope-

561 1263 680 1303 rum
736 1255 845 1302 tam
897 1263 1119 1304 suorum
1163 1261 1326 1319 quam
1384 1246 1742 1301 humanorum
1793 1243 2152 1298 certissimum

562 1339 897 1408 cognitorem
931 1349 977 1409 ει,
1011 1348 1138 1395 ante
1167 1339 1348 1395 omnia
1376 1338 1569 1394 saacula
1598 1337 1737 1392 scire
1789 1337 1982 1406 quibus
2010 1341 2156 1390 esset

562 1447 662 1503 per
686 1433 842 1487 ﬁdem
864 1433 891 1473 δ
913 1433 1142 1504 gratiam
1170 1432 1460 1500 largiturus
1486 1448 1498 1483 :
1524 1428 1639 1484 sine
1665 1443 1765 1498 qua
1795 1442 1955 1482 nemo
1978 1423 2156 1496 potuit

564 1527 633 1582 ab
661 1527 812 1581 initio
843 1527 1025 1582 mundi
1055 1540 1223 1595 usque
1253 1525 1308 1578 in
1349 1524 1530 1588 tinem,
1559 1537 1589 1575 a
1619 1530 1775 1575 reatu
1804 1518 2012 1589 peccati
2043 1525 2153 1572 tam

564 1616 844 1684 originalis
885 1632 1048 1686 quam
1097 1615 1322 1671 actualis
1367 1613 1595 1669 absolvi.
1652 1610 1791 1675 Quos
1839 1610 1983 1665 enim
2014 1608 2157 1664 Deus

564 1706 819 1776 pratscivit
841 1719 889 1761 et
909 1707 1295 1778 praedestinavit
1317 1707 1610 1777 conformes
1630 1703 1747 1773 ﬁeri
1766 1701 2007 1772 imaginis
2027 1698 2156 1755 Filii

569 1798 646 1851 sui
675 1808 697 1836 ο
725 1796 902 1868 (Rom.
929 1813 1041 1867 vin,
1071 1797 1183 1865 29).

2250 593 2516 646 caritatem
2545 603 2716 646 autem
2740 609 2843 646 non
2892 591 3123 656 habeam,
3176 592 3303 646 nihil
3331 608 3445 646 sum
3480 589 3548 664 _(I
3575 588 3695 645 Cor.
3724 603 3843 655 xm,

2247 682 2326 754 2).
2349 683 2484 738 Nam
2512 691 2567 739 et
2596 683 2651 738 in
2681 681 2871 738 diebus
2900 681 3085 737 diluvii
3117 682 3387 738 neminem
3428 681 3656 750 legimus
3687 687 3844 735 extra

2250 787 2430 829 arcam
2451 773 2690 844 potuisse
2715 770 2935 828 salvari.

2319 863 2450 918 Cn.
2491 879 2721 931 xxxvm,
2768 879 2856 917 seu
2905 861 3042 919 Rea.
3081 878 3241 917 xxxv.
3295 861 3616 918 Damnandi.
3645 894 3718 906 -
3743 861 3841 918 79.

2252 951 2582 1009 Firmissime
2624 961 2768 1021 tene,
2817 960 2873 1008 et
2901 952 3205 1007 nullatenus
3233 953 3467 1020 dubites,
3517 968 3624 1008 non
3671 952 3849 1008 solum

2254 1061 2444 1102 omnes
2466 1060 2726 1116 paganos,
2759 1045 2854 1101 sed
2883 1046 3046 1100 etiam
3075 1060 3266 1102 omnes
3293 1044 3526 1110 Judacos,
3577 1055 3632 1101 et
3660 1060 3851 1101 omnes

2255 1137 2536 1193 haereticos
2585 1146 2749 1207 atque
2771 1137 3180 1204 schismaticos,
3228 1138 3319 1209 qui
3359 1146 3510 1193 extra
3551 1135 3849 1192 Ecclesiam

2255 1229 2580 1285 catholicam
2605 1238 2927 1300 praesentem
2957 1227 3150 1285 ﬁniunt
3177 1230 3360 1295 vitam,
3402 1229 3456 1284 in
3486 1229 3662 1298 ignem
3693 1237 3851 1284 mter-

2255 1339 2385 1377 num
2433 1324 2630 1390 ituros,
2678 1324 2771 1394 qui
2799 1331 3020 1395 paratus
3051 1331 3134 1379 est
3163 1321 3378 1378 diabolo
3404 1331 3460 1378 et
3500 1321 3708 1391 angelis
3737 1321 3851 1392 ejus

2260 1414 2474 1486 (Matth.
2507 1433 2636 1486 xxv,
2667 1417 2780 1488 41).

2245 1535 2247 1537 ί
2331 1508 2460 1563 Car.
2494 1526 2680 1577 xxxix,
2707 1527 2794 1564 seu
2825 1509 2959 1565 Rea.
2993 1525 3177 1564 xxxvx.
3213 1507 3480 1564 Hceretici.
3512 1539 3584 1549 —
3607 1505 3700 1560 80.
3734 1503 3849 1559 Fir-

2260 1598 2502 1654 missime
2532 1607 2676 1668 tene,
2727 1607 2782 1654 et
2810 1600 3119 1654 nullatenus
3143 1599 3374 1666 dubites,
3423 1597 3725 1666 quemlibet
3749 1597 3852 1652 bte-

2262 1689 2492 1744 reticum
2519 1690 2632 1745 sive
2662 1690 3084 1754 schismaticum,
3119 1690 3173 1744 in
3213 1689 3430 1745 nomine
3460 1687 3638 1742 Patris
3661 1696 3721 1742 et
3739 1686 3852 1741 Filii

2263 1789 2318 1836 et
2346 1780 2578 1852 Spiritus
2617 1784 2790 1838 sancti
2821 1783 3175 1853 baptizatum,
3201 1782 3264 1837 'si
3293 1780 3547 1838 Ecclesiae
3575 1780 3853 1837 catholica:

637 1883 766 1952 CAP.
800 1902 960 1954 xxxv,
1007 1904 1096 1941 seu
1136 1887 1270 1942 Rea.
1306 1902 1474 1941 xxxu.
1526 1885 1673 1940 Beati
1707 1901 1771 1939 ea:
1810 1883 2155 1955 pt'wdestina-
2185 1879 2236 1940 B
2263 1889 2374 1930 non
2403 1875 2563 1930 fuerit
2605 1885 2942 1945 aggregatus,
2986 1884 3432 1947 quantascunque
3481 1876 3855 1947 eleemosyna

569 1977 726 2030 tione.
753 2009 823 2019 —
848 1975 934 2030 76.
967 1975 1300 2033 Firmissime
1330 1985 1474 2041 tene,
1509 1985 1564 2032 et
1589 1976 1893 2030 nullatenus
1922 1974 2156 2039 dubites,

572 2085 760 2124 omnes
785 2085 922 2138 quos
944 2086 1072 2125 vasa
1094 2071 1475 2127 misericordia:
1499 2071 1731 2138 gratuita
1754 2069 1996 2124 bonitate
2017 2067 2162 2122 Deus

571 2157 716 2223 facit,
743 2168 868 2215 ante
888 2162 1330 2218 constitutionem
1360 2163 1545 2217 mundi
1575 2162 1628 2216 in
1654 2161 2002 2231 adoptionem
2031 2159 2164 2214 ﬁlio-

574 2267 695 2307 rum
739 2252 833 2306 Dei
863 2254 1274 2324 prcedestinatos
1304 2270 1336 2308 a
1362 2255 1507 2321 Deo;
1557 2268 1732 2322 neque
1778 2252 1954 2324 perire
2002 2267 2163 2323 posse

571 2342 804 2412 aliquem
834 2358 1023 2399 eorum
1051 2360 1188 2414 quos
1218 2346 1360 2400 Deus
1402 2344 1804 2415 praedestinavit
1843 2343 1910 2398 ad
1937 2357 2163 2412 regnum

574 2436 858 2501 caelorum,
886 2453 987 2492 nec
1014 2453 1341 2508 quemquam
1365 2453 1552 2493 eorum
1573 2453 1709 2507 quos
1731 2437 1871 2493 Deus
1896 2453 2002 2491 non
2026 2451 2164 2505 pra:-

573 2525 866 2580 destinavit
890 2527 957 2581 ad
987 2528 1176 2597 vitam,
1215 2529 1322 2582 ulla
1352 2544 1512 2598 posse
1539 2529 1753 2584 ratione
1781 2527 1996 2582 salvari.
2029 2527 2167 2581 Prte-

574 2605 860 2672 destinatio
890 2619 1032 2672 enim
1063 2619 1154 2674 illa
1194 2620 1442 2688 gratuita:
1490 2619 1796 2674 donationis
1825 2627 1908 2673 est
1955 2633 2166 2689 prtepa-

575 2710 716 2764 ratio
739 2725 865 2782 ~qua
916 2727 1014 2768 nos
1043 2712 1334 2782 Apostolus
1373 2712 1450 2766 ait
1495 2711 1908 2782 praedestinatos
1955 2711 2009 2764 in
2034 2710 2166 2765 ado-

575 2800 815 2870 ptionem
857 2800 1109 2867 ﬁliorum,
1141 2802 1167 2838 ά
1213 2818 1310 2872 per
1356 2801 1539 2857 Jesum
1570 2800 1842 2857 Christum
1890 2800 1942 2854 in
1991 2801 2188 2871 ipsum,

578 2888 794 2962 (Ephes.
828 2910 863 2958 ι,
897 2893 972 2964 5).

646 2978 776 3036 CAP.
810 2998 992 3050 xxxvi,
1025 3001 1113 3038 seu
1143 2982 1277 3039 Rea.
1305 3001 1489 3040 xxxm.
1517 2982 1833 3054 Baptismus.
1855 3017 1917 3026 ——
1938 2983 2024 3038 77.
2049 2982 2166 3038 Fir-

577 3069 814 3125 missime
859 3083 1002 3139 tene,
1054 3081 1108 3128 et
1155 3074 1461 3129 nullatenus
1487 3075 1717 3141 dubites,
1768 3083 2166 3130 sacramentum

576 3160 936 3230 baptismatis,
984 3179 1092 3218 non
1126 3165 1299 3219 solum
1328 3166 1469 3220 intra
1500 3157 1793 3220 Ecclesiam
1822 3166 2163 3232 catholicam,

2263 1965 2475 2032 fecerit,
2525 1966 2628 2021 etsi
2674 1981 2773 2036 pro
2821 1964 3020 2020 Christi
3064 1965 3282 2020 nomine
3328 1965 3491 2020 etiam
3537 1965 3854 2034 sanguinem

2264 2057 2466 2114 fuderit
2491 2101 2506 2126 ,
2532 2057 2838 2113 nullatenus
2867 2073 3027 2127 posse
3057 2059 3273 2113 salvari.
3297 2057 3454 2112 Omni
3482 2058 3626 2113 enim
3652 2057 3853 2114 homini

2266 2152 2358 2221 qui
2386 2149 2635 2206 Ecclesiae
2677 2152 2957 2206 catholicae
2997 2168 3104 2207 non
3153 2160 3299 2207 tenet
3325 2153 3632 2220 unitatem,
3683 2167 3854 2223 neque

2267 2240 2585 2311 baptismus,
2657 2257 2833 2311 neque
2881 2243 3224 2314 eleemosyna
3269 2242 3565 2312 quamlibet
3611 2245 3852 2314 copiosa,

2268 2346 2445 2400 neque
2473 2347 2619 2386 mors
2665 2348 2764 2402 pro
2807 2333 3026 2388 nomine
3070 2333 3268 2387 Christi
3296 2343 3542 2404 suscepta
3592 2333 3854 2405 proﬁcere

2267 2423 2468 2491 poterit
2497 2421 2564 2477 ad
2612 2423 2861 2487 salutem,
2908 2423 3123 2492 quando
3157 2425 3252 2496 (al.
3279 2425 3537 2495 quandiu)
3591 2425 3645 2480 in
3678 2441 3746 2481 eo
3772 2424 3852 2480 vel

2270 2513 2522 2568 haeretica
2550 2514 2637 2569 vel
2664 2515 3003 2571 schismatica
3029 2516 3264 2587 pravitas
3284 2525 3600 2587 perseverat
3625 2532 3749 2587 qua:
3768 2516 3854 2573 duo

2269 2604 2343 2659 cit
2371 2603 2438 2659 ad
2466 2614 2717 2660 mortem.

2341 2692 2471 2750 CAP.
2506 2712 2597 2766 XL,
2624 2713 2714 2751 seu
2740 2695 2872 2752 RBG.
2907 2690 3108 2754 xxxvn.
3133 2699 3415 2755 Christiani
3448 2699 3586 2756 male
3615 2701 3852 2756 viventes.

2271 2814 2342 2827 —
2371 2785 2460 2840 8i.
2493 2784 2825 2843 Firmissime
2852 2795 2998 2854 tene,
3051 2797 3106 2844 et
3133 2790 3440 2846 nullatenus
3463 2791 3704 2859 dubites,
3755 2807 3857 2849 non

2273 2891 2461 2931 omnes
2501 2877 2593 2946 qui
2642 2877 2783 2932 intra
2812 2876 3108 2953 Ecclesiam
3156 2881 3476 2938 catholicam
3519 2882 3858 2954 baptizantur

2273 2977 2595 3039 accepturos
2630 2983 2750 3025 esse
2774 2970 2942 3025 vitam
2970 2980 3230 3028 aeternam
3249 3016 3264 3042 ,
3310 2975 3405 3031 sed
3430 2991 3524 3032 eos
3549 2977 3645 3046 qui
3673 2989 3858 3048 perce-

2272 3067 2369 3129 pto
2393 3059 2716 3130 baptismate
2744 3070 2896 3118 recte
2924 3063 3131 3131 vivunt,
3175 3065 3229 3121 id
3270 3076 3354 3122 est
3380 3069 3472 3137 qui
3499 3083 3555 3122 se
3583 3069 3859 3124 abstinue-

2274 3159 2400 3205 runt
2428 3167 2458 3205 a
2488 3151 2630 3207 vitiis
2659 3161 2714 3208 et
2744 3154 3197 3225 concupiscentiis
3224 3159 3422 3215 carnis.
3453 3158 3693 3229 Regnum
3713 3161 3860 3216 enim

575 3253 671 3307 sed
711 3253 873 3308 etiam
903 3255 1044 3325 apud
1082 3256 1362 3313 haereticos
1406 3258 1498 3326 qui
1546 3258 1601 3311 in
1649 3258 1865 3312 nomine
1893 3255 2068 3312 Patris
2112 3266 2160 3313 et

2273 3241 2533 3296 caalorum
2561 3242 2702 3296 sicut
2729 3242 2990 3311 inﬁdeles,
3042 3246 3279 3302 haeretici
3317 3256 3481 3319 atque
3532 3249 3862 3305 schismatici

577 3341 698 3398 Filii
740 3353 796 3399 et
824 3342 1067 3414 Spiritus
1105 3350 1277 3403 sancti
1323 3349 1618 3419 baptizant,
1667 3364 1786 3404 esse
1834 3363 2026 3418 posse;
2070 3350 2168 3406 sed

574 3443 728 3490 extra
757 3434 1052 3493 Ecclesiam
1081 3441 1402 3495 catholicam
1447 3440 1705 3511 prodesse
1750 3456 1857 3495 non
1906 3457 2065 3512 posse
2097 3453 2163 3498 ετ

577 3524 686 3581 imo
751 3528 889 3582 sicut
936 3529 1076 3584 intra
1139 3529 1434 3586 Ecclesiam
1487 3539 1637 3586 recte
1681 3531 2024 3587 credentibus
2069 3547 2169 3602 per

578 3629 975 3699 sacramentum
1022 3624 1273 3694 baptismi
1323 3625 1554 3681 conferri
1601 3626 1850 3694 salutem,
1894 3628 1972 3683 sic
2012 3635 2167 3682 extra

585 3707 883 3767 Ecclesiam
912 3712 1218 3784 baptizatis,
1252 3716 1296 3770 si
1324 3716 1390 3771 ad
1420 3715 1714 3772 Ecclesiam
1744 3733 1852 3772 non
1880 3717 2162 3783 redierint,

577 3803 767 3859 eodem
793 3805 1062 3875 baptismo
1090 3808 1351 3862 cumulari
1381 3808 1672 3878 perniciem
1697 3811 1756 3880 (ι,
1779 3817 1959 3879 quiest.
1985 3826 2021 3873 ι,
2045 3827 2163 3881 cap;

576 3889 951 3964 Firmissime).
984 3895 1213 3951 Tantum
1241 3898 1383 3952 enim
1414 3899 1558 3953 valet
1587 3899 1964 3955 ecclesiastica:
1993 3901 2166 3955 socie-

577 3984 705 4038 tatis
735 3986 911 4040 unitas
939 3986 1006 4040 ad
1037 3988 1284 4053 salutem,
1333 3997 1391 4042 ut
1431 3989 1702 4060 baptismo
1748 4006 1856 4046 non
1905 3991 2161 4058 salvetur,

576 4073 661 4124 cui
691 4089 798 4128 non
824 4076 895 4129 ibi
923 4076 1080 4130 datur
1128 4079 1216 4133 ubi
1243 4089 1459 4148 Oportet
1488 4089 1546 4134 nt
1573 4080 1748 4136 detur.
1782 4081 1961 4137 lnesse
1984 4090 2166 4138 tamen

576 4159 780 4217 homini
819 4165 1142 4234 baptismum
1177 4166 1197 4205 τ
1241 4169 1404 4223 etiam
1453 4178 1606 4225 extra
1642 4157 1941 4227 Ecclesiam
1984 4174 2165 4243 bapti-

579 4263 720 4322 zato,
771 4256 865 4311 sed
895 4256 962 4310 ad
998 4257 1258 4327 judicium
1309 4260 1484 4316 inesse
1509 4261 1576 4314 ab
1605 4260 1841 4316 Ecclesia
1889 4273 2160 4334 separato.

578 4343 646 4399 Et
670 4347 795 4415 quia
818 4347 1159 4404 manifestum
1187 4359 1290 4418 est,
1317 4351 1620 4424 ubicunque
1647 4350 1828 4406 datum
1857 4351 2038 4420 fuerit,
2061 4353 2166 4410 hoc

577 4435 843 4507 baptisma
875 4440 1041 4496 semel
1071 4457 1191 4497 esse
1219 4442 1474 4508 dandum,
1508 4443 1630 4498 ideo
1671 4444 1771 4499 etsi
1801 4446 1869 4500 ab
1898 4446 2164 4503 hmreticis

573 4530 626 4586 in
652 4528 868 4588 nomine
891 4531 1064 4589 Patris
1093 4543 1148 4589 et
1174 4533 1294 4589 Filii
1317 4543 1371 4590 et
1401 4533 1634 4606 Spiritus
1674 4537 1846 4592 sancti
1876 4536 2036 4592 fuerit
2062 4537 2160 4593 da-

2273 3347 2383 3387 non
2411 3331 2704 3399 habebunt,
2735 3335 2813 3390 sic
2833 3335 3086 3393 catholici
3114 3333 3392 3397 criminosi
3429 3342 3714 3412 possidere
3760 3358 3862 3399 non

2271 3433 2546 3495 poterunt.

2343 3519 2472 3574 Car.
2505 3536 2615 3588 xu,
2642 3538 2731 3575 seu
2758 3513 2894 3578 Βεσῖ
2923 3540 3146 3580 xxxvm.
3193 3523 3322 3582 Sine
3346 3531 3572 3599 peccatis
3605 3533 3860 3586 neminem

2273 3613 2452 3666 vivere.
2476 3644 2547 3655 —
2568 3611 2658 3666 82.
2682 3613 3013 3672 Firmissime
3045 3625 3190 3687 tene,
3210 3628 3265 3676 et
3295 3619 3604 3679 nullatenus
3633 3624 3859 3689 dubites,

2272 3705 2436 3760 etiam
2460 3706 2637 3774 justos
2666 3713 2828 3776 atque
2854 3718 3072 3765 sanctos
3099 3711 3370 3782 homines,
3402 3717 3652 3786 exceptis
3695 3717 3760 3772 iis
3778 3716 3863 3786 qui

2270 3795 2530 3867 baptizati
2553 3799 2759 3868 parvuli
2786 3807 2930 3870 sunt,
2965 3801 3081 3857 sine
3110 3813 3334 3874 peccato
3364 3790 3453 3860 hic
3483 3807 3762 3862 neminem
3790 3807 3864 3861 vi-

2271 3907 2400 3947 vere
2431 3908 2622 3962 posse;
2675 3909 2998 3965 semperque
3025 3898 3172 3953 omni
3210 3898 3416 3952 homini
3445 3912 3566 3953 esse
3618 3907 3865 3954 necesse;

2272 3985 2433 4052 rium,
2477 3993 2534 4039 et
2565 3994 2787 4056 peccata
2816 4002 2912 4042 sua
2944 4003 3114 4058 usque
3143 3990 3198 4043 in
3241 3986 3403 4045 ﬁnem
3433 3990 3556 4045 vita:
3585 3989 3867 4060 praesentis

2271 4075 2653 4147 eleemosynis,
2698 4075 2938 4146 jejuniis,
2987 4080 3255 4147 oratione,
3299 4081 3384 4134 vel
3433 4080 3699 4151 lacrytnis
3727 4077 3754 4116 δ
3793 4077 3868 4133 di-

2256 4163 2423 4240 luere
2459 4164 2500 4232 ί,
2533 4175 2588 4221 et
2608 4168 2982 4226 remissionem
3011 4187 3043 4226 a
3067 4172 3180 4229 Deo
3209 4172 3487 4229 humiliter
3506 4188 3571 4228 ac
3601 4172 3869 4230 veraciter

2270 4256 2564 4324 postulare.

2341 4345 2472 4405 Car.
2504 4365 2633 4418 xm,
2665 4369 2754 4407 seu
2795 4352 2931 4410 Rsc.
2956 4370 3156 4410 xxxix.
3187 4352 3343 4409 Cibus
3386 4363 3436 4408 et
3463 4365 3641 4426 potus.
3676 4355 3868 4426 Con]!-

2269 4439 2452 4509 gium,
2499 4440 2757 4498 Secunda:
2803 4447 2996 4516 nuptia:
3043 4446 3220 4500 licita.
3275 4478 3346 4488 —
3393 4445 3480 4515 εξ).
3533 4443 3870 4503 Firmissime

2270 4539 2418 4601 tene,
2467 4543 2523 4589 et
2561 4536 2870 4592 nullatenus
2897 4536 3131 4601 dubites,
3175 4553 3391 4594 omnem
3437 4547 3752 4594 creaturam
3779 4536 3870 4593 Dei

572 4631 705 4689 tum,
738 4621 1117 4681 venerabiliter
1138 4625 1557 4696 agnoscendum,
1618 4635 1674 4681 et
1701 4627 1770 4682 ob
1801 4627 1904 4683 hoc
1933 4627 2165 4684 nullate-
2188 4636 2244 4698 ι)
2268 4624 2470 4682 bonam
2499 4644 2637 4696 esse,
2687 4640 2743 4686 et
2771 4631 2902 4686 nihil
2943 4631 3296 4700 rejiciendum
3336 4630 3484 4702 quod
3511 4648 3639 4686 cum
3669 4632 3869 4701 gratia-

571 4729 672 4768 nus
703 4714 1023 4770 iterandum.
1055 4717 1303 4773 Salvator
1333 4719 1476 4773 enim
1507 4717 1636 4774 dicit
1663 4737 1674 4771 :
1711 4716 1810 4782 Qui
1844 4719 1999 4774 semel
2025 4721 2162 4774 lotus

569 4813 666 4867 est,
699 4821 800 4860 non
831 4807 1026 4879 indiget
1055 4807 1158 4862 nisi
1184 4818 1241 4861 ut
1279 4808 1432 4878 pedes
1468 4808 1602 4862 lavet
1633 4818 1656 4854 Β
1691 4808 1871 4878 (Joan.
1903 4825 2016 4874 xm,
2047 4809 2158 4881 10).

641 4894 769 4950 CAP.
806 4913 1007 4965 xxxvu,
1031 4915 1118 4952 seu
1141 4896 1277 4953 Βεο.
1303 4915 1486 4954 xxxiv.
1519 4897 1685 4953 Extra
1707 4897 1996 4953 Ecclesiam
2016 4901 2161 4955 salus

569 4990 731 5042 nulla.
758 5023 828 5033 —
857 4990 943 5045 78.
977 4991 1306 5049 Firmissime
1337 5001 1480 5060 tene,
1509 5001 1564 5047 et
1587 4993 1892 5047 nullatenus
1919 4992 2152 5061 dubites,

569 5097 784 5138 omnem
814 5093 964 5138 extra
994 5083 1290 5140 Ecclesiam
1324 5085 1645 5140 catholicam
1675 5085 2003 5154 baptizatum
2045 5102 2168 5156 pars

567 5170 786 5242 ticipem
817 5169 931 5228 ﬁeri
970 5191 1078 5230 non
1109 5191 1274 5245 posse
1305 5177 1426 5230 vita:
1453 5184 1689 5241 mternzc,
1738 5176 1781 5230 si
1830 5184 1954 5230 ante
1995 5176 2157 5234 ﬁnem

566 5260 690 5316 vita!
741 5263 898 5332 hujus
947 5265 1228 5343 catholicae
1257 5281 1364 5320 non
1414 5264 1570 5321 fuerit
1619 5265 1856 5321 redditus
1884 5275 2044 5336 atque
2073 5269 2158 5323 in-.

567 5365 885 5424 corporatus
916 5355 1169 5414 Ecclesiae
1198 5378 1208 5411 :
1236 5358 1360 5428 quia
1391 5361 1434 5414 si
1466 5360 1703 5427 habeam,
1732 5360 1904 5430 inquit
1933 5360 2162 5434 Aposto-

641 5588 664 5650 ξ
696 5577 981 5650 Μεεηὸιιο,
1005 5579 1343 5636 conditorem.

641 5648 667 5687 δ
693 5649 789 5723 Ms.
815 5648 1022 5723 Corb.,L
1031 5669 1122 5723 per
1147 5651 1305 5722 ﬁdem
1334 5649 1397 5704 ab
1424 5651 1599 5706 eodem
1630 5654 1958 5723 inspiratam.

647 5731 667 5792 ξ
702 5720 826 5792 Mss.
857 5737 970 5792 sex,
999 5721 1126 5775 Filii
1147 5720 1279 5792 ejus.

641 5787 667 5826 ά
691 5791 854 5844 Abest
887 5790 1000 5853 Dei,
1031 5787 1184 5861 quod
1206 5793 1258 5845 in
1289 5791 1448 5847 editis
1477 5791 1688 5861 legitur,
1723 5811 1753 5848 a
1777 5811 1876 5850 ms.
1911 5794 2074 5852 Corb.
2103 5804 2158 5853 et

573 5869 724 5929 textu
742 5861 1016 5929 _Apostoli.
2129 5897 2131 5900 ι

644 5941 665 5972 υ
715 5927 814 5984 .\ts.'
839 5940 994 5994 unus,
1021 5929 1295 5998 baptisatis
1318 5931 1565 6001 prodesse
1595 5950 1695 5993 non
1731 5952 1902 6010 posse.

811 6093 886 6103 ‘.—

2266 4735 2386 4774 rum
2416 4723 2630 4778 actione
2660 4724 2985 4794 percipitur;
3018 4733 3071 4780 et
3097 4725 3191 4780 Dei
3221 4740 3409 4780 servos
3435 4724 3584 4793 quia
3615 4725 3873 4780 carnibus

2265 4819 2359 4866 aut
2387 4813 2513 4868 vino
2563 4813 2859 4883 abstinent,
2909 4830 3018 4870 non
3067 4824 3322 4886 tanquam
3375 4817 3658 4872 immunda
3689 4831 3812 4888 qua:
3842 4830 3873 4869 ι

2264 4902 2378 4959 Deo
2407 4902 2549 4960 facta
2577 4914 2702 4961 sunt
2729 4922 3005 4978 respuere,
3049 4907 3145 4963 sed
3173 4923 3206 4962 a
3233 4907 3443 4964 fortiori
3472 4909 3597 4964 cibo
3631 4917 3694 4964 et
3720 4915 3874 4979 potu,

2265 5011 2366 5066 pro
2410 4997 2527 5052 sola
2569 4999 2925 5068 castigatione
2981 5000 3227 5070 corporis
3287 5001 3578 5056 abstinere.
3641 4999 3872 5070 Nuptias

2263 5103 2479 5157 quoque
2513 5085 2769 5144 divinitus
2811 5091 3086 5146 institutas
3112 5097 3168 5146 et
3194 5090 3541 5158 benedictas;
3573 5099 3634 5146 et
3676 5090 3874 5145 melius

2261 5176 2481 5246 quidem
2502 5191 2622 5234 esse
2647 5180 2693 5234 si
2713 5181 2997 5252 quisquam
3023 5181 3140 5237 sine
3165 5181 3418 5251 coniugio
3439 5183 3530 5246 sit,
3558 5189 3622 5235 ut
3644 5180 3870 5236 liberius

2263 5279 2424 5340 atque
2449 5271 2657 5341 plenius
2679 5272 2880 5341 cogitet
2907 5288 3027 5342 qua:
3053 5281 3178 5329 sunt
3199 5273 3315 5338 Dei,
3341 5273 3620 5344 quomodo
3653 5271 3875 5341 placeat

2262 5360 2376 5418 Deo
2408 5359 2464 5432 (Ι
2506 5361 2626 5418 Cor.
2659 5379 2749 5430 vn,
2807 5362 2930 5434 54);
2975 5345 3155 5419 tamen
3201 5363 3302 5418 illis
3349 5364 3441 5428 qui
3471 5362 3873 5419 continentiam

2321 5581 2360 5707 di
2395 5585 2568 5668 Vatic.
2601 5599 2769 5653 unus,
2823 5583 2970 5639 Inest
3012 5593 3184 5639 tamen
3228 5586 3427 5641 homini
3484 5585 3873 5656 baptisma“...

2475 5665 2628 5707 mest.

2263 5665 2353 5708 sed
2475 5665 2628 5709 inest.

2339 5731 2362 5799 β
2525 5724 2715 5799 Corb.,
2738 5744 2850 5799 non
2871 5725 3070 5799 indiget
3096 5727 3281 5793 lauari,
3305 5729 3408 5782 nisi
3434 5737 3491 5781 ut
3519 5726 3678 5799 pedes
3711 5729 3874 5799 lupa.

2339 5793 2367 5832 ιι
2396 5794 2521 5850 llaec
2547 5793 2753 5871 verba,_
2771 5793 3010 5868 jejuniis',
3056 5800 3313 5867 oratione,
3342 5799 3419 5854 ωι
3448 5793 3724 5871 laérymis,
3769 5796 3876 5856 ln-

2266 5867 2464 5922 bentur
2492 5882 2556 5922 ex
2586 5880 2688 5923 ms.
2713 5867 2878 5922 Corb.

2347 5933 2494 6014 illis.
2520 5952 2676 6016 unus,
2707 5938 2973 6007 redimere.
