4090 6342
241 372 344 430 703
389 396 394 404 -

1508 351 1595 407 DE
1632 347 1788 407 FIDE
1817 344 2020 406 LIBER
2058 341 2259 403 UNUS.

3415 333 3515 390 706

240 504 347 546 non
377 488 666 548 voverunt,
717 478 922 535 nullum
969 488 1088 532 esse
1117 477 1396 544 peccatum
1424 469 1470 524 si
1505 469 1594 523 vcl
1639 466 1831 522 mulier
1861 469 1911 529 Α
1934 463 2044 518 lum
2076 456 2341 523 omnibus,
2381 452 2480 533 sed
2508 450 2671 507 etiam
2700 447 2924 518 singulis
2964 445 3196 502 voluerit
3225 447 3516 516 contraire,

242 581 430 642 nubat,
463 576 562 632 vel-
576 575 660 630 vir
688 585 913 628 uxorem
942 567 1123 623 ducat.
1175 565 1283 619 Nec
1327 563 1470 618 solas
1495 561 1695 630 primas
1726 575 1828 612 nu-

241 670 379 744 ptias
411 684 443 722 a
473 666 588 721 Deo
614 663 906 720 institutas,
939 657 1031 713 sed
1063 657 1224 711 etiam
1251 652 1513 710 secundas
1543 659 1598 706 et
1622 650 1828 724 tertias,

240 776 338 834 pro
369 773 564 814 eorum
596 755 688 825 qui
716 768 777 808 se
805 751 1085 807 continere
1112 763 1218 802 non
1248 754 1495 816 possunt,
1524 741 1833 797 infirmitate

241 864 556 910 concessas.
609 844 700 899 Eis
728 857 855 897 vero
883 841 976 909 qui
1019 839 1130 894 sive
1158 835 1452 905 conjugati,
1503 835 1615 888 sive
1646 848 1673 885 a
1703 846 1833 886 con-

238 943 391 1016 iugio
442 939 599 995 liberi
645 934 1033 993 continentiam
1061 931 1174 986 Deo
1221 929 1489 989 voverint,
1543 925 1833 981 admodum

240 1050 365 1092 esse
395 1031 728 1114 damnabile,
772 1027 819 1082 si
845 1025 933 1082 vel
958 1025 1034 1081 illi
1078 1021 1360 1092 conjugale
1387 1035 1524 1089 opus
1566 1016 1838 1072 voluerint

241 1111 528 1198 appetere,
559 1137 667 1191 quo
695 1135 755 1175 se
782 1133 892 1174 non
917 1129 1250 1175 accessuros,
1283 1112 1369 1166 vel
1392 1111 1467 1166 illi
1496 1117 1764 1179 repetere,
1805 1124 1837 1162 a

241 1196 353 1288 quo
376 1231 440 1272 se
465 1225 802 1278 recessuros,
829 1208 908 1264 illi
951 1207 1141 1274 libera,
1190 1204 1265 1259 illi
1295 1201 1566 1258 communi
1610 1196 1838 1270 professi

241 1319 370 1368 sunt
397 1308 696 1364 voluntate.
1608 1278 1611 1279 ν

318 1400 453 1458 Car.
487 1415 635 1463 mn,
682 1413 768 1451 seu
806 1394 942 1449 RBG.
982 1407 1070 1446 xu.
1120 1388 1292 1444 Malos
1342 1385 1544 1442 misceri
1590 1383 1734 1438 bonis
1785 1383 1839 1436 in

244 1492 511 1549 Ecclesia.
544 1520 615 1532 ——
643 1485 730 1541 84.
765 1483 1096 1540 Firmissime
1125 1487 1271 1542 tene,
1321 1487 1376 1532 et
1413 1475 1717 1530 nullatenus
1742 1472 1842 1527 du-

244 1584 412 1648 bites,
445 1593 629 1636 aream
656 1577 751 1633 Dei
775 1589 895 1631 esse
923 1571 1248 1628 catholicam
1276 1567 1597 1631 Ecclesium,
1626 1572 1680 1628 et
1702 1565 1842 1619 intra

245 1692 375 1734 eam
420 1687 593 1743 usque
640 1671 696 1725 in
741 1669 903 1724 linem
931 1664 1114 1721 saeculi
1158 1663 1428 1718 frumento
1459 1659 1656 1714 mixtas
1685 1657 1840 1728 531

246 1767 443 1840 paleas
468 1763 754 1825 contineri,
811 1759 917 1814 hoc
961 1764 1046 1813 est
1073 1754 1231 1810 bonis
1270 1751 1443 1807 malos
1477 1755 1845 1807 sacramento-

1935 552 1990 608 in
2019 567 2084 608 co
2113 547 2256 619 quod
2304 544 2526 615 singulis
2559 543 2754 596 horum
2803 540 3195 595 contumaciter
3235 547 3516 608 repugnat,

1935 643 2098 699 ethis
2143 637 2411 696 contraria
2453 635 2650 692 docere
2702 646 2808 686 non
2857 629 3086 696 dubitat,
3137 621 3420 684 limretiCus
3465 640 3521 683 et

1935 733 2058 789 fidei
2083 729 2404 786 Christianm
2430 725 2698 788 inimicus,
2730 730 2892 792 atque
2923 734 2990 775 ex
3019 720 3124 774 hoc
3153 720 3399 774 omnibus
3427 734 3522 773 ca—

1935 825 2152 882 tholicis
2196 815 2728 878 anathematizandus
2757 821 3032 884 appareat.
3083 811 3336 878 Quamvis
3366 811 3526 878 igitur

1939 927 1994 974 et
2019 915 2262 985 angustia
2294 909 2571 984 temporis,
2605 915 2658 962 et
2686 905 2958 962 festinatio
2990 903 3268 972 portitoris
3296 917 3521 971 compu-

1935 1010 2062 1066 lerit
2084 1023 2188 1062 nos
2207 1006 2386 1076 aliqua
2411 1018 2529 1072 qua:
2549 1015 2650 1072 pro
2671 996 2897 1054 diversis
2921 995 3213 1050 lucresibus
3235 1009 3526 1064 agnoscen-

1939 1103 2022 1159 dis
2051 1109 2214 1170 atque
2241 1096 2474 1152 vitandis
2510 1094 2723 1149 fuerant
2758 1087 3040 1144 inserenda
3068 1087 3342 1156 pmterire
3370 1087 3528 1142 silen-

1939 1195 2045 1260 tio,
2071 1201 2252 1247 tamen
2273 1189 2318 1245 si
2345 1187 2522 1243 omnia
2547 1199 2666 1254 quae
2690 1183 2743 1238 in
2773 1181 2879 1236 hoc
2899 1178 3160 1250 opusculo
3181 1177 3526 1232 continentur

1941 1297 2226 1340 recensere
2253 1287 2309 1335 et
2331 1278 2609 1334 notissima
2635 1288 2856 1346 prorsus
2884 1273 3085 1327 habere
3113 1285 3220 1326 non
3265 1268 3524 1337 negligas,

1943 1391 2010 1431 ex
2049 1375 2133 1429 his
2179 1371 2386 1442 poteris
2434 1375 2594 1424 cauta
2638 1365 2965 1420 discretione
3009 1364 3169 1417 etiam
3207 1361 3275 1415 de
3321 1358 3529 1416 caeteris

1940 1439 2254 1539 spiritaliter
2291 1461 2554 1532 judicare.
2589 1456 2879 1529 Apostolus
2905 1456 3049 1510 enim
3101 1454 3234 1509 dicit
3271 1439 3395 1524 quia
3422 1453 3531 1522 spi-

1945 1562 2113 1618 ritalis
2133 1558 2338 1629 judicat
2366 1555 2541 1610 omnia
2565 1551 2613 1624 (1
2642 1551 2760 1607 Cor.
2793 1567 2852 1616 ιι,
2885 1547 2971 1620 15)
3007 1566 3019 1601 :
3047 1564 3152 1618 quo
3183 1548 3356 1602 donec
3375 1562 3532 1602 unus-

1947 1654 2175 1726 quisque
2205 1657 2451 1704 nostrum
2477 1647 2778 1716 perveniat,
2813 1642 2865 1697 in
2911 1655 2978 1696 eo
3010 1654 3115 1709 quo
3146 1637 3391 1709 pervenit
3415 1651 3529 1690 am-

1946 1745 2114 1810 bulet,
2147 1742 2199 1797 id
2227 1750 2308 1796 est
2337 1740 2391 1794 in
2417 1753 2484 1794 eo
2512 1736 2655 1805 quod
2685 1743 2893 1790 certum
2928 1732 3137 1802 accepit
3164 1730 3392 1787 lideliter
3413 1744 3532 1799 pcr-

247 1819 435 1840 πηνα
482 1819 487 1820 κ
742 1819 752 1825 .

247 1873 372 1917 rum
402 1855 789 1914 communione
829 1849 1072 1915 misceri;
1122 1855 1178 1902 et
1219 1847 1272 1901 in
1303 1844 1450 1900 omni
1490 1841 1844 1913 professione,
1875 1846 1923 1908 Β
1952 1841 2185 1892 severet.
2229 1829 2384 1898 Quod
2411 1828 2457 1883 si
2485 1825 2615 1896 quid
2653 1825 2811 1879 aliter
2857 1823 3016 1894 sapit,
3062 1822 3166 1877 hoc
3214 1835 3430 1891 quoque
3457 1819 3532 1875 illi

247 1953 367 2010 sive
397 1948 746 2010 clericorum,
795 1943 908 2000 sive
953 1939 1360 2002 monachorum,
1407 1935 1521 1989 sive
1563 1931 1842 1995 laicorum,

250 2059 374 2101 esse
403 2041 579 2096 bonos
607 2034 765 2091 simul
802 2041 858 2090 et
882 2031 1082 2095 malos;
1121 2044 1223 2085 nec
1247 2042 1348 2098 pro
1375 2024 1530 2080 malis
1558 2023 1729 2078 bonos
1749 2019 1850 2075 de-

251 2134 540 2199 serendos,
590 2129 685 2187 sed
713 2143 812 2200 pro
839 2125 995 2182 bonis
1038 2122 1231 2186 malos,
1279 2119 1332 2174 in
1375 2124 1636 2187 quantum
1684 2111 1852 2181 exigit

253 2230 381 2285 ﬁdei
427 2234 486 2282 et
527 2221 767 2280 caritatis
795 2217 935 2273 ratio
980 2210 1312 2276 tolerandos,
1365 2207 1421 2263 id
1447 2215 1548 2271 est,
1599 2205 1644 2259 si
1672 2201 1757 2257 vel
1797 2201 1852 2255 in

255 2317 510 2376 Ecclesia
532 2311 731 2369 nullius
759 2305 995 2379 perﬁdite
1017 2303 1223 2359 semina
1248 2304 1526 2370 spargunt,
1556 2294 1642 2349 vel
1662 2293 1854 2346 fratres

256 2411 325 2468 ad
355 2404 589 2476 aliquod
617 2401 816 2458 malum
843 2413 979 2467 opus
1004 2392 1279 2450 mortifera
1301 2389 1600 2444 imitatione
1624 2401 1731 2440 non
1756 2383 1856 2437 du-

257 2507 415 2556 cunt.
447 2474 560 2550 Nec
593 2505 748 2564 posse
777 2488 1010 2556 aliquem
1039 2485 1178 2538 intra
1207 2479 1502 2535 Ecclesiam
1532 2474 1856 2535 catholicam

185 2633 190 2637 ς
258 2593 411 2647 recte
443 2585 754 2642 credentem
807 2579 1054 2646 beneque
1085 2574 1357 2630 viventem
1392 2567 1578 2626 'a‘lieno
1625 2558 1856 2638 unquam

259 2680 533 2745 maculari
574 2679 818 2752 peccatu,
864 2672 920 2742 si
941 2669 1194 2742 cuiquam
1222 2665 1471 2739 peccanti
1501 2678 1603 2718 nec
1631 2675 1861 2720 consen-

261 2782 483 2837 sionem
526 2773 787 2846 praebeat,
840 2782 939 2823 nec
976 2765 1246 2828 favorem;
1293 2759 1606 2826 utiliterque
1633 2755 1802 2809 malos
1831 2770 1862 2807 a

262 2869 430 2927 bonis
460 2866 605 2920 intra
634 2859 930 2917 Ecclesiam
959 2856 1203 2921 tolerari,
1253 2851 1298 2907 si
1329 2851 1434 2906 hoc
1475 2863 1596 2904 cum
1623 2846 1702 2901 eis
1725 2845 1864 2900 bene

263 2956 508 3016 vivendo
537 2964 594 3010 et
629 2953 770 3008 bene
798 2945 1070 3005 monendo
1098 2951 1306 3013 agatur,
1355 2950 1417 2996 ut
1455 2947 1511 2995 ct
1537 2937 1782 2993 videntes
1810 2942 1866 2990 et

265 3049 561 3106 audientes
585 3058 703 3114 quae
723 3043 866 3097 bona
894 3046 1038 3104 sunt,
1062 3036 1203 3091 mala
1226 3049 1320 3089 sua
1353 3037 1628 3103 respuant,
1661 3035 1717 3084 et
1732 3027 1868 3098 judi-

265 3146 482 3205 candos
508 3157 569 3199 se
596 3157 626 3195 a
656 3139 766 3194 Deo
794 3151 891 3207 pro
932 3133 1044 3190 suis
1088 3130 1246 3186 malis
1283 3127 1538 3199 operibus
1575 3121 1869 3181 contremi-

1952 1925 2094 1980 Deus
2120 1920 2403 1977 revelabit.
2437 1918 2629 1972 Amen.

2025 2037 2184 2110 532
2213 2028 2584 2088 ADMONITIO
2612 2027 2679 2083 de
2707 2026 3071 2096 subsequente
3097 2024 3275 2094 capite
3302 2021 3459 2076 XLV.

2025 2150 2191 2221 Caput
2231 2146 2543 2219 subsequens
2587 2160 2694 2201 non
2722 2159 2838 2199 vere
2875 2159 2907 2196 a
2949 2140 3226 2213 Fulgentio
3265 2139 3536 2212 prodiisse,

1953 2243 2043 2300 sed
2074 2259 2106 2296 a
2132 2241 2306 2314 quovis
2335 2239 2440 2295 alio
2463 2253 2673 2293 auctore
2700 2238 2916 2300 incerto,
2959 2234 3073 2287 huic
3118 2233 3262 2302 operi
3291 2233 3540 2302 completo

1954 2332 2300 2405 subjunctum,
2332 2347 2478 2385 nemo
2507 2338 2583 2383 est
2605 2329 2691 2398 qui
2713 2327 2992 2396 inﬁcietur,
3023 2326 3067 2378 si
3099 2332 3257 2377 totum
3277 2325 3542 2393 perlegens

1958 2426 2224 2496 Fulgentii
2256 2422 2463 2486 librum,
2495 2420 2563 2472 ad
2591 2427 2849 2489 postrema
2888 2416 3072 2485 capitis
3100 2415 3266 2467 ultimi
3290 2412 3440 2465 verba
3466 2413 3559 2466 vel'

1958 2518 2282 2574 mediocriter
2331 2512 2626 2594 attenderit.
2677 2509 2972 2578 Propositis
3016 2507 3150 2560 enim
3185 2505 3253 2556 40
3280 2503 3538 2573 capitulis,

1961 2627 2049 2665 seu
2101 2609 2270 2680 potius
2317 2604 2507 2676 regulis
2555 2618 2688 2656 verte
2734 2599 2881 2670 ﬁdei,
2931 2596 3171 2668 angustia
3217 2595 3456 2665 temporis
3497 2604 3546 2647 et

1964 2702 2293 2774 festinatione
2314 2696 2582 2769 portitoris
2611 2693 2724 2764 cogi
2753 2708 2809 2745 se
2828 2690 2952 2744 dicit
2991 2689 3144 2759 plura
3181 2687 3383 2741 silentio
3412 2702 3545 2756 pra:-

1965 2793 2117 2847 terire
2138 2807 2251 2864 qua:
2279 2791 2484 2860 fuerant
2513 2786 2646 2838 alias
2673 2780 2972 2837 inserenda.
3002 2776 3150 2831 Unde
3170 2793 3260 2831 nec
3278 2773 3548 2829 verisimile

1965 2895 2040 2940 est
2061 2902 2175 2938 eum
2211 2883 2414 2954 (addita
2443 2881 2652 2948 insuper
2682 2875 2960 2946 manifesta
2999 2873 3154 2925 totius
3194 2870 3362 2939 operis
3402 2868 3547 2920 clau-

1965 2977 2104 3040 sula)
2135 2976 2304 3044 capite
2331 2973 2428 3026 isto
2459 2969 2678 3040 longiori
2703 3008 2718 3034 ,
2765 2975 2814 3018 et
2857 2964 2926 3016 ad
2969 2978 3074 3016 rem
3105 2959 3252 3014 nihil.
3296 2966 3385 3010 aut
3423 2973 3550 3027 pene

1969 3067 2102 3125 nihil
2142 3067 2452 3136 conferente,
2500 3060 2708 3112 auxisse
2750 3071 2876 3126 opus
2916 3053 3032 3123 jam
3075 3049 3414 3120 completum,
3464 3053 3550 3099 aut

1971 3158 2186 3213 breviori
2215 3170 2448 3210 sermone
2494 3150 2756 3220 repetiisse
2799 3148 3004 3217 regulas
3045 3144 3226 3214 seipsis
3265 3142 3393 3195 satis
3429 3154 3554 3194 con-

268 3246 461 3303 scant;
505 3243 668 3302 atque
697 3232 791 3298 ita,
821 3225 1191 3299 prazveniente
1225 3221 1368 3277 dono
1389 3218 1595 3289 gratim,
1640 3215 1708 3272 de
1755 3213 1866 3268 suis
1891 3220 1940 3285 (ι
1970 3258 2185 3305 εἴπης.

269 3325 657 3400 iniquitatibus
684 3318 1098 3381 confundantur,
1141 3319 1196 3370 et
1223 3313 1291 3368 ad
1332 3313 1530 3367 bonam
1555 3307 1727 3364 vitam
1771 3319 1870 3375 per

271 3423 373 3478 Dei
404 3413 832 3474 misericordiam
861 3413 1265 3465 convertantur.
1292 3403 1471 3457 Bonos
1499 3415 1629 3455 vero
1657 3413 1687 3452 a
1713 3395 1870 3450 malis

273 3515 422 3570 intra
445 3507 737 3565 Ecclesiam
779 3503 1038 3559 duntaxat
1077 3496 1396 3555 catholicam
1425 3491 1731 3549 constitutis
1761 3503 1870 3543 non

275 3604 487 3660 debere
503 3599 606 3654 nisi
630 3609 856 3667 operum
878 3587 1316 3647 dissimilitudine
1337 3582 1575 3654 separari
1598 3591 1645 3647 ⁸,
1671 3587 1731 3634 ut
1747 3593 1871 3634 cum

279 3697 486 3770 quibus
507 3691 687 3747 divina
709 3684 1109 3744 communicant
1133 3684 1494 3743 sacramenta,
1512 3689 1622 3728 non
1641 3671 1874 3727 habeant
1897 3710 1912 3722 .

278 3791 432 3850 mala
461 3799 648 3858 opera,
678 3782 872 3853 quibus
900 3777 977 3832 illi
1005 3783 1129 3831 sunt
1149 3769 1444 3836 criminosi,
1467 3764 1791 3823 communia.
1815 3761 1873 3816 In

283 3884 399 3939 fine
441 3893 574 3934 vero
598 3873 780 3931 szeculi
823 3871 998 3926 bonos
1025 3883 1055 3922 a
1084 3864 1240 3922 malis
1268 3862 1429 3918 etiam
1471 3871 1698 3928 corpore
1723 3868 1878 3925 sepa-

281 3971 514 4034 randos,
564 3964 778 4037 quando
817 3962 999 4016 veniet
1027 3955 1273 4012 Christus
1311 3951 1515 4007 habens
1539 3944 1876 4002 ventilabrum

281 4073 338 4125 in
367 4080 534 4122 manu
559 4077 674 4126 sua,
715 4066 765 4112 et
790 4049 1149 4127 permnndabit
1176 4061 1353 4101 aream
1380 4058 1550 4105 suam,
1591 4048 1640 4094 et
1664 4052 1879 4109 congre-

285 4159 438 4233 gabit
469 4154 694 4209 triticum
723 4164 870 4204 suum
896 4148 964 4200 in
983 4144 1219 4198 horreum
1241 4138 1293 4206 δ,
1323 4136 1502 4208 paleas
1526 4141 1696 4187 autem
1737 4146 1878 4185 com-

285 4222 443 4307 buret
470 4247 581 4318 igni
609 4235 1018 4310 inexstinguibili
1050 4230 1264 4305 (Matth.
1288 4245 1367 4297 Ill,
1396 4226 1522 4297 12);
1550 4222 1765 4295 quando
1785 4235 1883 4293 per

285 4315 556 4416 judicium
577 4335 779 4406 justum
807 4325 1112 4397 segregabit
1129 4323 1305 4394 justos
1333 4319 1401 4374 ab
1431 4315 1664 4388 injustis,
1712 4315 1883 4370 bonos

288 4405 322 4490 2.
351 4430 537 4494 malis,
569 4405 747 4482 rectos
775 4438 806 4477 a
836 4416 1143 4492 perversis:
1175 4416 1349 4470 bonos
1373 4410 1665 4466 constituet
1690 4421 1721 4459 a
1749 4405 1883 4460 dex-

291 4527 419 4591 tris,
449 4521 627 4579 malos
655 4533 683 4572 a
720 4514 971 4581 sinistris,
1002 4518 1057 4566 et
1085 4524 1153 4564 ex
1177 4506 1295 4576 ejus
1323 4518 1418 4559 ore
1439 4502 1569 4572 justi
1588 4498 1886 4567 :eternique

289 4615 487 4690 judicii
515 4610 842 4681 sempiterna
870 4613 1032 4673 atque
1061 4593 1485 4655 incommutabili
1525 4591 1734 4663 prolata
1760 4604 1884 4645 sen-
1908 4607 1964 4668 ῃ

290 4687 497 4775 tentia,
527 4702 696 4771 iniqui
723 4711 913 4756 omnes
937 4693 1083 4749 ibunt
1107 4693 1163 4745 in
1193 4687 1590 4744 combustionem
1612 4691 1880 4748 cateruam,

292 4801 432 4877 justi
455 4771 626 4852 autem
655 4794 712 4848 in
749 4791 903 4845 vitam
930 4794 1177 4842 aeternam
1206 4778 1419 4852 (Matth.
1454 4791 1579 4842 xxv,
1610 4771 1699 4844 45)
1743 4791 1755 4825 :
1789 4771 1889 4826 ini-

293 4861 396 4964 qui
420 4901 638 4958 semper
661 4883 833 4940 arsuri
858 4893 980 4935 cum
1000 4874 1236 4937 diabolo,
1264 4869 1395 4942 justi
1419 4875 1598 4923 autem
1620 4861 1892 4932 regnaturi

294 4987 428 5041 sine
456 4981 563 5035 fine
592 4992 713 5032 cum
741 4972 976 5030 Christo.

374 5075 513 5132 Car.
541 5086 684 5128 xuv.
712 5062 1103 5122 Persistendum
1140 5060 1196 5112 in
1223 5056 1346 5127 ﬁde.
1377 5085 1447 5095 —
1475 5049 1563 5105 85'.
1612 5047 1735 5101 lla-c
1759 5046 1896 5100 inte—

301 5169 410 5224 rim
442 5161 795 5234 quadraginta
835 5153 1090 5226 capitula‘
1109 5150 1175 5205 ad
1204 5146 1442 5216 regulam
1482 5157 1623 5196 vera:
1655 5138 1776 5193 fidei
1808 5138 1900 5191 lir-

303 5233 552 5316 missime
596 5250 920 5326 pertinentia
969 5243 1198 5300 lideliter
1250 5235 1444 5302 crede,
1495 5233 1706 5288 fortiter
1750 5237 1895 5296 tene,

287 5349 586 5410 veraciter
599 5321 980 5416 patienterque
1008 5334 1254 5392 defende.
1281 5330 1347 5384 Et
1374 5329 1419 5383 si
1439 5339 1598 5396 quem
1627 5321 1898 5378 contraria

306 5446 400 5502 his
427 5414 789 5510 dogmatizare
817 5429 1156 5502 cognoveris,
1206 5433 1464 5492 tanquam
1503 5423 1712 5488 pestem
1755 5414 1895 5482 fuge,

309 5548 371 5596 et
401 5546 660 5605 tanquam
688 5530 999 5587 haereticum
1029 5523 1219 5594 abjice.
1253 5519 1328 5573 Ita
1360 5514 1503 5571 enim
1535 5511 1635 5567 ista
1659 5524 1776 5578 quae
1804 5523 1902 5578 po-

309 5633 524 5691 suimus
553 5627 676 5684 fidei
705 5623 983 5682 catholicae
1021 5619 1340 5686 congruunt,
1375 5616 1433 5664 ut
1461 5605 1504 5662 si
1531 5605 1648 5676 quis
1678 5619 1785 5659 non
1813 5617 1901 5660 so-

395 5855 423 5885 ι
449 5845 621 5901 Vatic.
656 5853 814 5905 unus,
832 5836 904 5891 sic
934 5833 1113 5889 debere
1141 5799 1348 5901 operum
1381 5815 1795 5876 dissimilitudine
1825 5829 1904 5868 se-

319 5919 524 5994 rm'i-
1595 5914 1598 5917 ·

2032 3343 2252 3414 Accedit
2281 3341 2412 3396 illud
2440 3337 2597 3412 quod,
2637 3335 2731 3389 etsi
2771 3333 2880 3387 hazc
2920 3346 3104 3402 parum
3133 3332 3472 3382 conaucerent
3494 3339 3556 3378 ne

1973 3437 2127 3492 hocce
2155 3444 2307 3503 caput
2336 3429 2613 3502 Fulgentio
2638 3423 2989 3485 tribueremus,
3021 3416 3356 3485 manuscripti
3381 3428 3556 3468 omnes

1973 3547 2064 3601 per
2090 3546 2182 3584 nos
2207 3529 2322 3598 visi,
2356 3523 2597 3579 Vaticani
2618 3527 2856 3590 quatuor,
2887 3513 3164 3586 Anglicani
3192 3511 3314 3576 duo,
3342 3525 3434 3563 nec
3455 3523 3558 3562 non

1976 3624 2298 3681 Corbeiensis
2332 3636 2464 3674 unus
2495 3622 2811 3688 pervetustus
2837 3620 2886 3665 et
2909 3610 3207 3663 charactere
3236 3604 3349 3672 ipso
3394 3616 3559 3655 annos

1976 3721 2259 3790 praeferens
2296 3712 2439 3768 mille
2473 3716 2562 3763 aut
2592 3704 2836 3776 amplius,
2871 3701 2964 3755 hoc
2995 3707 3069 3753 est
3096 3699 3209 3766 ipso
3247 3697 3404 3766 ferme
3425 3689 3560 3744 Fuf-

1978 3809 2139 3882 gentii
2159 3816 2249 3860 aut
2279 3805 2512 3876 proxime
2536 3797 2764 3872 sequenti
2792 3792 2981 3849 saeculo
3017 3795 3284 3853 exoratus,
3316 3785 3425 3839 htec
3446 3798 3559 3838 om-

1979 3873 2068 3954 nia
2093 3873 2401 3970 quasinislo
2425 3891 2589 3962 capite
2613 3888 2850 3958 leguntur
2891 3879 3150 3941 omittunt,
3187 3873 3435 3944 habetque
3469 3882 3562 3940 p‘ov

1979 3961 2200 4048 stremus
2242 3988 2330 4043 ille
2364 3987 2419 4040 in
2450 3985 2552 4055 fine
2595 3987 2710 4050 post
2754 3977 2862 4030 haec
2893 3970 3062 4035 verba,
3095 3966 3210 4022 Hoc
3235 3978 3451 4034 quoque
3479 3961 3556 4016 illi

1982 4085 2125 4141 Deus
2149 4078 2428 4144 revelabit,
2449 4053 2638 4138 Amen,
2662 4069 2840 4125 eadem
2869 4063 3077 4120 omnino
3101 4074 3278 4122 manu,
3297 4053 3564 4123 Fulgentii

1983 4175 2223 4251 episcopi
2250 4179 2452 4229 sanctae
2479 4153 2730 4226 Ecclesiae
2751 4158 3030 4217 catholica:
3044 4147 3433 4251 Ruspensis'ODe
3454 4146 3565 4201 Re-

1985 4236 2108 4342 gina
2135 4236 2277 4324 verae
2303 4262 2426 4318 fidei
2455 4261 2590 4314 liber
2618 4251 2854 4325 explicit.
2896 4247 3084 4303 Verum
3115 4242 3235 4314 quia
3263 4237 3442 4308 religio
3469 4236 3567 4306 fuit

1986 4363 2262 4436 quidquam
2293 4357 2374 4410 hic
2415 4361 2536 4407 ante
2571 4348 2722 4404 editis
2766 4343 2936 4398 minus
2963 4333 3237 4395 excudere,
3287 4330 3450 4384 uisum
3492 4331 3568 4380 est

1990 4419 2151 4509 fotum
2178 4451 2272 4504 hoc
2299 4454 2452 4517 caput
2479 4443 2597 4496 huic
2624 4438 2767 4508 aperi
2788 4451 2878 4505 per
2905 4428 3114 4486 modum
3137 4420 3436 4494 appendicis
3461 4419 3567 4472 sine

1991 4546 2184 4619 gularis
2209 4539 2521 4595 subnectere.

2570 4635 2797 4696 CAPUT
2833 4631 2992 4688 XLV.

2064 4745 2116 4798 ι.
2146 4742 2288 4797 Vere
2317 4737 2528 4791 firmum
2557 4729 2678 4785 fidei
2717 4722 3254 4798 estgfundamentum,
3298 4709 3568 4798 prin‘cip‘a‘.

1996 4788 2118 4872 liter
2145 4788 2611 4868 credere—Patrem
2639 4807 2699 4872 et
2721 4795 2917 4872 Filium
2932 4799 3000 4872 et
3023 4788 3571 4872 Spiritum‘san'etum,

1997 4850 2647 4944 Iesse-naturaliter
2670 4850 2878 4944 Deum;
2905 4864 2979 4917 ita
3001 4850 3385 4944 uttdepat'ura
3399 4850 3574 4944 Iza‘tris

1999 4919 2743 5015 33$"n‘iﬂini'"iiiigéniiuﬁ
2758 4919 2983 5015 Eilium,
3033 4936 3112 5015 et,
3133 4923 3388 5015 simnlﬂde
3417 4919 3577 5015 Patre

2001 4991 2366 5084 Ei'ﬁi:i&"¥é¥é
2405 4991 2911 5088 aii-litabaturaliter
2955 4991 3576 5088 procedentemmcreda-

2429 5061 2675 5165 sa‘nctum
2707 5098 2719 5132 :
2753 5061 3038 5165 ipsamque
3071 5061 3577 5165 sanctamnz‘ripita.

2004 5141 2130 5226 h
2143 5141 2469 5224 Es's'é'iﬁi'iiii
2480 5141 2705 5219 solum,
2725 5141 2959 5226 gerum;
2972 5150 3254 5226 aeternum,
3303 5141 3465 5226 atque
3494 5141 3578 5226 in:

2488 5201 2705 5297 ῐῖξυεηί
2726 5201 2963 5297 Credere
3007 5212 3170 5297 etiam
3216 5201 3579 5297 eqngtjuit‘ad

2595 5270 2856 5349 Trinitate
2883 5295 3190 5372 personam,
3210 5275 3291 5372 id
3309 5270 3579 5372 gest‘llni-

2488 5345 2627 5440 "6:6
2639 5345 2824 5419 noVStra
2870 5345 3046 5450 s'alurt‘e
3088 5350 3264 5406 solum
3309 5345 3580 5450 geminiem

2404 5443 2419 5450 -
2845 5443 2953 5450 --η
3026 5435 3144 5450 mm
3175 5431 3305 5450 mn."
3469 5428 3474 5434 .
3531 5428 3564 5450 η

2263 5412 2620 5508 eﬁﬁiimﬁhé
2645 5412 3147 5513 nilnihilesselfleum
3175 5420 3474 5513 verumtiet'
3492 5412 3564 5468 ho

2010 5491 2764 5580 ’véiiiiﬁfée‘chhdum
2786 5497 3121 5580 divinitatem
3132 5501 3320 5580 tinam
3328 5491 3582 5580 infigam

2009 5555 2447 5650 illi:
2473 5555 2762 5636 Filia}?
2785 5555 2988 5644 Spiritu
3024 5567 3248 5627 sancto;
3295 5555 3582 5615 secundum

2085 5803 2110 5842 δ
2133 5801 2220 5855 Sic
2251 5813 2349 5852 ms.
2375 5794 2561 5857 Corb.,
2579 5789 2731 5858 juxta
2752 5785 2996 5842 Graecum
3021 5787 3245 5839 textum.
3272 5771 3414 5829 Editi
3436 5783 3580 5852 vero,

2014 5876 2234 5932 triticum
2263 5871 2312 5925 in
2346 5845 2597 5922 horreum.
2612 5876 2778 5916 situm.
3243 5873 3246 5876 ’
3572 5845 3578 5852 ’
