4090 6342
275 403 388 462 709

1315 412 1450 469 PRO
1487 413 1640 470 FIDE
1677 414 2066 472 CATHOLICA
2106 417 2307 474 LIBER
2348 420 2550 478 UNUS.

3470 439 3578 498 7l0

271 521 590 577 divinorum
630 522 1064 579 testimoniorum
1107 533 1217 580 tam
1269 527 1402 582 Novi
1459 546 1619 600 quam
1661 530 1873 586 Veteris
1902 531 1953 593 Α
1977 547 2111 586 ram.
2143 531 2282 588 Ecce
2310 535 2633 593 homousion
2677 540 2729 594 in
2758 545 2943 611 paucis
2983 546 3236 615 obtinuit,
3269 558 3330 605 ut
3359 556 3571 613 (ueteris

271 614 620 669 Testamenti
648 625 836 670 contra
866 616 1188 672 homousion
1237 621 1614 690 opponendam
1645 625 1870 693 putavit.

270 705 352 758 De
383 706 584 760 talibus
605 706 732 760 olim
754 709 1129 776 praenuntiavit
1152 710 1469 781 Apostolus,
1496 715 1678 770 dicens
1714 735 1726 769 :
1765 715 1874 770 Ne.-

269 800 504 852 scientes
526 799 589 852 de
609 800 788 870 quibus
820 801 1118 872 loquantur,
1152 821 1312 876 neque
1333 807 1396 860 de
1418 809 1600 879 quibus
1621 811 1876 880 afﬁrmant

269 892 288 957 (
319 890 346 942 1
388 889 528 945 Tim.
561 907 598 955 ι,
650 891 739 962 7).
768 893 824 946 Si
883 895 1026 948 enim
1077 897 1238 950 sciret
1273 899 1404 966 quid
1454 901 1774 955 homousion
1806 918 1874 957 ex

265 978 474 1036 Graeco
519 983 570 1036 in
621 983 812 1039 Latino
843 987 1184 1055 exprimitur,
1226 989 1443 1046 laudare
1491 993 1670 1062 potius
1712 1010 1875 1065 quam

265 1073 618 1141 exprobrare
648 1075 1020 1134 contenderet.
1050 1076 1239 1134 Patres
1263 1082 1406 1135 enim
1445 1084 1616 1137 nostri
1647 1084 1874 1140 trecenti

265 1161 474 1216 decem
506 1163 662 1234 535
689 1172 744 1218 et
771 1173 914 1230 octo,
948 1167 1038 1235 qui
1070 1167 1137 1222 ad
1167 1168 1278 1223 Arii
1308 1187 1516 1226 venena
1538 1175 1871 1231 excludenda

265 1255 586 1309 antidotum
618 1255 774 1326 hujus
801 1258 1048 1313 vocabuli
1071 1264 1441 1329 confecerunt,
1461 1281 1568 1319 non
1600 1270 1874 1324 extraneis

264 1347 507 1401 vocibus
535 1348 601 1401 ab
642 1345 934 1416 Evangelio
982 1351 1064 1405 usi
1091 1359 1232 1417 sunt,
1265 1355 1361 1408 sed
1401 1357 1622 1412 verbum
1653 1374 1684 1413 e
1706 1361 1874 1415 verbo

184 1471 189 1475 -
263 1435 334 1488 ad
367 1437 545 1490 ritum
585 1436 809 1504 facilius,
842 1447 1004 1494 recta:
1033 1439 1157 1495 ﬁdei
1190 1444 1456 1499 rationem
1495 1449 1734 1503 nondum
1790 1451 1874 1504 iu-

264 1526 650 1594 telligentibus
665 1528 939 1584 insinuare
959 1541 1236 1586 curarunt.
1255 1533 1454 1591 Homos
1473 1553 1703 1608 namque
1716 1557 1872 1606 unus,

262 1619 386 1672 usia
427 1621 728 1674 substantia
757 1621 947 1677 Graeco
979 1637 1233 1680 sermone
1279 1629 1601 1698 appellatur.
1637 1631 1874 1689 Consule

261 1709 563 1779 Evangelii
607 1711 830 1778 dictum,
881 1721 938 1769 et
982 1715 1225 1771 invenies
1276 1719 1378 1774 hoc
1409 1735 1529 1776 esse
1557 1737 1653 1778 ore
1687 1725 1873 1780 divino

260 1801 574 1871 prolatum,
608 1801 721 1873 Ego
751 1813 800 1856 et
824 1803 987 1859 Pater
1030 1811 1190 1860 unum
1236 1823 1410 1864 sumus
1443 1811 1622 1881 (Joan.
1649 1831 1712 1880 x,
1746 1817 1868 1887 50).

1977 623 2242 691 episcopis
2263 639 2358 692 per
2384 629 2556 681 totius
2587 631 2731 684 orbis
2761 635 2931 702 spatia
2956 640 3263 696 constitutis
3292 643 3371 698 sic
3407 646 3566 703 inno-

1979 714 2189 780 tuissct,
2224 723 2282 768 ut
2333 716 2449 784 ejus
2497 734 2554 772 se
2601 722 2939 780 confessione
2982 730 3252 794 gaudeant
3296 733 3561 791 decorari.

1977 802 2132 868 Quod
2178 805 2222 859 si
2276 809 2546 875 posterior
2574 811 2926 871 Ariminensis
2956 816 3206 889 (Videtur
3235 823 3410 880 deesse
3439 844 3569 882 con-

1975 893 2191 962 ventus)
2219 895 2271 948 in
2305 903 2452 949 tanta
2483 899 2844 967 multitudine,
2887 913 2944 960 ut
2969 917 3236 976 asserunt,
3268 927 3565 987 congrega-

1975 989 2064 1036 tus
2095 991 2196 1050 est,
2230 985 2346 1054 ejus
2395 997 2555 1043 sectm
2607 993 2844 1065 episc0pi
2877 1012 2976 1066 per
3005 1002 3192 1055 orbem
3244 985 3572 1077 multiplica-

1975 1083 2186 1143 rentur,
2211 1079 2395 1147 populi
2427 1094 2772 1151 crescerent,
2826 1089 2948 1144 talis
2979 1089 3109 1146 ﬁdes
3137 1096 3299 1148 etiam
3329 1097 3442 1167 ipsa
3474 1101 3572 1153 im-

1976 1163 2130 1232 peria
2179 1175 2488 1235 occuparet.
2520 1169 2626 1225 Sed
2657 1173 2746 1227 ubi
2779 1175 2941 1247 536
2972 1177 3173 1236 fraudis
3202 1163 3575 1244 illiusvcallidi-

1981 1260 2070 1306 tas
2117 1268 2215 1322 per
2246 1257 2538 1324 prudentes
2568 1271 2623 1315 et
2672 1266 3079 1332 probatissimos
3100 1273 3245 1329 viros
3271 1288 3353 1330 est
3376 1280 3572 1347 agnita,

1977 1343 2050 1396 ita
2079 1346 2397 1402 homousion
2439 1351 2814 1409 conﬁrmatum
2846 1367 2947 1424 est,
2993 1369 3052 1415 ut
3098 1364 3185 1418 vix
3217 1367 3572 1426 Ariminensis

1976 1434 2231 1503 reliquias
2278 1438 2344 1492 ad
2377 1443 2686 1510 probandos
2726 1450 3023 1507 catholicos
3078 1457 3400 1514 remansisse
3453 1478 3571 1516 cer-

1977 1536 2187 1579 namus.
2210 1525 2388 1596 Ipsam
2414 1531 2599 1586 urbem
2630 1535 2956 1608 Ariminum,
2991 1543 3078 1596 ubi
3123 1545 3224 1600 hoc
3248 1547 3446 1605 fraudis
3471 1546 3578 1607 ne?

1977 1617 2184 1682 gotium
2212 1629 2425 1686 gestum
2449 1632 2550 1689 est,
2599 1627 2682 1679 vel
2709 1630 2888 1696 potius
2910 1636 3316 1704 concinnatum,
3341 1643 3384 1696 si
3416 1658 3568 1700 com-

1977 1705 2176 1775 placet,
2210 1711 2577 1769 consulamus.
2606 1715 2793 1775 Utrum
2831 1723 2998 1791 ipsius
3038 1737 3199 1784 secta:
3230 1732 3426 1790 habeat
3455 1740 3570 1808 epi-

1978 1809 2202 1865 scopum
2231 1801 2414 1856 nescio
2442 1821 2453 1854 :
2485 1821 2606 1858 nam
2633 1807 2700 1862 de
2726 1809 3034 1871 Mediolano
3057 1817 3277 1876 liberius
3306 1833 3570 1897 astruam,
3670 1813 3674 1817 ”

260 1891 502 1946 Diseute
532 1893 812 1963 pluralem,
862 1903 917 1950 et
945 1896 1061 1952 redi
1093 1898 1160 1951 ad
1189 1899 1515 1968 singularem
1561 1885 1873 1963 substantia
1903 1889 1951 1953 Β
2099 1886 2397 1944 Αυπθηίίυε
2448 1903 2609 1949 δίδαξε
2639 1913 2747 1952 sum
2793 1917 2999 1958 νεηθηθ
3047 1916 3103 1961 Ut
3126 1911 3349 1969 callidus
3377 1919 3568 1976 artifex

257 1983 588 2037 veritatem.
622 1983 752 2037 Nam
781 1985 926 2053 quod
957 1987 1112 2053 dixit,
1147 1988 1258 2060 Ego
1288 2000 1338 2045 et
1384 1991 1548 2048 Pater
1573 2012 1732 2051 unum
1778 2017 1868 2053 su-

258 2090 405 2138 mus,
439 2072 618 2130 Patris
655 2091 916 2147 suamque
959 2094 1266 2150 personam,
1317 2094 1506 2141 contra
1554 2089 1865 2157 Sabellium,

257 2179 438 2234 quem
490 2165 821 2234 prazvidebat
860 2168 1099 2226 futurum
1127 2173 1459 2239 hacreticum,
1500 2176 1735 2236 dicendo
1776 2199 1869 2236 su-

257 2271 404 2320 mus,
437 2257 764 2312 sententiam
816 2262 1196 2330 promulgavit,
1229 2272 1287 2318 ut
1331 2265 1664 2325 discerneret
1714 2287 1868 2328 suam

256 2345 564 2417 Patrisque
589 2361 896 2416 personam.
933 2351 1105 2406 Unum
1133 2355 1278 2422 quod
1314 2355 1468 2423 dixit,
1500 2375 1654 2430 teque
1683 2361 1868 2418 Arium

253 2438 629 2508 praevalebat,
657 2440 746 2508 qui
771 2442 1126 2498 substantiam
1157 2444 1374 2502 deitatis
1404 2449 1730 2509 intersecare
1759 2471 1866 2510 non

254 2529 506 2584 dubitat.
539 2531 674 2596 Quia
707 2540 762 2586 et
791 2531 1061 2591 Sabellius
1089 2538 1230 2592 male
1277 2538 1578 2609 conjunxit,
1611 2551 1667 2598 et
1711 2546 1869 2602 Arius

254 2620 592 2675 sceleratius
617 2624 906 2691 separavit.
940 2623 1242 2696 Oportebat
1286 2646 1520 2700 namque
1573 2632 1866 2693 Sabellium

253 2707 448 2764 Patris
478 2710 708 2780 Filiique
733 2728 1020 2791 personam
1041 2732 1346 2786 secernere,
1377 2730 1432 2777 et
1473 2722 1659 2779 Arium
1688 2727 1862 2783 deita-

253 2802 323 2856 tis
354 2803 730 2858 substantiam
781 2806 834 2860 in
865 2808 1013 2864 nullo
1040 2812 1256 2880 penitus
1298 2817 1572 2885 sEparare.
1615 2819 1865 2891 Magnum

251 2910 393 2950 sane
433 2896 643 2952 crimen
674 2892 796 2954 tidei
847 2910 1042 2970 putant
1089 2905 1349 2976 applicari
1398 2908 1711 2980 Catholicae,
1743 2931 1868 2972 cum

250 2986 376 3055 ejus
407 2987 665 3044 alumnos
695 2988 1093 3051 Homousianos
1115 2997 1202 3077 vel
1235 2997 1742 3063 Unisubstantianos
1768 3024 1865 3080 ap-

248 3077 479 3147 pellant
513 3094 526 3130 :
559 3079 713 3146 quasi
760 3080 1086 3140 homousion
1142 3089 1227 3142 vel
1251 3091 1602 3169 substantiam
1651 3077 1868 3157 deitatis

248 3165 339 3220 vel
369 3165 618 3234 alicujus
644 3169 878 3226 hominis
907 3175 1230 3232 vocabulum
1253 3165 1567 3251 contineat;
1599 3187 1740 3243 sicut
1779 3190 1865 3245 di-

249 3270 553 3314 versarum
575 3259 838 3317 btet-esum
867 3273 1118 3323 auctores
1163 3271 1246 3326 sui
1277 3275 1510 3332 nominis
1539 3288 1742 3336 sectam
1766 3283 1870 3340 dis-
1897 3255 1946 3322 (ἶ
1975 3271 2157 3343 Patre,
2189 3287 2243 3332 ει
2271 3279 2506 3351 Spiritus
2547 3290 2720 3344 εεηοιί
2752 3291 2971 3361 demite,

249 3350 466 3420 cipnlis
483 3351 884 3421 praedicandam
911 3373 1033 3415 esse
1060 3375 1364 3420 senserunt.
1384 3366 1537 3425 Sicut
1565 3372 1866 3433 Simoniani

251 3457 284 3496 a
312 3440 576 3508 Simone,
609 3444 978 3513 Menandriani
1009 3468 1039 3506 a
1081 3453 1398 3528 Menandro,
1451 3463 1808 3524 Marcionistm
1836 3481 1868 3527 a

249 3527 570 3595 Marcione,
623 3533 1078 3596 Valentinianistte
1133 3559 1164 3598 a
1208 3545 1454 3617 Valente,
1511 3553 1792 3614 Manichmi
1835 3578 1868 3617 a

250 3619 451 3691 Mane,
483 3622 772 3696 Nepotiani
801 3642 832 3682 a
863 3629 1101 3701 Nepote;
1149 3643 1205 3690 et
1252 3647 1311 3692 ut
1356 3641 1607 3711 antiquas
1634 3654 1689 3702 et
1729 3665 1870 3719 pene

249 3713 370 3785 jam
400 3712 725 3772 deﬁcientes
753 3719 986 3777 haereses
1014 3728 1444 3795 prietermittam,
1469 3736 1710 3792 novellas
1729 3712 1872 3796 inle-

251 3803 362 3859 rim
387 3806 724 3863 nominabo:
761 3819 823 3888 ut
851 3822 978 3869 sunt
1005 3815 1297 3875 Sabelliani
1319 3836 1348 3876 a
1377 3821 1616 3883 Sabellio
1634 3871 1648 3896 ,
1684 3830 1869 3888 Ariani

251 3897 324 3950 ab
366 3897 512 3951 Ario
538 3938 552 3962 ,
611 3897 932 3959 Eunomiani
979 3907 1046 3962 ab
1103 3907 1391 3982 Eunomio,
1423 3915 1795 3978 Macedoniani
1836 3941 1868 3981 a

251 3985 614 4052 Macedonio,
649 3989 1050 4075 Apollinarist-ue
1098 3999 1166 4055 ab
1196 4000 1530 4075 Apollinare,
1561 4009 1867 4073 Nestoriani

250 4092 285 4132 a
306 4077 598 4141 Nestorio.
624 4078 917 4139 Donatista:
945 4100 976 4140 a
998 4071 1669 4157 DonatopMaximianistze
1697 4119 1727 4158 a
1757 4071 1869 4161 Ma;

251 4169 538 4232 ximiano,
571 4169 867 4242 Rogatistaa
907 4192 938 4231 a
964 4177 1208 4249 Rogato;
1233 4192 1289 4239 et
1313 4187 1358 4240 si
1380 4189 1472 4258 qui
1494 4200 1621 4247 sunt
1649 4195 1740 4250 alii
1774 4197 1866 4268 qui

251 4260 496 4316 nomine
519 4266 678 4317 tenus
703 4271 936 4331 tantum,
961 4283 1071 4325 non
1097 4286 1262 4343 opere
1281 4275 1534 4335 dicuntur
1551 4260 1866 4356 Christiani,

251 4353 350 4422 qui
379 4353 656 4409 derelicto
687 4356 819 4424 Deo,
853 4369 1137 4419 auctorum
1183 4382 1406 4426 suorum
1455 4377 1673 4432 nomina
1699 4395 1866 4436 vene-

251 4631 624 4687 bomousion.
667 4636 955 4696 Videretur
988 4659 1224 4715 namque
1260 4650 1410 4718 mihi,
1456 4655 1556 4709 nisi
1594 4653 1867 4727 Evangelii
1891 4624 1949 4690 Ῑ)

249 4811 620 4878 innotuisset,
654 4824 712 4870 ut
761 4819 1006 4876 haeresim
1059 4839 1210 4881 suam
1254 4834 1526 4898 quomodo
1579 4835 1862 4897 fovendam

248 4904 900 4977 arbitrarentur'Ariani,
935 4926 1157 4983 possent
1205 4920 1321 4989 ipsa
1351 4923 1563 4982 Domini
1591 4931 1755 4987 verba
1798 4933 1864 4991 de

247 4992 575 5064 Evangelio
603 4999 880 5057 eradicare
903 5013 958 5069 ﬂ;
990 5005 1043 5060 id
1070 5015 1173 5075 est,
1205 5009 1319 5083 Ego
1341 5024 1391 5069 et
1420 5015 1584 5074 Pater
1604 5037 1762 5078 unum
1782 5043 1864 5081 su-

247 5102 376 5141 mus
407 5104 432 5141 :
456 5088 604 5158 quod
625 5092 708 5160 (ut
723 5093 926 5150 dictum
957 5101 1075 5170 est)
1098 5103 1323 5160 verbum
1347 5122 1379 5163 e
1428 5112 1593 5170 verbo
1635 5119 1864 5175 transla-

248 5188 402 5249 tum,
432 5182 761 5242 homousion
783 5187 973 5247 Patres
1001 5202 1323 5254 statuerunt.

221 5275 233 5284 ‘
326 5271 390 5325 5.
441 5270 600 5338 Quod
629 5284 811 5333 autem
869 5284 1011 5353 apud
1061 5287 1342 5359 imperitos
1384 5303 1652 5370 astruunt,
1682 5307 1864 5367 multis

245 5360 474 5416 debere
497 5364 664 5427 credi,
697 5383 764 5422 an
785 5373 998 5441 paucis;
1032 5391 1099 5432 eo
1119 5379 1262 5448 quod
1284 5381 1556 5443 Nicaenum
1579 5395 1864 5454 concilium

243 5453 308 5508 in
337 5455 616 5510 trecentis
642 5457 842 5516 decem
863 5472 918 5518 et
956 5475 1081 5524 octo
1105 5467 1358 5531 Patribus
1385 5477 1716 5540 celebratum
1748 5498 1857 5558 est,

243 5543 616 5601 Ariminense
672 5564 804 5606 vero
850 5553 904 5608 in
959 5558 1283 5630 octingentis
1337 5569 1554 5640 triginta
1613 5543 1867 5645 jactitant

244 5642 682 5704 congregatum,
741 5641 830 5696 ubi
861 5644 1185 5709 homousion
1228 5659 1406 5716 callidi
1448 5641 1694 5726 homines
1719 5676 1862 5743 apud

243 5724 554 5793 imperitos
581 5729 911 5802 interpolare
941 5745 1120 5799 conati
1166 5757 1318 5817 sunt,
1365 5761 1686 5828 compendio
1714 5724 1856 5824 refe-

332 5912 366 5942 ιι
412 5903 513 5961 Ms.
544 5905 716 5976 Port.,
750 5913 949 5972 radere.

1974 1974 2110 2029 fudit
2136 1995 2148 2028 :
2174 1978 2326 2046 cujus
2348 1985 2619 2048 posterior
2636 1986 2950 2047 Ambrosius
2971 1994 3161 2064 dogma
3186 1999 3258 2054 ita
3283 2002 3567 2073 destruxit,

1975 2066 2179 2136 Spiritu
2224 2082 2410 2127 sancto
2453 2077 2711 2147 repletus,
2739 2090 2796 2134 ut
2823 2099 3017 2140 nomen
3049 2088 3163 2156 ejus
3195 2101 3314 2159 post
3337 2105 3566 2152 mortem

1975 2156 2030 2210 in
2055 2157 2168 2227 ipsa
2192 2161 2325 2215 urbe
2351 2167 2661 2220 a'memoria
2684 2169 2973 2228 viventium
3003 2177 3310 2250 raderetur;
3339 2192 3393 2238 et
3425 2187 3569 2243 velut

1973 2248 2245 2316 quoddam
2274 2256 2581 2324 contagium
2632 2259 2749 2327 ejus
2795 2265 3111 2322 vocabulum
3151 2248 3432 2330 habeatur.
3467 2276 3568 2333 Per

1971 2355 2132 2410 quem
2163 2341 2508 2401 Ambrosium
2541 2357 2595 2405 et
2624 2350 2849 2421 Augusti
2883 2363 3011 2414 tunc
3036 2357 3281 2419 Gratiani
3313 2365 3447 2424 ﬁdes
3474 2367 3568 2424 tir-

1983 2439 2128 2484 mata
2153 2441 2253 2497 est,
2287 2443 2342 2488 et
2365 2446 2640 2493 crementa
2666 2441 2720 2495 in
2751 2443 3018 2516 episcopis
3061 2460 3114 2504 et
3159 2455 3369 2522 populis
3400 2459 3567 2526 magis

1974 2523 2256 2590 magisque
2294 2536 2603 2583 creverunt.
2652 2530 2770 2586 Non
2811 2534 2955 2589 enim
2979 2541 3340 2611 omnipotens
3389 2546 3563 2616 Deus',

1971 2612 2063 2681 qui
2093 2628 2190 2682 per
2224 2631 2424 2706 pmnes
2480 2620 2788 2691 Scripturas
2829 2626 3091 2686 Ecclesia:
3138 2651 3248 2690 suae
3296 2634 3568 2706 crementa

1971 2691 2242 2772 promisit:
2267 2707 2519 2767 deserere
2544 2729 2696 2771 suam
2725 2719 3193 2794 pollicitationem,
3219 2738 3273 2783 et
3295 2731 3567 2792 dimittere

1968 2805 2154 2864 posset
2182 2813 2429 2857 crescere
2460 2804 2774 2864 falsitatem.
2809 2809 2925 2868 Hoc
2953 2813 3021 2869 de
3049 2819 3298 2876 omnibus
3329 2823 3550 2882 haeresi-

1969 2883 2070 2938 bus
2100 2885 2303 2943 dictum
2333 2891 2422 2944 sit.

2045 2998 2094 3052 cl.
2119 2999 2392 3058 Ca:terum
2422 3007 2474 3060 in
2498 3013 2981 3084 consequentibus,
3014 3019 3302 3089 adjuvante
3326 3026 3460 3097 Deo,
3476 3031 3566 3100 qui

1971 3101 2027 3145 et
2073 3107 2169 3146 cor
2216 3095 2453 3164 instruit,
2486 3107 2540 3154 et
2567 3101 2804 3172 linguam
2838 3109 2994 3177 regit,
3027 3121 3084 3166 et
3115 3112 3184 3168 de
3212 3132 3318 3172 uno
3357 3095 3567 3188 Dem-et

1972 3179 2040 3236 de
2061 3187 2324 3255 potentia,
2341 3197 2397 3243 et
2423 3190 2812 3262 invisibilitate,
2845 3200 2926 3255 vel
2951 3205 3259 3272 aequalitate
3287 3210 3407 3266 Filii
3443 3179 3566 3273 cum

3005 3312 3124 3366 qua:
3152 3299 3407 3375 Trinitas,
3438 3309 3567 3378 ipsis

1971 3371 2298 3440 nolentibus,
2350 3393 2488 3433 unus
2543 3387 2725 3437 tamen
2765 3395 2847 3439 est
2881 3386 3044 3455 Deus,
3092 3392 3218 3447 talia
3252 3371 3565 3459 testimonia

1969 3468 2260 3529 ponentur,
2288 3471 2346 3517 ut
2371 3465 2415 3520 si
2438 3471 2806 3528 contentionis
2828 3478 3082 3534 tenebras
3109 3497 3219 3536 non
3243 3490 3564 3559 amaverint,

1971 3549 2148 3606 lucem
2171 3569 2395 3612 necesse
2423 3559 2495 3614 sit
2526 3561 2746 3618 videant
2781 3569 3051 3627 veritatis.
3073 3571 3138 3627 Et
3164 3591 3233 3630 ne
3255 3549 3560 3652 quempiam

1972 3651 2191 3698 moveat
2213 3647 2356 3715 quod
2385 3647 2637 3719 diximus,
2668 3653 2924 3714 Ecclesia:
2949 3673 3228 3722 crementa
3250 3684 3348 3738 per
3373 3687 3564 3731 omnes

1971 3727 2280 3802 Scripturas
2309 3736 2473 3794 fuisse
2501 3743 2762 3810 promissa
2783 3786 2798 3811 ,
2827 3756 2884 3802 et
2907 3750 2953 3804 si
3003 3727 3276 3812 vindicant
3302 3774 3402 3828 per
3429 3763 3567 3822 hanc

1972 3825 2379 3891 oppressionem
2405 3827 2568 3885 fuisse
2588 3848 2866 3903 concessa,
2892 3843 3144 3897 noverint
3166 3860 3288 3903 esse
3307 3852 3564 3923 scriptum

1971 3913 2026 3966 in
2055 3911 2288 3969 Jercmia
2327 3935 2338 3968 :
2375 3917 2632 3975 Clamabit
2673 3924 2878 3991 perdix,
2913 3934 3246 4003 congregabit
3286 3911 3432 4008 quos.
3459 3911 3566 4000 nou

1971 4005 2192 4073 peperit,
2225 4007 2380 4076 faciet
2402 4009 2609 4065 divitias
2632 4030 2752 4069 suas
2777 4031 2879 4071 non
2909 4037 3022 4074 cum
3043 4022 3245 4092 judicio
3277 4005 3410 4099 (tier.
3438 4049 3566 4105 xvu,

1973 4091 2094 4163 11).
2127 4092 2193 4148 Ει
2241 4103 2344 4152 hoc
2393 4100 2754 4158 certissimum
2782 4091 3167 4168 documentum
3198 4091 3442 4190 estquia
3647 4133 3658 4144 '

1971 4183 2175 4240 tholica
2204 4183 2334 4242 fides
2362 4205 2638 4260 nunquam
2667 4196 2770 4251 nisi
2802 4200 3243 4264 tribulationibus
3274 4183 3356 4266 et—
3376 4229 3568 4284 perse-

1972 4276 2279 4333 cutionibus
2337 4283 2639 4338 crevitzut
2695 4287 2985 4358 impleatur
3010 4298 3156 4364 quod
3209 4276 3408 4360 dictum
3463 4317 3566 4378 est,

1974 4362 2110 4428 Quia
2130 4385 2221 4437 per
2246 4371 2440 4426 multas
2492 4375 2847 4434 tribulationes
2875 4393 2925 4436 et
2950 4362 3220 4455 angustias
3247 4405 3446 4463 oportet
3475 4362 3566 4457 no;

1970 4455 2141 4509 videre
2171 4475 2385 4528 regnum
2434 4460 2528 4515 Dei
2559 4464 2698 4532 (Act.
2729 4483 2836 4534 xiv,
2863 4468 2976 4539 21).
3027 4472 3174 4530 Illius
3211 4455 3391 4537 autem
3441 4455 3566 4545 ﬁdei

1973 4555 2250 4598 crementa
2274 4552 2540 4602 testantur
2578 4553 2766 4608 exsilia
2806 4556 3206 4632 innocentium,
3239 4578 3297 4624 et
3333 4577 3564 4642 proscri-

1972 4631 2186 4700 ptiones
2209 4635 2550 4704 miserorum,
2578 4649 2634 4694 et
2656 4649 2924 4702 tormenta
2949 4657 3003 4703 et
3023 4659 3306 4723 oppressio
3322 4631 3564 4733 captivo-

1974 4734 2115 4774 rum.
2143 4721 2249 4777 Sed
2279 4725 2439 4781 video
2466 4731 2732 4797 quosdam
2758 4721 3187 4801 contradictores
3206 4746 3234 4786 ι)
3264 4721 3564 4820 parturien-

1973 4817 2074 4874 tes,
2106 4819 2162 4866 et
2213 4813 2618 4874 Donatistarum
2649 4822 2805 4878 nobis
2851 4827 3088 4897 objicere
3135 4813 3563 4915 persecutiones,

1973 4915 2203 4972 quorum
2234 4906 2388 4961 furor
2423 4908 2629 4978 legibus
2679 4914 2994 4975 violentiam
3044 4922 3189 4994 fecit,
3244 4938 3299 4984 et
3353 4906 3564 5003 legibus

1972 4993 2074 5050 ista
2103 5001 2344 5069 perpessi
2363 5009 2504 5056 sunt.
2538 5003 2672 5061 Nam
2711 5009 2756 5064 si
2785 5026 2922 5080 quos
2952 5031 3018 5070 ex
3048 5017 3126 5073 eis
3153 5023 3422 5082 catholica
3447 5045 3564 5084 ma-

1973 5093 2058 5143 ter
2084 5090 2175 5159 pio
2201 5092 2323 5147 sinu
2345 5097 2599 5167 suscepit,
2632 5099 2748 5154 sine
2779 5103 3159 5176 ull‘a‘baptismi
3193 5112 3409 5182 injuria,
3442 5120 3562 5178 sine

1973 5179 2082 5234 ulla
2112 5184 2295 5238 oneris
2315 5184 2550 5253 jactura,
2590 5189 2706 5244 sine
2745 5192 2849 5247 ulla
2877 5193 3111 5264 Spiritus
3141 5205 3317 5259 sancti
3365 5217 3560 5264 contu-

1973 5269 2132 5325 melia
2168 5289 2180 5324 :
2211 5281 2268 5327 ut
2297 5276 2388 5343 qui
2411 5279 2689 5336 voluntate
2718 5289 2962 5343 conversi
2986 5300 3128 5360 sunt,
3160 5295 3406 5354 dolerent
3428 5304 3553 5370 quia

1973 5361 2065 5418 diu
2091 5379 2185 5421 eos
2213 5367 2369 5422 latuit
2409 5371 2627 5428 caritas.

2283 5481 2550 5539 Catholica
2581 5491 2872 5549 testimonia
2899 5497 2964 5552 de
2992 5515 3096 5554 uno
3118 5501 3248 5558 Deo.

2041 5589 2094 5645 5.
2138 5591 2313 5650 Prima
2343 5612 2450 5652 vox
2479 5599 2608 5667 Dei,
2639 5603 2808 5672 Audi,
2869 5608 3073 5682 Israel,
3115 5607 3368 5676 Dominus
3417 5623 3554 5683 Deus

1969 5689 2106 5748 tuus,
2139 5682 2276 5740 Deus
2306 5704 2436 5742 unus
2463 5701 2540 5743 est
2570 5693 2757 5761 (Deut.
2784 5713 2856 5764 v1,
2886 5700 2962 5772 4).
3000 5702 3058 5759 In
3107 5707 3550 5784 Deutcrouomio,

1965 5772 2219 5831 Dominus
2247 5784 2388 5833 solus
2413 5783 2693 5839 deducebat
2746 5805 2852 5865 eos,
2885 5803 2933 5846 et
2984 5812 3087 5852 non
3145 5803 3242 5872 fuit
3286 5821 3399 5862 cum
3442 5772 3548 5865 illis

2049 5950 2076 5992 δ
2114 5952 2211 6013 Ms.
2244 5955 2412 6029 Port.,
2443 5969 2897 6030 contradictiones.
