4090 6342
450 303 455 308 ’
551 325 641 389 ιιι

542 534 661 609 quia
681 546 774 601 ego
796 546 908 584 sum
931 527 1087 592 Deus,
1118 533 1167 579 et
1196 540 1301 578 non
1321 530 1400 577 est
1427 522 1563 576 alius
1606 527 1793 591 praeter
1821 535 1901 573 me
1938 517 2123 591 (Ibid.,

544 621 668 691 59).
719 620 777 677 In
807 619 989 675 Exodo
1018 620 1167 684 item,
1200 614 1325 671 Non
1350 623 1503 670 erunt
1546 612 1636 668 tibi
1681 613 1754 667 dii
1805 612 1897 666 alii
1939 610 2129 683 absque

544 731 623 770 me
655 712 850 786 (Exod.
883 727 971 774 xx,
1005 709 1083 779 5).
1113 707 1269 772 Item,
1303 705 1628 776 Sacriﬁcans
1657 704 1760 758 diis
1788 703 1910 757 aliis
1938 701 2129 772 absque

545 821 643 870 me,
693 800 1039 857 eradicabitur
1087 797 1274 871 (Ibid.,
1307 795 1383 867 5.)
1414 796 1577 861 Item,
1633 794 1915 848 Dominum
1965 793 2129 846 Deum

549 904 689 951 tuum
709 891 973 957 adorabis,
990 898 1040 944 et
1067 889 1145 944 illi
1172 888 1271 943 soli
1293 884 1700 969 servies.(Deut.
1727 899 1801 954 VI,
1827 882 1938 949 15).
1972 881 2128 948 Item,

545 982 725 1055 Neque
751 982 887 1035 enim
924 988 1002 1035 est
1048 980 1183 1033 alius
1212 977 1353 1033 Deus
1381 978 1456 1033 vel
1496 979 1550 1030 in
1594 974 1720 1030 caelo
1770 973 1848 1028 vel
1885 973 1939 1027 in
1972 981 2130 1035 terra,

544 1078 627 1151 qui
647 1083 814 1147 potest
861 1076 1033 1148 facere
1060 1090 1220 1144 opera
1257 1072 1413 1142 537
1443 1079 1554 1138 tua,
1579 1077 1670 1122 aut
1689 1067 1985 1138 comparari
2012 1081 2129 1119 ma-

544 1168 801 1242 gnitudini
828 1176 928 1221 tua:
952 1165 1130 1238 (Deut.
1155 1180 1231 1226 ιιι,
1264 1161 1389 1232 24).
1440 1161 1497 1216 In
1522 1158 1659 1216 Osee
1706 1158 1993 1230 propheta,
2026 1156 2134 1211 Do-

544 1259 740 1317 minum
767 1267 956 1329 praeter
1007 1274 1087 1311 me
1138 1256 1241 1311 non
1289 1256 1508 1321 noveris,
1540 1262 1588 1307 et
1634 1252 1841 1307 salvans
1887 1266 1992 1305 non
2034 1249 2133 1304 erit

545 1358 733 1425 praeter
761 1366 842 1403 me
884 1345 1031 1420 (Ose.
1067 1363 1181 1412 xm,
1216 1345 1292 1417 4).
1328 1345 1381 1398 lu
1424 1344 1585 1413 Isaia,
1614 1341 1726 1415 Ego
1770 1340 1927 1408 Deus,
1957 1348 2006 1395 et
2030 1356 2134 1395 non

545 1446 621 1495 est
650 1450 839 1511 praeter
857 1455 938 1492 me
966 1439 1173 1491 salvans
1198 1453 1215 1490 .'
1245 1436 1571 1499 annuntiavi,
1615 1442 1663 1488 et
1709 1434 1923 1500 salvavi,
1956 1441 2001 1488 et
2030 1448 2134 1487 non

546 1532 643 1585 erit
669 1531 723 1584 in
752 1528 891 1583 vobis
920 1528 1122 1583 alienus
1152 1525 1286 1597 (Isa.
1322 1541 1465 1590 xun,
1502 1524 1560 1577 H
1591 1524 1630 1593 ).
1662 1522 1763 1590 Qui
1791 1537 1972 1594 supra,
2006 1520 2135 1576 Haec

546 1624 672 1680 dicit
721 1622 991 1688 Dominus,
1025 1622 1110 1693 qui
1140 1619 1257 1691 fecit
1295 1619 1516 1683 caelum;
1558 1617 1639 1671 hic
1673 1616 1807 1670 Deus
1835 1616 1922 1685 qui
1950 1624 2134 1669 exten-

441 1740 451 1752 -
553 1713 629 1768 dit
656 1722 848 1767 terram
871 1753 884 1777 ,
916 1722 965 1764 et
994 1713 1112 1782 fecit
1137 1726 1251 1764 eam
1279 1726 1295 1763 :
1319 1725 1421 1763 non
1446 1710 1499 1763 in
1522 1723 1708 1762 vanum
1731 1707 1853 1779 fecit
1878 1721 2011 1772 eam,
2045 1704 2136 1759 sed

1511 300 1520 308 '
1598 316 1653 371 s.
1696 313 2057 371 FULGENTII
2092 313 2395 387 EPISCOPI
2418 312 2792 371 nuseuusrs

547 441 678 497 Deus
705 436 906 493 alienus
935 433 1117 507 (Deut.
1141 448 1308 497 χχιιι,
1334 430 1595 503 12).1ιθιιι
1619 429 1710 495 ibi,
1746 421 1946 493 Videte,
1969 430 2132 484 videte
2157 436 2210 495 Α

3711 313 3812 369 ’1η

2426 428 2749 485 Testimonia
2779 428 2841 483 de
2867 429 3163 500 aequalitate
3191 428 3369 484 Patris
3391 434 3441 484 et
3470 427 3618 485 Filii.

2301 540 2355 594 6.
2385 539 2442 593 ln
2471 539 2793 611 Apocalypsi
2817 580 2832 605 ,
2873 537 2941 593 Et
2970 538 3189 593 habebat
3210 540 3269 593 in
3298 540 3628 603 vestimento,
3663 541 3741 594 rel
3766 543 3816 596 in

2231 633 2426 705 femore
2451 648 2544 689 suo
2573 633 2823 704 scriptum
2847 674 2862 700 ,
2906 630 3019 686 Rea:
3046 648 3224 703 regum
3251 674 3266 699 ,
3295 641 3347 686 et
3374 630 3628 687 Dominus
3652 632 3791 687 domi
3800 664 3818 676 -

2230 726 2467 779 nantium
2500 724 2681 797 (Apoc.
2712 740 2800 780 χιχ
2821 766 2837 791 ,
2871 722 2936 779 16
2961 740 2977 789 ;
3003 721 3034 776 1
3066 722 3200 778 Tim.
3226 738 3311 788 vr,
3340 721 3451 794 I5).
3483 722 3541 778 Si
3569 723 3637 778 de
3662 722 3818 779 Patre

2231 813 2337 881 hoc
2364 802 2657 885 Apostolus
2685 814 2833 881 dicit,
2878 814 2966 870 hic
3013 811 3298 869 manifeste
3346 813 3416 868 de
3441 813 3580 869 Filio
3603 815 3813 870 dicitur.

2236 903 2338 961 Ubi
2366 920 2548 977 supra,
2578 904 2773 960 Beatus
2802 914 2852 959 et
2878 912 3089 965 sanctas
3132 904 3218 975 qui
3265 903 3416 957 habet
3443 913 3647 974 partem
3672 905 3725 959 in
3755 922 3826 959 re.

2233 1000 2552 1055 surrectione
2579 998 2770 1069 prima.
2796 996 2864 1052 In
2891 998 2966 1052 eis
2993 996 3218 1051 secunda
3250 1012 3389 1051 mors
3412 1013 3515 1051 non
3543 996 3703 1051 habet
3731 1014 3821 1067 po-

2235 1098 2468 1145 testatem
2490 1106 2510 1144 :
2552 1088 2644 1143 sed
2674 1096 2826 1143 erunt
2854 1088 3148 1143 sacerdotes
3192 1086 3292 1143 Dei
3318 1095 3368 1141 et
3397 1086 3590 1142 Christi
3614 1088 3744 1158 ejus,
3777 1098 3822 1142 ct

2234 1180 2523 1252 regnabant
2550 1197 2664 1236 cum
2692 1197 2752 1236 eo
2780 1181 2969 1251 (Apoc.
3002 1196 3094 1245 xx,
3120 1178 3199 1250 6).
3232 1177 3330 1233 Ubi
3358 1194 3537 1249 supra,
3576 1178 3692 1250 Ego
3717 1197 3823 1233 sum

2241 1284 2275 1327 ὰ
2316 1282 2368 1327 et
2423 1296 2484 1341 ω,
2536 1273 2842 1342 initium_et
2891 1272 3033 1341 ﬁnis.
3058 1280 3061 1283 λ
3087 1269 3201 1341 Ego
3240 1270 3433 1324 sitienti
3470 1270 3606 1323 dabo
3639 1272 3823 1341 [autem

2236 1374 2389 1437 aqua!
2412 1364 2529 1419 vita:
2556 1362 2740 1434 gratis.
2767 1360 2871 1426 Qui
2898 1361 3095 1428 vicerit,
3131 1361 3293 1432 538
3312 1360 3594 1431 possidebit
3622 1367 3750 1427 lucc,
3778 1371 3823 1414 et

2235 1472 2323 1511 ero
2346 1455 2424 1510 illi
2470 1453 2612 1509 Deus
2631 1494 2647 1520 ,
2678 1462 2727 1507 et
2754 1454 2866 1524 ipse
2885 1453 2984 1507 erit
3024 1452 3151 1506 mihi
3198 1451 3339 1522 ﬁlius
3371 1452 3573 1523 (Apoc.
3600 1468 3710 1516 ut,
3738 1453 3815 1521 6).

2239 1545 2340 1603 Ubi
2370 1562 2530 1618 supra
2549 1587 2564 1613 ,
2587 1545 2658 1600 Et
2687 1546 2932 1616 templum
2960 1561 3064 1600 non
3085 1545 3190 1598 vidi
3222 1546 3383 1617 inea.
3415 1543 3676 1598 Dominus
3695 1547 3823 1598 enim

2237 1637 2380 1693 Deus
2407 1639 2730 1709 omnipotens
2757 1645 2835 1691 est
2877 1635 3121 1707 templum
3147 1635 3291 1706 ejus,
3340 1643 3390 1688 et
3425 1636 3605 1705 Agnus
3640 1634 3819 1704 (Ibid.,

2236 1728 2350 1800 22).
2393 1728 2547 1783 Nulla
2596 1726 2918 1783 dill’erentia.
2950 1725 3052 1781 Ubi
3097 1740 3259 1795 supra
3286 1765 3301 1792 ,
3330 1724 3399 1778 Et
3436 1727 3668 1779 ostendit
3715 1727 3826 1780 mihi

547 1815 604 1860 ut
633 1805 1029 1860 inhabitaretur.
1062 1803 1174 1874 Ego
1221 1820 1353 1868 sum,
1400 1819 1494 1874 ego
1525 1819 1673 1891 sum,
1692 1809 1741 1891 et
1769 1817 1870 1855 non
1899 1811 1973 1854 est
2004 1800 2137 1891 alius
2169 1814 2218 1876 Β
2245 1822 2458 1891 ﬂuvium
2486 1837 2635 1890 aqua;
2684 1821 2803 1874 vita:
2831 1817 3157 1890 splendidum
3181 1858 3197 1885 ,
3226 1817 3587 1888 procedentem
3615 1818 3683 1872 de
3720 1818 3827 1872 sede

548 1896 681 1965 quis.
711 1893 826 1965 Ego
848 1910 961 1947 sum
992 1891 1150 1953 Deus,
1182 1900 1231 1945 et
1254 1908 1356 1945 non
1382 1900 1458 1945 est
1490 1890 1625 1944 alius
1657 1890 1675 1961 (
1702 1889 1813 1944 lsa.
1849 1905 1974 1957 XLV,
2006 1888 2070 1942 18
2096 1890 2134 1958 ).

550 1983 657 2039 Per
722 1985 970 2054 meipsum
1010 1984 1156 2053 juro,
1209 1983 1309 2035 nisi
1367 1981 1617 2051 prodierit
1665 1979 1728 2033 de
1785 1995 1873 2033 ore
1912 1996 2022 2033 meo
2050 1979 2140 2050 ju-

550 2073 713 2137 stitia,
744 2072 894 2126 verba
921 2088 1033 2125 mea
1055 2088 1159 2124 non
1180 2079 1549 2125 revertentur:
1571 2070 1816 2140 quoniam
1833 2068 1955 2121 mihi
1977 2068 2142 2137 ﬂecte.

474 2156 480 2159 ’
550 2173 634 2218 tur
658 2180 806 2218 omne
834 2179 987 2235 genu,
1010 2170 1057 2216 et
1077 2162 1276 2233 jurabit
1291 2162 1456 2216 omnis
1478 2163 1657 2234 lingua
1691 2159 1855 2214 Deum
1898 2171 1921 2198 ³
1948 2159 2139 2231 (Ibid.,

550 2255 636 2321 22,
669 2255 738 2309 25
766 2262 822 2310 et
845 2254 967 2325 9,4).
1000 2253 1101 2321 Qui
1153 2269 1333 2323 supra,
1364 2256 1405 2305 A
1445 2252 1635 2307 smculo
1677 2269 1781 2306 non
1830 2252 2140 2321 audivimus,

552 2364 716 2417 neque
742 2348 876 2401 oculi
906 2348 1066 2401 nostri
1097 2347 1328 2401 viderunt
1351 2346 1517 2400 Deum
1545 2353 1735 2415 prazter
1765 2344 1961 2416 te(Isa.
1994 2360 2139 2412 LXIV,

552 2439 583 2492 4
610 2438 659 2510 );
687 2448 761 2504 et,
793 2439 926 2492 Ante
955 2454 1035 2492 me
1061 2454 1167 2492 non
1200 2439 1299 2509 fuit
1327 2436 1486 2501 Deus,
1516 2446 1565 2490 et
1586 2445 1774 2506 prceter
1808 2453 1888 2509 me
1914 2452 2017 2490 non
2046 2436 2143 2489 erit

551 2530 682 2584 alius
710 2532 822 2601 quis
855 2529 988 2601 (Isa.
1014 2545 1164 2596 xuu,
1192 2528 1311 2600 10).
1346 2528 1458 2600 Ego
1490 2528 1625 2584 Deus
1648 2530 1866 2600 primus,
1892 2539 1941 2583 et
1967 2546 2059 2599 ego
2087 2529 2143 2581 in

488 2606 491 2609 ’
550 2635 610 2672 ea
654 2635 767 2689 qua:
811 2609 1329 2689 superveniuntUsa.
1357 2634 1501 2686 XLIV,
1533 2618 1611 2688 6).
1638 2618 1696 2673 In
1739 2628 1969 2689 corpbrc
1993 2616 2143 2673 Psal-

551 2723 781 2775 morum,
812 2707 939 2773 Quis
973 2709 1110 2764 Deus
1135 2721 1322 2781 prreter
1367 2709 1645 2765 Dominum
1674 2720 1907 2765 nostrum
1951 2712 1968 2779 (
1996 2709 2139 2763 Psal.

553 2813 676 2868 xvn,
703 2800 838 2871 '52)?
866 2800 1018 2868 Item,
1050 2801 1175 2865 Quis
1198 2800 1339 2855 Deus
1369 2818 1586 2874 magnus
1606 2805 1738 2855 sicut
1765 2802 1899 2857 Deus
1929 2800 2143 2856 noster?

554 2888 598 2944 Τ
598 2907 630 2944 u
657 2907 711 2945 es
736 2890 876 2945 Deus
904 2893 989 2963 qui
1012 2892 1145 2963 facis
1167 2890 1429 2946 mirabilia
1447 2891 1587 2947 solus
1614 2893 1785 2961 (Psal.
1813 2908 1994 2960 mm,
2031 2892 2138 2963 15).

554 2975 707 3047 Item,
735 2980 920 3037 Sciant
945 2992 1120 3052 gentes
1142 2983 1385 3053 quoniam
1414 2999 1598 3036 nomen
1632 2983 1721 3036 tibi
1754 2982 2008 3036 Dominus
2038 2999 2055 3037 :
2089 2991 2142 3035 tu

557 3072 695 3128 solus
715 3075 998 3128 altissimus
1013 3090 1165 3143 super
1180 3090 1380 3127 omnem
1405 3082 1595 3128 terram
1609 3074 1781 3149 (Psal.
1808 3091 2013 3142 Lxxxn,
2029 3075 2135 3145 Ili).

2241 1910 2341 1967 Dei
2376 1923 2425 1967 et
2453 1912 2590 1985 Agni
2631 1912 2815 1982 (Apoc.
2866 1925 2977 1964 χχιι
3003 1949 3018 1976 ,
3064 1908 3139 1979 1).
3170 1906 3290 1963 Una
3318 1907 3492 1974 sedes,
3522 1923 3637 1963 non
3693 1907 3825 1964 duc.

2244 2001 2346 2058 Ubi
2375 2019 2557 2074 supra,
2587 2002 2752 2057 Sedes
2773 2000 2873 2055 Dei
2902 2009 2949 2054 et
2980 2000 3116 2072 Agni
3140 2001 3195 2053 in
3222 1999 3317 2054 illa
3343 2008 3512 2066 erunt,
3541 2009 3594 2054 et
3621 2002 3826 2054 serviet“

2241 2102 2289 2156 ei
2317 2096 2504 2170 (Ibid.,
2536 2094 2615 2166 3).
2646 2095 2703 2148 In
2736 2092 2976 2164 Epistola
3005 2092 3247 2156 Joannis,
3275 2091 3456 2146 Omnis
3482 2093 3569 2164 qui
3599 2109 3702 2146 non
3730 2111 3825 2147 ma-

2242 2198 2328 2245 net
2358 2190 2413 2243 in
2443 2189 2684 2243 doctrina
2706 2185 2938 2253 Christi,
2965 2185 3128 2239 Deum
3156 2201 3259 2239 non
3298 2184 3467 2238 habet.
3502 2182 3611 2249 Qui
3640 2203 3824 2255 perma-

2244 2292 2327 2337 net
2352 2284 2407 2337 in
2439 2282 2708 2347 doctrina,
2730 2288 2779 2334 et
2794 2279 2993 2334 Filium
3021 2289 3071 2333 et
3102 2279 3313 2334 Patrem
3356 2279 3509 2334 habet
3541 2279 3635 2350 (II
3654 2280 3828 2349 Joan.,

2242 2376 2320 2445 9).
2353 2373 2517 2429 Filius
2562 2374 2727 2444 prius.
2759 2370 2816 2427 In
2856 2370 3096 2441 Epistola
3135 2368 3306 2437 Iudas,
3359 2369 3752 2426 Dominatorem
3779 2382 3825 2425 et

2245 2465 2410 2520 Deum
2440 2472 2671 2519 nostrum
2691 2463 2872 2517 Jesum
2895 2461 3156 2516 Christum
3185 2470 3432 2533 negantes
3462 2460 3642 2534 μιαί,
3671 2461 3746 2532 4).
3770 2460 3826 2516 ΕΙ

2244 2556 2404 2623 Deus,
2438 2564 2492 2611 et
2520 2554 2799 2631 Dominus.
2831 2552 2887 2607 In
2912 2551 3256 2624 Apocalypsi,
3289 2550 3484 2606 Dicunt
3504 2552 3763 2608 montibus
3787 2566 3828 2607 et

2243 2652 2423 2721 petris,
2446 2649 2758 2705 Abscondite
2786 2664 2879 2703 nos
2908 2664 2941 2701 a
2970 2648 3107 2719 facie
3134 2647 3361 2705 sedentis
3384 2648 3439 2706 in
3472 2648 3681 2718 throno,
3704 2648 3827 2704 etab

2242 2742 2324 2796 ira
2351 2740 2488 2813 Agni
2514 2757 2532 2794 :
2565 2739 2807 2812 quoniam
2832 2740 2970 2793 venit
2992 2739 3098 2793 dies
3130 2755 3349 2810 magnus
3377 2739 3472 2794 ira
3499 2741 3761 2811 ipsorum,
3785 2755 3828 2796 et

2243 2834 2356 2904 quis
2382 2833 2568 2903 poterit
2596 2840 2737 2885 stare
2763 2831 2946 2901 (Apoc.
2978 2844 3031 2884 vn
3054 2870 3069 2896 ,
3105 2828 3240 2900 16)?
3273 2815 3447 2884 Unum
3467 2870 3481 2894 ,
3514 2832 3600 2886 vel
3628 2832 3829 2903 :equale

2238 2922 2518 2992 judicium.
2544 2921 2646 2975 Ubi
2674 2920 3035 2991 supra,Salus
3057 2917 3170 2974 Deo
3199 2928 3377 2976 nostro
3399 2929 3448 2975 et
3476 2922 3625 2993 Agna
3647 2922 3824 2993 (Apoc.

2246 3027 2335 3077 vn,
2372 3012 2484 3081 10).
2520 3010 2616 3066 Ubi
2640 3023 2831 3081 supra,
2857 3005 3078 3066 Factum
3107 3018 3182 3066 est
3212 3027 3429 3083 regnum
3455 3013 3605 3083 hujus
3624 3014 3820 3080 mundi,

2242 3102 2457 3173 Domini
2484 3101 2583 3157 Dei
2613 3102 2779 3171 nostri
2801 3142 2816 3168 ,
2846 3110 2895 3156 et
2919 3099 3114 3157 Christi
3138 3103 3253 3174 ejus
3270 3142 3286 3165 ,
3317 3113 3368 3157 et
3394 3104 3615 3174 regnabit
3646 3103 3699 3157 in
3722 3120 3822 3159 ste.

562 3165 678 3265 “PC
720 3167 1053 3265 magiinlio
1082 3169 1358 3265 ςιοηξρθιίξ
1410 3168 1469 3265 l"_
1499 3170 1805 3265 Βθίξηοτυηξ
1823 3210 1837 3235 ν
1883 3171 2139 3228 EzeChias
2169 3179 2214 3242 Ο
2246 3166 2361 3248 culo
2386 3170 2692 3249 surculorum
2723 3165 2906 3264 (Apoc.
2932 3208 3005 3260 xt,
3033 3165 3466 3265 I5).'Regnabit,
3486 3209 3594 3250 non
3622 3194 3825 3265 Regna-

563 3257 822 3313 adversus
877 3257 1257 3327 Sennacherib,
1317 3260 1537 3315 Domine
1583 3261 1721 3317 Deus
1775 3263 1962 3328 Israel,
1995 3274 2046 3318 tu
2089 3282 2142 3321 es

565 3340 704 3402 Deus
729 3346 869 3401 solus
908 3364 1085 3419 regum
1126 3349 1352 3403 omnium
1383 3358 1532 3404 terra:
1556 3350 1678 3422 (IV
1710 3351 1841 3424 Reg.
1876 3369 1987 3418 xix,
2018 3353 2139 3422 I5).

565 3438 665 3506 Qui
710 3453 891 3509 supra,
918 3437 1173 3497 Dominus
1215 3437 1354 3494 Deus
1384 3449 1577 3509 noster,
1606 3442 1774 3496 salros
1824 3459 1916 3497 nos
1967 3446 2052 3513 [ac
2081 3444 2145 3498 de

564 3547 720 3585 manu
740 3545 914 3585 eorum
946 3547 963 3584 :
994 3538 1048 3584 ut
1072 3533 1239 3585 sciant
1266 3534 1440 3587 omnia
1470 3516 1630 3605 regna
1654 3520 1827 3589 terra:
1854 3537 1975 3606 quia
2017 3545 2068 3589 tu
2090 3553 2143 3591 es

563 3625 815 3680 Dominus
842 3624 979 3680 solus
1013 3624 1199 3695 (Ibid.,
1233 3624 1357 3693 I9).
1404 3626 1660 3683 Salomon
1691 3629 1743 3683 in
1767 3629 2014 3686 oratione
2044 3646 2141 3685 ex-

561 3715 747 3785 pandit
774 3729 964 3770 manus
985 3730 1110 3771 suas
1137 3716 1191 3769 in
1221 3716 1437 3785 caelum,
1469 3726 1524 3773 et
1576 3718 1653 3772 ait
1687 3738 1698 3771 :
1730 3718 1950 3774 Domine
2001 3719 2142 3777 Deus

575 3806 761 3872 Israel,
795 3825 896 3862 non
924 3817 999 3862 est
1021 3802 1206 3863 similis
1250 3809 1339 3863 tibi
1370 3809 1509 3864 Deus
1558 3828 1649 3865 nec
1679 3811 1733 3865 in
1763 3819 1886 3867 coelo
1918 3829 2138 3881 sursum,

563 3914 723 3971 neque
742 3902 797 3954 in
824 3909 963 3954 terra
983 3901 1218 3954 deorsum
1242 3899 1364 3972 (ΙΙΙ
1394 3900 1522 3974 Reg.
1556 3919 1666 3968 VIII,
1697 3903 1823 3975 23).
1858 3903 1924 3957 Et
1948 3920 2140 3975 qnam-

566 3986 643 4045 vis
670 3990 738 4045 de
767 4006 874 4045 uno
903 3991 1013 4045 Deo
1041 3991 1149 4046 duo
1178 3991 1264 4045 vel
1315 3992 1415 4045 tria
1448 3994 1756 4049 testimonia
1810 3995 2138 4063 suﬂicerent,

454 4064 461 4071 ’
565 4078 785 4132 audiant
812 4086 989 4133 tamen
1036 4079 1072 4133 ii
1100 4080 1192 4148 qui
1235 4080 1392 4134 nobis
1416 4081 1552 4137 duos
1589 4084 1721 4137 deos
1768 4085 2138 4140 introducunt.

563 4164 901 4223 Conﬁtentur
949 4170 1092 4224 enim
1140 4170 1309 4225 Deum
1357 4169 1593 4239 Patrem,
1619 4182 1676 4228 et
1704 4174 1872 4228 Deum
1902 4168 2136 4231 Filium:

566 4257 669 4314 hoc
706 4274 837 4315 sane
865 4274 1049 4314 verum
1076 4268 1158 4315 cst
1175 4278 1189 4327 ;
1218 4261 1312 4316 sed
1340 4261 1432 4331 qui
1461 4277 1569 4317 non
1598 4263 1916 4320 honorilicat
1945 4266 2137 4324 Filium

560 4351 702 4407 sicut
737 4349 1057 4406 honoriﬁcat
1103 4349 1340 4420 Patrem,
1370 4352 1459 4408 hic
1505 4354 1701 4425 impius
1752 4364 1853 4410 est.
1888 4356 1942 4412 Si
1994 4359 2136 4414 enim

558 4443 784 4499 debetur
810 4441 1130 4499 sacriﬁcium
1159 4444 1247 4500 vel
1275 4432 1683 4504 honoriﬁcentia
1714 4448 1880 4518 Patri,
1913 4452 2016 4508 hoc
2038 4453 2136 4523 de-

2248 3283 2402 3339 bunt.
2433 3281 2537 3337 Ubi
2582 3298 2767 3353 supra,
2813 3282 2883 3337 Et
2932 3284 3105 3337 audivi
3149 3300 3319 3339 vocem
3358 3302 3601 3357 magnam
3627 3287 3684 3340 in
3706 3288 3829 3343 coelo

2250 3374 2531 3437 dicentem,
2564 3372 2735 3427 Facta
2764 3383 2842 3428 est
2881 3373 3044 3440 salus,
3099 3384 3149 3429 et
3177 3377 3334 3430 virtus
3360 3414 3376 3441 ,
3406 3386 3455 3429 et
3494 3393 3707 3447 regnum
3732 3376 3828 3431 Dei

2247 3465 2443 3531 nostri,
2468 3473 2518 3519 et
2545 3471 2772 3534 potestas
2800 3463 2993 3519 Christi
3018 3466 3130 3535 ejus
3174 3465 3357 3537 (Apoc.
3411 3482 3502 3533 xu,
3529 3464 3636 3537 I0).
3675 3466 3825 3521 Nulla

2247 3557 2460 3613 divisio.
2494 3556 2597 3613 Ubi
2621 3572 2802 3628 supra,
2833 3556 2905 3613 Et
2923 3558 3046 3626 vidi,
3078 3568 3126 3612 et
3149 3560 3464 3631 ecce-Agnus
3486 3559 3655 3615 stabat
3679 3579 3827 3631 super

2247 3658 2471 3704 montem
2499 3648 2652 3716 Sion,
2674 3659 2725 3702 et
2753 3665 2866 3703 cum
2895 3649 2984 3704 illo
3011 3660 3214 3705 centum
3241 3651 3592 3724 quadraginta
3618 3664 3830 3725 quatuor

2246 3741 2434 3805 millia,
2482 3741 2725 3796 habentes
2770 3757 2953 3796 nomen
3008 3743 3140 3813 ejus,
3190 3752 3241 3797 et
3277 3760 3461 3799 nomen
3504 3743 3685 3799 Patris
3725 3748 3830 3815 ejus

2245 3831 2493 3900 scripturn
2536 3832 2593 3884 in
2643 3830 2899 3905 frontibus
2928 3834 3034 3887 suis
3087 3834 3270 3904 (Apoc.
3298 3850 3425 3901 51v,
3476 3834 3552 3905 I).
3588 3834 3831 3905 Nunquid

2245 3921 2577 3992 puejudicat,
2609 3923 2735 3992 quia
2765 3922 2931 3979 Filius
2958 3925 3108 3994 prior
3136 3925 3443 3981 nominatus
3463 3933 3577 3992 est,
3615 3928 3705 3982 ubi
3733 3941 3829 3982 una

2245 4023 2486 4085 potestas
2511 4017 2630 4071 est?
2656 4015 2755 4072 Ubi
2779 4032 2965 4088 supra,
2987 4017 3038 4072 Η
3045 4019 3062 4072 i
3090 4021 3249 4089 empti
3275 4028 3395 4074 sunt
3416 4036 3481 4074 ea:
3512 4021 3829 4083 hominibus,

2244 4106 2490 4176 primitiae
2537 4106 2649 4161 Deo
2696 4117 2744 4163 et
2772 4110 2920 4180 Agno
2953 4109 3142 4178 (Ibid.,
3174 4110 3255 4180 4).
3285 4110 3386 4167 Ubi
3408 4128 3597 4182 supra,
3625 4112 3699 4168 Hi
3721 4131 3832 4167 uin

2244 4198 2392 4268 Agna
2413 4198 2713 4269 pugnabunt
2730 4239 2744 4265 ,
2771 4208 2820 4254 et
2849 4201 3026 4271 Agnus
3054 4203 3216 4257 vincet
3243 4219 3331 4257 eos
3357 4220 3376 4256 :
3426 4205 3548 4275 quia
3580 4203 3834 4260 Dominus

2245 4289 2572 4343 dominorum
2610 4298 2708 4353 est,
2735 4300 2783 4344 et
2817 4291 2932 4346 Rex
2963 4310 3139 4364 regum
3162 4295 3347 4367 (Apoc.
3383 4311 3511 4361 xvn,
3544 4295 3658 4367 H).
3693 4296 3835 4362 Quid

2243 4377 2472 4448 amplius
2501 4379 2663 4434 habet
2687 4377 2884 4437 Pater?
2904 4381 3143 4439 Dicatur.
3178 4384 3261 4438 Ad
3292 4384 3575 4451 Hebraeos,
3612 4386 3836 4443 Abrahc

2242 4485 2463 4542 namque
2516 4472 2820 4540 promittens
2862 4472 3020 4539 Deus,
3073 4476 3194 4545 quia
3241 4478 3500 4532 neminem
3534 4477 3721 4533 habuit
3748 4496 3839 4549 per

552 4535 714 4591 betur
739 4543 793 4590 et
816 4533 970 4590 Filio.
1004 4535 1073 4591 At
1113 4552 1235 4593 cum
1264 4537 1526 4608 majorem
1551 4542 1748 4597 asseris
1770 4541 2005 4612 Patrem,
2032 4547 2133 4601 mi-

2241 4577 2386 4631 quem
2416 4561 2623 4632 juraret
2652 4563 2923 4633 majorem,
2942 4533 3140 4635 juravit
3172 4583 3264 4637 per
3290 4568 3629 4640 semetipsum
3661 4533 3836 4624 dicens

558 4643 745 4684 norem
776 4627 988 4695 Filium,
1015 4629 1151 4687 duos
1186 4630 1318 4688 deos
1346 4633 1642 4692 introducis
1674 4655 1686 4690 :
1722 4639 1775 4693 in
1796 4648 2028 4711 utroque
2050 4657 2134 4697 sa-

548 4712 794 4791 crilegus,
829 4729 883 4777 et
911 4738 1017 4778 non
1046 4724 1334 4793 audiendo,
1372 4727 1621 4784 Dominus
1652 4730 1789 4787 Deus
1820 4742 1967 4801 tuus,
1995 4734 2135 4791 Deus

546 4826 677 4866 unus
722 4822 797 4868 est
827 4811 1003 4883 (Deut.
1033 4831 1107 4881 vr,
1140 4815 1175 4869 4
1196 4823 1237 4886 ),
1281 4825 1337 4872 et
1363 4833 1471 4874 non
1500 4819 1909 4879 honoriﬁcando
1941 4824 2133 4882 Filium

545 4904 683 4960 sicut
711 4904 1034 4967 lionorilicas
1062 4906 1296 4964 Patrem.
1330 4908 1519 4969 Nullos
1565 4915 1763 4981 gradus
1811 4917 2135 4988 interposuit

544 4993 728 5050 Filius.
760 4994 1037 5066 Interroga
1093 4997 1270 5070 Patris
1326 5015 1446 5070 quae
1500 5003 1910 5062 honoriﬁcentia
1965 5008 2015 5063 ιι.
2051 5010 2129 5066 Tu

543 5086 757 5141 conaris
786 5085 856 5141 ad
880 5095 1231 5161 utrorumque
1253 5094 1639 5150 contumeliam
1657 5137 1671 5163 ,
1701 5105 1757 5153 et
1788 5097 1983 5168 Patris,
2005 5104 2133 5170 quia

541 5173 656 5242 ejus
704 5175 870 5233 Filius
900 5192 1006 5235 non
1054 5180 1291 5249 auditur,
1322 5182 1389 5239 de
1411 5199 1520 5255 quo
1545 5184 1710 5243 Pater
1755 5187 1906 5257 dicit,
1952 5189 2132 5262 Ipsum

543 5266 717 5321 audite
745 5266 957 5339 (Matth.
992 5272 1244 5343 xvn,.5),
1299 5282 1357 5330 et
1384 5274 1524 5346 Filii,
1567 5293 1728 5348 quem
1758 5281 1811 5335 in
1855 5296 1953 5338 suo
1994 5298 2133 5353 pra:-

542 5367 698 5426 cepto
726 5361 891 5418 audes
919 5373 1286 5423 contemnere.
1317 5367 1426 5424 Sed
1451 5369 1561 5439 jam
1590 5372 1694 5427 alia
1726 5374 2034 5432 testimonia
2063 5376 2130 5433 de

541 5448 843 5515 :cqualitate
865 5453 1039 5511 Patris
1068 5464 1124 5512 et
1144 5455 1263 5513 Filii
1287 5469 1679 5530 proponantur.

612 5719 634 5747 α
659 5708 829 5795 S_upra
860 5713 917 5795 in
941 5730 1184 5788 respons.
1218 5718 1285 5775 ad
1317 5719 1382 5775 I0
1412 5720 1608 5793 object.
1638 5723 1978 5795 Arianorum,
2003 5743 2112 5786 non

539 5781 724 5847 semel,
754 5798 843 5852 per
874 5781 1053 5839 Deum'.

2242 4651 2429 4725 (Hebr.
2476 4668 2547 4714 vr.
2596 4653 2705 4724 l5).
2738 4653 2794 4708 Si
2823 4654 2891 4709 de
2921 4653 3082 4710 Patre
3108 4656 3401 4727 accipitur,
3432 4658 3669 4715 visibilis
3700 4662 3836 4726 erit;

2241 4743 2286 4799 si
2314 4743 2382 4797 de
2411 4742 2574 4808 Filio,
2608 4742 2782 4813 major
2810 4743 2903 4800 illo
2931 4761 3040 4801 non
3082 4746 3204 4801 erit.
3240 4744 3403 4802 Pater
3432 4747 3835 4819 in,Evangelio,

2245 4833 2313 4890 Ut
2335 4850 2509 4889 omnes
2539 4834 2882 4905 honoriﬁcent
2918 4835 3116 4892 Filium
3140 4876 3155 4902 ,
3188 4839 3320 4893 sicut
3341 4840 3707 4911 honoriﬁcam
3737 4841 3840 4895 Pr

2239 4930 2369 4977 trem
2400 4921 2650 4992 (Joan.v,
2681 4922 2796 4995 25).
2825 4923 2891 4978 Et
2912 4927 3037 4999 quia
3066 4926 3232 4982 habet
3251 4932 3345 4997 qui
3374 4943 3500 4984 eum
3524 4930 3703 5000 misit,
3727 4932 3841 4986 lucc

2241 5014 2425 5096 missio
2476 5028 2579 5070 ron
2602 5014 2669 5071 de
2714 5015 2835 5071 loco
2865 5015 2920 5070 in
2960 5016 3160 5090 locum.
3194 5018 3327 5075 Nam
3355 5028 3414 5076 et
3439 5021 3523 5077 sol
3550 5024 3730 5080 mittit
3750 5040 3839 5081 ra-

2235 5106 2352 5161 dios
2374 5146 2388 5171 ,
2436 5113 2491 5160 et
2521 5121 2626 5161 non
2656 5122 2685 5161 a
2714 5122 2772 5162 se
2789 5116 3100 5188 (separatur.
3131 5109 3261 5166 Item
3284 5152 3298 5176 ,
3335 5113 3484 5168 Sicut
3515 5112 3686 5169 Pater
3717 5115 3841 5170 iisi-

2234 5199 2358 5267 ﬁcat
2400 5208 2626 5253 mortuos
2650 5241 2664 5265 ,
2697 5200 2772 5254 ita
2802 5209 2853 5254 et
2880 5199 3050 5257 Filius
3092 5220 3217 5274 quos
3250 5205 3354 5258 vult
3379 5206 3612 5276 viviﬁcat
3638 5207 3861 5277 (Ibid.,

2231 5286 2346 5355 2|).
2378 5285 2517 5344 Ecce
2554 5289 2752 5355 Filius,
2786 5305 2924 5360 quos
2949 5292 3092 5359 vult;
3125 5308 3253 5350 ecce
3277 5293 3543 5366 Spiritus,
3568 5298 3666 5354 ubi
3695 5300 3836 5355 vult.

2233 5378 2398 5434 Filius
2426 5378 2552 5435 dicit
2582 5377 2827 5453 Philippo
2850 5401 2873 5435 ς
2910 5380 3011 5447 Qui
3037 5386 3119 5439 me
3150 5385 3321 5452 videt,
3354 5387 3490 5441 videt
3529 5398 3580 5442 et
3609 5388 3841 5446 Patrem

2235 5469 2413 5542 (Joan.
2443 5487 2548 5533 xiv,
2602 5472 2676 5543 9).
2712 5469 2777 5526 Et
2822 5473 3014 5530 iterum
3043 5492 3054 5528 :
3088 5473 3211 5530 Non
3259 5476 3425 5533 credis
3469 5479 3594 5548 quia
3633 5496 3743 5552 ego
3781 5481 3841 5534 ist

2297 5728 2416 5811 Pulli
2441 5746 2537 5811 ms.
2590 5729 2737 5811 Part.
2769 5732 2980 5811 additur
3025 5736 3143 5811 hic,
3189 5734 3382 5793 Nullus
3436 5738 3630 5811 gradu
3688 5741 3837 5805 επιστ

2219 5797 2346 5883 Filii
2376 5800 2644 5872 Patrisque
2674 5797 3141 5874 honoriﬁcentiam.
