4090 6342
237 454 355 515 713
410 446 415 449 ’

1271 470 1405 529 PRO
1433 472 1588 529 FIDE
1618 471 2002 530 CATllOIJCA
2040 471 2242 529 LIBER
2284 472 2481 530 UNUS.

3414 478 3523 532 7H

234 575 430 645 Patre,
455 585 509 633 et
539 577 697 635 Pater
718 584 772 636 in
803 600 882 637 me
908 595 985 638 est
1008 586 1185 653 (Joan.
1212 589 1473 657 xm“)?
1497 591 1632 645 Ecce
1659 605 1841 658 :cqua-
1872 592 1931 649 A‘
1945 603 2042 643 nes
2062 588 2126 642 ad
2160 589 2387 643 Parthos
2418 606 2430 640 :
2468 586 2537 641 Ut
2563 588 2831 641 credamus
2861 587 2914 641 in
2952 603 3067 642 rere
3094 584 3237 643 Filio
3265 589 3378 660 ejus
3398 590 3525 645 Iesu

234 666 557 724 litasPatris
570 680 629 725 et
643 671 783 726 Filii.
807 673 960 739 Item,
988 675 1165 740 Pater,
1186 679 1419 749 clariﬁca
1445 679 1489 732 F
1493 682 1639 734 ilium
1665 689 1834 745 tuum,

228 765 294 809 ut
317 764 377 809 et
409 757 578 814 Filius
597 768 714 814 tuus
741 762 991 832 clariﬁcet
1024 775 1070 819 te
1093 766 1269 837 (Jean.
1306 780 1436 833 xv",
1485 768 1556 839 1).
1591 768 1696 823 Par
1739 786 1838 839 po-

233 855 436 941 testas.
495 850 603 907 Sed
645 851 920 909 sufﬁciunt
946 857 1048 912 ista
1076 859 1143 913 de
1182 854 1493 941 mqualitate
1537 857 1660 914 Filii
1714 877 1837 916 cum

233 934 435 995 Patre.
1075 946 1083 1019 ξ

636 1026 953 1087 Τεειὶιιιηηὶα
976 1034 1040 1089 de
1067 1034 1196 1090 Filii
1226 1036 1440 1091 deitate.

305 1113 367 1169 7.
405 1113 462 1171 ln
493 1113 634 1173 Iob:
685 1120 783 1185 Qui
811 1123 1038 1176 extendit
1072 1124 1257 1177 caelum
1306 1126 1468 1189 solus,
1514 1134 1561 1178 et
1605 1125 1836 1180 ambulat

231 1222 405 1275 super
432 1224 578 1261 mare
608 1219 851 1280 tanquam
878 1227 1030 1281 super
1061 1223 1250 1267 terram
1280 1213 1400 1285 (Job
1430 1232 1507 1278 ix,
1531 1215 1605 1285 8).
1653 1214 1709 1269 ln
1739 1215 1833 1271 Iea-

233 1299 419 1352 remia
454 1318 467 1352 :
518 1298 618 1354 Hic
666 1300 808 1355 Deus
847 1313 1055 1373 noster,
1088 1314 1137 1357 et
1186 1322 1290 1359 non
1339 1306 1671 1376 deputabitur
1703 1306 1837 1360 alius

231 1387 440 1471 absque
466 1406 561 1455 eo;
595 1391 681 1462 qui
709 1393 902 1447 inuenit
927 1410 1129 1447 omnem
1158 1396 1293 1448 uiam
1333 1397 1646 1465 prudentiae,
1678 1405 1727 1450 et
1758 1396 1841 1449 de-

229 1482 316 1534 dit
346 1498 475 1535 eam
502 1481 665 1537 Iacob
708 1502 866 1554 puero
894 1502 987 1538 suo
1014 1523 1029 1549 ,
1059 1494 1109 1538 et
1140 1484 1307 1540 Israel
1345 1487 1529 1541 dilecto
1558 1504 1677 1541 suo.
1714 1484 1840 1540 Post

233 1571 352 1624 haec
396 1574 454 1625 in
495 1576 651 1628 terris
683 1574 822 1627 uisus
849 1585 965 1641 est,
1010 1585 1059 1628 et
1100 1592 1215 1629 cum
1243 1576 1535 1630 hominibus
1564 1593 1840 1630 conuersa-

232 1670 322 1716 tus
346 1672 434 1716 est
463 1662 695 1734 (Baruch
737 1682 836 1733 ιιι,
867 1665 962 1732 36,
1015 1665 1113 1732 57,
1160 1664 1273 1736 '58).
1324 1666 1572 1737 Nunquid
1601 1666 1725 1735 quia
1755 1667 1841 1721 hic

235 1767 492 1823 persona
518 1753 635 1808 Filii
659 1770 910 1825 expressa
941 1765 1043 1822 est,
1069 1757 1314 1821 dicendo,
1344 1754 1482 1821 Quia
1506 1774 1604 1811 non
1626 1758 1841 1824 deputa-

233 1844 387 1898 bitur
420 1845 557 1899 alius
606 1846 795 1919 absque
821 1865 879 1902 eo
906 1889 920 1912 ,
954 1846 1169 1904 Patrem
1200 1864 1230 1902 a
1256 1848 1458 1904 deitate
1487 1850 1840 1918 separamus?

1943 676 2166 731 Christo.
2196 678 2296 731 IIic
2322 686 2397 731 est
2418 694 2561 732 uerus
2588 678 2746 745 Deus,
2776 687 2824 731 et
2852 678 2953 732 uita
2978 688 3172 733 wterna
3202 678 3255 749 (I
3275 679 3435 735 Joan.
3467 698 3521 748 ν,

1940 768 2053 836 20).
2089 768 2145 822 lu
2176 773 2281 825 hoc
2307 770 2613 824 testimonio
2642 769 2735 838 qui
2766 780 2924 837 negat
2962 768 3098 823 Filio
3132 769 3522 839 perfectionem

1944 858 2061 925 Dei,
2092 859 2450 913 Antichristus
2476 867 2578 915 est.
2606 858 2749 913 Petri
2778 858 3015 914 secunda
3043 876 3055 912 :
3081 857 3171 914 Sic
3189 861 3327 913 enim
3355 861 3491 915 abun
3509 892 3523 902 -

1926 950 2129 1003 danter
2172 949 2551 1004 ministrabitur
2592 950 2731 1004 uobis
2774 952 3016 1004 introitus
3061 952 3115 1005 in
3138 960 3396 1006 teternum
3442 970 3526 1005 re—

1941 1059 2099 1114 gnum
2127 1039 2336 1096 Domini
2354 1043 2518 1097 nostri
2536 1052 2586 1096 et
2607 1041 2899 1098 Saluatoris
2926 1043 3050 1096 Jesu
3064 1040 3255 1096 Christi
3284 1041 3375 1111 (II
3405 1042 3522 1097 I’et.

1943 1149 1980 1198 ι,
2016 1132 2128 1203 ll).
2160 1132 2227 1187 Et
2255 1134 2499 1202 quamvis
2528 1133 2640 1188 haec
2667 1149 2833 1203 pauca
2873 1134 3178 1188 testimonia
3206 1134 3273 1188 de
3321 1134 3526 1190 deitate

1941 1223 2083 1289 Filii,
2126 1225 2279 1294 quasi
2332 1225 2399 1280 de
2446 1238 2642 1294 magno
2668 1227 2805 1279 mari
2840 1226 3072 1294 ipsarum
3118 1226 3522 1296 Scripturarum

1941 1313 2083 1368 stilla
2123 1314 2332 1370 elevata
2381 1316 2452 1369 sit
2501 1333 2517 1369 :
2567 1330 2689 1370 cum
2737 1316 2912 1371 omnis
2941 1316 3220 1388 Scriptura
3261 1328 3369 1372 tam
3400 1318 3521 1389 ejus

1942 1404 2130 1461 deitati
2173 1422 2333 1476 quam
2360 1407 2525 1462 etiam
2556 1406 2672 1477 ejus
2707 1423 2805 1477 pro
2836 1419 3109 1479 assumpta
3142 1424 3304 1465 carne
3332 1411 3523 1465 huma-

1944 1497 2099 1551 nitati
2150 1497 2433 1566 perhibeat
2469 1497 2871 1563 testimonium,
2913 1498 3052 1554 sicut
3099 1499 3213 1569 ipse
3242 1497 3295 1554 in
3339 1480 3523 1557 Evan-

1940 1587 2083 1656 gelio
2113 1590 2405 1644 secundum
2433 1588 2695 1645 Joannem
2746 1590 2824 1644 ait
2856 1608 2867 1643 :
2922 1590 3243 1645 Scrutamini
3281 1589 3521 1663 Scriptu~

1942 1696 2052 1747 rus,
2078 1681 2200 1751 quia
2229 1697 2316 1735 uos
2340 1682 2538 1752 putatis
2567 1682 2620 1734 in
2647 1682 2774 1752 ipsis
2815 1681 2970 1734 vitam
3010 1691 3257 1735 wternam
3287 1680 3473 1736 habere
3500 1697 3519 1736 :

1936 1780 1991 1821 et
2018 1769 2123 1823 illis
2150 1779 2268 1823 sunt
2293 1786 2411 1841 qua:
2441 1770 2783 1824 testimonium
2824 1767 3093 1839 perhibent
3138 1768 3200 1822 de
3229 1786 3306 1823 me
3336 1769 3517 1841 (Joan.

1945 1874 1998 1924 v,
2029 1857 2141 1929 39).
2177 1858 2295 1913 Non
2338 1860 2454 1922 ait,
2487 1858 2563 1914 De
2620 1859 2808 1926 nobis,
2859 1874 2927 1914 ne
2971 1860 3108 1916 duos
3156 1860 3523 1916 introduceret

235 1931 299 1988 In
329 1933 479 1989 Isaia
519 1953 531 1987 :
562 1933 811 2007 Fatigata
837 1945 913 1991 est
941 1935 1223 2009 Egypt”.
1246 1949 1295 1993 et
1323 1941 1603 2010 negotiatio
1630 1937 1839 1993 «El/150-
1871 1960 1912 2017 Β
1939 1948 2088 2004 deos.
2130 1948 2189 2003 In
2233 1947 2376 2005 Luca
2416 1949 2553 2004 dixit
2580 1950 2646 2004 ad
2676 1964 2771 2006 eos
2814 1948 2969 2005 Jesus
2998 1969 3010 2002 :
3052 1950 3184 2006 Ηιεε
3212 1962 3333 2006 sunt
3369 1953 3521 2008 uerba

237 2024 364 2092 pile.
407 2023 567 2079 Multi
592 2026 662 2078 ad
687 2035 738 2080 te
765 2028 964 2083 uenient
986 2067 1000 2092 ,
1034 2038 1081 2082 et
1112 2030 1184 2082 tui
1211 2038 1361 2083 erunt
1387 2032 1553 2095 servi;
1578 2039 1629 2084 et
1655 2022 1837 2084 ambul

235 2113 436 2167 labunt
466 2124 585 2183 post
615 2124 661 2168 te
683 2155 703 2178 ,
729 2116 930 2188 alligati
959 2117 1323 2189 compedibus;
1362 2129 1411 2172 et
1441 2119 1731 2173 adorabunt
1754 2129 1799 2172 te
1822 2157 1839 2183 ,

236 2213 291 2255 et
318 2212 375 2257 te
398 2203 821 2275 deprecabuan
844 2223 862 2260 :
901 2209 1146 2278 quoniam
1186 2208 1245 2262 in
1293 2218 1341 2261 te
1366 2219 1440 2262 est
1486 2207 1623 2263 Deus
1649 2250 1665 2275 ,
1709 2217 1757 2264 et
1786 2217 1839 2262 tu

232 2308 293 2346 es
324 2292 485 2349 Deus
528 2296 671 2350 solus
697 2336 712 2362 ,
741 2306 790 2350 et
820 2297 1169 2351 nesciebamus
1216 2314 1233 2351 :
1283 2298 1421 2352 Deus
1454 2297 1641 2363 Israel,
1677 2298 1840 2370 539

237 2383 509 2440 Saluator
537 2394 710 2440 noster
740 2385 874 2456 (Isa.
904 2404 1025 2453 xcv,
1064 2387 1148 2451 14,
1182 2386 1290 2455 15).
1333 2387 1389 2441 In
1420 2388 1523 2443 hoc
1544 2388 1840 2443 clarissimo

239 2474 572 2528 testimonio
597 2514 611 2536 ,
642 2491 751 2528 non
798 2476 972 2530 solum
1013 2477 1185 2532 deitas
1221 2476 1379 2544 Filii,
1422 2476 1516 2531 sed
1551 2487 1606 2530 ct
1635 2482 1839 2530 summa

236 2581 373 2621 cum
430 2565 593 2621 Patre
633 2568 936 2622 ostenditur
973 2569 1268 2638 :equalitas.
1313 2568 1445 2622 Nam
1473 2566 1615 2637 quod
1646 2568 1740 2635 ait,
1774 2566 1840 2622 In

239 2666 399 2712 teest
454 2656 623 2722 Deus,
664 2668 713 2714 et
746 2670 796 2713 tu
820 2677 874 2713 es
907 2658 1072 2726 Deus,
1115 2659 1296 2714 hocin
1324 2657 1615 2726 Evangelio
1642 2657 1840 2712 dictum
1910 2674 1913 2681 ’

240 2755 349 2812 est,
387 2746 516 2818 Ego
545 2748 598 2800 in
629 2746 807 2814 Patre,
831 2757 880 2802 et
912 2747 1070 2802 Pater
1098 2749 1151 2801 in
1173 2766 1252 2802 me
1270 2758 1345 2802 est
1378 2746 1553 2817 (Joan.
1589 2763 1695 2809 xiv,
1730 2745 1840 2817 ll).

241 2837 327 2891 Ad
362 2837 651 2893 Romanos
682 2856 694 2892 :
727 2838 954 2903 Quorum
981 2849 1153 2910 patres
1173 2882 1188 2907 ,
1217 2849 1265 2893 et
1288 2826 1352 2894 εξιὲ
1371 2839 1551 2911 quibus
1576 2837 1839 2903 Christus,

236 2928 330 2997 qui
358 2936 450 2980 est
478 2943 632 2997 super
659 2930 831 2982 omnia
864 2930 997 2982 lﬁeus
1026 2927 1317 2983 benedictus
1347 2930 1402 2982 in
1442 2929 1632 2983 saecula
1662 2928 1837 3001 (Rom.

242 3032 297 3070 ix
326 3056 343 3080 ,
380 3014 468 3087 5).
502 3015 724 3087 Propria
750 3019 921 3072 deitas
950 3018 1089 3073 Filii.
1116 3019 1194 3072 Ad
1224 3017 1533 3076 Corinthios
1560 3021 1791 3076 secunda
1824 3040 1836 3076 :

238 3102 350 3168 Qui
376 3113 467 3158 est
489 3106 662 3178 imago
693 3108 960 3162 invisibilis
985 3108 1078 3163 Dei
1101 3107 1325 3180 (IlCor.
1352 3127 1419 3176 Iv,
1444 3109 1523 3181 Δ).
1558 3109 1612 3166 Si
1641 3111 1836 3179 imago,

208 3193 478 3249 'veritas.
518 3193 616 3262 Ubi
660 3211 823 3266 supra
858 3216 871 3251 :
910 3196 1046 3254 Deus
1075 3208 1185 3253 erat
1214 3202 1268 3254 in
1318 3199 1521 3255 Christo
1546 3240 1561 3265 ,
1593 3201 1839 3255 mundum

1922 2040 2056 2110 'quce
2084 2039 2283 2093 locutus
2327 2056 2442 2094 sum
2467 2039 2605 2094 uobis
2633 2080 2647 2106 ,
2688 2056 2801 2093 cum
2831 2041 2999 2094 adhuc
3028 2057 3193 2096 essent
3222 2042 3516 2098 uobiscum:

1940 2133 2186 2201 quoniam
2214 2147 2419 2186 necesse
2444 2140 2520 2185 est
2547 2130 2749 2201 impleri
2774 2132 2948 2184 omnia
2968 2148 3084 2200 qua!
3104 2134 3299 2202 scripta
3323 2142 3440 2187 sunt
3465 2135 3521 2189 in

1941 2221 2053 2293 lege
2105 2221 2295 2291 Moysi,
2342 2231 2394 2276 et
2445 2222 2732 2293 praphetis,
2782 2231 2831 2276 et
2881 2221 3135 2290 Psalmis,
3167 2225 3231 2278 de
3259 2242 3338 2279 me
3367 2224 3518 2295 (Luc.

1942 2330 2105 2380 xxrv,
2155 2313 2267 2383 44).
2299 2314 2547 2384 Nunquid
2590 2313 2828 2370 excludit
2876 2313 3090 2371 Patrem
3136 2332 3166 2370 a
3204 2317 3518 2373 testimonio

1941 2407 2358 2476 Scripturarum,
2390 2407 2517 2476 quia
2539 2414 2594 2462 et
2616 2407 2701 2461 hic
2725 2407 2820 2472 ait,
2838 2407 2917 2461 De
2940 2407 3147 2462 me?De
3173 2409 3518 2479 omnipoten-

1943 2499 2016 2558 tia
2046 2498 2163 2552 Filii
2197 2499 2248 2552 in
2280 2496 2570 2553 Salomone
2602 2516 2615 2551 :
2662 2498 3002 2569 Omnipotens
3047 2515 3215 2554 sermo
3244 2510 3378 2565 tuus,
3412 2501 3519 2557 Do-

1942 2590 2108 2653 mine;
2156 2589 2219 2642 de
2237 2587 2379 2643 caelis
2419 2606 2453 2641 a
2492 2588 2749 2660 regalibus
2775 2587 2980 2642 sedibus
3017 2591 3153 2645 uenit
3184 2590 3337 2663 (Sap.
3369 2608 3517 2658 xvm,

1943 2678 2053 2749 15).
2084 2678 2143 2750 In
2184 2678 2439 2734 Zacharia
2466 2696 2479 2732 :
2513 2678 2591 2745 0,
2624 2680 2784 2750 fugite
2810 2680 2875 2734 de
2899 2690 3040 2735 terra
3064 2684 3323 2753 aquilonis
3344 2724 3359 2751 ,
3392 2684 3520 2740 dicit

1943 2771 2194 2824 Dominus
2223 2785 2243 2823 :
2293 2784 2352 2822 eo
2381 2769 2516 2840 quod
2555 2786 2620 2823 ea:
2665 2779 2884 2840 quatuor
2925 2773 3088 2825 uentis
3116 2774 3230 2827 cieli
3274 2774 3517 2845 colligam

1941 2874 2047 2914 uos.
2081 2857 2218 2912 Dicit
2243 2856 2491 2912 Dominus
2524 2874 2544 2913 :
2576 2857 2639 2912 In
2669 2858 2798 2914 Sion
2815 2861 2977 2933 54η
2996 2863 3272 2916 salu’amini
3301 2866 3387 2935 qui
3416 2865 3516 2920 ha-

1939 2946 2117 3000 bitatis
2144 2948 2198 3000 in
2224 2947 2338 3016 ﬁlia
2362 2945 2664 3017 Babylonis.
2690 2946 2913 3016 Propter
2942 2948 3078 3019 quod
3107 2950 3215 3004 haec
3255 2951 3382 3006 dicit
3412 2950 3517 3009 Do-

1940 3038 2112 3091 minus
2152 3038 2474 3107 omnipotens
2506 3053 2523 3090 :
2562 3037 2684 3092 l'ost
2711 3038 2932 3107 gloriam
2959 3041 3103 3094 misit
3140 3057 3221 3095 me
3249 3042 3319 3095 ad
3339 3054 3517 3114 gentes

1939 3143 2053 3198 qua:
2071 3144 2157 3182 uos
2195 3128 2628 3198 exspoliauerunt.
2666 3125 2888 3197 Propter
2922 3130 3059 3200 quod
3090 3132 3177 3202 qui
3217 3134 3380 3203 tangit
3407 3150 3514 3202 uos,

1940 3226 2185 3290 tanquam
2210 3218 2295 3288 qui
2322 3218 2489 3288 tangit
2515 3218 2765 3289 pupillam
2806 3220 2939 3273 oculi
2968 3220 3101 3292 ejus.
3135 3219 3356 3294 Propter
3382 3226 3519 3294 quod

237 3285 605 3340 reconcilians
641 3285 739 3340 sibi
770 3287 819 3357 (1
828 3286 857 3341 1
898 3288 1018 3344 Cor.
1053 3306 1103 3355 v,
1130 3289 1240 3360 19).
1270 3290 1326 3346 Si
1357 3291 1497 3346 Deus
1528 3300 1701 3359 totus,
1728 3310 1832 3348 non

1937 3285 2179 3362 inducam
2199 3285 2604 3363 manumvtneam
2632 3325 2783 3379 super
2804 3326 2910 3375 eos,
2942 3285 3161 3366 etverunt
3187 3285 3367 3384 prada
3390 3285 3518 3385 pra:-

238 3390 307 3429 ex
339 3384 532 3445 parte.
558 3376 635 3429 Ad
661 3375 923 3448 Ephesios
959 3398 971 3432 :
1004 3378 1373 3451 Erangelizare
1402 3383 1835 3451 incomprehensi-

239 3464 371 3519 biles
396 3466 610 3519 diuitias
633 3464 825 3521 Christi
867 3466 1079 3537 (Ep/tes.
1128 3485 1182 3523 ιιι
1210 3510 1223 3532 ,
1255 3468 1331 3538 8).
1364 3468 1608 3537 Nunquid
1632 3469 1835 3539 Christi

240 3555 419 3608 solius
444 3595 460 3618 ,
494 3562 550 3608 et
581 3572 683 3608 non
718 3553 929 3609 Patris?
957 3555 1036 3609 Ad
1065 3555 1413 3611 Colossenses
1441 3575 1454 3608 :
1488 3557 1619 3621 Quia
1646 3559 1699 3610 in
1723 3559 1834 3628 ipso

241 3645 568 3715 complacuit
613 3643 846 3699 habitare
884 3662 1086 3700 omnem
1141 3646 1512 3716 plenitudinem
1552 3647 1834 3701 diuinitatis

234 3738 595 3807 corporaliter
612 3738 833 3805 (Coloss.
851 3756 908 3804 ιι,
934 3738 1009 3810 9).
1034 3738 1131 3793 llic
1155 3739 1375 3793 adverte
1398 3739 1521 3809 quia
1538 3747 1593 3793 et
1618 3754 1832 3793 onmem

233 3823 643 3898 plenitudinem
671 3838 727 3885 et
754 3828 1125 3885 divinitatem:
1170 3830 1260 3885 ubi
1287 3830 1418 3885 nihil
1442 3838 1525 3886 est
1548 3831 1693 3900 quod
1738 3829 1834 3885 ad—

172 3919 181 3926 ’
231 3917 426 3973 datur.
465 3915 569 3973 Ubi
595 3935 791 3991 supra:
834 3920 903 3976 Ut
929 3922 1220 3976 ostenderet
1250 3921 1387 3975 Deus
1415 3923 1621 3977 diuitias
1651 3939 1830 3977 sacra-

235 4013 406 4066 menti
450 4012 533 4064 sui
574 4012 708 4065 inter
733 4021 908 4083 gentes
950 4028 969 4066 :
1008 4012 1146 4083 quod
1169 4020 1247 4067 est
1274 4010 1507 4073 Christus
1540 4011 1758 4083 (Coloss.
1791 4029 1830 4080 ι,

235 4097 352 4170 27).
378 4097 550 4167 Ecce,
572 4100 770 4155 divitia:
800 4101 893 4157 Dei
916 4100 1158 4157 Christus
1183 4111 1284 4158 est.
1319 4100 1419 4157 Ubi
1448 4117 1608 4173 supra
1636 4120 1648 4156 :
1686 4101 1753 4158 Ut
1776 4104 1831 4157 in

231 4194 518 4264 agnitione
562 4195 877 4247 sacramenti
917 4190 1015 4247 Dei
1039 4236 1054 4261 ,
1088 4193 1222 4262 quod
1248 4202 1323 4247 est
1343 4192 1577 4249 Christus
1605 4210 1622 4250 :
1650 4195 1704 4247 in
1732 4211 1830 4266 quo

231 4293 354 4338 sunt
400 4300 588 4338 omnes
624 4284 845 4338 thesauri
886 4285 1154 4355 sapientia:
1194 4295 1245 4339 et
1282 4287 1510 4340 scientia:
1545 4284 1831 4341 abseonditi

232 4372 477 4443 (Coloss.
508 4387 566 4437 ιι,
612 4372 688 4441 3).
718 4372 942 4447 .lntegra
974 4374 1269 4443 plenitudo.
1303 4374 1388 4430 Ad
1420 4374 1788 4446 Philippenses
1814 4395 1826 4430 :

232 4460 336 4526 Qui
359 4480 491 4516 cum
517 4464 572 4516 in
598 4465 765 4534 [arma
798 4461 892 4517 Dei
919 4474 1051 4519 esset
1079 4467 1388 4519 constitutus
1414 4465 1635 4537 (Philip.
1668 4484 1724 4532 ιι,
1749 4465 1826 4531 6;.

232 4551 412 4607 Audis
446 4549 672 4607 formam
694 4592 710 4618 ,
741 4562 796 4607 et
820 4567 984 4622 negas
1009 4554 1307 4622 aequalem?
1343 4553 1441 4609 [ibi
1472 4571 1632 4625 supra
1668 4574 1679 4607 :
1708 4555 1828 4626 Ipse

1938 3400 2182 3454 dantibus
2225 3416 2347 3464 eos;
2385 3410 2435 3454 et
2459 3401 2630 3455 scietis
2656 3401 2776 3470 quia
2807 3401 3052 3456 Dominus
3073 3404 3394 3473 omnipotens
3414 3408 3517 3459 mi-

1938 3493 2005 3545 sit
2026 3491 2307 3561 me(Zach.
2343 3507 2400 3559 ιι,
2431 3489 2466 3543 2
2489 3501 2541 3545 et
2565 3492 2720 3563 seq.).
2752 3491 2976 3546 Sursum
2999 3495 3340 3563 omnipotens
3363 3495 3511 3564 dicit,

1937 3580 2189 3638 deorsum
2216 3583 2560 3669 omnipotens
2586 3583 2793 3637 mittit:
2834 3577 3073 3651 nunquid
3118 3584 3227 3640 duo
3260 3586 3511 3657 omnipoo

1936 3678 2117 3727 tentes
2140 3672 2163 3726 ?
2185 3671 2349 3726 Amos
2376 3671 2640 3741 propheta
2670 3689 2683 3724 :
2728 3669 2982 3725 Dominus
3010 3674 3096 3744 qui
3126 3675 3291 3743 tangit
3322 3683 3511 3729 terram

1933 3770 1984 3816 et
2004 3772 2169 3817 mouet
2194 3752 2327 3827 eam,
2376 3772 2427 3815 et
2465 3762 2707 3833 lugebant
2736 3778 2910 3816 omnes
2933 3772 3311 3817 commorantes
3331 3766 3384 3818 in
3407 3782 3510 3829 ea;

1933 3862 1984 3908 et
2009 3854 2252 3906 ascendet
2297 3853 2428 3906 sicut
2472 3851 2655 3920 fluuius
2684 3850 2906 3924 rEgypti
2927 3893 2942 3918 ,
2985 3854 3070 3923 qui
3099 3853 3330 3923 ludiﬁcat
3358 3871 3512 3926 super

1932 3941 2115 3996 cielum
2142 3942 2495 3996 ascensionem
2522 3957 2691 4009 suam,
2721 3951 2770 3995 et
2797 3943 3151 3997 remissionem
3180 3928 3328 3997 suam
3355 3961 3511 4013 super

1935 4040 2125 4087 terram
2154 4033 2430 4103 confirmat
2456 4048 2476 4086 :
2517 4033 2602 4105 qui
2640 4040 2785 4086 uocat
2812 4048 2974 4104 aquas
3001 4034 3184 4099 maris,
3211 4042 3261 4086 et
3288 4034 3511 4103 effundit

1933 4138 2019 4177 eas
2049 4138 2200 4193 super
2228 4114 2417 4195 [aciem
2438 4130 2591 4177 terra
2621 4138 2638 4176 :
2673 4120 2923 4177 Dominus
2954 4124 3278 4193 omnipotens
3302 4133 3379 4179 est
3408 4141 3508 4180 no-

1932 4227 2048 4265 men
2075 4211 2187 4283 ejus
2218 4211 2396 4283 (Amos
2424 4228 2499 4277 ix,
2524 4209 2600 4282 5).
2630 4210 2819 4266 Nonne
2842 4212 2957 4267 btec
2984 4213 3164 4268 omnia
3187 4213 3324 4273 Filio
3352 4214 3513 4268 intel-

1932 4300 2167 4370 liguntur
2193 4302 2519 4356 convenire?
2560 4301 2650 4371 qui
2681 4300 3012 4356 descendens
3050 4309 3251 4356 terram
3299 4303 3505 4371 tetigit,

1930 4392 2181 4461 passione
2208 4392 2499 4447 commovit
2524 4433 2539 4458 ,
2581 4400 2636 4446 et
2662 4391 2729 4447 de
2754 4392 2911 4446 terris
2938 4392 3177 4447 ascendit
3206 4394 3258 4447 in
3288 4394 3533 4458 coelum,-

1928 4491 1985 4537 et
2011 4498 2176 4554 super
2203 4492 2402 4537 terram
2432 4481 2713 4536 descendit
2738 4497 2768 4535 e
2811 4482 2969 4546 coelo,
3000 4482 3140 4536 sicut
3162 4482 3275 4551 ipse
3303 4484 3506 4551 promi-

1928 4574 2000 4629 sit
2025 4574 2079 4628 in
2108 4572 2428 4645 Apocalypsi
2479 4570 2631 4643 (Cap.
2674 4588 2752 4637 ιιι,
2788 4572 2875 4641 ib)
2908 4590 2923 4625 :
2974 4571 3104 4626 Haec
3146 4572 3271 4627 dicit
3310 4575 3396 4643 qui
3430 4583 3508 4627 est

229 4645 415 4697 atterit
453 4642 588 4696 Deus
621 4642 806 4708 Pater,
852 4654 903 4698 et
928 4642 1175 4699 Dominus
1206 4656 1379 4701 noster
1407 4644 1560 4700 Iesus
1588 4646 1821 4701 Christus

1934 4665 2070 4719 testis
2109 4664 2278 4734 ﬁdelis
2303 4642 2328 4730 ,⁷
2368 4642 2572 4717 initium
2601 4673 2854 4717 creatura:
2883 4663 2976 4716 Dei
3002 4679 3020 4716 :
3068 4660 3167 4726 Qui
3195 4671 3271 4746 est
3294 4642 3391 4729 ,et
3417 4664 3507 4734 qui

227 4733 443 4803 dirigat
469 4734 604 4786 uiam
640 4743 869 4788 nostram
895 4735 965 4788 ad
1010 4753 1095 4791 uos
1138 4735 1192 4806 (I
1226 4735 1402 4790 Thess.
1436 4753 1519 4801 ιιι,
1547 4736 1655 4807 ll).
1688 4736 1825 4793 Ecce

1934 4762 2041 4809 erat
2064 4795 2078 4820 ,
2103 4733 2158 4807 et
2181 4754 2268 4825 qui
2295 4762 2532 4808 uenturus
2557 4763 2660 4819 est,
2698 4753 2944 4807 Dominus
2967 4738 3288 4824 omnipotens
3315 4752 3502 4824 (Apoc.

227 4825 403 4880 ambo
428 4822 667 4893 dirigunt
693 4843 705 4876 :
738 4840 836 4895 par
861 4834 1119 4894 potestas.
1152 4824 1230 4879 Ad
1254 4823 1591 4880 Timotheum
1616 4826 1820 4895 prima:

227 4909 302 4972 Ut
320 4932 507 4970 serves
535 4916 836 4971 mandatum
865 4916 1325 4987 irreprehensibile,
1356 4934 1514 4989 usque
1534 4918 1603 4970 ad
1630 4918 1823 4972 aduen-

225 5018 340 5061 tum
370 5007 588 5063 Domini
619 5012 783 5064 nostri
809 5009 936 5065 Iesu
958 5009 1149 5067 Christi
1174 5052 1189 5077 ,
1213 5028 1359 5083 quem
1380 5013 1485 5066 suis
1516 5012 1823 5084 temporibus

225 5099 480 5153 ostendet
526 5097 734 5167 beatus,
764 5110 814 5156 et
844 5102 984 5156 solus
1012 5111 1191 5170 potens
1214 5101 1270 5171 (Ι
1306 5101 1438 5157 Tim.
1473 5121 1543 5169 vt,
1576 5103 1684 5173 14),
1713 5112 1818 5159 etc.

223 5187 500 5259 Nunquid
521 5190 646 5258 quia
670 5190 830 5259 dixit,
860 5191 1017 5249 Solus
1046 5203 1245 5264 potens,
1278 5194 1581 5249 excluditur
1609 5195 1768 5251 Pater
1793 5213 1824 5251 a

220 5278 531 5349 potentia?
559 5278 641 5334 Ad
666 5280 843 5336 Titum
878 5298 890 5334 :
924 5281 1109 5337 Illuxit
1138 5291 1308 5337 autem
1346 5284 1578 5355 omnibus
1605 5286 1826 5339 homini-

221 5366 323 5422 bus
353 5369 542 5440 gratia
572 5367 688 5435 Dei,
719 5379 768 5423 et
791 5369 1083 5425 Saluatoris
1124 5374 1289 5426 nostri
1329 5371 1452 5426 Iesu
1478 5370 1667 5427 Christi
1696 5373 1821 5445 (Tit.

220 5475 285 5527 Il,
312 5459 444 5528 11).
475 5456 575 5513 Ubi
604 5468 764 5529 Supra
790 5460 859 5531 (υ.
895 5459 983 5530 15)
1014 5479 1026 5513 :
1058 5459 1430 5531 Exspectantes
1461 5460 1664 5517 beatam
1684 5480 1823 5534 spem

218 5561 278 5606 et
323 5551 610 5607 aduentum
648 5553 830 5622 gloria:
882 5554 1059 5623 magni
1108 5551 1205 5606 Dei
1245 5563 1295 5606 et
1336 5551 1621 5608 Saluatoris
1657 5557 1824 5609 nostri

217 5641 361 5697 Iesu
399 5640 612 5696 Christi.
645 5642 701 5696 Si
730 5655 953 5710 magnus
980 5642 1119 5697 Deus
1146 5642 1329 5710 Filius,
1361 5642 1489 5698 nihil
1520 5643 1682 5699 habet
1716 5645 1818 5698 mi-

217 5749 356 5790 nus.
388 5731 493 5789 Ubi
518 5749 720 5804 supra:
754 5733 880 5788 Cum
918 5742 1089 5787 autem
1132 5734 1418 5804 benignitas
1444 5745 1492 5789 et
1521 5736 1818 5789 humanitas

217 5826 422 5881 illuxit
471 5826 758 5883 Saluatoris
813 5828 976 5882 nostri
1022 5826 1146 5881 Iesu
1196 5825 1385 5881 Christi
1429 5826 1556 5897 (Tit.
1605 5845 1683 5892 ιιι,
1736 5828 1813 5898 4).

215 5917 330 5974 llic
363 5932 468 5976 nec
494 5920 880 5977 humanitatem
908 5920 1094 5982 tacuit.
1128 5934 1228 5974 nec
1264 5920 1616 5978 divinitatem.
1649 5921 1812 5978 Joan-

678 6013 953 6107 Ρηιιοι..
987 6013 1178 6087 LXV.

1928 4864 1966 4913 ι,
1997 4846 2077 4918 8).
2109 4845 2326 4911 Movet,
2355 4844 2478 4914 quia
2500 4844 2672 4913 dixit,
2707 4843 2924 4897 Initium
2955 4852 3204 4900 creatura:
3228 4843 3358 4908 Dei;
3385 4860 3505 4899 mo-

1926 4945 2068 5003 veat,
2098 4938 2224 5007 quia
2254 4937 2454 4992 dictum
2478 4944 2595 5005 est,
2623 4936 2871 4992 Dominus
2895 4938 3217 5007 omnipotens
3240 4948 3349 4991 ενι
3377 4938 3501 5003 hoc,

1923 5029 1994 5086 de
2025 5029 2263 5096 deitate;
2296 5028 2421 5085 illud
2446 5069 2463 5096 ,
2487 5027 2630 5099 quod
2658 5040 2816 5084 natus
2840 5036 2942 5097 est,
2973 5028 3040 5085 de
3068 5028 3233 5084 Maria
3268 5029 3504 5100 Virgine.

2351 5162 2666 5217 Testimonia
2709 5162 2772 5215 de
2811 5162 3082 5215 Trinitate.

1996 5276 2048 5330 8.
2080 5274 2137 5328 lu
2170 5273 2495 5342 Evangelio:
2546 5272 2650 5340 Ite,
2690 5273 2947 5344 baptizate
2995 5279 3170 5343 gentes
3211 5274 3262 5325 in
3294 5272 3504 5338 nomine

1927 5365 2125 5434 Patris,
2154 5375 2203 5419 et
2224 5364 2373 5431 Filii,
2397 5374 2446 5419 et
2471 5363 2693 5434 Spiritus
2718 5365 2884 5418 sancti
2918 5362 3129 5421 (Matth.
3160 5380 3324 5430 xxvm
3344 5406 3360 5433 ,
3392 5362 3502 5433 t9).

1927 5459 1994 5514 In
2032 5459 2260 5526 nomine,
2307 5472 2415 5510 non
2443 5455 2501 5509 lu
2530 5455 2854 5510 nominibus.
2886 5454 3015 5510 ltem
3051 5473 3062 5508 :
3094 5453 3280 5509 Simile
3307 5460 3384 5509 est
3414 5470 3499 5508 re-

1922 5565 2081 5621 gnum
2125 5547 2373 5627 caeloruiit
2408 5545 2609 5627 mulieri
2637 5540 3058 5624 quae'abscondit
3100 5547 3403 5616 fermentum
3445 5545 3502 5599 in

1921 5641 2109 5711 [arium
2136 5639 2262 5692 satis
2288 5623 2470 5703 tribus,
2488 5623 2646 5689 donec
2669 5637 3063 5705 fermentaretur
3087 5644 3248 5690 totum
3280 5634 3497 5707 (Matth.

1919 5751 2033 5801 xm,
2065 5734 2177 5801 ⁸55).
2230 5730 2328 5787 Hic
2373 5732 2566 5786 mulier
2604 5731 2820 5802 ponitur
2861 5720 3119 5798 Ecclesia,
3161 5747 3281 5802 qua:
3328 5734 3498 5802 mquis

1917 5824 2241 5895 ponderibus
2262 5822 2418 5877 tidem
2440 5820 2633 5886 Patris,
2658 5830 2712 5875 et
2733 5820 2868 5886 Filii,
2903 5830 2958 5876 ct
2984 5822 3218 5893 Spiritus
3242 5827 3414 5882 sancti
3442 5827 3495 5882 in

1916 5919 2076 5975 corda
2106 5917 2437 5975 credentium
2468 5916 2763 5974 abscondit.
2782 5915 2837 5972 lu
2853 5916 3172 5988 Apocalypsi
3200 5938 3210 5972 :
3238 5918 3484 6003 Sanctus.

2980 6008 3058 6069 23
