4064 6358
572 412 682 471 .715

1608 410 1662 462 S.
1712 410 2070 465 FULGENTII
2108 410 2402 465 EPISCOPI
2445 413 2812 468 RUSPENSIS

3727 420 3826 476 ru:

579 541 810 598 sanctus,
862 539 1064 583 sanctus
1117 528 1366 582 Dominus
1426 524 1560 583 Deus
1605 525 1840 579 Sabaoth
1871 514 2050 595 (Apoc.
2081 540 2151 590 ιν,
2186 528 2227 582 Α
2263 537 2404 595 tum,
2430 529 2711 584 Dominum
2758 531 2917 586 tertio
2961 530 3282 599 appellatum
3328 529 3546 596 “Pgt‘lll.
3581 530 3688 584 Nec
3717 533 3825 597 dii,

579 623 655 692 8).
697 622 878 678 Tertio
908 621 1063 674 audio
1092 628 1299 671 sanctus
1324 656 1338 677 ,
1369 624 1422 670 et
1451 630 1613 668 unum
1647 613 1926 669 Dominum
1958 615 2148 667 Deum.

582 710 679 767 Ubi
708 726 866 780 supra
894 728 905 761 :
945 707 1013 761 Et
1049 708 1181 760 dixit
1211 706 1334 759 mihi
1363 706 1575 775 angelus
1606 721 1624 757 :
1672 703 1801 757 Haec
1846 705 2000 757 verba
2029 719 2147 756 vera

580 803 673 858 Dei
696 810 832 855 sunt.
859 797 926 849 Et
955 795 1112 850 cecidi
1146 804 1265 849 ante
1291 794 1442 862 pedes
1480 797 1593 865 ejus
1620 803 1674 846 ut
1705 784 2147 856 adoraremeum;

577 903 623 945 et
652 891 783 943 dixit
808 888 971 940 mihi:
1006 885 1132 938 Vide
1153 902 1215 938 ne
1241 886 1422 955 feceris
1442 875 1757 948 {conservus
1793 893 1908 936 tuus
1937 900 2070 947 sum,
2103 892 2159 959 et

577 986 797 1053 fratrum
819 966 1017 1031 tuorum
1037 974 1328 1029 habentium
1359 975 1701 1029 testimonium
1727 972 1852 1027 Iesu
1873 1012 1887 1035 ,
1912 983 1960 1027 et
1985 974 2147 1043 spiri-

577 1082 655 1124 tus
699 1069 983 1139 prophetia:
1014 1067 1193 1137 (Apoc.
1223 1058 1333 1130 mx',
1357 1064 1418 1127 9,
1453 1063 1562 1133 I0).
1587 1063 1723 1129 Quid
1754 1062 1862 1116 tam
1892 1063 2011 1116 luce
2039 1062 2151 1116 cla-

577 1165 685 1216 rius
714 1162 780 1215 ad
802 1159 1185 1215 ostendendam
1215 1157 1550 1219 Trinitatem,
1583 1156 1683 1208 nisi
1712 1154 1875 1208 verba
1900 1168 2027 1207 vera
2058 1150 2153 1205 Pa-

579 1253 692 1319 tris,
736 1250 1097 1305 testimonium
1147 1247 1300 1312 Filii,
1348 1247 1550 1299 donum
1591 1245 1885 1314 pr0phetiae
1922 1243 2151 1312 Spiritus

574 1341 780 1395 sancti?
823 1339 882 1394 In
911 1338 1134 1393 Psalmis
1167 1356 1178 1389 :
1210 1336 1360 1407 Apud
1386 1344 1434 1389 te
1462 1344 1537 1388 est
1561 1336 1678 1405 fons
1718 1335 1830 1388 vita:
1855 1374 1870 1399 ,
1897 1343 1947 1387 et
1996 1336 2051 1386 in
2074 1333 2152 1386 lu-

575 1435 710 1487 mine
757 1440 842 1486 tuo
889 1430 1164 1485 videbimus
1203 1429 1372 1482 lumen
1419 1424 1589 1497 (Psal.
1624 1443 1795 1493 xxxv,
1837 1426 1948 1497 10).
1996 1425 2151 1495 Apud

575 1523 743 1579 Deum
773 1521 987 1575 Patrem
1018 1520 1135 1574 fons
1162 1519 1283 1572 vitae
1314 1516 1598 1582 Christus;
1630 1523 1684 1570 et
1710 1514 1835 1584 quia
1865 1514 2044 1568 lumen
2070 1523 2151 1569 est

575 1617 629 1669 in
668 1615 784 1684 ipso
810 1654 824 1677 ,
866 1612 1193 1687 illuminator
1228 1609 1440 1685 videtur
1475 1599 1709 1678 Spirittis
1737 1615 1991 1662 sanctus:
2024 1608 2149 1677 quia

575 1703 669 1771 qui
714 1701 967 1770 Spiritum
1009 1697 1208 1752 Christi
1256 1712 1363 1750 non
1413 1695 1605 1756 habet,
1655 1694 1743 1749 hic
1789 1710 1895 1749 non
1927 1702 2010 1749 est
2038 1694 2152 1763 ejus

576 1793 753 1862 (Rom.
798 1808 910 1859 vm,
960 1790 1036 1860 9).
1070 1789 1127 1843 In
1159 1788 1362 1859 psalmo
1411 1802 1554 1852 vat,
1600 1785 1632 1839 8
1682 1805 1695 1838 :
1748 1784 2027 1840 Benedicat
2055 1803 2150 1841 nos

2259 635 2357 673 nec
2388 620 2591 675 domini
2618 661 2632 684 ,
2685 636 2784 676 nec
2817 636 2973 689 reges
2997 621 3229 675 distincti
3261 630 3384 674 sunt
3407 661 3421 683 ,
3449 621 3571 689 quia
3605 623 3657 674 in
3692 630 3829 677 trtna

2254 711 2471 765 nomina
2513 721 2569 766 et
2597 727 2856 781 personas
2883 713 3262 766 discernuntur
3297 730 3309 764 :
3338 729 3459 765 nam
3488 727 3591 765 una
3622 713 3827 781 deitas,

2259 817 2419 854 unum
2449 803 2743 856 dominium
2762 830 2784 861 -.
2826 818 2988 856 unum
3033 803 3212 870 regale
3240 803 3540 872 imperium.
3574 800 3672 867 Qui
3702 803 3830 857 huic

2256 894 2469 947 veritati
2517 895 2695 947 studio
2727 895 2866 947 male
2895 894 3139 947 vincendi
3180 894 3530 957 contradicit,
3573 910 3680 949 non
3708 895 3830 950 dico

2252 982 2612 1047 damnabitur,
2638 983 2732 1038 sed
2748 984 2857 1051 jam
2890 982 3171 1036 damnatus
3200 990 3303 1037 est.

2380 1115 2709 1201 Testimonia
2735 1117 2799 1169 de
2820 1114 3021 1179 Spiritu
3047 1126 3246 1184 sancto,
3275 1118 3395 1188 quia
3421 1117 3557 1172 Deus
3586 1128 3684 1173 est.

2322 1225 2373 1278 9.
2404 1225 2462 1280 In
2492 1226 2753 1295 principio
2783 1227 2899 1281 libri
2913 1225 3137 1281 Genesis
3164 1246 3176 1280 :
3210 1226 3278 1280 Et
3298 1228 3525 1299 Spiritus
3558 1230 3651 1284 Dei
3680 1235 3818 1302 fere-

2254 1316 2401 1369 batur
2441 1334 2595 1386 super
2623 1333 2781 1387 aquas
2825 1315 3041 1386 (Cenes.
3075 1334 3111 1382 I,
3156 1317 3218 1387 2)
3263 1334 3276 1369 :
3318 1320 3408 1387 qui
3441 1319 3491 1373 in
3523 1320 3687 1387 figura
3734 1321 3824 1375 ba-

2253 1412 2430 1481 ptismi
2449 1427 2613 1480 aquas
2632 1412 3130 1477 sanctilicaret,non
3157 1413 3246 1480 qui
3277 1411 3523 1466 lassando
3549 1390 3829 1481 pausareti

2254 1502 2309 1555 In
2337 1501 2437 1555 Job
2464 1520 2477 1554 :
2525 1501 2750 1571 Spiritus
2789 1502 2989 1555 divinus
3026 1513 3101 1555 est
3129 1503 3214 1572 qui
3241 1503 3361 1571 fecit
3389 1519 3486 1567 me,
3518 1509 3565 1554 et
3596 1502 3822 1572 Spiritus

2256 1594 2629 1661 Omnipotentis
2658 1594 2742 1663 qui
2772 1588 2914 1645 docet
2955 1608 3034 1644 me
3068 1591 3197 1660 (Job
3229 1607 3414 1655 χχχιιι,
3441 1589 3518 1660 4).
3551 1590 3607 1645 In
3638 1591 3823 1647 divini-

2257 1692 2365 1737 tate
2394 1682 2670 1752 perfectio.
2712 1680 2768 1734 In
2796 1680 3123 1749 Evangelio:
3157 1679 3383 1750 Spiritus
3429 1690 3506 1733 est
3553 1679 3726 1743 Deus,
3777 1689 3822 1732 et

2254 1774 2340 1843 qui
2368 1774 2588 1826 adorant
2616 1788 2749 1835 eum,
2780 1774 2833 1824 in
2862 1772 3043 1840 spiritu
3069 1781 3117 1823 et
3142 1767 3353 1824 veritate
3381 1780 3577 1839 oportet
3598 1768 3821 1822 adorare

575 1860 752 1955 Deus,
789 1882 926 1935 Deus
963 1888 1154 1946 noster,
1183 1879 1453 1932 benedicat
1475 1894 1568 1931 nos
1596 1876 1733 1930 Deus
1766 1915 1781 1939 ,
1829 1885 1879 1931 et
1917 1885 2145 1930 metuant

2256 1863 2431 1932 (Joan.
2466 1880 2536 1925 tv,
2569 1862 2682 1931 2i).
2713 1862 2880 1916 Item:
2931 1860 3051 1915 Non
3092 1863 3227 1915 enim
3273 1862 3343 1913 ad
3390 1877 3682 1914 mensuram
3729 1862 3818 1913 dat

572 1988 690 2028 eum
737 1987 911 2026 omnes
958 1971 1088 2040 ﬁnes
1131 1980 1298 2023 terrte.
1347 1968 1453 2022 Ter
1500 1968 1659 2022 audio
1688 1967 1874 2031 Deum,
1906 1975 1961 2021 et
1987 1981 2150 2020 unum

570 2061 830 2133 praedicat
849 2058 1215 2113 metuendum.
1245 2057 1303 2111 In
1332 2056 1569 2125 Epistola
1598 2055 1817 2110 Joannis
1845 2072 1857 2107 :
1886 2054 2008 2109 Tres
2033 2063 2151 2109 sunt

555 2154 630 2208 'in
658 2151 784 2207 coelo
820 2150 906 2220 qui
942 2149 1287 2201 testimonium
1323 2145 1561 2209 reddunt,
1599 2144 1756 2197 Pater
1780 2185 1797 2208 ,
1833 2142 2078 2209 Verbum,
2103 2151 2151 2197 et

578 2242 805 2311 Spiritus
833 2255 851 2291 :
881 2245 928 2291 et
959 2246 1057 2290 tres
1098 2251 1257 2311 unum
1286 2244 1403 2288 sunt
1434 2232 1488 2304 (Ι
1515 2232 1675 2286 Ioan.
1701 2248 1733 2285 v
1756 2271 1770 2295 ,
1804 2230 1881 2301 7).
1907 2232 2043 2297 Quid
2070 2232 2152 2286 di-

574 2345 691 2385 cam
716 2328 783 2381 de
810 2325 1112 2397 patriarcha
1133 2322 1437 2379 Abraham?
1472 2320 1562 2389 qui
1587 2335 1708 2375 cum
1731 2318 1887 2373 trium
1917 2320 2150 2388 speciem

575 2421 812 2473 virorum
840 2416 1078 2480 videret,
1125 2427 1288 2466 unum
1336 2412 1390 2464 in
1415 2411 1494 2465 eis
1520 2407 1688 2464 Deum
1717 2408 2002 2476 cognovit,
2025 2422 2150 2462 cum

574 2510 704 2565 dicit
734 2526 746 2561 :
785 2506 1087 2561 Dominator
1130 2501 1348 2557 Domine
1372 2499 1525 2575 (Gen.
1573 2516 1722 2565 xvut,
1755 2500 1832 2569 3).
1867 2500 2151 2569 Corporali

577 2601 876 2657 ministerio
925 2600 1095 2653 tribus
1142 2597 1361 2652 exhibet
1403 2595 1750 2650 humanitatis
1789 2592 2054 2658 ofﬁcium;
2085 2591 2152 2646 ab

581 2707 691 2746 uno
735 2697 914 2743 tamen
943 2687 1110 2757 prolis
1134 2687 1372 2755 suscepit
1413 2685 1728 2740 beneﬁcium
1752 2724 1766 2748 ,
1797 2684 1923 2737 dum
1957 2682 2153 2737 dicitur

580 2772 676 2836 ei:
710 2780 791 2833 Ad
816 2780 910 2833 hoc
941 2788 1135 2854 tempus
1163 2778 1394 2841 veniam,
1426 2785 1475 2829 et
1516 2776 1613 2829 erit
1640 2773 1789 2828 Sara:
1813 2762 1953 2843 ﬁlius
1984 2771 2147 2842 (vers.

578 2871 690 2943 10).
740 2862 1034 2924 Νοιι’‹1ἰχὶι
1061 2868 1377 2929 veniemus,
1424 2864 1517 2919 sed
1544 2864 1796 2918 veniam:
1845 2875 1913 2915 ne
1940 2859 2152 2930 plebem

576 2964 798 3018 deorum
828 2957 1165 3012 introducere
1195 2955 1484 3009 videretur.
1517 2952 1651 3006 Nam
1690 2960 1749 3005 ut
1794 2950 2008 3005 noveris
2035 2947 2154 3002 Tri-

578 3055 798 3107 nitatem
827 3048 985 3104 simul
1010 3047 1293 3113 habitare,
1345 3044 1499 3117 55.1
1553 3044 1709 3097 simul
1764 3039 2151 3095 immunditiam

578 3139 853 3198 declin‘are
878 3180 892 3203 ,
924 3137 1049 3191 audi
1077 3134 1206 3205 quid
1253 3135 1305 3188 in
1332 3132 1621 3199 Evangelio
1663 3131 1919 3185 Dominus
1965 3128 2147 3183 dicat:

572 3231 684 3296 Qui
711 3248 790 3285 me
812 3228 982 3298 diligit
1028 3225 1270 3295 diligetur
1296 3240 1329 3276 a
1363 3222 1519 3276 Patre
1556 3238 1695 3285 meo,
1737 3228 1785 3273 et
1823 3235 1916 3290 ego
1938 3217 2152 3287 diligam
2179 3253 2223 3311 Ο

556 3339 694 3377 eum
739 3319 915 3392 (Ioan.
968 3332 1075 3381 xtv,
1119 3312 1244 3383 2|);
1304 3320 1393 3376 et,
1428 3312 1723 3377 Veniemus,
1773 3323 1873 3378 ego
1901 3316 1957 3363 et
1995 3306 2156 3361 Pater

581 3427 755 3479 meus,
804 3418 853 3464 et
898 3407 1219 3461 mansionem
1273 3402 1411 3473 apud
1460 3402 1607 3455 illum
1649 3400 1895 3471 faciemus
1939 3398 2009 3468 (v.
2040 3394 2152 3464 23).

578 3503 743 3569 Ecce,
796 3500 956 3555 Pater
996 3507 1051 3553 et
1096 3497 1260 3561 Filius
1298 3508 1460 3550 unam
1511 3493 1757 3547 habitant
1801 3488 2154 3544 mansionem.

581 3595 719 3664 Quid
763 3592 996 3664 Spiritus
1034 3589 1290 3645 sanctus?
1319 3585 1457 3641 Audi
1500 3582 1814 3654 Apostolum
1841 3581 2105 3636 dicentem
2138 3596 2153 3631 :

586 3676 849 3758 Templum
897 3681 993 3736 Dei
1019 3681 1139 3734 estis
1162 3721 1177 3746 ,
1202 3686 1251 3732 et
1294 3677 1524 3748 Spiritus
1557 3674 1651 3728 Dei
1697 3672 1895 3726 habitat
1934 3672 1989 3724 in
2018 3668 2157 3724 vobis

583 3775 641 3849 (1
666 3775 784 3830 Cor.
815 3789 892 3837 ut,
922 3770 1029 3842 I6).
1055 3769 1313 3825 Ostensus
1338 3775 1421 3820 est
1449 3762 1627 3828 Pater,
1659 3770 1714 3817 et
1741 3761 1924 3826 Filius,
1954 3767 2010 3814 et
2031 3757 2153 3828 Spi-

588 3848 720 3922 ritus
748 3872 964 3920 sanctus
990 3860 1150 3915 simul
1190 3857 1467 3922 habitare;
1498 3852 1811 3910 ostendatur
1842 3852 1954 3920 ipsa
1977 3848 2155 3904 Trini-

508 3970 514 3976 ‘
585 3968 669 4012 tas
697 3955 856 4011 simul
885 3951 1274 4007 immunditiam
1304 3948 1594 4003 declinare.
1636 3944 1788 4015 Apud
1813 3942 2157 3999 Salomonem

574 4048 750 4101 habes
783 4063 796 4097 :
830 4043 1095 4097 Perversa:
1117 4049 1286 4092 autem
1313 4040 1652 4109 cogitationes
1674 4031 1922 4105 separant
1946 4049 1981 4085 a
2005 4031 2155 4085 Deo:

580 4136 688 4189 hoc
710 4134 776 4186 de
804 4131 981 4184 Patre.
1006 4128 1262 4192 Quoniam
1290 4127 1344 4179 in
1374 4124 1667 4177 malivolam
1685 4122 1914 4175 animum
1942 4136 2046 4173 non
2074 4119 2158 4171 in-

570 4210 756 4276 troibit
794 4218 1066 4283 Sapientia
1095 4232 1113 4269 :
1144 4214 1250 4269 hoc
1276 4215 1343 4268 de
1379 4212 1538 4267 Filio.
1595 4211 1822 4281 Spiritus
1851 4210 1986 4262 enim
2034 4223 2158 4261 san-

518 4333 535 4381 ε
585 4322 698 4366 ctus
720 4307 1006 4379 disciplina:
1025 4306 1230 4377 effugiet
1249 4305 1446 4374 ﬁctum,
1471 4311 1520 4356 et
1540 4303 1737 4373 auferet
1757 4317 1812 4354 se
1833 4317 1864 4352 a
1886 4300 2155 4369 cogitatio-

526 4412 535 4473 λ
568 4388 731 4461 ἠξιιιιε
756 4418 870 4478 quia
906 4410 1027 4457 sunt
1054 4402 1166 4456 sine
1186 4398 1445 4455 intellectu
1478 4395 1629 4467 (Sap.
1657 4410 1714 4460 ι,
1742 4391 1885 4459 3,4,
1911 4389 1964 4460 5)
1991 4408 2004 4443 :
2053 4391 2158 4446 hoc

584 4502 651 4557 de
706 4498 910 4570 Spiritu
959 4502 1164 4551 sancto.
1215 4490 1321 4546 Sed
1365 4497 1423 4543 ut
1464 4484 1781 4557 compendio
1828 4481 2152 4547 inteilectus,

582 4592 877 4667 Scriptura:
904 4601 1118 4643 sensum
1147 4583 1213 4638 de
1241 4589 1431 4635 natura
1465 4576 1740 4632 Trinitatis
1766 4575 1945 4630 uniter
1967 4572 2155 4628 dicen-
2183 4608 2235 4666 Ι)

536 4724 541 4727 λ
583 4695 693 4740 tem
722 4664 943 4750 colligas
967 4719 983 4744 ,
1024 4678 1079 4732 in
1106 4674 1294 4729 Exodo
1336 4673 1464 4727 item
1491 4669 1659 4724 habes
1688 4685 1701 4721 :
1732 4666 1847 4737 Ego
1876 4682 1988 4720 sum
2016 4663 2158 4718 Deus

586 4773 871 4835 Abraham,
888 4778 936 4823 et
961 4766 1097 4837 Deus
1120 4763 1293 4827 Isaac,
1317 4771 1366 4816 et
1394 4760 1535 4814 Deus
1561 4756 1726 4812 Iacob
1756 4755 1949 4827 (Exod.
1978 4769 2053 4826 ιιι,
2077 4750 2155 4821 6).

586 4864 647 4919 In
677 4862 887 4935 psalmo
916 4876 930 4913 :
969 4858 1106 4912 Vivit
1135 4854 1410 4919 Dominus,
1435 4858 1485 4903 et
1513 4847 1801 4902 benedictus
1824 4840 1968 4898 Deus
1994 4858 2154 4907 meus,

582 4969 632 5013 et
652 4932 909 5011 eiraltetur
936 4950 1076 5004 Deus
1104 4947 1286 5002 salutis
1316 4959 1442 4997 mea:
1459 4940 1630 5013 (Psal.
1647 4935 1906 5004 xvn,47).
1928 4932 2152 4987 Paulus:

569 5050 734 5105 Idem
766 5045 1018 5115 Spiritus,
1044 5040 1179 5094 idem
1209 5035 1482 5101 Dominus,
1504 5032 1642 5085 idem
1675 5030 1810 5082 Deus
1838 5024 1892 5096 (I
1914 5023 2033 5078 Cor.
2060 5038 2153 5087 xu,

573 5141 607 5193 4
634 5181 651 5206 ,
683 5136 719 5191 5
741 5180 757 5208 ,
788 5114 867 5208 6).
898 5130 1150 5203 Nunquid
1177 5127 1401 5185 oII'endit
1424 5122 1750 5181 catholicum
1777 5132 1993 5208 sensum
2031 5114 2154 5184 quia

580 5205 1012 5299 Spiritus—eprius
1067 5219 1372 5274 nominatus
1420 5214 1539 5270 est?
1594 5212 1725 5265 Item
1782 5209 1826 5263 si
1873 5205 2153 5261 Dominum

582 5294 791 5389 qiueras
818 5316 988 5386 ipsam
1018 5309 1334 5364 Trinitatem
1361 5305 1556 5360 dictam
1579 5343 1593 5367 ,
1627 5298 1751 5355 audi
1778 5317 1792 5350 :
1822 5298 2014 5379 Affe‘rte
2042 5294 2149 5347 Do-

582 5411 723 5464 mino
743 5408 963 5479 gloriam
978 5412 1027 5458 ct
1058 5402 1332 5463 honorent,
1363 5396 1546 5465 afferte
1576 5393 1795 5446 Domino
1815 5376 2034 5460 gloriam
2061 5402 2153 5439 no-

586 5501 713 5554 mini
742 5476 850 5567 ejus
874 5494 1047 5565 (Psal.
1088 5506 1274 5554 xxvut,
1306 5487 1384 5558 2).
1418 5485 1552 5551 Quia
1584 5482 1699 5536 Rex
1728 5481 1846 5549 ipsa
1873 5476 2105 5531 Trinitas
2136 5494 2148 5528 :

586 5593 796 5658 Auferte
824 5598 998 5660 portas
1017 5626 1031 5650 ,
1054 5586 1330 5656 principes,
1360 5588 1576 5643 vestras,
1600 5585 1647 5628 et
1675 5571 1965 5634 eleramini,
1994 5577 2156 5640 porta:

586 5658 884 5741 azternales,
929 5687 977 5731 et
1005 5675 1237 5733 introibit
1277 5672 1388 5726 Rex
1417 5669 1616 5740 gloriae.
1665 5662 1793 5727 Quis
1820 5670 1896 5717 est
1918 5664 2013 5714 iste
2044 5658 2157 5712 Rex

589 5773 805 5846 glorier?
845 5754 1087 5823 Dominus
1110 5773 1363 5822 virtutum.
1384 5765 1492 5832 ipse
1519 5770 1597 5816 est
1626 5757 1742 5811 Rea:
1777 5757 1956 5828 gloria:
1982 5752 2155 5821 (Psal.

592 5844 722 5921 smn
749 5906 760 5930 ,
793 5862 869 5934 9).
901 5859 1283 5916 Testimonium
1312 5856 1491 5909 datum
1517 5891 1531 5920 ,
1575 5852 1741 5905 Deum
1766 5848 1928 5903 tertio
1952 5844 2155 5916 repeti-

2251 1954 2390 2008 Deus
2421 1954 2672 2023 Spiritum
2699 1953 2875 2023 (Joan.
2907 1968 2984 2015 ιιι,
3007 1951 3121 2018 3t).
3161 1950 3299 2005 Ecce
3335 1950 3565 2018 Spiritus
3594 1951 3818 2003 immen-

2250 2065 2338 2104 sus
2367 2058 2468 2104 est.
2508 2049 2587 2101 Ad
2612 2047 2984 2102 Nicodemum:
3011 2047 3235 2114 Spiritus
3255 2048 3389 2100 enim
3409 2045 3491 2099 ubi
3514 2044 3617 2099 vult
3634 2049 3816 2116 spirat,
3914 2061 3926 2068 '

2252 2150 2301 2193 et
2330 2155 2498 2192 rorem
2529 2139 2638 2207 ejus
2667 2137 2838 2203 audis,
2879 2147 2927 2189 et
2952 2137 3116 2189 nescis
3137 2135 3271 2189 unde
3301 2135 3468 2189 veniat
3499 2135 3575 2189 vel
3602 2151 3701 2206 quo
3727 2152 3814 2188 va-

2252 2229 2557 2298 dat-(Ibid.,
2601 2228 2677 2297 8).
2719 2224 2945 2292 Quando
2970 2224 3139 2289 audis,
3171 2224 3267 2279 Ubi
3308 2224 3428 2289 vult,
3462 2225 3676 2294 propria
3733 2240 3817 2294 po-

2218 2318 2221 2321 ’
2255 2327 2417 2373 testas
2445 2299 2633 2371 estaln
2662 2317 2838 2385 seipso
2868 2314 3146 2370 Christus:
3181 2314 3407 2383 Spiritus
3436 2312 3644 2367 Domini
3671 2328 3817 2381 super

2254 2426 2333 2462 me
2362 2407 2512 2478 (Luc.
2540 2424 2612 2473 tv,
2640 2406 2752 2475 I8).
2793 2406 2902 2460 Nisi
2926 2405 3043 2475 pius
3072 2412 3289 2459 revocet
3314 2403 3409 2457 has
3429 2418 3590 2457 voces
3612 2402 3816 2456 intelle-

2254 2507 2387 2562 ctus,
2420 2497 2590 2566 major
2616 2497 2719 2550 erit
2745 2493 2973 2564 Spiritus
3000 2492 3155 2545 Filio.
3192 2489 3323 2545 Item
3351 2509 3364 2543 :
3409 2490 3814 2558 Iesus-repletus

2256 2587 2453 2657 Spiritu
2483 2595 2683 2649 sancto,
2714 2599 2941 2638 reversus
2970 2591 3046 2637 est
3067 2580 3129 2632 ab
3153 2579 3386 2634 Iordane
3417 2578 3604 2648 (Ibid.,
3638 2579 3711 2648 i).
3738 2578 3821 2631 Si-

2255 2679 2396 2733 milis
2424 2677 2745 2733 intellectus.
2786 2675 2919 2729 Item
2947 2691 2959 2725 :
2994 2671 3054 2727 Si
3084 2688 3206 2742 ergo
3236 2671 3464 2724 videritis
3500 2668 3696 2722 Filium
3725 2670 3813 2721 Ιροι

2255 2771 2407 2824 minis
2436 2768 2791 2823 ascendentem
2817 2764 2903 2818 ubi
2934 2772 3046 2819 erat
3071 2764 3232 2833 prius.
3276 2761 3499 2832 Spiritus
3528 2772 3603 2815 est
3637 2762 3723 2832 qui
3745 2763 3813 2814 ri-

2254 2860 2465 2927 viﬁcat:
2511 2873 2631 2909 nam
2678 2871 2798 2908 caro
2838 2870 2941 2907 non
2978 2851 3189 2922 prodest
3222 2851 3497 2922 quidquam
3530 2849 3710 2920 (Ioan.
3744 2865 3810 2908 γι.
3900 2862 3903 2863 ⁷

2256 2946 2365 3015 63).
2407 2944 2547 2998 Nihil
2582 2945 2765 3021 minus
2797 2942 2959 2997 habet
2986 2940 3201 3007 deitatis
3236 2939 3327 3010 qui
3356 2937 3603 2992 viviﬁcat.
3646 2935 3811 2992 Item:

2257 3038 2382 3091 Cum
2418 3038 2607 3091 venerit
2638 3034 2959 3098 Paracletus,
3004 3031 3231 3102 Spiritus
3259 3032 3508 3092 veritatis,
3536 3046 3680 3101 quem
3709 3025 3817 3082 Pa-

2257 3140 2331 3184 ter
2363 3131 2523 3183 mittet
2563 3129 2616 3181 in
2642 3127 2861 3180 nomine
2889 3139 3021 3186 meo,
3063 3124 3171 3192 ipse
3210 3122 3498 3175 introducet
3523 3137 3603 3175 vos
3630 3122 3686 3173 in
3711 3137 3813 3173 om-

2257 3237 2369 3273 nem
2398 3218 2681 3280 veritatem,
2729 3224 2778 3269 et
2827 3212 3025 3267 docebit
3051 3204 3136 3264 vos
3179 3208 3359 3282 (Ioan.
3393 3225 3496 3273 χιιι,
3529 3207 3637 3268 I3).
3674 3207 3816 3261 Deus

2256 3298 2339 3363 ost
2374 3308 2462 3378 qui
2505 3306 2809 3361 introducet
2838 3304 2890 3358 in
2929 3317 3142 3357 omnem
3171 3301 3474 3356 veritatem.
3512 3298 3573 3353 In
3602 3296 3815 3353 Actibus

2256 3400 2621 3471 apostolorum
2640 3437 2656 3462 ,
2703 3396 2894 3451 Petrus
2922 3392 3173 3449 Cornelio
3201 3410 3215 3447 :
3259 3392 3419 3464 5&3
3444 3389 3623 3444 Iesum
3650 3407 3682 3443 a
3710 3388 3817 3442 Na-

2259 3470 2461 3554 zareth,
2484 3504 2633 3561 quem
2665 3486 2815 3539 unxit
2842 3483 2978 3537 Deus
3008 3483 3208 3554 Spiritu
3231 3491 3415 3561 .sancto
3448 3479 3585 3548 (Act.
3619 3494 3674 3541 χ,
3707 3470 3819 3545 38).

2258 3583 2431 3637 Homo
2472 3588 2664 3635 unctus
2692 3585 2805 3644 est,
2850 3590 2956 3630 non
2984 3574 3140 3627 Deus.
3180 3548 3311 3626 Item
3342 3570 3563 3623 Ananizn
3591 3588 3604 3621 :
3653 3565 3817 3631 Quare

2258 3675 2467 3728 tentavit
2500 3672 2729 3726 Satanas
2773 3685 2860 3722 cor
2899 3676 3057 3730 tuum,
3106 3664 3312 3717 mentiri
3359 3672 3406 3714 te
3446 3660 3669 3730 Spiritui
3706 3673 3817 3710 saa-

2257 3750 2338 3817 i'to
2371 3762 2508 3833 (Act.
2539 3777 2595 3828 ν,
2625 3759 2679 3829 3)
2705 3758 2726 3810 l
2756 3739 2823 3810 Et
2855 3754 3051 3808 infert:
3097 3751 3221 3805 Non
3248 3768 3302 3804 es
3339 3750 3579 3802 mentitus
3609 3747 3819 3802 homini-

2258 3840 2378 3919 bus,
2410 3850 2512 3904 sed
2543 3848 2650 3903 Deo
2689 3846 2851 3917 (rers.
2883 3843 2971 3914 4).
3032 3842 3202 3896 Item:
3252 3839 3380 3894 Ila'c
3428 3839 3553 3891 dicit
3598 3837 3819 3906 Spiritus

2257 3950 2463 3995 sanctus
2488 3956 2504 3991 :
2533 3937 2816 4008 Segregate
2838 3932 2958 3986 mihi
2991 3931 3206 3986 Saulum
3233 3940 3283 3981 et
3313 3924 3628 3989 Barnabam,
3662 3926 3716 3977 in
3737 3922 3821 3975 nti-

2259 4026 2469 4089 nisterio
2491 4048 2588 4105 quo
2617 4029 2791 4084 vocavi
2825 4044 2909 4082 eos
2942 4026 3075 4097 (Act.
3108 4025 3229 4086 xui,
3261 4021 3337 4092 2):
3386 4019 3482 4072 Hic
3528 4031 3627 4069 nec
3658 4013 3821 4069 Patris

2257 4142 2357 4182 nec
2383 4123 2503 4178 Filii
2532 4120 2732 4175 inducit
2769 4130 3052 4188 personam
3078 4154 3093 4178 ,
3146 4128 3282 4183 quos
3330 4118 3508 4163 tamen
3557 4119 3720 4159 sanus
3746 4102 3823 4154 in-

2260 4217 2504 4271 tellectus
2534 4226 2638 4265 non
2659 4210 2873 4278 separat
2900 4221 2929 4259 a
2954 4205 3211 4274 jussione.
3243 4201 3377 4255 Item
3398 4195 3689 4266 Apostolus
3708 4206 3823 4261 gen-

2258 4310 2400 4363 tibus
2421 4321 2515 4375 per
2541 4302 2830 4373 Epistulam
2857 4318 2869 4351 ε
2900 4297 3124 4360 Placuit,
3156 4292 3345 4360 inquit,
3380 4287 3597 4359 Spiritui
3626 4290 3822 4344 sancto,

2255 4410 2304 4453 et
2330 4398 2499 4463 nobis,
2530 4412 2633 4449 non
2661 4395 2921 4461 imponere
2964 4388 3100 4444 vobis
3130 4385 3349 4455 amplius
3380 4396 3533 4453 quam
3570 4386 3627 4431 ut
3668 4375 3824 4429 absti-

2258 4490 2422 4542 neatis
2449 4486 2512 4539 ab
2544 4484 2716 4545 idolis,
2744 4498 2775 4535 a
2802 4480 3167 4551 fornicatione,
3198 4487 3246 4528 et
3284 4472 3536 4541 sanguine
3560 4466 3694 4537 (Act.
3736 4480 3820 4527 xv,

2257 4577 2369 4646 28).
2394 4557 2641 4643 Nunquid
2665 4572 2778 4625 huic
2796 4569 2966 4639 jussio
2990 4567 3107 4621 sine
3131 4563 3284 4617 Patre
3310 4570 3365 4617 et
3384 4559 3518 4613 Filio
3546 4556 3682 4611 facta
3703 4554 3826 4608 est?

2257 4670 2388 4723 Item
2415 4667 2486 4721 ibi
2512 4685 2524 4719 :
2558 4664 2705 4718 Dixit
2730 4671 2898 4715 autem
2929 4657 3155 4727 Spiritus
3184 4653 3378 4708 Petro:
3410 4648 3707 4717 Exsurgens
3735 4661 3825 4697 va-

2259 4761 2322 4812 de
2348 4773 2461 4811 cum
2506 4755 2632 4819 illis,
2681 4752 2799 4823 quia
2845 4765 2937 4820 ego
2978 4763 3062 4800 eos
3094 4744 3210 4797 misi
3252 4741 3321 4794 ad
3360 4748 3409 4792 te
3458 4737 3595 4808 (Act.
3624 4752 3679 4796 ι,
3713 4733 3823 4800 19).

2258 4847 2505 4917 Nunquid
2542 4846 2643 4901 nisi
2679 4850 2892 4899 creator
2931 4839 3159 4908 imperat
3199 4830 3502 4889 creatum?
3550 4827 3682 4882 Item
3712 4823 3823 4878 ibi:

2258 4944 2300 4995 Α
2344 4916 2519 4995 Mileto
2560 4946 2730 4991 autem
2760 4933 2957 4987 Paulus
2981 4931 3185 4984 mittens
3212 4924 3486 4995 Ephesum,
3537 4916 3830 4973 convocavit

2260 5032 2581 5102 presbyteros
2633 5036 2681 5080 et
2709 5024 2931 5093 majores
2981 5027 3105 5072 natu
3138 5018 3275 5087 (Act.
3307 5030 3394 5076 xx,
3433 5010 3515 5080 I7)
3550 5028 3565 5078 ;
3616 5017 3670 5063 et
3708 5008 3831 5076 post

2262 5121 2481 5175 multam
2528 5109 2963 5172 exhortationem
3024 5107 3238 5162 intulit:
3304 5102 3567 5155 Attendile
3626 5112 3830 5168 gregem

2260 5205 2470 5268 Christi,
2501 5206 2554 5257 in
2584 5218 2681 5273 quo
2712 5217 2795 5254 vos
2822 5198 3049 5268 Spiritus
3095 5202 3303 5247 sanctus
3347 5188 3612 5244 constituit
3636 5186 3834 5254 episco-

2260 5315 2349 5369 pos
2381 5296 2568 5370 (Ibid.,
2596 5291 2709 5362 28).
2750 5286 2997 5359 Nunquid
3026 5287 3092 5340 ab
3115 5286 3215 5339 hac
3234 5280 3620 5337 constitutione
3648 5288 3834 5329 sacer—

2258 5364 2399 5444 dotis
2427 5391 2706 5454 separatur
2734 5379 2894 5433 Pater
2921 5385 3013 5431 aut
3040 5374 3249 5428 Filius?
3291 5369 3487 5423 Paulus
3533 5364 3833 5453 ad’Rom‘a-

2262 5495 2360 5535 nos
2387 5497 2398 5530 :
2445 5445 2668 5544 Spiritus
2708 5478 2876 5524 autem
2916 5469 3019 5522 vita
3045 5473 3260 5524 (eterna,
3298 5467 3350 5513 et
3374 5474 3480 5528 pax
3511 5445 3686 5526 (Rom.
3715 5464 3834 5511 γιιι,

2262 5569 2338 5640 6).
2365 5537 2687 5626 ΠοεῬειῐθι,
2716 5560 2820 5614 hoc
2850 5556 3032 5619 Filius,
3066 5555 3168 5607 hoc
3196 5550 3426 5619 Spiritus
3450 5553 3707 5605 sanctus;
3739 5537 3837 5593 sed

2265 5637 2368 5711 una
2399 5656 2521 5717 vita,
2556 5667 2663 5705 non
2696 5658 2822 5703 tres.
2851 5644 2950 5699 Ubi
2980 5658 3139 5719 supra
3167 5660 3178 5692 :
3214 5640 3441 5710 Spiritus
3465 5637 3571 5689 vita
3601 5641 3835 5705 estpro-

2264 5757 2373 5817 pter
2394 5715 2651 5815 justitiam
2683 5736 2870 5811 (Ibid.,
2902 5734 3008 5801 ιο).
3037 5716 3150 5785 nnc
3178 5728 3353 5814 Pater,
3380 5725 3485 5778 hoc
3511 5720 3693 5817 Filius:
3735 5715 3840 5770 Ubi

2266 5809 2424 5911 supra
2454 5855 2478 5895 εΔ
2501 5836 2559 5890 Si
2589 5809 2756 5888 autem
2780 5828 3004 5900 Spiritus
3030 5825 3161 5895 ejus,
3183 5811 3267 5891 qui
3292 5815 3554 5873 suscitavit
3575 5809 3841 5863 Christum
