4064 6358
252 395 384 462 ἾιΤ

1280 409 1416 466 PRD
1439 409 1594 467 FIDE
1631 409 2015 469 CATHOLICA
2049 408 2252 471 LIBER
2291 412 2490 473 UNUS.

3402 411 3509 467 7!!

256 535 292 571 α
318 517 553 579 mortuis,
608 515 805 569 habitat
829 518 882 569 in
916 516 1055 571 vobis
1106 518 1177 588 (v.
1222 520 1331 589 11).
1381 522 1566 588 Quaiis
1616 522 1706 577 hic
1746 532 1832 578 est
1861 527 1910 585 Α
1935 525 2142 594 prima:
2183 526 2435 597 Magnum
2464 533 2540 580 est
2560 523 2768 596 pietatis
2798 528 3194 587 sacramentum,
3226 519 3363 592 quod
3395 537 3508 574 ma-

254 609 403 663 Deus
451 609 540 675 qui
591 622 808 661 carnem
856 606 1129 664 Creatoris
1173 625 1202 663 a
1246 618 1471 666 mortuis
1514 613 1834 669 suscitavit?

242 694 360 759 .Ubi
385 713 585 766 supra:
632 694 755 749 Non
783 698 921 751 enim
961 700 1249 768 accepimus
1297 703 1539 771 spiritum
1572 704 1833 757 servitutis

248 787 330 863 (υ.
370 785 484 855 15).
537 786 723 840 Nullus
752 786 888 841 liber
933 788 1034 842 nisi
1086 788 1252 855 Deus,
1300 793 1443 859 quod
1492 801 1576 848 est
1600 793 1834 863 Spiritus

243 859 507 939 sanctus.
562 877 661 931 Ubi
704 893 905 947 supra:
957 877 1098 932 Deus
1146 888 1318 934 autem
1359 884 1467 951 spei
1516 859 1710 952 repleat
1747 900 1832 937 vos

242 972 397 1025 omni
425 970 615 1040 gaudio
643 979 693 1023 et
725 986 853 1040 pace
877 969 935 1023 in
964 971 1218 1025 credendo
1241 989 1259 1025 :
1288 974 1343 1026 in
1371 973 1694 1028 abundantia
1721 976 1832 1044 spei

244 1069 301 1121 et
330 1062 513 1113 virtute
542 1058 770 1127 Spiritus
792 1061 956 1112 sancti
987 1060 1162 1129 (Rom.
1196 1078 1285 1127 xv,
1336 1062 1446 1129 15).
1495 1062 1646 1118 Sicut
1670 1063 1826 1117 Chri-

246 1159 371 1205 stus
396 1152 566 1205 virtus
588 1150 697 1214 Dei,
730 1150 804 1203 ita
836 1149 1067 1219 Spiritus
1093 1160 1331 1207 sanctus.
1385 1152 1485 1207 Ubi
1514 1168 1707 1223 supra:
1764 1154 1832 1208 Ut

162 1302 165 1305 λ
244 1244 351 1311 ﬁat
408 1243 600 1305 oblatio
650 1243 876 1311 gentium
935 1243 1263 1311 sanctiﬁcata
1305 1246 1359 1297 in
1401 1244 1601 1310 Spiritu
1649 1253 1831 1298 sancto

252 1332 453 1401 (Ibid,
482 1331 599 1400 16).
626 1330 857 1400 Spiritus
883 1332 1020 1387 sicut
1047 1333 1297 1397 viviticat,
1330 1333 1402 1388 ita
1431 1342 1487 1388 et
1511 1334 1827 1389 sanctiﬁcat.

246 1421 358 1495 [Ubi
387 1438 550 1491 supra
577 1441 589 1471 τ
626 1421 749 1476 Non
768 1424 915 1476 enim
933 1424 1097 1478 audeo
1127 1425 1323 1493 aliquid
1350 1425 1491 1496 loqui
1517 1442 1692 1480 eorum
1715 1443 1830 1497 qua:

245 1529 344 1581 per
389 1529 471 1566 me
508 1529 613 1566 non
656 1513 806 1581 efﬁcit
834 1511 1065 1567 Christus
1115 1515 1171 1567 in
1210 1514 1555 1569 obedientiam
1581 1519 1827 1587 gentium,

246 1600 401 1655 verba
416 1610 469 1654 et
486 1601 672 1671 factis;
694 1617 785 1670 per
803 1604 1089 1670 potentiam
1107 1603 1368 1673 signorum
1388 1613 1438 1658 et
1456 1606 1829 1676 prodigiorum,

244 1693 300 1744 in
329 1691 514 1744 uirtute
534 1690 761 1760 Spiritus
786 1693 951 1747 sancti
974 1691 1161 1762 (lbid.,
1188 1692 1273 1756 18,
1305 1693 1415 1762 19).
1444 1694 1625 1750 Virtus
1643 1695 1827 1762 Filius,

246 1784 424 1838 virtus
445 1782 701 1853 Spiritus,
732 1784 901 1839 virtus
930 1782 1090 1839 Pater
1116 1802 1131 1850 ;
1172 1786 1267 1841 sed
1294 1801 1419 1852 una,
1452 1802 1558 1842 non
1585 1795 1713 1843 tres.
1748 1789 1830 1844 Ad

1928 616 2236 684 .nifestatum
2269 626 2347 670 est
2383 617 2440 669 in
2481 631 2656 681 carne,
2698 614 3039 684 justiﬁcatum
3085 621 3162 665 est
3201 612 3255 664 in
3306 610 3509 679 Spiritu

1928 703 1989 771 (1
2025 704 2156 757 Tim.
2193 721 2267 768 ιιι,
2298 703 2407 774 16).
2450 704 2589 760 Ecce
2637 705 2800 758 etiam
2831 702 3031 758 Christi
3080 700 3508 756 incarnationem

1935 790 2165 860 Spiritus
2192 803 2408 847 sanctus
2435 793 2753 848 sanctiﬁcat.
2778 791 2857 845 Ad
2879 790 3218 845 Timotheum
3239 788 3506 844 secunda:

1937 878 2131 933 Bonum
2154 882 2603 950 ﬁdeicommissum
2624 881 2843 946 custodi,
2890 897 2980 949 per
3001 879 3254 950 Spiritum
3273 886 3512 932 sanctam

1928 972 2019 1041 qui
2044 970 2243 1023 habitat
2267 973 2321 1024 in
2346 971 2492 1024 nobis
2523 970 2764 1039 (Il‘Tim.
2785 986 2822 1035 ι,
2855 969 2966 1038 11).
2990 967 3050 1022 Si
3071 967 3213 1022 Deus
3239 982 3344 1021 non
3366 976 3511 1021 esset

1933 1061 2183 1131 Spiritus,
2216 1077 2322 1116 non
2342 1060 2584 1116 auderet
2609 1061 2896 1131 Apostolus
2923 1075 3020 1129 per
3045 1059 3218 1128 ipsum
3268 1056 3507 1125 discipu-

1933 1154 2042 1208 lum
2072 1154 2341 1221 adjurare.
2382 1152 2623 1224 Insuper,
2654 1154 2737 1224 qui
2772 1153 2969 1207 habitat
3005 1148 3059 1206 in
3093 1150 3260 1206 nobis.
3301 1150 3383 1204 Ad
3410 1148 3504 1202 Ti-

1933 1249 2046 1295 tum
2078 1259 2091 1294 :
2128 1240 2314 1297 Salvos
2356 1258 2451 1296 nos
2483 1243 2601 1312 fecit
2636 1258 2725 1312 per
2769 1242 3032 1296 lavacrum
3066 1239 3502 1311 regenerationis,

1930 1350 2023 1402 per
2048 1333 2303 1404 Spiritum
2345 1342 2580 1388 sanctum
2620 1332 2749 1404 (Tit:
2773 1349 2849 1397 ιιι,
2880 1331 2956 1402 5).
3008 1330 3152 1386 Petri
3178 1330 3244 1385 ad
3272 1336 3501 1398 gentes:

1933 1418 2190 1475 Nuntiata
2209 1421 2348 1476 vobis
2377 1430 2497 1475 sunt
2520 1439 2610 1491 per
2634 1438 2720 1475 eos
2739 1421 2825 1493 qui
2847 1418 3325 1492 euangelizaverunt
3340 1418 3502 1482 vobis,

1932 1510 2133 1580 Spiritu
2167 1519 2346 1564 sancto
2392 1512 2548 1564 misso
2592 1511 2656 1565 de
2690 1510 2868 1564 ccelis:
2912 1511 2968 1565 in
3005 1526 3103 1581 quo
3137 1507 3503 1577 concupiscunt

1931 1598 2101 1669 angeli
2124 1598 2416 1668 prospicere
2448 1596 2503 1666 (Ι
2516 1596 2662 1652 Petr.
2696 1613 2734 1663 ι,
2766 1596 2875 1668 12).
2919 1597 3060 1653 Deus
3102 1600 3197 1652 est"
3227 1612 3385 1667 quem
3416 1594 3504 1651 cit-

1928 1686 2082 1756 piunt
2127 1685 2303 1754 angeli
2350 1686 2681 1755 prospicere.
2745 1684 2845 1741 Ubi
2880 1701 3081 1756 supra:
3137 1686 3367 1742 Christus
3405 1705 3500 1759 pro

1928 1779 2150 1846 peccatis
2178 1764 2617 1851 nostristmortuus
2641 1786 2736 1843 est,
2752 1779 2925 1850 justus
2947 1797 3040 1850 pro
3054 1781 3111 1833 in
3109 1781 3270 1850 justis
3292 1798 3309 1834 :
3331 1790 3386 1834 ut
3404 1799 3500 1836 nos

244 1865 561 1930 Corinthios
590 1875 758 1943 prima
782 1890 800 1927 :
843 1874 1071 1944 Spiritus
1113 1886 1283 1931 autem
1322 1878 1500 1932 omnia
1541 1887 1821 1941 scrutatur.

1927 1866 2137 1934 offerret
2185 1866 2315 1932 Deo,
2366 1868 2701 1938 mortiﬁcatos
2749 1869 2952 1939 quidem
2995 1885 3171 1935 carne,
3217 1872 3500 1941 viviﬁcatos

245 1964 425 2018 Nemo
449 1966 588 2019 novit
615 1981 729 2035 qua:
774 1973 896 2018 sunt
923 1964 1043 2029 Dei,
1087 1968 1191 2031 nisi
1221 1967 1450 2037 Spiritus
1478 1968 1589 2037 ejus
1621 1967 1673 2039 (I
1703 1967 1822 2023 Cor.

242 2070 304 2119 ιι,
339 2052 431 2120 10,
460 2053 570 2123 11).
602 2053 701 2108 Ubi
730 2069 891 2123 supra
919 2071 932 2108 :
973 2054 1239 2125 Templum
1265 2055 1362 2110 Dei
1391 2059 1533 2121 estis,
1574 2067 1624 2111 et
1651 2057 1826 2128 Spiri-

243 2152 329 2196 tus
358 2141 461 2195 Dei
487 2141 685 2196 habitat
711 2144 763 2196 in
791 2143 930 2197 vobis
960 2142 1013 2213 (I
1045 2142 1165 2198 Cor.
1191 2160 1269 2211 ιιι,
1294 2144 1404 2213 16).
1447 2145 1586 2201 Deus
1606 2155 1690 2202 est
1734 2148 1826 2216 qui

241 2230 460 2285 habitat
487 2230 541 2283 in
564 2230 767 2300 templo
792 2247 909 2285 suo.
957 2230 1053 2286 Ubi
1086 2248 1246 2302 supra
1271 2251 1284 2286 :
1315 2233 1487 2288 Abluti
1512 2244 1562 2288 et
1588 2236 1825 2306 sanctiﬁ-

232 2320 355 2374 cati
374 2319 497 2372 estis
523 2320 578 2372 in
608 2321 816 2374 nomine
840 2318 1047 2375 Domini
1076 2324 1238 2391 nostri
1261 2322 1388 2377 Jesu
1405 2322 1614 2388 Christi,
1635 2334 1687 2378 et
1712 2327 1829 2396 Spi-

238 2411 352 2463 ritu
381 2408 481 2462 Dei
509 2410 671 2462 nostri
701 2408 753 2480 (I
778 2408 896 2464 Cor.
918 2426 991 2475 νι,
1017 2411 1155 2481 11)..
1180 2410 1317 2488 che
1343 2412 1499 2466 simul
1548 2413 1825 2479 mandant,

238 2498 409 2554 simul
431 2499 774 2553 sanctilicant
801 2499 965 2554 Filius
991 2507 1046 2555 et
1071 2499 1305 2569 Spiritus
1333 2509 1572 2556 sanctus.
1602 2500 1702 2556 Ubi
1730 2518 1822 2558 su-

232 2572 343 2660 pra
371 2607 385 2641 :
419 2586 612 2642 Omnia
638 2598 882 2658 operatur
910 2606 1043 2644 unus
1072 2599 1222 2660 atque
1248 2590 1384 2655 idem
1414 2590 1660 2661 Spiritus,
1690 2592 1824 2647 divi-

237 2680 375 2734 dens
413 2680 682 2750 unicuique
695 2688 857 2749 prout
886 2681 990 2737 vult
1019 2679 1071 2749 (I
1096 2680 1215 2735 Cor.
1246 2695 1337 2744 xu,
1368 2681 1477 2752 11).
1530 2681 1630 2748 Qui
1657 2682 1825 2738 libere

232 2768 531 2843 quod‘vult
559 2768 707 2832 facit,
741 2770 869 2823 nulli
898 2778 981 2824 est
1009 2770 1270 2825 subditus.
1299 2770 1378 2825 Ad
1408 2771 1715 2827 Corinthios
1739 2788 1825 2828 se—

238 2858 421 2913 cunda
448 2875 461 2910 :
498 2856 733 2926 Epistola
757 2860 975 2928 scripta,
1004 2875 1108 2913 non
1134 2868 1442 2926 atramento,
1488 2861 1578 2915 sed
1624 2861 1824 2931 Spiritu

237 2947 348 3001 Dei
373 2948 469 3002 vivi
500 2945 585 3018 (II
609 2945 728 3001 Cor.
762 2963 837 3012 ιιι,
868 2947 942 3018 5).
975 2945 1208 3016 Spiritus
1236 2948 1466 3003 hominis
1493 2963 1601 3003 non
1623 2957 1705 3004 est
1726 2949 1827 3004 mi-

239 3055 350 3095 nor
380 3039 598 3094 bomine
622 3055 638 3103 ;
661 3047 871 3106 quanto
900 3038 1068 3105 magis
1088 3037 1318 3108 Spiritus
1339 3038 1472 3094 Dei!
1512 3038 1609 3095 Ubi
1631 3057 1820 3112 supra:

237 3129 452 3185 Littera
493 3129 711 3193 occidit,
763 3128 988 3199 Spiritus
1035 3136 1205 3183 autem
1254 3132 1475 3202 viviﬁcat
1522 3132 1708 3203 (Ibid.,
1742 3134 1820 3204 6).

1925 1964 2096 2008 autem
2126 1955 2327 2025 Spiritu
2360 1956 2414 2027 (ι
2446 1956 2591 2010 Petr.
2621 1974 2697 2022 ιιι,
2734 1957 2841 2026 18).
2885 1957 2985 2013 Ubi
3015 1975 3176 2030 supra
3204 1979 3216 2012 :
3262 1961 3331 2016 Ut
3350 1962 3501 2032 judi-

1924 2052 2104 2097 centur
2130 2046 2336 2115 quidem
2382 2048 2658 2099 secundum
2707 2048 2960 2101 hominem
3008 2049 3061 2103 in
3107 2067 3280 2115 carne,
3331 2053 3501 2106 vivant

1926 2142 2095 2187 autem
2122 2135 2400 2189 secundum
2440 2135 2603 2189 Deum
2650 2137 2705 2190 in
2736 2135 2937 2206 Spiritu
2985 2137 3051 2208 (ι
3097 2138 3242 2194 Petr.
3291 2152 3368 2208 tv,
3417 2140 3495 2211 6).

1929 2219 2029 2276 Ubi
2052 2238 2211 2293 supra
2238 2242 2249 2276 :
2281 2224 2341 2278 Si
2369 2223 2756 2295 exprobramini
2778 2225 2832 2279 in
2864 2223 3092 2295 Christo,
3121 2230 3361 2299 quoniam
3382 2231 3498 2301 glo-‘

1925 2312 2019 2364 ria:
2047 2310 2259 2366 Domini
2288 2312 2521 2382 Spiritus
2568 2316 2621 2367 in
2654 2313 2793 2369 vobis
2832 2318 3103 2387 requiescit
3150 2316 3337 2389 (Ibid.,
3383 2318 3494 2389 14).

1919 2398 2106 2456 Gloria
2152 2402 2327 2457 Patris
2356 2403 2598 2458 Christus
2622 2412 2722 2469 est,
2752 2405 2938 2474 gloria
2985 2405 3213 2476 Spiritus
3260 2418 3495 2464 sanctus.

1924 2488 2174 2556 Nunquid
2201 2489 2321 2544 dum
2348 2491 2533 2559 gloria:
2558 2493 2581 2545 ?
2626 2491 2769 2547 Petri
2800 2494 3032 2548 secunda
3060 2512 3072 2546 :
3106 2494 3236 2550 Itwc
3274 2499 3498 2568 primum

1921 2573 2281 2650 'intelligen‘tes,
2315 2580 2451 2650 quod
2478 2581 2642 2635 omnis
2670 2582 2938 2652 prophetia
2962 2583 3247 2656 Scriptura:
3282 2591 3498 2659 propria

1923 2667 2343 2738 interpretatione
2372 2687 2473 2724 non
2508 2671 2586 2741 ﬁt.
2631 2669 2754 2726 Non
2795 2675 2929 2728 enim
2973 2675 3230 2730 voluntate
3272 2677 3514 2731 humana

1926 2758 2085 2811 allata
2110 2769 2184 2811 est
2224 2759 2504 2832 aliquando
2524 2763 2813 2833 praphetia,
2838 2764 2928 2817 sed
2948 2764 3156 2834 Spiritu
3184 2776 3365 2841 sancto
3391 2769 3496 2820 acti

1925 2847 2080 2913 locuti
2114 2859 2233 2904 sunt
2271 2852 2504 2905 homines
2544 2851 2642 2905 Dei
2673 2851 2758 2923 (II
2790 2853 2933 2908 'I’etr.
2968 2870 3006 2918 ι,
3065 2854 3116 2919 0,
3152 2854 3271 2924 2|).
3311 2854 3501 2911 Nullus

1919 2925 2151 3017 inspirat
2199 2944 2495 3014 prophetia:
2542 2943 2739 2999 donum
2799 2941 2898 2999 nisi
2956 2944 3117 3000 Deus.
3169 2942 3499 3005 Joannisad

1928 3031 2191 3089 Parthos:
2226 3030 2291 3087 In
2321 3036 2413 3089 hoc
2441 3021 2628 3089 scimus
2657 3036 2776 3104 quia
2805 3030 2977 3089 manet
3006 3038 3058 3089 in
3089 3032 3256 3101 nobis,
3280 3037 3343 3090 de
3373 3037 3500 3108 Spi-

1926 3128 2026 3180 ritu
2050 3138 2228 3181 sancto
2255 3145 2401 3198 quem
2431 3129 2571 3182 dedit
2594 3127 2739 3182 nobis
2772 3124 2824 3199 (1
2843 3126 3005 3182 Joan.
3030 3120 3110 3193 ἰν,
3146 3128 3257 3198 2i).
3291 3126 3391 3183 Uhi
3413 3145 3504 3183 su-

236 3222 344 3290 Qui
377 3220 613 3275 viviﬁcat
640 3220 780 3275 Deus
819 3228 937 3276 est:
979 3222 1104 3289 quia
1145 3220 1401 3277 Dominus
1444 3225 1723 3295 mortiﬁcat
1768 3234 1818 3280 et

1926 3231 2019 3284 pra
2046 3234 2057 3267 :
2093 3208 2348 3279 Quoniam
2371 3208 2503 3270 in'eo
2530 3233 2814 3285 manemus,
2846 3227 2894 3270 et
2922 3219 3031 3287 ipse
3064 3220 3118 3271 in
3149 3217 3294 3273 nobis
3318 3236 3335 3284 ;
3381 3221 3503 3289 quia

230 3311 470 3380 ,oiviﬁcat
498 3308 549 3378 (Ι
582 3309 711 3381 Reg.
742 3325 800 3375 ιι,
824 3307 900 3379 6).
942 3311 1023 3365 Ad
1048 3310 1300 3366 Galatas:
1329 3312 1397 3368 Ut
1423 3312 1823 3370 benedictionem

237 3398 478 3471 Spiritus
516 3401 840 3469 accipiamus
888 3417 981 3470 per
1025 3401 1180 3470 ﬁdem
1226 3398 1368 3473 (Gal.
1409 3419 1486 3466 ιιι,
1520 3403 1631 3473 14).
1678 3405 1825 3461 Deus

234 3497 326 3544 est
354 3488 451 3557 qui
470 3488 767 3543 benedicit.
797 3486 897 3543 Ubi
928 3503 1127 3558 supra:
1163 3481 1367 3560 Spiritu
1390 3492 1623 3556 vivimus,
1653 3491 1824 3560 Spiri-

237 3585 295 3629 tu
316 3585 369 3628 et
389 3574 708 3629 ambulemus
740 3573 881 3648 (Gal.
917 3592 969 3642 ν,
999 3575 1111 3646 25).
1154 3575 1256 3643 Qui
1286 3593 1498 3632 rursum
1532 3579 1821 3645 benedicit,

234 3668 360 3737 ipse
389 3666 621 3721 viviﬁcat
667 3675 727 3721 ut
755 3666 917 3721 Deus.
969 3666 1069 3721 Ubi
1097 3682 1296 3737 supra:
1352 3668 1454 3734 Qui
1497 3670 1824 3724 seminaverit

231 3761 292 3814 in
338 3760 576 3829 Spiritu,
619 3758 683 3812 de
709 3757 911 3829 Spiritu
940 3767 1092 3813 metet
1122 3761 1279 3813 vitam
1302 3768 1552 3814 wternam
1583 3758 1725 3829 (Gal.
1748 3776 1821 3827 Vl,

231 3847 315 3918 8).
360 3846 423 3902 In
466 3847 553 3902 his
580 3846 752 3902 tribus
781 3847 1105 3903 testimoniis
1133 3846 1201 3902 ad
1228 3848 1464 3913 Galatas,
1512 3849 1742 3919 Spiritus
1769 3859 1827 3906 et

232 3937 532 4000 benedicit,
586 3946 641 3992 et
682 3936 932 4000 viviticat,
984 3946 1042 3992 et
1081 3938 1174 3992 dat
1203 3936 1365 3992 vitam
1410 3948 1690 3994 mternam.
1743 3938 1823 3993 Ad

232 4029 547 4101 Ephesios:
597 4030 665 4085 In
710 4048 809 4103 quo
853 4030 1116 4086 credentes
1144 4031 1337 4101 signati
1386 4030 1508 4082 estis
1534 4030 1589 4082 in
1619 4028 1821 4097 Spiritu

231 4121 407 4192 553
452 4131 632 4175 sancto
683 4121 896 4191 (Ephes.
944 4137 982 4182 ι,
1034 4121 1145 4188 13).
1197 4119 1483 4187 Signamur
1519 4119 1571 4173 in
1604 4120 1851 4174 nomine.

230 4208 436 4271 Patris,
462 4216 518 4262 et
544 4208 769 4285 Filii,Aet
796 4208 1025 4278 Spiritus
1050 4208 1242 4262 sancti.
1280 4205 1378 4260 Ubi
1410 4222 1568 4276 supra
1589 4225 1617 4285 :_
1642 4206 1704 4260 In
1725 4224 1823 4279 quo

228 4314 324 4352 vos
352 4282 697 4365 (ludiﬁcamini
718 4299 772 4352 in
794 4297 1141 4351 habitaculum
1168 4296 1269 4350 Dei
1294 4298 1347 4349 in
1377 4296 1577 4366 Spiritu
1603 4282 1819 4368 (Ephes.

228 4404 294 4451 ιι,
322 4386 443 4456 2'2).
485 4386 615 4441 Item
646 4405 658 4440 :
693 4386 992 4441 Revelatum
1024 4396 1098 4440 est
1135 4387 1327 4440 sanctis
1355 4387 1465 4456 ejus
1496 4388 1743 4457 apostolis
1766 4390 1820 4441 in

230 4475 468 4547 Spiritu,
496 4493 610 4530 esse
638 4485 813 4547 gentes
835 4476 1122 4539 coheredes
1153 4475 1369 4546 (Ep/tes.
1396 4492 1481 4539 ιιι,
1514 4476 1591 4545 5).
1632 4475 1820 4531 Omnia

1927 3303 1991 3359 de
2039 3302 2238 3370 Spiritu
2283 3321 2374 3359 suo
2421 3306 2559 3359 dedit
2608 3306 2754 3359 nobis
2802 3304 2857 3375 (I
2884 3308 3043 3360 Joan.
3076 3307 3292 3377 w,13).
3323 3308 3501 3374 Dedit,

1927 3395 2068 3463 quod
2099 3394 2268 3460 audis,
2300 3397 2543 3465 operatio
2573 3406 2656 3450 est
2684 3397 2917 3461 virtutis,
2950 3414 3054 3452 non
3088 3401 3356 3468 separatio
3384 3400 3501 3455 dei-

1926 3483 2071 3536 tatis.
2114 3483 2169 3536 ιιι
2194 3483 2513 3553 Apocalypsi
2551 3503 2562 3536 :
2608 3482 2677 3536 Et
2698 3493 2814 3554 post
2854 3486 2961 3539 dies
2986 3495 3095 3539 tres
3116 3498 3172 3540 et
3211 3490 3500 3554 dimidium,

1926 3569 2153 3638 Spiritus
2176 3571 2297 3624 'vitte
2319 3588 2350 3624 a
2376 3568 2483 3625 Deo
2513 3575 2722 3625 intravit
2752 3575 2807 3626 in
2843 3591 2967 3637 eos;
2999 3584 3046 3627 et
3074 3584 3321 3629 steterunt
3349 3595 3504 3647 super

1922 3660 2077 3729 pedes
2121 3677 2239 3715 suos
2289 3662 2471 3732 (Apoc.
2524 3678 2594 3727 ιιι,
2646 3660 2757 3732 1|).
2816 3664 2968 3730 Quod
3013 3680 3042 3718 a
3089 3664 3199 3720 Deo
3235 3669 3500 3736 procedit,

1925 3746 2198 3802 Deus'est.
2241 3747 2343 3802 Ubi
2372 3765 2533 3819 supra
2560 3768 2572 3803 :
2600 3750 2795 3817 Scribe,
2824 3752 2972 3806 Beati
3001 3756 3189 3808 mortui
3211 3758 3295 3826 qui
3315 3758 3367 3810 in
3393 3757 3504 3813 Do-

1923 3840 2061 3892 mino
2094 3841 2400 3894 moriuntur.
2433 3842 2629 3896 Amodo
2650 3842 2769 3915 jam
2802 3845 2924 3898 dicit
2950 3846 3179 3916 Spiritus
3227 3860 3282 3901 ut
3312 3855 3503 3922 requie-

1922 3940 2069 3982 scant
2091 3946 2122 3981 a
2142 3930 2400 3985 laboribus
2422 3934 2527 3986 suis
2551 3932 2732 4003 (Apoc.
2756 3952 2859 4000 xw,
2891 3933 2997 4005 15).
3021 3937 3138 3992 Νοιι
3160 3939 3295 3993 dixit
3318 3939 3499 4009 Pater,

1926 4035 2030 4072 non
2061 4018 2195 4073 dixit
2222 4019 2384 4074 Filius
2406 4064 2420 4087 ,
2466 4022 2559 4076 sed
2589 4022 2855 4093 Spiritus,
2894 4026 2983 4094 qui
3015 4042 3110 4097 per
3138 4029 3273 4083 hanc
3298 4029 3501 4098 jussio-

1923 4122 2044 4162 nem
2068 4110 2368 4165 ostenditur
2390 4105 2555 4166 Deus.
2599 4113 2674 4166 Ad
2703 4112 2998 4181 Hebrmos:
3037 4117 3095 4171 Si
3123 4122 3262 4173 enim
3287 4124 3502 4193 sanguis

1923 4209 2186 4255 taurorum
2237 4212 2287 4255 et
2316 4202 2610 4267 hircorum,
2655 4214 2701 4257 et
2740 4206 2875 4260 cinis
2907 4208 3078 4262 vitula:
3108 4226 3372 4280 aspersus,
3420 4214 3502 4265 in-

1922 4293 2159 4363 quinatos
2188 4295 2479 4363 sanctiﬁcat
2507 4296 2576 4349 ad
2591 4298 3020 4374 emundationem
3048 4303 3221 4354 carnis
3240 4341 3254 4364 ,
3305 4313 3501 4374 quanto

1923 4384 2087 4453 magis
2102 4384 2313 4462 sanguis
2328 4383 2539 4447 Christi,
2556 4387 2640 4456 qui
2655 4404 2745 4456 per
2760 4387 3012 4456 Spiritum
3031 4400 3264 4443 sanctum
3279 4394 3503 4462 seipsum

1925 4471 2106 4526 obtulit
2145 4460 2533 4528 immaculatum
2577 4475 2685 4530 Deo
2729 4477 2924 4547 (Hebr.
2958 4494 3007 4533 tx
3032 4520 3046 4545 ,
3092 4479 3182 4543 13,
3217 4460 3361 4550 1ι1)2⁷
3384 4480 3501 4537 Hoc

225 4575 501 4637 operatur
529 4583 669 4621 unus
710 4575 873 4637 atque
920 4567 1060 4621 idem
1084 4565 1357 4636 Spiritus:
1398 4567 1644 4621 hmredes
1672 4564 1814 4621 facit.
1849 4566 2293 4641 Dtestimonium
2323 4566 2485 4620 docet
2510 4567 2661 4636 cujus
2683 4569 2968 4638 potestatis
3006 4571 3076 4624 sit
3100 4570 3333 4651 Spiritus
3368 4582 3505 4627 san-9

226 4655 342 4712 Ubi
374 4672 535 4726 supra
563 4675 576 4709 :
636 4656 705 4711 Ut
742 4659 827 4711 det
855 4658 994 4712 vobis
1022 4656 1303 4710 secundum
1326 4656 1541 4710 divitias
1568 4656 1821 4710 claritatis

222 4764 365 4813 sua,
398 4749 635 4802 virtutem
664 4760 685 4784 η
714 4749 1038 4804 corroborari
1066 4766 1157 4819 per
1178 4749 1431 4819 Spiritum
1453 4765 1599 4803 suum
1632 4747 1818 4819 (Ibid.,

225 4838 353 4908 16).
399 4837 514 4893 Non
545 4840 867 4895 corroborat
895 4840 997 4895 nisi
1028 4840 1191 4895 Deus.
1224 4839 1326 4894 Ubi
1364 4855 1561 4910 supra:
1597 4839 1823 4894 Solliciti

220 4944 446 4981 servare
473 4930 721 4984 unitatem
753 4930 981 4999 Spiritus
1006 4930 1060 4983 in
1094 4930 1294 4983 vinculo
1323 4930 1469 5006 pacis
1500 4927 1715 4999 (Ep/tes.
1746 4944 1818 4994 tv,

217 5020 311 5088 '5).
356 5020 471 5075 Pax
502 5022 765 5077 Christus.
807 5022 1055 5092 Nunquid
1092 5022 1209 5077 dua:
1248 5022 1455 5091 paces?
1492 5020 1589 5076 Ubi
1617 5036 1819 5091 supra:

118 5150 125 5155 -
216 5110 301 5165 Et
324 5112 563 5182 gladium
584 5113 831 5183 Spiritus,
855 5118 940 5185 qui
961 5126 1037 5169 est
1055 5132 1225 5168 sernto
1249 5114 1345 5168 Dei
1368 5115 1682 5185 (Ep/tem“,
1708 5113 1816 5184 17).

214 5203 431 5259 Sermo
477 5204 890 5274 Dei-Christus;
940 5206 1173 5274 Spiritus
1225 5215 1443 5262 sanctus
1484 5223 1663 5262 sermo
1700 5207 1817 5262 Dei.

210 5294 489 5363 Nunquid
516 5296 625 5352 duo
659 5299 984 5353 sermones?
1013 5297 1094 5353 Ad
1122 5297 1495 5366 Philippeuses
1522 5313 1535 5349 :
1576 5296 1697 5351 Sive
1723 5296 1817 5350 ab-

208 5400 351 5439 sens
408 5386 619 5440 audiam
673 5387 736 5441 de
782 5387 921 5442 vobis
945 5429 960 5455 ,
1012 5389 1140 5459 quia
1186 5388 1337 5442 statis
1384 5388 1440 5440 in
1474 5403 1577 5440 uno
1614 5386 1817 5458 Spiritu

142 5498 175 5519 ο
208 5476 460 5547 (Philip.
497 5495 543 5544 ι,
570 5479 694 5553 27),
737 5481 842 5537 hoc
869 5488 953 5538 est
981 5482 1033 5537 in
1064 5481 1195 5535 Deo.
1238 5479 1322 5534 Ad
1361 5478 1810 5534 Thessalonicen-

200 5583 353 5624 δοες
385 5570 678 5639 Assumpsit
696 5588 787 5627 vos
809 5572 946 5628 Deus
964 5571 1027 5627 ab
1044 5573 1197 5627 initio
1221 5570 1291 5624 ad
1303 5571 1520 5624 salutem
1541 5572 1593 5625 in
1614 5571 1812 5623 sancti-
1846 5621 1857 5631 ,

198 5656 478 5724 ﬁcatione
525 5658 751 5727 Spiritus
782 5659 870 5730 (II
901 5661 1170 5733 Thess._n,
1203 5661 1327 5743 12).
1349 5661 1425 5714 Ad
1457 5660 1798 5723 Timotheum

1922 4662 2060 4717 ctus,
2091 4669 2190 4723 per
2216 4670 2378 4723 quem
2405 4671 2534 4712 caro
2576 4657 2774 4712 Christi
2812 4660 3096 4715 exhibetur
3135 4662 3497 4719 immaculata.

1925 4742 2024 4799 Ubi
2048 4760 2206 4814 supra
2233 4763 2255 4799 ιε
2275 4744 2489 4800 Irritam
2517 4750 2628 4818 quis
2659 4751 2854 4819 faciens
2872 4751 3037 4821 legem
3060 4751 3248 4823 Moysi,
3280 4756 3393 4808 sine
3419 4756 3502 4810 ul-

1918 4837 1987 4891 la-
2005 4838 2353 4900 miseratione,
2386 4838 2580 4893 duobus
2614 4841 2776 4913 544
2804 4842 2880 4895 vel
2908 4843 3069 4896 tribus
3098 4845 3311 4899 testibus
3340 4850 3501 4901 mori-

1921 4940 2005 4985 tur
2029 4947 2045 4984 :
2096 4940 2287 5001 quanto
2314 4934 2487 5002 magis
2516 4935 2709 5002 putatis
2738 4934 2995 4989 deteriora
3038 4938 3222 4991 mereri
3245 4940 3500 5008 supplicia

1923 5026 2013 5095 qui
2039 5023 2233 5079 Filium
2259 5023 2353 5079 Dei
2373 5026 2766 5092 conculcaverit,
2788 5035 2838 5079 et
2858 5029 3159 5099 sanguinem
3185 5028 3501 5085 Testamenti

1922 5115 2171 5184 pollutum
2201 5117 2426 5180 duxerit,
2455 5125 2503 5168 et
2526 5115 2747 5185 Spiritui
2771 5119 2954 5187 gratia:
2974 5119 3333 5173 contumeliam
3365 5123 3501 5191 fece-

1922 5206 1991 5257 rit
2020 5203 2207 5273 (Hebr.
2252 5222 2304 5270 ιι,
2345 5204 2433 5268 28,
2465 5204 2583 5275 29)!
2637 5204 2774 5263 Ecce
2812 5207 2988 5275 quatis
3014 5208 3144 5264 ultio
3181 5225 3278 5278 pro
3305 5211 3497 5278 injuria

1922 5295 2040 5349 Filii
2067 5304 2122 5349 et
2141 5293 2372 5364 Spiritus
2400 5297 2589 5351 sancti.
2640 5294 2736 5350 Ubi
2765 5312 2925 5366 supra
2951 5314 2963 5351 :
2993 5297 3231 5353 Judicem
3271 5302 3499 5355 omnium

1920 5384 2108 5450 Deum,
2129 5395 2181 5439 et
2204 5385 2430 5453 Spiritus
2445 5386 2704 5456 justorum
2725 5390 3087 5459 perfecturum,
3112 5398 3160 5443 et
3187 5389 3501 5446 Testamenti

1921 5476 2057 5532 Novi
2105 5478 2439 5532 mediatorem
2483 5477 2663 5532 Jesum
2696 5479 2956 5533 Christum
3001 5480 3189 5551 (Hebr.
3244 5500 3339 5550 xu,
3380 5483 3496 5554 25‘).

1920 5569 2035 5624 Hoc
2065 5570 2426 5624 testimonium
2456 5570 2708 5625 convenit
2754 5570 3020 5637 Trinitati,
3069 5573 3192 5641 quia
3232 5583 3287 5628 et
3317 5574 3498 5644 Pater,

1918 5668 1973 5712 ct
2002 5659 2182 5723 Filius,
2206 5668 2260 5714 et
2288 5659 2515 5729 Spiritus
2544 5669 2761 5714 sanctus
2785 5662 2871 5715 hic
2900 5663 3208 5717 nominatus
3228 5673 3329 5721 est.
3359 5664 3497 5734 Quia

304 5818 330 5846 ⁸
362 5808 545 5877 Forte,
578 5813 789 5880 virtute,
819 5826 878 5871 ut
906 5816 957 5871 in
984 5816 1171 5870 (Ἐντρεο
1192 5792 1345 5871 textu
1384 5827 1439 5871 ct
1480 5816 1617 5885 apud
1652 5815 1802 5893 Vulg.
1840 5816 2158 5873 versionem.

260 5928 311 5957 ⁸1
