4064 6358
569 419 670 474 719

1515 453 1522 458 .
1589 410 1642 462 S.
1687 407 2042 464 FULGENTII
2084 407 2380 465 EPISCOPI
2423 408 2788 465 RUSPENSIS

3713 412 3820 467 7ὶο

569 528 911 595 omnipotens
941 530 1021 576 est
1049 521 1282 591 Spiritus
1309 526 1544 584 sanctus,
1593 519 1646 572 in
1671 518 1959 574 Salomone
1988 536 1999 569 :
2025 518 2148 586 Spi—
2177 527 2223 580 Λ
2252 521 2474 573 formam
2503 522 2646 576 servi
2675 521 2961 591 accipiens,
3014 535 3121 576 non
3169 519 3397 577 formam
3425 522 3521 578 Dei
3563 525 3816 594 perdens,

569 619 699 670 ritus
740 609 1298 677 sanctus,"inultiple:c,
1347 607 1571 671 subtilis,
1619 608 1863 670 disertus,
1911 622 2140 671 securus,

569 707 1026 762 iucontaminatus,
1055 714 1253 752 omnem
1271 696 1460 750 habens
1482 698 1714 751 virtutem
1740 696 1890 767 (Sap.
1912 713 2004 760 vlt,
2027 694 2139 766 22).

573 795 641 849 Et
670 807 834 861 negas
863 790 1337 860 omnipotentem?
1385 787 1519 854 Quia
1564 788 1731 857 judex
1783 797 1867 842 est
1915 787 2144 860 Spiritus

2247 611 2300 664 in
2330 611 2516 666 eadem
2547 611 2715 666 forma
2754 613 2894 667 servi
2938 612 3108 667 factus
3151 621 3235 668 est
3261 613 3516 670 obediens
3544 630 3714 686 usque
3751 617 3820 672 ad

2248 710 2494 765 mortem,
2525 712 2752 757 mortem
2776 711 2953 757 autem
2982 703 3195 768 crucis;
3243 703 3295 756 in
3321 719 3425 774 qua
3455 705 3618 773 paulo
3641 706 3821 760 minus

2247 793 2540 847 minoratus
2561 801 2645 847 est
2677 794 2742 847 ab
2771 793 2988 860 angelis,
3040 801 3097 846 ut
3137 793 3188 845 in
3218 791 3391 847 forma
3436 792 3531 848 Dei
3577 806 3825 850 maneret

570 894 805 951 sanctus,
830 885 959 939 dicit
983 884 1278 938 Dominus:
1333 881 1394 936 Si
1434 882 1631 943 abiero,
1684 884 1886 935 mittam
1925 895 2040 932 eum
2077 877 2145 931 ad
2245 882 2506 950 mqualis;
2535 884 2659 950 quia
2681 898 2789 936 non
2823 889 2907 937 est
2941 881 3110 937 forma
3140 883 3229 936 illa
3273 883 3567 938 mutabilis.
3619 884 3720 950 Qui
3764 886 3822 940 in

570 993 657 1031 vos
684 993 704 1040 ,°
740 983 788 1028 et
818 990 933 1026 cum
962 974 1176 1040 venerit,
1207 975 1318 1042 ipse
1347 980 1527 1041 arguet
1553 969 1801 1022 mundum
1827 969 1891 1021 de
1914 975 2144 1038 peccato,

573 1067 634 1120 de
649 1065 858 1136 justitia
899 1074 947 1117 et
975 1064 1040 1117 de
1086 1062 1286 1133 judicio
1319 1060 1495 1131 (Joan.
1529 1074 1646 1124 xw,
1675 1058 1727 1122 7,
1758 1057 1832 1127 8).
1879 1056 2035 1110 Vides
2058 1055 2144 1122 ju-

571 1155 767 1220 diccm,
815 1155 905 1224 qui
945 1155 1108 1208 etiam
1156 1153 1350 1222 ipsum,
1395 1151 1442 1204 si
1468 1147 1752 1203 dicendum
1782 1154 1885 1210 est,
1913 1143 2147 1200 vindicat

573 1245 913 1301 Salvatorem
939 1262 951 1296 :
978 1253 1034 1298 et
1059 1241 1221 1296 audet
1249 1241 1300 1295 ei
1329 1240 1610 1308 quisquam
1634 1235 1949 1291 subtrahere
1978 1231 2150 1286 deita-

575 1341 726 1391 tem?
751 1333 816 1388 Et
842 1334 968 1403 quid
996 1332 1169 1386 dicam
1196 1331 1424 1399 amplius
1451 1329 1518 1383 de
1546 1327 1747 1402 deitate
1767 1325 1994 1394 Spiritus
2021 1337 2148 1376 san-

574 1427 644 1480 cti
669 1427 692 1480 ?
721 1441 880 1496 quem
911 1422 1242 1494 pertimescit
1267 1420 1432 1474 David
1457 1419 1640 1472 dicens
1667 1435 1679 1468 :
1707 1415 1818 1478 Quo
1844 1414 1944 1476 ibo,
1971 1412 2149 1468 Dami-

573 1532 670 1578 ne,
705 1532 736 1567 a
767 1515 966 1584 Spiritu
991 1522 1107 1577 tuo,
1146 1521 1234 1564 aut
1276 1527 1307 1562 a
1335 1509 1469 1580 [acie
1498 1516 1585 1560 tua
1612 1522 1710 1575 quo
1741 1505 1937 1575 fugiam
1974 1503 2147 1574 (l’sal.

575 1621 834 1668 cxxxvm,
868 1605 968 1672 7)?
1015 1601 1078 1654 Et
1124 1608 1181 1655 ut
1218 1597 1562 1659 concludam,
1596 1603 1776 1648 tantus
1805 1609 1868 1647 ac
1899 1592 2020 1646 talis
2071 1599 2152 1645 est

578 1692 812 1763 Spiritus
837 1701 1076 1756 sanctus,
1112 1691 1164 1744 in
1194 1703 1301 1758 quo
1330 1687 1373 1741 si
1401 1685 1520 1756 quis
1547 1681 2020 1752 blasphemaverit,
2065 1680 2150 1733 in-

578 1782 758 1836 veniet
785 1796 905 1835 eum
937 1796 1043 1834 non
1073 1779 1174 1834 sibi
1217 1776 1583 1837 relaxantem,
1625 1785 1800 1841 neque
1839 1770 1891 1824 in
1921 1770 2024 1824 isto
2054 1782 2152 1823 sa:-

579 1867 720 1931 culo,
749 1882 926 1935 neque
954 1867 1005 1920 in
1037 1865 1236 1919 futuro.

1134 1991 1292 2045 Fides
1322 1991 1593 2043 catholica.

652 2108 737 2161 10.
765 2089 1088 2161 Ineliabiletn
1107 2103 1248 2155 illam
1268 2097 1564 2152 Divinitatis
1585 2094 1934 2150 substantiam
1965 2095 2051 2148 vel
2068 2109 2154 2146 na-

580 2206 751 2249 turam
765 2193 1008 2249 humanis
1019 2189 1195 2244 verbis
1207 2203 1267 2240 ex
1277 2187 1504 2256 primere
1517 2183 1844 2252 impossibile
1855 2190 1936 2237 est
1949 2200 1962 2234 :
1979 2183 2157 2236 incon-

579 2284 893 2348 vertibilem,
915 2272 1314 2343 immutabilem,
1332 2275 1728 2346 impassibilem,
1748 2272 2064 2343 simplicem,
2082 2272 2159 2325 in-

579 2375 948 2442 compositam,
996 2369 1394 2433 indivisibilem,
1420 2366 1746 2420 inaccessam
1781 2365 1974 2428 lucem,
2012 2365 2158 2418 inex-

587 2461 896 2530 plicabilem
918 2460 1192 2522 virtutem,
1214 2457 1329 2510 sine
1351 2453 1454 2508 line
1476 2451 1914 2520 magnitudinem,
1933 2451 2155 2518 gloriam

584 2547 1077 2618 inconspicabilem,
1096 2545 1388 2602 bonitatem
1410 2540 1897 2610 concupiscibilem,
1921 2539 2159 2608 inexqui-

585 2642 745 2697 situm
769 2639 1037 2701 decorem,
1069 2635 1158 2704 qui
1180 2632 1372 2688 mentis
1397 2631 1611 2700 quidem
1633 2645 1779 2699 pura:
1800 2629 2073 2696 contingat
2104 2637 2160 2682 et

569 2728 792 2787 moveat
813 2728 1079 2790 affectum,
1105 2723 1330 2780 indicari
1358 2731 1536 2776 autem
1587 2728 1747 2790 atque
1776 2718 2030 2789 explicari
2053 2733 2159 2773 non

582 2822 772 2892 possit.
801 2818 901 2873 Ubi
917 2826 1000 2872 est
1014 2815 1188 2878 Pater,
1210 2811 1459 2877 etFilius,
1479 2809 1772 2879 etSpiritus
1793 2816 2028 2872 sanctus,
2047 2807 2160 2861 sola

581 2921 771 2964 natura
795 2923 913 2976 qua:
936 2912 1115 2959 creata
1137 2917 1243 2955 non
1267 2908 1368 2967 est,
1385 2896 1762 2953 dominationis
1782 2902 2042 2964 potestas,
2065 2893 2162 2947 bo-

589 3003 727 3055 nitas
751 2996 1026 3052 naturalis.
1053 2992 1211 3046 Pater
1232 2990 1439 3044 initium
1465 2988 1723 3050 omnium,
1749 2999 1911 3040 causa
1935 2991 2159 3039 cuncto-

585 3105 725 3150 rum,
746 3085 894 3140 radix
919 3084 1238 3138 viventium:
1264 3093 1414 3147 aquo
1436 3076 1678 3147 procedit
1700 3073 1816 3130 fons
1839 3075 1978 3137 vitm,
1997 3073 2164 3126 virtus

588 3188 642 3233 ct
671 3180 845 3244 imago
875 3175 1202 3228 indemutata
1234 3168 1512 3223 invisibilis
1540 3167 1652 3228 Dei,
1699 3165 1789 3234 qui
1824 3172 1906 3219 est
1935 3162 2100 3216 Filius
2129 3178 2157 3216 a

2249 972 2385 1027 caelo
2414 973 2687 1041 spiritibus
2714 973 2925 1026 mundis
2954 972 3397 1026 intellectualibus
3426 974 3477 1026 in
3522 972 3689 1028 forma
3726 975 3826 1029 Dei

2250 1072 2304 1118 et
2330 1063 2441 1118 Deo
2462 1063 2705 1132 aequalis,
2737 1072 2796 1116 ut
2824 1062 2964 1118 Deus
2987 1063 3146 1134 555
3169 1064 3370 1132 praebet
3391 1063 3692 1134 exemplum
3717 1082 3732 1130 ;
3767 1075 3827 1120 ut

2250 1168 2308 1209 se
2355 1154 2498 1209 idem
2538 1155 2840 1224 exemplum
2872 1155 3114 1210 redeunti
3162 1156 3323 1209 etiam
3369 1156 3521 1225 lapso
3559 1157 3826 1226 prteberet

2251 1247 2489 1311 homini,
2530 1249 2620 1315 qui
2647 1255 2868 1316 propter
2909 1246 3299 1301 immunditiam
3329 1254 3674 1317 peccatorum
3706 1265 3825 1319 pm-

2255 1352 2483 1406 namque
2530 1339 2872 1393 mortalitatis
2909 1339 3074 1393 Deum
3103 1339 3286 1395 videre
3311 1356 3418 1394 non
3445 1349 3659 1410 poterat
3685 1360 3696 1395 :
3730 1358 3824 1397 se-

2251 1430 2536 1498 metipsum
2550 1429 2840 1482 exinanivit
2857 1445 2960 1484 non
2979 1429 3273 1484 amittendo
3293 1431 3623 1486 divinitatem
3645 1448 3821 1494 suam,

2252 1519 2347 1574 sed
2380 1514 3112 1574 assu'mendohumanitatem
3160 1527 3437 1573 nostram:
3491 1528 3545 1574 et
3592 1519 3823 1575 formam

2253 1613 2391 1667 servi
2419 1611 2707 1680 accipiens,
2751 1610 2900 1664 venit
2927 1610 2994 1664 ad
3020 1625 3120 1664 nos
3148 1611 3200 1664 in
3227 1611 3371 1666 hunc
3399 1611 3683 1676 mundum,
3727 1613 3822 1681 qui

2258 1710 2310 1763 in
2339 1710 2442 1762 hoc
2468 1707 2666 1761 mundo
2693 1715 2827 1769 erat,
2876 1705 2998 1774 quia
3028 1705 3272 1759 mundus
3307 1720 3404 1774 per
3445 1705 3616 1774 ipsum
3648 1705 3827 1759 factus

2256 1807 2338 1853 est
2360 1796 2553 1869 (Joan.
2587 1813 2636 1858 ι,
2672 1795 2793 1866 10),
2842 1803 2900 1850 ιιι
2941 1796 3243 1864 exemplum
3271 1810 3481 1849 sursum
3521 1795 3829 1850 videntibus

2180 1878 2224 1936 Β
2254 1890 2460 1952 Deum,
2511 1889 2813 1957 exemplum
2861 1887 3110 1941 deorsum
3155 1887 3474 1941 mirantibus
3509 1887 3825 1940 hominem:

2254 1979 2557 2048 exemplum
2585 1978 2728 2032 sanis
2756 1977 2822 2031 ad
2850 1975 3291 2046 permanendum,
3339 1975 3643 2045 exemplum
3672 1975 3828 2030 inﬁr-

2253 2072 2356 2125 mis
2405 2069 2472 2124 ad
2515 2066 3034 2130 convalescendum;
3085 2064 3389 2133 exemplum
3437 2063 3708 2119 morituris
3754 2061 3826 2117 ad

2257 2175 2363 2212 non
2407 2156 2720 2221 timendum,
2762 2154 3067 2224 exemplum
3097 2155 3321 2208 mortuis
3349 2153 3416 2207 ad
3440 2153 3827 2222 resurgendum

2257 2248 2443 2303 ﬁeret:
2494 2248 2608 2314 ipse
2654 2245 2708 2298 in
2756 2243 3003 2298 omnibus
3027 2243 3313 2312 primatum
3358 2249 3582 2296 tenens:
3613 2249 3674 2294 ut
3701 2242 3828 2310 quia

2256 2342 2418 2394 homo
2441 2337 2506 2392 ad
2535 2336 2924 2392 beatitudinem
2951 2335 3104 2405 sequi
3131 2348 3237 2388 non
3257 2332 3487 2387 debebat
3514 2332 3614 2388 nisi
3638 2332 3827 2398 Deum,

2255 2440 2312 2487 et
2355 2430 2556 2486 sentire
2603 2445 2710 2482 non
2738 2435 2950 2498 poterat
2975 2425 3145 2481 Deum
3172 2445 3188 2493 ;
3233 2423 3504 2493 sequendo
3528 2423 3699 2478 Deum
3725 2423 3829 2478 ho-

2258 2524 2455 2577 minem
2500 2521 2720 2584 factum,
2766 2520 2923 2574 simul
2969 2526 3287 2588 sequeretur
3328 2525 3385 2572 et
3430 2531 3589 2586 quem
3628 2517 3831 2571 sentire

2259 2621 2492 2684 poterat,
2519 2622 2572 2665 et
2600 2626 2757 2684 quem
2785 2609 2937 2679 sequi
2965 2608 3214 2662 debebat.
3246 2606 3500 2660 Amemus
3528 2619 3661 2682 ergo
3685 2619 3829 2668 eum,

2260 2679 2314 2758 et
2353 2679 2704 2756 inhmreamus
2725 2699 2839 2765 illi,
2883 2693 3329 2752 caritate'dill‘usa
3369 2695 3424 2749 in
3459 2679 3712 2750 cordibus
3738 2709 3831 2748 no-

2259 2793 2384 2847 stris
2411 2806 2507 2861 per
2529 2789 2782 2858 Spiritum
2811 2794 3055 2842 sanctum
3089 2785 3178 2855 qui
3208 2784 3364 2838 datus
3391 2793 3472 2838 est
3501 2783 3678 2838 nobis.
3736 2782 3832 2836 Hic

2262 2885 2491 2955 Spiritus
2520 2891 2574 2937 et
2601 2881 2709 2936 vita
2735 2888 2848 2946 est,
2880 2886 2935 2933 et
2965 2863 3240 2932 viviﬁcans
3263 2876 3375 2941 lux,
3405 2883 3459 2930 et
3486 2875 3832 2936 illuminans;

2263 2978 2455 3041 bonus,
2483 2982 2537 3027 et
2563 2973 2774 3026 bonitas
2799 2987 2814 3035 ;
2863 2968 3093 3038 Spiritus
3121 2974 3319 3030 rectus,
3371 2964 3603 3035 Spiritus
3633 2965 3834 3033 princi-

2262 3067 2417 3136 palis,
2449 3066 2539 3132 qui
2566 3071 2646 3118 est
2687 3062 2943 3116 Dominus
2966 3057 3242 3122 omnium;
3291 3057 3508 3111 mittens
3533 3055 3833 3125 apostolos,

2263 3172 2522 3226 separans
2547 3155 2644 3208 sibi
2674 3152 2969 3215 ministros,
2997 3152 3195 3223 templa
3215 3148 3314 3206 sibi
3342 3149 3456 3217 ipse
3480 3145 3832 3207 constituens,

587 3271 745 3326 Patre
780 3221 1011 3339 lgenitus.
1055 3265 1307 3328 Verbum,
1341 3261 1454 3316 sive
1493 3245 1632 3313 ratio
1661 3258 1845 3312 vivens
1870 3274 1884 3323 ;
1927 3256 2018 3326 qui
2042 3263 2160 3309 erat
2187 3221 2234 3285 ο
2265 3247 2528 3316 inspirans
2550 3245 2636 3299 ubi
2666 3245 2801 3311 vult,
2822 3241 3060 3297 dividens
3080 3221 3397 3296 donationes
3417 3237 3646 3308 Spiritus
3673 3241 3838 3304 prout

587 3379 802 3433 semper
827 3401 841 3426 ,
877 3371 930 3415 et
961 3367 1076 3413 erat
1107 3355 1244 3427 apud
1278 3355 1443 3408 Deum
1466 3392 1480 3416 ,
1517 3358 1571 3405 ct
1603 3350 1741 3405 Deus
1770 3355 1904 3414 erat,
1937 3362 2043 3401 non
2087 3344 2164 3399 fa-

579 3465 708 3509 ctus
728 3469 794 3507 ex
811 3450 968 3504 Patre
987 3457 1109 3502 ante
1137 3443 1350 3509 szccula,
1369 3457 1474 3495 non
1497 3448 1801 3508 assumptus
1821 3434 2160 3506 postmodum

584 3546 669 3600 vel
700 3544 981 3613 adoptatus
1011 3539 1061 3592 in
1093 3537 1256 3590 lilium
1287 3574 1302 3598 ,
1333 3548 1438 3587 non
1467 3529 1809 3600 possessione
1827 3527 1911 3580 vel
1935 3526 2160 3588 factura,

584 3636 676 3690 sed
720 3641 932 3689 creator
973 3640 1026 3683 et
1067 3628 1235 3681 factor
1262 3622 1538 3678 omnium:
1588 3618 1677 3688 qui
1728 3624 1809 3670 est
1835 3614 2013 3669 omnia
2039 3627 2158 3680 qum

578 3725 743 3779 Pater
768 3731 849 3778 est
875 3739 888 3787 ;
920 3720 1000 3774 cui
1032 3717 1193 3770 Pater
1221 3713 1399 3770 omnia
1428 3724 1545 3780 quae
1574 3708 1736 3762 habet
1763 3700 2029 3782 gignendo
2058 3700 2154 3753 de—

585 3818 683 3870 dit.
732 3813 799 3868 Et
827 3813 913 3868 ubi
946 3825 1074 3878 ergo
1104 3807 1194 3877 qui
1223 3804 1388 3867 dedit,
1439 3798 1702 3869 gignendo
1733 3796 1916 3859 dedit;
1965 3802 2020 3848 et
2066 3791 2155 3859 qui

585 3908 809 3975 accepit,
841 3901 1107 3958 nascendo
1138 3896 1382 3965 accepit;
1409 3908 1514 3946 non
1545 3889 1689 3958 inopi
1711 3887 2025 3943 subventum
2053 3891 2154 3945 est,

586 3999 678 4051 sed
709 3973 821 4066 ipsa
853 3993 1010 4062 copia
1050 3998 1170 4043 nata
1213 3995 1314 4041 est.
1364 3983 1479 4037 Non
1512 3979 1655 4035 enim
1687 3976 1776 4031 ille
1808 3975 1896 4044 qui
1926 3973 2153 4041 accepit,

590 4088 664 4141 illi
694 4087 783 4156 qui
814 4084 960 4138 dedit
989 4088 1167 4150 potest
1197 4092 1312 4130 esse
1338 4072 1608 4140 inmqualis
1628 4111 1640 4133 ,
1689 4069 1812 4136 quia
1843 4075 1895 4120 et
1927 4066 2029 4118 hoc
2066 4079 2160 4116 na—

589 4153 787 4231 scendo
810 4171 1016 4239 accepit
1043 4178 1099 4222 ut
1125 4174 1264 4221 esset
1286 4162 1522 4230 mqualis.
1551 4157 1688 4212 Nihil
1716 4157 1856 4210 enim
1883 4154 2040 4207 Patre
2062 4153 2159 4206 mi~

590 4258 874 4318 nus'habet
898 4260 985 4313 ille
1011 4259 1097 4328 qui
1131 4255 1294 4308 dixit:
1327 4252 1513 4304 Umuia
1543 4263 1656 4321 (μίαν
1686 4245 1834 4297 habet
1865 4245 2018 4297 Pater
2048 4259 2160 4294 mea

588 4360 705 4407 sunt
735 4349 910 4425 (Joan.
943 4363 1046 4410 xvi,
1083 4343 1191 4409 l3}.
1237 4342 1300 4396 Et
1328 4341 1450 4410 quia
1473 4339 1817 4407 semetipsum
1848 4332 2156 4393 exinanivit,

1037 4472 1174 4480 ...ρ-..-

1747 4475 1919 4487 ..ι’-α

1307 4479 1550 4491 ..ᾔ-ο

630 4470 1224 4504 ww”...
1241 4468 1418 4478 ._—-—-——

726 4481 1418 4502 M—vs-m.‘~

1056 4484 1306 4496 ...νε-...ηρ-

726 4487 1052 4502 *ορ-ιιι..-

1867 4459 2138 4468 _.-_—___
2149 4461 2281 4469 .———

1929 4471 2380 4488 ———h—————

1583 4583 2779 4699 S-IHMDGJHITTI

2263 3335 2396 3388 vult.
2429 3333 2659 3402 Spiritus
2686 3331 3008 3401 adoptionis,
3036 3330 3267 3399 Spiritus
3300 3327 3563 3390 veritatis,
3604 3322 3837 3392 Spiritus

2261 3424 2538 3494 sapientia:
2567 3430 2622 3476 et
2649 3421 2973 3494 intellectus,
3018 3420 3287 3484 scientiae,
3333 3415 3560 3482 consilii,
3599 3413 3835 3475 virtutis,

2264 3522 2320 3567 et
2349 3513 2556 3567 timoris
2582 3511 2677 3566 Dei
2704 3530 2716 3563 :
2747 3525 2847 3580 per
2871 3525 3029 3580 quem
3055 3509 3217 3564 Pater
3244 3507 3571 3576 agnoscitur,
3599 3513 3655 3559 et
3675 3503 3838 3558 Filius

2264 3603 2613 3672 gloriﬁcatur.
2643 3601 2827 3670 Neque
2854 3602 2996 3656 enim
3024 3601 3242 3668 dignum
3271 3607 3374 3666 est,
3405 3605 3497 3651 aut
3526 3594 3722 3650 Filium
3749 3594 3840 3648 ali-

2264 3698 2482 3769 quando
2528 3696 2763 3752 defuisse
2807 3694 2984 3762 Patri,
3034 3702 3125 3748 aut
3169 3693 3426 3762 Spiritum
3468 3689 3647 3744 Filio:
3699 3694 3840 3742 esset

2261 3787 2402 3842 enim
2433 3787 2484 3840 in
2510 3785 2754 3840 maximis
2777 3783 3083 3839 defraudata
3110 3781 3379 3842 divinitas,
3404 3786 3459 3833 et
3489 3777 3637 3830 velut
3663 3775 3840 3843 inglo-

2263 3881 2400 3932 rium
2429 3886 2591 3944 atque
2613 3874 2884 3943 indignum
2907 3872 3208 3939 duceretur,
3241 3870 3284 3925 si
3309 3869 3456 3923 velut
3482 3882 3548 3921 ex
3569 3866 3842 3936 poeniten-

2265 3970 2336 4023 tia
2366 3977 2419 4023 et
2447 3975 2778 4037 prmpostero
2817 3963 3043 4019 consilio
3072 3963 3212 4016 Deus
3243 3961 3310 4014 ad
3350 3957 3699 4029 perfectionis
3723 3957 3842 4027 ple-

2268 4060 2560 4114 nitudinem
2619 4057 2970 4127 pervenisset.
3038 4053 3136 4118 Qui
3202 4061 3365 4122 potest
3421 4066 3603 4120 capere
3667 4051 3844 4119 capiat

2239 4165 2243 4168 '
2268 4151 2483 4220 (Matth.
2518 4165 2630 4214 xxx,
2657 4146 2743 4218 l2)
2769 4165 2781 4199 :
2813 4147 2905 4216 qui
2928 4145 3162 4199 nondum
3192 4150 3390 4213 potest,
3416 4147 3533 4194 oret
3555 4148 3614 4193 ut
3639 4140 3842 4208 capiat,

2267 4241 2448 4294 credat
2477 4247 2535 4292 ut
2563 4237 2737 4306 capiat
2762 4255 2774 4289 :
2795 4236 2916 4303 quia
2942 4235 3196 4303 scriptum
3214 4241 3322 4286 est:
3354 4229 3472 4283 Nisi
3493 4228 3844 4292 credideritis,

2249 4349 2369 4384 'nou
2401 4329 2694 4398 intelligetis
2721 4325 2856 4397 (lsa.
2893 4342 2991 4388 vn,
3024 4323 3076 4388 9,
3107 4323 3382 4377 secundum
3413 4319 3606 4391 LXX).

3360 4449 3730 4464 Η

2285 4457 2601 4468 ..,--.--

2391 4455 3094 4485 ——..__..—_._'—_—-_.____—=

3102 4455 3830 4482 ..ᾠῷ-ί,

1815 4773 2586 4888 SEBMONES.

1021 5055 1185 5129 5&6
1205 5049 1434 5107 SERMO
1475 5047 1747 5104 PRIMUS.

962 5145 1041 5201 De
1088 5139 1522 5214 dispensatoribus
1562 5137 1787 5191 Domini.

669 5245 718 5297 l.
751 5238 1059 5296 Dominicus
1087 5247 1285 5292 sermo,
1335 5245 1494 5298 quem
1537 5226 1795 5282 debemus
1823 5239 2028 5286 omnes,
2062 5237 2167 5276 non

579 5337 769 5393 solum
812 5331 1068 5392 studiose,
1101 5341 1285 5380 verum
1331 5323 1494 5376 etiam
1541 5319 1809 5388 sapienter
1847 5315 2055 5380 audire,
2076 5314 2168 5367 cui

596 5444 695 5483 nos
718 5431 930 5495 oportet
953 5418 1225 5475 humiliter
1251 5429 1312 5469 ac
1341 5409 1731 5466 delectabiliter
1777 5407 2014 5469 obedire,
2053 5421 2168 5457 mo-

598 5517 892 5572 derationis
920 5527 1029 5568 suae
1061 5519 1247 5565 tenens
1269 5504 1460 5572 ubique
1491 5501 1822 5570 temperiem,
1852 5504 1906 5552 ut
1932 5511 2033 5552 nec
2055 5497 2166 5551 ovi-

477 5595 490 5606 ”
587 5609 695 5660 ‘bus
717 5607 888 5662 desint
917 5603 1127 5674 pabula,
1163 5612 1261 5652 nec
1287 5596 1588 5666 pastoribus
1615 5594 1866 5655 alimenta
1885 5633 1900 5657 ,
1932 5589 2171 5658 qutcdam

673 5773 696 5798 ⁸
723 5762 896 5813 Verba
924 5761 1035 5810 haec
1066 5759 1255 5810 absunt
1279 5755 1345 5806 ah
1367 5752 1486 5805 add.
1518 5751 1733 5815 Colon.,
1758 5749 1894 5816 Mog.
1923 5758 1976 5800 et
1998 5747 2160 5800 Basil.

602 5831 868 5900 Leguntur
891 5830 950 5904 in
981 5843 1078 5879 ms.
1113 5825 1263 5879 Colit.
1296 5833 1348 5878 et
1373 5825 1420 5874 in
1455 5823 1708 5888 .Xtttuerp.

2195 5053 2245 5112 υ
2270 5041 2570 5108 specialiter
2594 5040 2722 5094 solis
2743 5039 2982 5110 pnccipit
3010 5039 3183 5104 nobis,
3211 5045 3234 5072 ⁸
3259 5035 3501 5105 quaedam
3533 5048 3665 5089 vero
3687 5048 3864 5104 gene-

2274 5131 2458 5185 raliter
2486 5138 2542 5185 et
2563 5130 2715 5185 nobis
2740 5139 2794 5183 et
2817 5131 2981 5184 vobis.
3016 5128 3180 5183 Nobis
3201 5139 3453 5194 namque,
3485 5125 3534 5178 id
3556 5135 3642 5178 est
3668 5127 3859 5179 servis

2272 5234 2406 5288 quos
2434 5228 2586 5289 pater
2613 5219 2701 5274 ille
2724 5220 2964 5283 familias,
2995 5233 3171 5272 rerum
3199 5217 3439 5270 omnium
3481 5215 3764 5280 dominus,
3799 5215 3866 5267 ad

2273 5311 2376 5366 hoc
2405 5311 2454 5365 in
2477 5326 2571 5366 sua
2620 5323 2808 5378 magna
2852 5309 3012 5363 domo
3052 5301 3349 5374 constituit,
3398 5315 3455 5359 ut
3485 5303 3691 5375 populo
3746 5305 3869 5373 ejus

2271 5403 2488 5458 verbum
2534 5403 2717 5471 gratize
2759 5401 3153 5465 ministremus,
3207 5399 3511 5469 specialiter
3558 5395 3873 5464 iniungitur

2276 5505 2472 5549 sanctae
2499 5493 2894 5563 prmdicationis
2914 5492 3146 5546 oﬂieium
3173 5510 3188 5543 τ
3231 5490 3554 5559 generaliter
3582 5504 3724 5543 vero
3769 5506 3873 5543 no-
3907 5481 3932 5504 ⁸

2240 5623 2249 5631 -
2281 5589 2360 5641 his
2391 5595 2441 5640 et
2469 5586 2642 5646 vobis,
2667 5585 2913 5638 salutaris
2937 5586 2963 5623 ιι
2993 5584 3242 5638 indicitur
3269 5581 3578 5638 obedientia
3627 5583 3871 5636 manda-

2346 5745 2577 5807 b_Basil.,
2604 5743 2908 5796 Saluatoris.
