4064 6358
289 493 390 549 ἨΙ
1639 565 1644 570 ,
1779 509 1848 564 SE

1951 512 2008 567 '0
2037 513 2076 568 T-
3442 545 3576 600 vss.

291 618 490 664 torum.
524 608 580 664 In
605 611 797 678 quibus
817 611 992 667 denuo
1009 612 1284 676 mandatis,
1325 625 1574 686 tanquam
1597 618 1873 676 ditissimis
1901 629 1942 683 Α
1977 625 2137 681 tritici
2157 629 2398 687 Christus
2430 647 2720 708 nuncupat,
2751 639 2786 709 ii
2805 654 2918 698 sam
2939 660 3244 702 mensuram
3269 649 3388 705 ﬁdei
3409 651 3546 709 Pan-

291 695 531 763 ferculis,
579 699 657 755 sic
712 701 1010 756 caelestium
1069 703 1378 760 deliciarum
1427 707 1582 778 copia
1621 709 1872 779 spiritalis
1971 714 2053 769 lus
2081 721 2350 788 appellat:
2381 733 2436 779 ut
2457 695 2807 796 agnos-camus
2844 695 2950 789 non
2990 736 3132 792 aliud
3159 754 3273 796 esse
3309 695 3548 813 spiritale

291 787 547 813 4-..L-_-n
620 799 671 813 --ι
725 792 772 813 ε..
809 792 966 813 __-_L_
1011 793 1104 813 “-9
1140 796 1212 813 μιη
1291 797 1306 813 1
1348 806 1360 813 .
1541 799 1556 813 ι
1707 800 1730 813 ιι
1797 812 1801 813 ,
2024 807 2036 813 -
2067 807 2078 813 -

288 787 577 853 exuberat,
620 799 677 844 ut
723 792 777 845 in
808 792 973 848 verbo
1011 793 1106 849 Dei
1133 796 1366 853 abundet
1414 799 1559 867 quod
1605 800 1873 870 perfectus
1971 787 2204 862 triticum
2232 827 2392 879 quam
2423 787 2740 874 Christiana:
2763 787 3214 882 fidei‘venerabile

286 881 559 947 comedat,
591 885 824 940 abundet
847 888 1006 941 etiam
1028 889 1172 958 quod
1203 893 1452 960 parvulus
1471 903 1645 963 sugat.
1677 896 1752 950 lbi
1789 904 1872 950 est
1970 902 2099 949 tum.
2134 897 2300 967 Hujus
2333 905 2491 959 tritici
2515 922 2818 964 mensuram
2847 913 2998 968 vobis
3024 915 3076 968 in
3095 881 3546 980 nomineDwoniiui

285 968 432 1022 enim
457 970 615 1024 simul
643 979 697 1026 et
727 972 930 1029 lacteus
951 987 1127 1045 potus,
1160 994 1267 1047 quo
1297 989 1479 1036 tenera
1506 982 1740 1038 fidelium
1771 1001 1869 1038 nu-

285 1055 481 1112 triatur
508 1056 759 1126 infantia,
791 1070 849 1127 et
877 1063 1079 1119 solidus
1107 1065 1278 1130 cibus,
1308 1082 1415 1136 quo
1445 1071 1662 1125 robusta
1688 1071 1865 1140 perfe-

281 1157 497 1206 cturum
535 1152 790 1221 juventus
839 1157 1096 1225 spiritalia
1138 1166 1337 1214 sanctas
1381 1162 1593 1216 virtutis
1639 1163 1868 1231 accipiat

201 1245 236 1268 '
284 1241 632 1298 incrementa.
665 1243 742 1299 lbi
769 1261 990 1316 prorsus
1027 1247 1093 1302 ad
1131 1248 1358 1305 salutem
1406 1252 1703 1306 consulitur
1749 1252 1869 1305 uni-

197 1326 200 1328 ’
283 1332 459 1385 versis
487 1347 622 1400 quos
650 1333 905 1390 Dominus
945 1335 1155 1391 salvare
1178 1338 1462 1406 dignatur;
1507 1341 1578 1395 ibi
1614 1349 1696 1397 est
1723 1340 1866 1412 quod

281 1420 435 1474 omni
463 1422 609 1476 tutati
639 1433 919 1492 congruat,
945 1425 1016 1480 ibi
1035 1426 1180 1494 quod
1209 1429 1356 1482 omni
1385 1417 1705 1498 professioni
1731 1447 1863 1487 cou-

283 1508 497 1575 veniat;
529 1511 601 1565 ibi
630 1513 874 1567 audimus
902 1524 1168 1584 pmcepta
1205 1531 1324 1586 qua:
1351 1518 1630 1584 faciamus,
1663 1520 1734 1574 ibi
1771 1537 1866 1576 co-

278 1602 589 1668 gnoscimus
617 1606 832 1674 praemia
854 1622 971 1676 qua:
991 1623 1298 1678 speremus;
1331 1611 1401 1666 ibi
1431 1620 1512 1666 est
1529 1613 1696 1681 jussio
1745 1631 1862 1684 qua:

279 1707 385 1748 nos
412 1709 510 1763 per
536 1695 767 1750 litteram
787 1697 978 1753 doceat
1002 1709 1057 1754 et
1085 1701 1317 1756 instruat
1344 1703 1411 1758 ad
1451 1705 1754 1773 scientiam;
1788 1709 1859 1763 ibi

277 1785 569 1852 promissio
617 1802 735 1856 quae
769 1804 866 1857 per
918 1792 1142 1859 gratiam
1174 1795 1351 1848 trahat
1383 1805 1452 1851 et
1498 1798 1750 1866 perducat
1791 1800 1857 1853 ad

275 1874 527 1942 gloriam.

1967 989 2182 1056 damus,
2212 995 2421 1063 quoties
2449 999 2728 1056 illuminati
2755 1004 2898 1060 dono
2924 1009 3108 1076 gratia:
3134 1013 3420 1081 spiritalis,
3455 1035 3543 1074 se-

1969 1081 2199 1136 cundum
2229 1088 2466 1154 regulam
2498 1107 2636 1146 verm
2665 1093 2784 1149 ﬁdei
2814 1096 3172 1168 disputamus;
3203 1113 3260 1159 et
3297 1111 3542 1166 eamdem

1969 1170 2126 1225 tritici
2157 1189 2458 1231 mensuram
2485 1193 2586 1249 per
2618 1181 2914 1242 dominicus
2961 1190 3358 1259 dispensatores
3401 1200 3543 1252 acci-

1967 1261 2112 1328 pitis,
2140 1279 2260 1319 cum
2290 1271 2531 1336 quotidie
2560 1288 2658 1342 per
2685 1275 2778 1330 Dei
2802 1278 3028 1336 famulos
3057 1285 3277 1340 verbum
3305 1290 3544 1346 veritatis

1965 1351 2180 1406 auditis.
2216 1354 2291 1408 Dc
2323 1357 2435 1425 ipsa
2483 1377 2623 1417 nunc
2668 1378 2796 1434 ergo
2852 1369 3011 1422 tritici
3061 1387 3309 1428 mensura
3355 1377 3542 1446 loqua-

1963 1458 2084 1497 mur
2111 1445 2205 1515 (at.
2240 1447 2548 1518 loquimur).
2581 1453 2658 1508 Ex
2688 1456 2823 1525 ipsa,
2855 1459 2989 1514 sicut
3021 1461 3161 1518 Deus
3189 1465 3395 1533 dividit,
3420 1445 3539 1523 uni-

1961 1533 2100 1586 versi
2123 1548 2424 1604 pascamur,
2466 1539 2588 1596 inde
2617 1544 2867 1600 alimenta
2888 1548 3040 1603 bona!
3077 1553 3199 1607 Viue
3244 1571 3540 1624 sumamus,

1962 1630 2020 1675 ut
2056 1623 2122 1677 ad
2170 1633 2382 1682 mternac
2420 1631 2542 1686 vitae
2572 1635 2789 1703 praemia
2836 1643 3117 1707 pervenire
3150 1646 3435 1714 possimus,
3483 1650 3543 1703 in

1960 1715 2105 1770 itlum
2128 1717 2427 1789 credentes,
2459 1723 2512 1777 in
2542 1725 2634 1780 illo
2655 1739 2950 1797 sperantes,
2982 1733 3128 1789 illum
3159 1750 3266 1805 pm
3290 1740 3564 1798 omnibus.

1957 1815 2013 1860 et
2036 1807 2086 1861 in
2116 1810 2362 1865 omnibus
2387 1811 2684 1883 diligentes,
2717 1819 2806 1886 qui
2843 1821 3074 1891 seipsum
3121 1826 3295 1894 nobis,
3337 1837 3392 1883 et
3437 1830 3533 1886 ali-

1959 1905 2199 1952 mentum
2230 1909 2444 1969 ptmstat
2472 1919 2541 1959 ne
2581 1904 2890 1963 deﬁciamus
2938 1910 2990 1965 in
3022 1912 3126 1978 via,
3160 1923 3214 1969 et
3256 1920 3532 1986 praemium

356 1965 514 2036 547
535 1966 588 2020 2.
618 1965 908 2024 Servorum
937 1971 1118 2040 igitur,
1140 1989 1276 2042 quos
1301 1976 1500 2044 populo
1521 1991 1616 2032 suo
1645 1993 1855 2047 praepo-
1891 1981 1932 2039 Β
1959 1997 2138 2041 servat
2172 1965 2246 2043 ut—
2283 1991 2608 2064 gaudeamus
2648 1995 2702 2049 in
2748 2000 2938 2067 patria.
2971 1965 3213 2059 Christus
3256 1965 3346 2061 lcst
3389 1965 3532 2064 enim

273 2055 388 2110 suit
416 2065 462 2122 ι,
488 2057 743 2115 Dominus
762 2061 994 2130 speciale
1015 2064 1198 2119 volens
1217 2064 1448 2122 cilicium
1464 2067 1853 2132 demonstrare,

271 2145 374 2211 ait,
400 2148 540 2214 quod
561 2163 629 2204 ex
657 2147 947 2219 Evangelia
983 2152 1147 2208 modo
1190 2157 1487 2212 audivimus
1520 2176 1532 2210 :
1559 2156 1684 2222 Quis
1706 2169 1856 2230 putas

269 2247 356 2290 est
383 2235 410 2274 ι’
448 2239 618 2308 ﬁdelis
657 2241 984 2311 dispensator
1021 2253 1072 2298 et
1111 2247 1363 2315 prudens,
1399 2266 1548 2319 quem
1594 2254 1857 2305 constituit

273 2326 532 2383 Dominus
559 2347 717 2401 supra
745 2333 1000 2402 familiam
1028 2352 1194 2400 suam,
1227 2347 1281 2390 ut
1311 2339 1395 2392 det
1415 2340 1518 2394 illis
1548 2343 1600 2394 in
1634 2350 1854 2412 tempore

269 2415 434 2470 tritici
461 2421 789 2482 mensuram?
808 2420 996 2476 Beatus
1023 2423 1110 2478 ille
1135 2441 1308 2480 servus
1337 2444 1501 2496 quem,
1525 2445 1637 2482 cum
1665 2432 1855 2485 venerit

269 2503 547 2572 Dominus,
569 2510 816 2563 invenerit
836 2513 908 2564 ita
937 2514 1209 2582 facientem
1241 2527 1261 2555 ο
1289 2517 1436 2583 (Luc.
1466 2533 1556 2583 xu,
1589 2519 1698 2589 15).
1723 2520 1851 2586 Quis

265 2603 360 2651 est
386 2597 487 2652 iste
532 2598 808 2668 Dominus,
852 2601 1076 2657 fratres?
1113 2603 1358 2660 Christus
1397 2607 1514 2662 sine
1542 2607 1724 2672 dubio,
1758 2611 1850 2680 qui

260 2686 383 2741 suis
409 2686 682 2758 discipulis
706 2691 782 2744 ait
813 2709 825 2744 :
867 2691 971 2746 Vos
1003 2696 1194 2748 vocatis
1240 2713 1320 2750 me
1357 2696 1612 2767 Magister
1657 2709 1706 2752 et
1749 2700 1854 2755 Do-

263 2776 438 2840 mine;
487 2785 536 2831 et
578 2777 704 2832 bene
738 2781 948 2834 dicitis:
997 2798 1108 2836 sum
1146 2785 1333 2837 etenim
1378 2785 1554 2849 (Joan.
1591 2802 1702 2854 xm,
1735 2787 1844 2856 15).

258 2863 399 2931 Quae
426 2875 507 2922 est
533 2869 696 2922 etiam
727 2869 884 2939 hujus
924 2872 1131 2926 Domini
1175 2874 1408 2928 familia?
1454 2875 1712 2931 Nimirum
1758 2879 1850 2932 illa

257 2963 352 3009 est
376 2971 534 3026 quam
563 2958 676 3028 ipse
704 2960 960 3016 Dominus
993 2962 1060 3016 de
1087 2977 1248 3018 manu
1291 2965 1490 3021 inimici
1518 2967 1764 3035 redemit,
1795 2975 1849 3022 et

254 3060 365 3100 suo
383 3046 619 3103 dominio
648 3050 986 3121 mancipavit.
1030 3050 1154 3107 Ηωθ
1195 3062 1374 3108 autem
1420 3054 1617 3109 familia
1663 3066 1846 3112 sancta

254 3147 350 3193 est
378 3137 616 3196 Ecclesia
645 3143 930 3206 catholica,
962 3159 1081 3214 qua:
1108 3160 1206 3214 per
1229 3146 1415 3200 orbem
1440 3155 1597 3202 terrae
1626 3150 1846 3218 copiosa

256 3225 540 3294 fertilitate
567 3230 899 3300 diffunditur,
943 3242 997 3288 et
1042 3233 1372 3304 redemptam
1407 3251 1465 3292 se
1493 3239 1732 3306 pretioso
1761 3240 1842 3294 sui

1957 2076 2266 2131 alimentum
2298 2087 2557 2147 nostrum,
2585 2081 2827 2140 Christus
2850 2088 2951 2141 erit
2973 2092 3246 2158 praemium
3270 2102 3530 2164 nostrum,

1957 2157 2197 2223 Christus
2217 2177 2300 2222 est
2327 2169 2478 2224 cibus
2502 2180 2558 2225 et
2575 2175 2874 2230 consolatio
2894 2157 3225 2235 currentium
3243 2157 3531 2255 viatorum,
3557 2243 3561 2247 ,

1957 2257 2070 2324 ipse
2091 2258 2252 2329 δάε
2273 2260 2496 2315 satietas
2522 2259 2542 2298 ί
2592 2270 2644 2317 et
2675 2265 2961 2322 exsultatio
2989 2269 3374 2336 quiescentium
3405 2273 3533 2329 bea-

1957 2357 2150 2401 torum.
2201 2349 2281 2402 Ad
2326 2350 2493 2419 ipsam
2535 2351 2719 2422 itaque
2748 2355 2905 2410 tritici
2951 2373 3255 2415 mensuram
3299 2362 3533 2431 pertinet

1953 2437 2095 2503 quod
2137 2437 2394 2492 Dominus
2431 2441 2542 2494 ait:
2587 2441 2805 2497 Vendite
2834 2462 2948 2516 qua:
2984 2450 3280 2516 possidetis,
3325 2462 3376 2508 et
3411 2453 3531 2507 date

1953 2525 2360 2596 eleemosynam;
2411 2529 2566 2598 facite
2604 2530 2740 2585 vobis
2782 2536 3017 2588 sacculos
3062 2538 3149 2607 qui
3195 2555 3298 2592 non
3335 2550 3530 2594 retera-

1951 2625 2118 2680 scunt,
2152 2617 2441 2670 thesaurum
2470 2635 2570 2673 non
2593 2621 2910 2690 deﬁcientem
2940 2625 2992 2677 in
3013 2627 3172 2692 caelis,
3201 2644 3299 2697 quo
3320 2630 3406 2699 fur
3425 2646 3530 2686 non

1952 2706 2243 2774 apprOpiat,
2300 2723 2459 2777 neque
2513 2709 2653 2762 tinea
2711 2713 2990 2776 corrumpit
3046 2713 3203 2783 (Luc.
3262 2732 3353 2780 xu,
3412 2717 3554 2788 55)..

1952 2791 2195 2859 Magnum
2219 2793 2418 2848 bonum
2446 2803 2549 2860 est,
2593 2795 2786 2852 fratres
2823 2801 3154 2866 carissimis,
3198 2805 3354 2861 valde
3396 2821 3529 2862 con-

1948 2895 2157 2950 gruum,
2212 2884 2364 2939 valde
2416 2887 2788 2954 commodum,
2839 2897 2894 2943 et
2938 2894 3168 2946 maxime
3210 2893 3554 2953 Christianis,

1947 2973 2194 3028 omnibus
2239 2975 2616 3043 appetendum,
2645 2989 2704 3031 ut
2749 2981 3112 3050 unusquisque
3139 2981 3370 3041 deiicere
3419 3004 3526 3044 non

1947 3063 2245 3119 delectetur
2272 3066 2325 3119 in
2356 3064 2525 3135 pejus,
2568 3065 2662 3124 sed
2691 3083 2880 3124 omnes
2923 3071 3183 3140 proiicere
3220 3075 3530 3132 studeamus

1949 3154 2002 3206 in
2024 3153 2233 3210 melius.
2953 3222 2966 3234 .

2017 3240 2071 3294 4.
2102 3241 2336 3298 Arbores
2363 3259 2565 3310 sumus,
2598 3246 2808 3311 fratres,
2841 3248 2894 3302 in
2929 3262 3058 3318 agro
3087 3251 3358 3309 dominico
3397 3270 3530 3310 con-

253 3317 475 3380 Domiui
501 3321 762 3388 sanguine
781 3321 1059 3390 gloriatur.
1091 3321 1260 3377 Filius
1279 3327 1414 3378 enim
1436 3327 1674 3392 hominis,
1703 3330 1842 3385 sicut
1867 3333 1910 3392 C
1942 3330 2160 3385 stitutm.
2189 3331 2329 3387 Deus
2349 3341 2430 3387 est
2450 3343 2627 3389 autem
2651 3346 2836 3391 noster
2856 3317 3088 3406 agricola
3115 3359 3129 3395 :
3156 3341 3244 3396 ille
3264 3358 3362 3398 nos
3380 3358 3528 3399 com-

255 3408 378 3478 ipse
405 3409 499 3475 ait,
524 3413 660 3464 venit
680 3428 780 3465 non
807 3415 1116 3481 ministrari,
1145 3415 1235 3469 sed
1255 3418 1551 3472 ministrare
1567 3420 1612 3483 ά,
1641 3431 1689 3473 et
1717 3421 1844 3475 dare

249 3499 491 3552 animam
535 3516 684 3554 suam
729 3503 1128 3574 redemptionem
1156 3523 1249 3574 pro
1273 3508 1446 3561 multis
1497 3509 1710 3578 (Matth.
1752 3527 1841 3574 xx,

251 3585 372 3658 28).
410 3598 433 3626 ι
455 3589 574 3658 Ipse
601 3598 682 3645 est
708 3592 869 3647 etiam
901 3592 1090 3648 Pastor
1111 3595 1284 3652 bonus
1311 3598 1401 3665 qui
1432 3598 1663 3652 animam
1693 3616 1842 3654 suam

253 3682 442 3751 posuit
461 3698 560 3752 pro
581 3684 770 3739 ovibus
789 3677 925 3740 suis.
958 3684 1100 3740 Grex
1130 3702 1258 3756 ergo
1286 3689 1411 3743 boni
1457 3691 1690 3746 Pastoris
1729 3691 1843 3760 ipsa

252 3782 342 3828 est
370 3772 572 3828 familia
603 3773 996 3846 Redemptoris.
1029 3776 1379 3849 Dispensator
1424 3797 1553 3837 vero
1594 3782 1714 3851 quis
1753 3785 1842 3848 sit,

250 3878 418 3932 quem
447 3875 660 3934 oportet
680 3881 799 3924 esse
819 3867 1029 3924 ﬁdelem
1047 3871 1246 3938 pariter
1271 3879 1325 3925 et
1344 3872 1682 3941 prudentem,
1705 3873 1844 3929 Pau-

250 3951 339 4008 lus
367 3954 526 4010 nobis
553 3957 787 4010 ostendit
809 3957 1103 4027 apostolus,
1135 3960 1226 4029 qui
1256 3958 1321 4015 de
1341 3975 1400 4015 se
1440 3963 1656 4032 suisque
1683 3965 1842 4018 sociis

250 4044 486 4113 loquens
529 4047 650 4100 ait:
685 4047 773 4101 Sic
821 4065 916 4102 nos
966 4051 1220 4103 existimet
1270 4051 1419 4105 homo
1472 4062 1526 4105 ut
1579 4055 1842 4109 ministros

249 4135 452 4192 Christi
467 4146 518 4191 et
537 4139 916 4208 dispensatores
938 4144 1293 4212 mysteriorum
1316 4142 1432 4197 Dei.
1459 4142 1560 4198 Hic
1577 4145 1691 4215 jam
1710 4163 1842 4216 qucu-

251 4228 390 4281 ritur
427 4229 560 4282 inter
589 4229 989 4301 dispensatores,
1027 4242 1083 4287 ut
1118 4234 1288 4304 ﬁdelis
1315 4237 1428 4306 quis
1468 4239 1757 4292 inveniatur
1786 4239 1842 4307 (I

253 4316 375 4372 Cor.
413 4334 484 4383 tv,
517 4318 566 4384 l,
592 4320 668 4389 2).

323 4406 378 4460 5.
406 4406 484 4461 Ne
511 4410 630 4476 qu's
659 4418 835 4464 autem
862 4419 1101 4466 nostrum
1129 4414 1272 4467 solos
1310 4415 1581 4482 apostolos
1628 4415 1839 4483 dispen-

250 4511 466 4552 satores
495 4497 663 4552 factos
685 4486 973 4563 existimet,
998 4501 1349 4570 neglectaque
1371 4503 1571 4556 militia:
1590 4502 1842 4571 spiritalis

249 4585 455 4651 oflicio,
489 4601 675 4642 servus
703 4589 856 4657 piger
885 4589 1167 4644 inlldeliter
1198 4591 1671 4661 imprudenterque
1712 4592 1839 4646 dor-

1946 3421 2100 3490 pluit,
2132 3422 2222 3476 ille
2249 3423 2396 3489 colit,
2432 3424 2547 3493 ipse
2591 3425 2974 3484 fecunditatem
3011 3431 3213 3495 donat,
3255 3435 3370 3502 ipse
3416 3434 3526 3507 fru:

1943 3509 2209 3564 ctilicaudi
2228 3512 2455 3580 gratiam
2476 3514 2863 3570 subministrat.
2901 3516 3084 3573 Pluvia
3114 3519 3207 3574 Dei
3229 3529 3313 3575 est
3345 3536 3526 3578 sermo

1942 3607 2138 3654 sancta:
2177 3602 2590 3670 prtedicationis,
2623 3605 2832 3660 cultura
2881 3607 2976 3661 Dei
3002 3615 3084 3662 est
3113 3608 3308 3665 infusio
3337 3612 3523 3680 gratia:

1943 3689 2216 3758 spiritalis.
2252 3690 2392 3746 Deus
2420 3692 2580 3760 igitur
2609 3703 2880 3763 prmcepto
2913 3710 3012 3750 nos
3046 3698 3324 3766 compluit,
3366 3699 3520 3768 adju-

1943 3780 2083 3834 torio
2107 3780 2258 3834 colit.
2291 3781 2426 3835 Dum
2455 3784 2732 3854 compluit,
2758 3785 2930 3840 aufert
2953 3801 2984 3839 a
3013 3787 3167 3843 nobis
3209 3789 3524 3856 ignorantia:

1943 3868 2266 3935 siccitatem;
2299 3869 2428 3924 dum
2464 3872 2614 3941 colit,
2645 3873 2783 3929 bene
2824 3875 3035 3929 vivendi
3059 3877 3341 3932 condonat
3359 3880 3525 3934 uber-

1942 3964 2134 4024 tatem;
2169 3957 2294 4013 dum
2337 3961 2490 4030 pluit,
2519 3971 2716 4017 terram
2747 3965 2917 4019 nostri
2938 3966 3114 4020 cordis
3156 3967 3371 4034 irrigat;
3395 3968 3524 4024 dum

1942 4037 2070 4102 vero
2097 4049 2243 4114 colit,
2275 4052 2343 4105 de
2374 4053 2486 4121 ipsa
2517 4060 2659 4108 terra
2689 4055 2870 4123 spinas
2900 4063 2956 4109 et
2984 4055 3210 4113 tribulos
3239 4057 3522 4113 mundana:

1942 4139 2248 4208 cupiditatis
2270 4144 2546 4212 exstirpat.
2595 4143 2860 4199 Debemus
2891 4146 3070 4214 itaque
3119 4146 3389 4204 fecundari
3416 4166 3528 4208 cm-

1945 4227 2166 4283 lestibus
2192 4229 2404 4298 pluviis,
2436 4231 2691 4287 debemus
2717 4247 2951 4302 congrua
2971 4235 3381 4293 fructiﬁcatione
3408 4254 3524 4294 ma-

1945 4321 2101 4375 nibus
2126 4323 2699 4393 supernirespondere
2726 4325 2968 4383 cultoris.
2998 4325 3067 4380 Et
3095 4328 3138 4382 si
3161 4344 3272 4382 non.
3299 4340 3529 4398 possunt

1943 4425 2133 4465 omnes
2172 4411 2395 4466 arbores
2434 4413 2669 4481 aequales
2691 4411 2894 4468 fructus
2923 4413 3136 4476 afferre.
3171 4417 3314 4470 nulla
3345 4426 3524 4473 tamen

1941 4500 2103 4554 debet
2131 4500 2184 4553 in
2215 4513 2343 4567 agro
2371 4499 2641 4556 dominico
2669 4502 2866 4556 sterilis
2894 4517 3230 4570 permanere.

2015 4588 2066 4642 5.
2100 4589 2322 4644 Multum
2352 4591 2635 4646 metuenda
2674 4592 2828 4646 nobis
2864 4600 2967 4659 est,
3001 4592 3229 4658 fratres,
3265 4593 3352 4648 ilia
3399 4611 3526 4651 sen-

247 4678 432 4745 mitet,
462 4679 575 4748 ipse
602 4680 790 4734 beatus
822 4681 1110 4749 Apostolus
1151 4683 1432 4753 episcopos
1470 4698 1684 4752 quoque
1729 4684 1836 4736 dis-
1868 4689 1916 4748 Ῑ)
1941 4677 2106 4731 tentia
2133 4678 2532 4745 comminantis,
2573 4694 2677 4747 qua
2717 4679 2949 4734 dicitur:
2987 4679 3170 4735 Omnis
3209 4683 3366 4739 arbor
3409 4701 3525 4756 qua

247 4779 574 4840 pensatores
596 4785 715 4826 esse
736 4772 1048 4840 ostendens,
1081 4775 1152 4827 ait
1179 4791 1191 4826 :
1227 4773 1440 4844 Oportet
1478 4775 1614 4826 enim
1643 4775 1841 4842 episco-

247 4879 374 4933 pum
405 4862 518 4915 sine
545 4864 758 4917 crimine
777 4880 906 4928 esse,
929 4866 1060 4917 sicut
1090 4863 1185 4917 Dei
1214 4865 1617 4934 dispensatorem
1652 4863 1776 4933 (Tit.
1804 4879 1839 4929 ι,

249 4952 330 5020 7).
380 4951 536 5006 Servi
571 4966 700 5020 ergo
741 4954 906 5023 patris
943 4952 1173 5008 familias
1199 4969 1381 5008 sumus
1405 4993 1419 5019 ,
1448 4954 1844 5023 dispensatores

246 5041 469 5098 Domini
497 5058 700 5108 sumus,
730 5059 1032 5098 mensuram
1077 5043 1238 5097 tritici
1282 5058 1441 5112 quam
1470 5044 1620 5098 vobis
1649 5056 1836 5109 eroge-

244 5147 372 5187 mus
396 5133 722 5202 accepimus.
758 5132 886 5199 Quae
915 5148 1043 5188 vero
1074 5135 1143 5188 sit
1181 5134 1282 5188 ista
1309 5149 1557 5188 mensura
1587 5133 1747 5188 tritici
1792 5133 1836 5186 si

244 5237 578 5292 quiet-amns,
611 5224 778 5292 ipsam
805 5238 1021 5293 quoque
1062 5223 1214 5278 nobis
1251 5223 1440 5278 beatus
1467 5222 1663 5278 Paulus
1709 5238 1840 5292 apo-

244 5313 428 5368 stolus
457 5314 693 5368 ostendit
717 5313 932 5370 dicens:
985 5312 1270 5385 Unicuique
1314 5317 1444 5367 sicut
1486 5313 1625 5367 Deus
1672 5314 1841 5367 divisit

245 5419 556 5458 mensuram
582 5404 704 5472 fidei
735 5403 908 5472 (Rom.
943 5420 1033 5462 xu,
1068 5404 1142 5471 5).
1183 5404 1354 5470 Quam
1383 5415 1510 5470 ergo
1539 5417 1844 5456 mensuram

331 5593 353 5620 ⁸
387 5583 578 5651 Basil.,
609 5587 889 5653 proposuit.

331 5655 357 5691 δ
388 5653 576 5723 Basij.,
610 5653 858 5717 Quisnam
886 5665 980 5710 est.

333 5735 355 5758 ι’
389 5722 482 5777 Sic
515 5721 628 5791 ms.
660 5723 812 5778 Coll).
863 5735 917 5779 et
968 5726 1116 5791 Aut.,
1159 5730 1309 5789 juxta
1355 5731 1557 5776 textum
1599 5721 1841 5791 Grmcmn

251 5791 540 5860 Evangelii
570 5789 624 5845 ct
654 5793 805 5861 Vulg.
844 5811 978 5848 vers.
1012 5789 1165 5848 Luem
1197 5810 1286 5855 xu,
1313 5793 1398 5846 45.
1435 5793 1492 5843 At
1529 5791 1646 5844 edd.
1677 5789 1841 5855 Mog,

240 5863 456 5938 Colon.
489 5870 543 5916 et
572 5861 729 5915 Basil.
743 5906 756 5926 ,
772 5865 1098 5938 riqjluntem.
1305 5934 1344 5938 __
1486 5933 1494 5938 _
1630 5932 1639 5938 _
1807 5929 1816 5938 η

333 5935 355 5967 ·¹
390 5929 628 6000 Moguut.
675 5942 726 5986 et
763 5929 975 5998 Colon,
1037 5951 1135 5987 non
1176 5933 1520 6003 manifestari,
1552 5932 1639 6020 sed
1679 5929 1842 5982 mani-

1945 4786 2048 4822 uon
2073 4770 2199 4838 facit
2227 4771 2448 4840 fructum
2477 4771 2662 4823 bonum
2693 4771 2973 4837 excidetur,
2997 4781 3044 4826 et
3073 4775 3127 4826 in
3157 4776 3326 4844 ignem
3354 4775 3525 4830 mitto!-

1946 4870 2028 4913 tur
2049 4859 2260 4928 (Matth.
2296 4876 2372 4927 ιιι,
2406 4859 2516 4931 10).
2547 4860 2700 4926 Quod
2729 4863 2774 4916 si
2801 4863 3058 4917 sterilitas
3097 4863 3152 4918 in
3190 4864 3364 4932 ignem
3399 4866 3525 4920 mit-

1944 4950 2089 5013 titur,
2123 4950 2396 5019 rapacitas.
2419 4950 2544 5019 quid
2575 4954 2848 5006 meretur?
2882 4952 2988 5006 Aut
3007 4952 3138 5021 quid
3163 4955 3390 5024 recipiet
3431 4956 3526 5024 qui

1944 5039 2178 5093 alienum
2229 5039 2429 5105 tulerit,
2477 5041 2525 5095 si
2569 5057 2785 5111 semper
2811 5043 3020 5097 ardebit
3047 5045 3137 5113 qui
3165 5043 3231 5100 de
3278 5060 3377 5100 suo
3416 5061 3525 5101 non

1944 5128 2189 5183 dederit?
2217 5127 2284 5183 Et
2305 5130 2349 5184 si
2370 5128 2630 5197 judicium
2654 5131 2770 5185 sine
2792 5131 3157 5188 misericordia
3185 5135 3290 5188 erit
3329 5135 3405 5188 illi
3430 5136 3526 5203 qui

1945 5239 2051 5277 non
2079 5221 2205 5278 fecit
2233 5223 2326 5292 (at.
2353 5223 2500 5291 facit)
2531 5224 2952 5278 misericordiam
2980 5224 3118 5295 (Jac.
3147 5241 3205 5293 ιι,
3230 5225 3342 5294 15),
3364 5224 3526 5294 quale

1942 5311 2201 5380 judicium
2223 5312 2326 5366 erit
2356 5311 2430 5365 illi
2459 5311 2550 5380 qui
2594 5311 2780 5367 fecerit
2808 5321 2865 5366 et
2900 5315 3180 5383 rapinam?
3222 5313 3525 5370 Timeamus

1952 5414 2111 5469 ergo,
2149 5399 2382 5466 fratres,
2430 5401 2714 5457 timeamus
2765 5411 2920 5457 actus
2976 5411 3211 5458 nosti-ns.
3258 5400 3527 5460 Obediens

1969 5593 2152 5634 'estare.

1947 5584 2408 5705 fesztll'ieesunthaec
2450 5650 2503 5704 in
2529 5649 2689 5718 Mog,
2723 5650 2912 5706 Colon.
2953 5659 3007 5705 et
3052 5648 3210 5704 Basil‘.
3256 5647 3525 5716 Leguntur

1949 5722 2000 5775 in
2032 5737 2130 5774 ms.
2163 5731 2216 5774 ct
2245 5721 2369 5772 Ant.

2025 5791 2040 5828 ί
2075 5791 2220 5852 Ant.,
2253 5791 2363 5855 ipsa
2378 5798 2452 5842 est
2473 5791 2699 5843 satietas.

2025 5871 2046 5904 π
2079 5861 2222 5925 Ant.,
2259 5863 2446 5930 fratres
2476 5875 2522 5910 m
2560 5865 2594 5910 ι.
