4064 6358
577 478 680 535 723
1601 469 1655 523 S.
1699 465 2062 522 FULGENTII
2099 464 2395 520 EPlSCOPl
2435 465 2804 524 RUSPENSIS
3720 449 3821 503 794

575 591 789 648 Christo
844 589 1036 647 vendat
1063 602 1178 657 quae
1217 585 1450 655 possidet
1487 593 1542 638 et
1586 583 1980 653 eleemosynam
2027 579 2138 642 det,
2169 583 2213 637 A
2245 578 2375 632 ralia
2424 580 2694 650 prteferat,
2744 593 2902 634 nemo
2933 585 3145 630 terrena
3178 570 3482 627 cmlestibus
3508 576 3819 634 anteponat.

574 690 634 735 ut
661 682 728 736 de
757 690 898 735 terra
928 694 1023 734 cor
1047 677 1112 730 ad
1134 676 1328 731 ccelum
1357 675 1517 738 levet,
1551 682 1610 727 ut
1633 675 1908 727 avaritiam
1946 671 2138 735 calcet,
2245 671 2582 727 Thesaurum
2611 679 2878 736 nostrum,
2929 666 3142 731 fratres,
3181 665 3232 717 in
3263 661 3412 717 cuilis
3437 671 3728 728 ponamus,
3766 662 3820 708 ut

575 783 633 826 ut
656 771 722 827 ad
771 769 1111 840 perfectionis
1163 767 1380 823 culmen
1421 773 1533 820 tota
1587 764 1803 818 mentis.
1843 762 2142 816 intentione
2243 764 2404 817 etiam
2429 778 2524 818 cor
2545 769 2787 817 nostrum
2811 759 2864 813 in
2885 757 3036 813 cretis
3061 755 3262 808 habere
3283 750 3566 821 possimus.
3589 746 3818 800 Necesse

576 835 820 927 festinet,
843 869 900 916 ut
929 875 1036 914 non
1082 859 1153 913 sit
1191 858 1454 913 sollicitus
1481 872 1600 926 qua:
1644 865 1769 910 sunt
1815 855 2027 917 mundi,
2048 853 2141 907 sed
2242 863 2326 908 est
2350 854 2493 908 enim
2517 860 2575 906 ut
2597 865 2706 921 quo
2726 846 3058 920 prtecesserit
3086 841 3389 899 dilectionis
3416 840 3723 900 thesaurus,
3753 835 3817 889 il-

569 967 692 1021 quae
722 925 850 1014 sunt
872 949 1084 1005 Domini
1110 949 1203 1016 (at.
1247 948 1396 1016 Dei);
1433 925 1770 1002 utimundum
1819 946 1918 1000 sibi
1965 944 2140 998 cruci~
2245 944 2330 998 luc
2356 942 2514 996 etiam
2537 939 2878 1009 cogitationis
2901 942 3158 1006 sequatur
3186 930 3425 985 affectus.
3457 927 3585 982 Ideo
3611 925 3820 980 Veritas

567 1019 741 1096 fixum
761 1041 978 1110 habent,
1003 1055 1170 1108 seque
1198 1039 1395 1093 mundo
1420 1035 1734 1092 crucifixum
1780 1035 2059 1098 exhibeat;
2087 1041 2143 1086 ut
2243 1033 2317 1086 ait
2349 1050 2360 1084 :
2398 1031 2508 1102 Ubi
2525 1032 2662 1084 enim
2692 1029 2969 1081 thesaurus
2985 1034 3148 1078 vester
3175 1028 3270 1084 est,
3301 1019 3370 1072 ibi
3392 1028 3441 1071 et
3481 1034 3570 1071 cor
3601 1024 3818 1068 uestrum

557 1128 638 1212 sit
693 1108 1157 1204 o‘mniuo'pauper
1196 1130 1251 1183 in
1297 1129 1492 1184 saeculo
1521 1114 1576 1182 et
1618 1126 1768 1180 dives
1814 1127 1872 1178 in
1902 1123 2136 1178 Christo.
2242 1121 2576 1192 crit(Matth.
2607 1136 2678 1183 vs,
2707 1118 2827 1187 21).
2854 1116 2925 1170 Ut
2951 1129 3079 1182 ergo
3102 1116 3154 1168 in
3176 1111 3329 1167 caelis
3377 1108 3814 1169 thesaurizemus,

517 1287 538 1297 _
553 1207 702 1300 ﬂuis
732 1195 1096 1292 ignoretbOui
1125 1219 1288 1288 hujus
1311 1218 1764 1287 magnitudinem?
2244 1211 2484 1266 ctelestia
2506 1210 2806 1277 diligamus.
2830 1206 2924 1260 Vis
2948 1217 3106 1259 nosse
3121 1202 3210 1256 ubi
3226 1195 3818 1254 thesaurizas?attende

633 1313 696 1368 ’6,
734 1313 981 1369 Videmus
1009 1282 1216 1377 autem,
1238 1327 1343 1365 non
1367 1282 1614 1372 omnibus
1637 1309 2034 1364 vendendarum
2064 1323 2143 1362 re.
2243 1300 2370 1369 quid
2399 1313 2564 1353 amas.
2597 1297 2691 1352 Vis
2721 1309 2882 1350 nosse
2909 1292 3038 1362 quid
3065 1291 3246 1344 amas?
3285 1287 3500 1342 attende
3525 1285 3655 1354 quid
3681 1282 3818 1351 cogi-

513 1418 520 1429 ·
565 1388 690 1481 rum
720 1420 946 1461 suarum.
965 1405 1140 1458 inesse
1171 1404 1440 1457 virtutem.
1477 1401 1832 1475 Unusquisque
1857 1402 1997 1456 enim
2021 1417 2141 1470 pro-
2244 1399 2344 1446 tas.
2372 1390 2450 1444 Ita
2471 1390 2562 1444 tiet
2581 1397 2640 1442 ut
2665 1389 2970 1442 thesaurum
3013 1392 3158 1437 tuum
3185 1397 3253 1436 ex
3273 1389 3367 1434 tuo
3397 1391 3578 1432 amore
3615 1388 3817 1442 cogno'

572 1495 741 1561 prium
770 1493 916 1548 liabet
957 1480 1146 1548 donum
1174 1509 1238 1545 ea:
1267 1491 1396 1554 Deo,
1425 1473 1563 1545 alius;
1587 1462 1761 1544 autem.
1792 1492 1865 1544 sic
1902 1490 1991 1562 (ΙΙ
2018 1462 2138 1546 Cor.
2248 1495 2394 1544 scas.
2427 1489 2479 1532 Cl
2509 1491 2746 1530 ³111οΓοω
2769 1483 2919 1528 “lum
2951 1471 3202 1526 Ῐηάίθίυηι
3233 1477 3337 1522 "ne
3367 1463 3713 1533 εοῧίῑλῑίοηίε
3742 1462 3816 1514 in'

573 1551 666 1648 vn,
692 1585 777 1654 _7).
807 1584 948 1640 Ecce
974 1585 1078 1639 hoc
1105 1592 1212 1637 tam
1240 1551 1486 1650 magnum
1515 1584 1714 1637 bonum
1744 1551 1964 1652 implere
1985 1583 2142 1650 pauci
2245 1569 2474 1638 telligas.
2492 1565 2794 1624 Ostendens
2812 1573 2990 1617 autem
3018 1560 3273 1614 Dominus
3295 1555 3564 1626 quomodo
3589 1553 3644 1606 in
3671 1551 3818 1606 ccelis

573 1667 818 1743 possunt,
846 1674 997 1728 multi
1026 1689 1132 1728 non
1156 1643 1397 1742 possunt.
1424 1671 1673 1740 Nunquid
1701 1643 2032 1740 quia-pauch
2048 1672 2145 1726 do-
2245 1658 2606 1713 thesaurizare
2623 1655 2908 1725 possimus,
2928 1652 3004 1707 ait
3035 1669 3046 1702 :
3076 1651 3195 1705 Sint
3223 1647 3382 1701 lumbi
3410 1646 3563 1698 vestri
3594 1643 3817 1713 ρτωεὶιι-

575 1740 736 1821 natur
765 1767 864 1820 ista
893 1740 1174 1835 perfectio,
1232 1771 1517 1834 propterea
1547 1762 1744 1817 debent
1781 1777 1899 1817 esse
1926 1763 2142 1831 pessimi

1781 1777 1899 1817 esse
1926 1763 2142 1831 pessimi
2246 1756 2334 1819 cti,
2363 1764 2411 1807 et
2438 1754 2659 1806 lucernae
2679 1749 2920 1803 ardentes
2949 1744 3098 1817 (Luc.
3129 1759 3226 1808 ιιι,
3259 1740 3373 1811 55).

577 1856 884 1924 quicunque
929 1855 1159 1944 inibono
1204 1854 1440 1908 nondum
1477 1862 1702 1923 possunt
1729 1868 1848 1909 esse
1877 1854 2144 1924 perfecti?

2319 1863 2370 1916 9.
2413 1862 2468 1916 Si
2499 1862 2657 1915 istum
2684 1857 2895 1914 Domini
2934 1868 3235 1929 sermonem
3264 1849 3553 1906 secundum
3584 1847 3822 1900 litteram

576 1943 824 2013 Νυηίίυίά
853 1927 1138 2014 ΡΥοΡίθτθίὶ
1159 1942 1489 1998 Christian“
1509 1942 1668 1997 debe‘
1688 1943 1816 1997 νίῑίο
1842 1943 2147 2012 "Damalis
2176 1935 2223 1994 Β
2246 1953 2472 2007 velimus
2493 1949 2761 2019 accipere,
2789 1947 2918 2001 nihil
2947 1947 2999 2000 in
3029 1960 3098 1999 eo
3123 1926 3403 1998 commodi
3417 1938 3674 2009 spiritalis
3693 1952 3823 2006 pos-

577 2039 844 2102 insistere,
874 2038 999 2106 quia
1029 2036 1169 2092 forte
1196 2036 1432 2091 nondum
1458 2044 1638 2104 potest
1665 2049 1853 2089 omnes
1891 2051 1979 2089 res
2024 2049 2149 2089 suas
2248 2055 2430 2097 sumus
2453 2037 2714 2092 invenire.
2746 2035 2884 2100 Quid
2913 2033 3060 2089 enim
3086 2031 3110 2070 b
3137 2027 3346 2100 proﬁcit
3367 2027 3436 2082 ad
3463 2027 3654 2081 anima:
3682 2024 3820 2080 salu.

577 2128 901 2200 pauperibus
924 2127 1184 2194 erogare?
1212 2125 1318 2179 Aut
1354 2125 1477 2179 ideo
1524 2125 1684 2179 debet
1733 2125 1905 2180 aliena
1951 2141 2148 2180 concu-
2248 2137 2376 2193 tem,
2422 2130 2478 2182 si
2514 2126 2705 2194 aliquis
2751 2123 3125 2193 corporaliter,
3155 2129 3248 2173 aut
3286 2119 3494 2172 lumbos
3509 2114 3818 2184 przecingat,

579 2219 808 2290 piscere,
839 2220 963 2287 quia
992 2218 1209 2287 propria
1252 2217 1478 2271 necdum
1527 2224 1705 2284 potest
1752 2217 1973 2271 omnino
2019 2233 2149 2271 con-
2249 2218 2636 2274 autlucernam
2676 2213 2969 2268 accendat»?
2991 2211 3108 2264 Alia
3138 2225 3268 2279 ergo
3291 2209 3343 2260 in
3371 2205 3667 2275 praecinctis
3692 2203 3818 2255 lum-

580 2313 854 2369 temnere?
886 2311 1036 2365 Absit
1061 2311 1183 2375 hoc,
1213 2310 1423 2372 fratres,
1447 2309 1514 2362 ab
1536 2309 1784 2364 omnibus
1803 2308 2146 2374 Christianis;
2247 2310 2331 2364 bis
2353 2315 2409 2362 et
2431 2305 2664 2361 lucernis
2692 2303 3002 2358 ardentibus
3027 2298 3312 2369 quzerenda
3342 2305 3421 2352 est
3467 2293 3816 2366 intelligentia

582 2411 792 2458 avertat
817 2404 921 2458 hoc
949 2402 1093 2458 Deus
1115 2417 1145 2454 a
1170 2401 1411 2456 fidelibus
1431 2401 1558 2455 suis.
1586 2401 1871 2470 Apostolus
1891 2403 2032 2456 enim
2057 2417 2150 2457 ve-
2249 2396 2527 2467 spiritalis,
2558 2409 2678 2463 quae
2706 2393 2920 2448 scilicet
2938 2392 3118 2447 divino
3145 2389 3216 2443 sit
3237 2378 3508 2458 praecepto
3535 2385 3818 2450 condigna,

580 2495 774 2550 racitcr
801 2495 929 2548 dicit
958 2492 1082 2562 quia
1119 2507 1280 2562 neque
1311 2492 1475 2557 avari,
1499 2507 1657 2560 neque
1680 2508 1910 2560 rapaces,
1940 2509 2151 2562 regnum
2249 2502 2367 2555 qua:
2409 2493 2604 2549 nostra:
2651 2483 2811 2543 saluti
2836 2497 3071 2551 congrua
3103 2480 3403 2549 reperiatur
3431 2485 3486 2530 et
3515 2473 3818 2536 commoda.

580 2585 678 2638 Dei
698 2584 1027 2653 possidebunt
1058 2581 1111 2642 ,Ι
1139 2580 1258 2634 Car.
1292 2596 1361 2644 vt,
1393 2579 1472 2645 9).
1503 2579 1836 2644 Manifestum
1866 2591 1946 2636 est
1975 2591 2152 2637 autem
2250 2579 2434 2646 Neque
2455 2577 2598 2630 enim
2628 2576 2825 2628 frustra
2853 2572 3084 2643 quodam
3125 2572 3245 2626 loco
3274 2571 3388 2639 ipse
3417 2568 3672 2621 Dominus
3702 2565 3774 2617 ait
3803 2582 3819 2614 :

581 2676 707 2743 quia
743 2689 928 2728 omnes
956 2673 1047 2741 qui
1075 2687 1105 2724 a
1133 2685 1300 2738 regno
1337 2670 1431 2723 Dei
1469 2669 1630 2739 5-59
1667 2671 2059 2736 alienabuntur,
2099 2672 2151 2724 in
2264 2666 2428 2721 Verba
2450 2681 2564 2737 qua!
2584 2681 2677 2734 ego
2700 2664 2898 2717 locutus
2926 2678 3038 2715 sum
3064 2659 3225 2726 vobis,
3255 2659 3466 2727 spiritus
3495 2665 3544 2708 et
3572 2655 3679 2708 vita
3709 2661 3822 2706 sunt

581 2742 782 2820 aeterno
827 2767 947 2834 igne
995 2775 1118 2816 cum
1165 2759 1380 2814 diabolo
1421 2759 1644 2828 ejusque
1681 2761 1880 2828 angelis
1927 2761 2150 2816 damna-
2254 2755 2430 2826 (Joan.
2458 2771 2532 2820 v1,
2556 2753 2669 2822 65).
2693 2752 2751 2805 ln
2775 2752 2966 2806 lumbis
2995 2751 3175 2829 itaque
3203 2748 3362 2818 550
3391 2742 3821 2812 concupiscentia

585 2859 801 2912 buntur.
1756 2825 1773 2828 ⁷
2251 2825 2483 2901 earnalis
2509 2841 2824 2906 ostenditur,
2850 2841 2904 2894 in
2929 2825 3167 2895 lucernis
3196 2853 3324 2891 vero
3363 2835 3494 2889 ﬁdes
3522 2842 3579 2888 et
3625 2833 3824 2887 caritas

659 2947 710 2998 7.
753 2945 1003 3012 Proinde,
1057 2946 1411 3011 dilectissimi,
1456 2945 1500 2998 si
1559 2927 1664 2999 non
1712 2960 1900 3000 omnes
1929 2954 2152 3014 possunt
2251 2936 2552 2991 Christiana
2581 2940 2911 2989 monstratur
2943 2941 2988 2983 ο.
3018 2930 3218 2984 Jubens
3239 2929 3396 2996 igitur
3415 2924 3822 2981 Dominuslum-

582 3033 808 3102 implere
849 3033 994 3100 quod
1034 3032 1292 3086 Dominus
1321 3033 1415 3094 ait,
1469 3031 1684 3085 Vendi-te
1723 3049 1835 3102 qua
1864 3033 2151 3101 possidetis
2250 3027 2354 3082 bos
2377 3037 2592 3081 nostros
2614 3023 2887 3094 prmcingi,
2907 3019 3366 3088 concupiscentias
3384 3016 3562 3072 carnis
3582 3016 3704 3070 sine
3725 3014 3824 3068 du-

586 3123 735 3194 (Luc.
770 3139 860 3187 xu,
893 3122 981 3190 55)
1000 3163 1014 3187 ,
1048 3122 1175 3176 illud
1207 3132 1381 3176 tamen
1407 3120 1550 3191 quod
1577 3121 1772 3190 adjecit
1795 3123 1994 3187 dicens,
2019 3121 2151 3176 Date
2251 3119 2341 3173 hio
2367 3116 2609 3188 praecipit
2635 3114 2730 3186 (at.
2762 3111 3040 3183 pratcepit)
3061 3109 3341 3166 refrenari.
3363 3107 3823 3177 lmperansautem

584 3215 959 3284 cteemosynam
979 3199 1246 3284 (Ibidem),
1271 3213 1518 3268 omnibus
1546 3222 1629 3268 est
1651 3214 1918 3283 possibile,
1948 3215 1994 3268 si
2015 3214 2152 3269 adsit
2193 3281 2220 3284 Δ
2253 3214 2312 3261 ut
2330 3207 2577 3261 lucernas
2600 3204 2850 3258 ardentes
2878 3202 3187 3284 habeamus,
3218 3199 3323 3254 hoc
3342 3197 3528 3266 utique
3563 3196 3720 3264 jubet
3768 3204 3823 3248 ut

585 3308 726 3360 bona
755 3305 1032 3369 voluntas;
1065 3303 1312 3359 omnibus
1339 3302 1520 3371 facile,
1547 3305 1589 3358 si
1619 3274 1725 3358 non
1755 3274 2031 3358 adsit'dira
2052 3319 2144 3358 cu-
2179 3281 2223 3342 (ἶ
2254 3307 2308 3354 et
2336 3298 2534 3352 lumine
2561 3311 2700 3350 verae
2721 3294 2841 3349 fidei
2867 3274 3259 3363 splendeamus,
3291 3298 3349 3344 et
3368 3295 3565 3344 sanctre
3584 3285 3823 3340 caritatis

585 3404 811 3475 piditas;
837 3401 1083 3457 omnibus
1106 3399 1337 3463 salubre,
1381 3401 1426 3454 si
1454 3400 1657 3454 ferveat
1684 3399 1877 3454 caritas
1903 3417 1915 3451 :
1949 3401 2154 3454 cunctis
2254 3387 2504 3458 operibus
2533 3384 2853 3440 ferveamus.
2882 3382 3080 3437 lubens
3102 3390 3161 3436 ut
3186 3382 3293 3436 sint
3321 3380 3487 3434 lumbi
3507 3379 3675 3433 nostri
3693 3391 3824 3446 prte-

587 3507 716 3562 ergo
743 3493 902 3548 debet
930 3506 1049 3546 esse
1077 3505 1358 3546 commune
1387 3498 1444 3544 ut
1472 3489 1717 3544 omnibus
1760 3489 1987 3545 donetur
2005 3501 2156 3544 teter-

2255 3479 2440 3544 ciacti,
2467 3475 2690 3531 mandat
2713 3483 2771 3529 ut
2794 3473 2934 3528 mala
2961 3471 3226 3527 desideria
3254 3479 3416 3538 atque
3444 3483 3603 3538 opera
3649 3466 3822 3533 fugia-

586 3559 924 3638 na'felicitas.
951 3581 1052 3647 Qui
1074 3595 1202 3649 ergo
1224 3589 1426 3634 tantam
1452 3581 1702 3634 virtutem
1731 3581 1925 3648 accipit
1968 3595 1998 3632 a
2048 3580 2151 3633 Do-

2253 3583 2406 3632 mus;
2432 3567 2628 3634 jubens
2657 3573 2716 3619 ut
2736 3564 2846 3619 sint
2864 3564 3096 3619 lucernae
3121 3570 3318 3616 nostrae
3346 3559 3615 3624 ardentes,
3638 3563 3822 3611 monet

586 3674 732 3729 mino
781 3681 836 3728 ut
885 3673 1065 3727 omnia
1111 3686 1231 3740 quae
1277 3672 1329 3724 in
1361 3670 1560 3724 mundo
1589 3679 1714 3724 sunt
1745 3671 1977 3724 caelestis
2004 3671 2154 3736 regni
2254 3667 2312 3713 ιιι
2337 3659 2478 3713 δοκε
2500 3656 2778 3725 diligamus
2800 3663 2962 3725 atque
2987 3654 3258 3709 faeiamus-

586 3777 770 3818 amore
808 3769 1135 3826 contemnat,
1178 3774 1297 3828 qua:
1323 3759 1481 3812 habet
1510 3758 1723 3823 vendat,
1769 3766 1825 3812 et
1851 3760 2033 3826 egenis
2060 3774 2154 3812 ex—
2327 3748 2410 3802 10.
2452 3748 2557 3802 Ista
2585 3762 2701 3816 Quae
2721 3746 2789 3802 de
2816 3745 3104 3812 Evangelio
3127 3744 3525 3814 proposuimus,
3556 3758 3678 3797 cum
3703 3757 3829 3811 pro-

583 3851 802 3923 pendat.
836 3847 937 3915 Qui
965 3863 1093 3904 vero
1124 3856 1285 3902 tanta:
1313 3847 1526 3902 virtutis
1552 3845 1786 3900 nondum
1815 3856 1914 3910 est,
1957 3847 2024 3900 de
2072 3847 2155 3908 his
2254 3840 2480 3909 pbeticis
2534 3837 2872 3893 sermonibus
2904 3836 3280 3899 conferamus.
3345 3832 3641 3900 Utrumque
3686 3832 3830 3885 enim
3875 3863 3880 3865 -

585 3921 705 4015 qua:
730 3942 914 4006 habet,
946 3942 998 3996 in
1026 3948 1283 4009 quantum
1329 3939 1510 4002 habet,
1543 3938 1937 4007 eleemosynam
1967 3937 2150 3992 faciat.
2256 3935 2653 3989 Testamentum
2701 3929 2842 3985 Deus
2870 3943 3008 3982 unus
3048 3925 3276 3980 instituit
3302 3921 3351 3986 ἀ,
3395 3938 3533 3976 unus
3569 3921 3834 3974 Dominus

586 4011 817 4105 'i‘antum
864 4041 1115 4102 operetur
1157 4031 1298 4085 bona
1349 4029 1595 4082 voluntas
1637 4036 1894 4094 quantum
1919 4028 2155 4096 suppetit
2192 4075 2194 4077 .
2255 4027 2429 4090 dedit;
2461 4032 2517 4080 et
2543 4024 2588 4079 si
2616 4029 2742 4078 sunt
2769 4015 3045 4088 utriusque
3096 4013 3420 4070 Testamenti
3463 4011 3679 4064 diversa
3733 4023 3832 4077 pro

585 4103 828 4180 facultas.
861 4123 1132 4177 Perfectus
1160 4122 1429 4192 possideat
1458 4120 1686 4190 primum
1717 4120 1926 4173 virtutis
1955 4120 2148 4185 locum,
2254 4117 2585 4186 temporibus
2612 4119 2969 4175 sacramenta,
2991 4107 3280 4164 concordat
3311 4115 3485 4158 tamen
3519 4103 3570 4155 in
3603 4111 3836 4168 utroque

586 4209 932 4280 imperfectus
950 4211 1137 4266 saltem
1161 4210 1438 4280 perveniat
1456 4209 1523 4263 ad
1543 4207 1851 4263 secundum.
1879 4205 2153 4262 Efﬁciatur
2253 4209 2440 4264 salutis
2467 4207 2711 4260 humana:
2733 4201 3017 4264 sententia,
3042 4204 3148 4268 qua
3168 4195 3473 4266 prtecipitur
3502 4201 3560 4246 ut
3584 4207 3689 4244 non
3715 4203 3838 4258 pec-

585 4301 677 4355 ille
702 4299 934 4369 gloriose
963 4299 1172 4367 dignus,
1198 4299 1268 4353 sit
1295 4299 1396 4353 iste
1443 4298 1780 4352 laudabiliter
1827 4297 2024 4364 largus.
2071 4297 2154 4351 Sit
2253 4315 2454 4361 cemus,
2486 4305 2542 4353 et
2565 4297 2784 4365 jubetur
2813 4301 2872 4348 ut
2898 4292 3054 4346 bonis
3082 4289 3331 4358 operibus
3355 4280 3840 4340 insistamusfmc‘

583 4391 677 4446 ille
695 4397 892 4447 sancta:
913 4389 1242 4459 paupertatis
1273 4387 1676 4443 ardentissimus
1704 4396 1934 4453 amator,
1961 4389 2032 4442 sit
2052 4388 2152 4442 iste
2253 4391 2384 4460 cipit
2407 4390 2584 4455 itaque
2604 4384 2860 4439 Dominus
2887 4396 2983 4450 per
3011 4380 3225 4433 beatum
3256 4374 3439 4436 David,
3469 4374 3656 4427 dicens
3683 4389 3696 4425 :
3728 4370 3836 4423 De-

583 4488 892 4535 sanctorum
920 4493 1215 4548 pauperum
1243 4478 1512 4547 piissimus
1562 4478 1888 4533 consolator.
1949 4477 2154 4531 Habeat
2253 4457 2392 4534 clina
2439 4493 2471 4529 a
2524 4475 2683 4537 malo,
2731 4481 2781 4526 et
2827 4473 2912 4543 [ac
2955 4465 3336 4536 bonum(Psal'.
3371 4461 3697 4528 XXXlll,13).
3733 4457 3836 4511 Per

583 4572 686 4626 isto
719 4569 859 4640 apud
886 4571 1050 4624 Deum
1077 4577 1334 4638 patronos
1361 4583 1641 4636 pauperes,
1685 4583 1820 4636 quos
1845 4568 1934 4622 ille
1953 4583 2010 4622 se
2030 4581 2153 4635 gau-
2184 4639 2203 4640 ί
2253 4569 2446 4624 Isaiam
2475 4579 2690 4634 quoque
2719 4575 2906 4616 omnes
2944 4559 3029 4612 his
3057 4556 3310 4613 admonet
3348 4552 3526 4606 verbis
3554 4569 3565 4601 :
3620 4551 3839 4619 Auferte

580 4665 675 4718 det
701 4638 912 4715 virtutis
955 4659 1154 4714 habere
1198 4667 1498 4713 consortes.
1547 4658 1628 4711 Sit
1654 4659 1752 4711 iste
1775 4657 1893 4710 talis
1914 4659 2003 4727 qui
2027 4673 2149 4712 cum
2180 4639 2233 4698 Ῑ)
2255 4660 2446 4713 malum
2499 4653 2864 4724 cogitationum
2891 4657 3171 4701 vestrarum
3197 4643 3261 4696 ab
3288 4641 3447 4695 oculis
3476 4640 3636 4700 meis;
3685 4638 3840 4708 quie-

585 4754 810 4810 Do'mino
835 4753 1167 4820 judicaturus
1195 4750 1411 4815 sedeat;
1443 4751 1513 4804 sit
1532 4750 1619 4804 ille
1648 4749 1767 4803 talis
1794 4750 1882 4817 qui
1931 4749 1997 4802 ad
2022 4749 2151 4803 dex-
2253 4752 2379 4804 scite
2403 4761 2636 4818 perverse
2656 4758 2826 4813 agere,
2857 4739 3035 4792 discite
3057 4736 3351 4804 benefacere
3375 4731 3507 4802 (Isa.
3527 4730 3690 4797 1,16).
3721 4728 3845 4781 Hoc

581 4856 752 4900 teram
794 4844 1114 4913 judicandus
1163 4843 1394 4897 assistat.
1445 4841 1541 4898 .Sit
1569 4841 1657 4894 ille
1685 4841 1808 4895 talis
1835 4841 1924 4908 qui
1951 4847 2149 4894 aeterna
2253 4855 2381 4908 ergo
2411 4852 2552 4892 nunc
2571 4832 2828 4890 Dominus
2853 4844 2949 4899 per
2977 4828 3207 4895 seipsutn
3237 4823 3475 4893 praecipit
3507 4821 3600 4888 (at.
3630 4833 3844 4888 praece-

581 4933 923 4989 tabernacula
953 4940 1212 5001 perpetuo
1236 4930 1357 4998 jure
1402 4929 1701 4998 possideat;
1757 4929 1826 4982 sit
1883 4929 1981 4982 iste
2029 4927 2152 4981 talis
2252 4931 2372 5000 pit),
2405 4927 2548 4999 quod
2574 4926 2728 4982 nobis
2755 4939 2851 4994 per
2868 4929 3080 4976 sanctos
3109 4918 3269 4972 etiam
3319 4914 3651 4985 patriarchas
3697 4927 3839 4981 pro-

577 5038 737 5093 quem
770 5023 857 5076 ille
877 5000 1120 5090 recipiat.
1159 5020 1424 5073 Admonet
1448 5028 1470 5054 α
1502 5019 1644 5072 enim
1673 5033 1772 5072 nos
1791 5016 2048 5070 Dominus
2070 5016 2151 5070 di-
2252 5021 2547 5089 phetasque
2575 5013 2863 5068 mandavit.
2891 5008 3028 5075 Quid
3057 5016 3140 5062 est
3159 5007 3322 5068 enim,
3349 5005 3466 5058 Sint
3497 5002 3657 5056 lumbi
3678 5000 3846 5054 vestri

576 5092 736 5172 cens:
757 5107 940 5167 Facite
959 5113 1097 5169 vobis
1123 5115 1312 5166 amicos
1338 5113 1400 5165 de
1418 5127 1710 5165 mammona
1740 5111 2042 5180 iniquitatis,
2067 5113 2151 5179 qui
2258 5107 2540 5179 praecincti,
2565 5104 2687 5169 nisi,
2717 5101 2990 5158 Declinate
3013 5113 3044 5152 a
3064 5098 3245 5151 malo?
3272 5093 3406 5160 Quid
3428 5103 3531 5156 est,
3583 5093 3703 5147 Sint
3756 5092 3848 5143 tu-

575 5222 663 5260 vos
687 5207 938 5275 recipiant
964 5208 1018 5258 in
1039 5214 1232 5259 «eterna
1255 5203 1587 5256 tabernacula
1614 5200 1763 5273 (Luc.
1793 5179 1898 5263 xvi,
1933 5197 2008 5266 9).
2256 5212 2425 5250 cernce
2452 5193 2710 5256 ardentes,
2733 5190 2855 5253 nisi,
2888 5187 3070 5242 Facite
3117 5186 3350 5238 bonum?
3381 5181 3519 5246 Quid
3563 5191 3665 5245 est,
3714 5179 3851 5233 Sint

646 5297 702 5353 8.
743 5298 862 5354 Hoc
887 5311 1037 5365 ergo,
1066 5296 1276 5360 fratres,
1301 5296 1657 5350 necessarium
1686 5293 2042 5348 ostiomnibus
2065 5308 2154 5347 no-
2255 5283 2413 5340 lumbi
2433 5282 2584 5336 uestri
2613 5277 2896 5348 prwcincti,
2925 5274 3045 5336 nisi,
3070 5271 3341 5339 Quieseite
3363 5282 3524 5336 agere
3545 5265 3852 5337 perverse?

575 5389 680 5452 bis,
711 5397 770 5443 ut
799 5389 852 5442 in
883 5374 1038 5441 bonis
1065 5386 1316 5454 operibus
1342 5400 1502 5439 nemo
1530 5386 1601 5439 sit
1626 5383 1826 5450 segnis,
1873 5396 2033 5435 nemo
2082 5381 2152 5434 sit
2253 5373 2391 5446 Quid
2421 5378 2522 5435 est,
2557 5370 2674 5422 Sint
2707 5369 2929 5423 lucernae
2952 5363 3212 5424 ardentes,
3267 5359 3384 5421 nisi,
3417 5357 3614 5413 Discite
3660 5357 3852 5410 bene-

577 5477 793 5539 sterilis,
815 5490 972 5529 nemo
995 5474 1335 5544 praesentium
1356 5471 1642 5526 dilectione
1660 5471 1753 5536 (at.
1769 5469 2147 5550 delectatione)
2252 5457 2431 5515 facere
2445 5462 2467 5493 θ

578 5566 753 5620 futura
780 5535 1111 5631 contemnat,
1140 5578 1296 5618 nemo
1317 5570 1517 5615 acterna
1543 5542 1860 5631 despiciens,
1884 5559 1999 5614 sola
2017 5569 2148 5611 tem-
2329 5549 2414 5601 11.
2457 5548 2857 5614 Prmctnguntur
2879 5544 3047 5614 igitur
3068 5542 3161 5612 (at.
3181 5541 3344 5608 enim)
3378 5539 3613 5592 ﬁdelium
3643 5535 3854 5601 lumbi,

583 5658 783 5730 poralia
815 5672 1099 5728 perversus
1126 5653 1382 5728 aspiciat;
1417 5665 1572 5705 nomo
1602 5651 1928 5720 spiritalibus
1952 5663 2148 5717 corp0--
2257 5645 2383 5699 dum
2425 5639 2858 5712 concupiscentia
2892 5638 3029 5694 mala
3058 5633 3448 5703 comprimitur,
3495 5633 3622 5685 dum
3650 5627 3857 5695 iniqua

653 5843 674 5870 ι
707 5835 826 5897 Ms”
857 5835 1140 5888 admonui).
1583 5855 1590 5862 .
1618 5857 1624 5864 .
1666 5860 1856 5894 nm,”
2333 5830 2354 5897 ξ
2388 5818 2505 5897 με...
2540 5817 3189 5897 L'Qi‘istianomonstratur;

649 5903 674 5946 δ
706 5877 826 5975 Msa;
859 5903 959 5968 Qui
986 5904 1138 5957 enim.
1806 5875 1929 5910 ’Μθι
1971 5917 2020 5932 «η.

2330 5885 2353 5924 τί
2385 5872 2542 5956 Εάύλ,
2576 5885 2712 5941 Deus
2739 5885 2973 5939 instituit.
3009 5880 3128 5948 Ms,
3165 5879 3298 5933 Deus
3321 5894 3449 5932 unus
3479 5872 3704 5928 instituit
