4090 6342
292 453 390 508 733

1743 439 1967 497 SERMO
2009 435 2067 491 ll.

3435 437 3538 492 726

290 561 538 631 cogitatio
557 561 857 621 cohibetur,
884 560 1006 614 dum
1035 556 1237 612 libidini
1256 555 1453 609 resistit
1482 553 1708 612 animus,
1734 551 1858 603 dum
1889 555 1933 610 Α
1966 545 2332 615 praedicemus.
2358 544 2521 598 Vobis
2542 557 2756 611 quoque
2783 542 2946 596 donet
2981 551 3039 597 ut
3062 543 3201 613 quod
3242 544 3309 597 ab
3332 545 3420 599 illo
3446 527 3540 615 per

279 654 516 709 'tascivia:
567 653 863 719 denegatur
917 648 1156 710 allectus,
1186 634 1335 700 dum
1365 645 1603 700 calcatur
1633 641 1857 701 luxuria,

289 744 415 797 dum
442 741 662 794 avaritia
692 738 1055 795 contemnitur
1111 744 1166 789 et
1213 734 1418 803 rapina,
1466 731 1590 785 dum
1635 728 1862 798 proximi

293 833 438 887 hesio
461 831 745 889 devitatur,
775 829 903 882 dum
931 826 1179 896 superbia
1229 824 1474 887 vincitur,
1505 822 1628 875 dum
1669 819 1862 873 invidia

292 928 596 988 superatur.
622 919 823 972 Ardent
846 933 975 972 vero
1000 917 1233 971 lucernae
1256 914 1507 974 fidelium,
1539 912 1664 966 dum
1705 919 1864 964 rectae

295 1011 417 1066 ﬁdei
444 1011 946 1079 regulam‘servaut,
973 1008 1099 1061 dum
1144 1007 1196 1060 in
1225 1005 1342 1059 sinu
1385 1003 1570 1057 matris
1618 1001 1866 1056 Ecclesia:

295 1104 671 1174 longanimiter
697 1082 1065 1171 perseverant,
1094 1098 1219 1153 dum
1261 1105 1474 1151 terrena
1520 1100 1869 1150 contemnunt

295 1203 351 1250 et
376 1192 614 1250 ccelestia
645 1191 1049 1260 concupiscunt,
1081 1189 1210 1242 dum
1232 1186 1449 1241 solliciti
1478 1199 1663 1255 pacem
1682 1193 1865 1238 custo-

297 1283 465 1346 diunt,
488 1282 615 1336 dum
634 1296 694 1335 se
726 1281 953 1334 invicem
978 1292 1109 1348 pure
1138 1277 1383 1344 diligunt,
1410 1275 1536 1329 dum
1588 1283 1772 1329 mutuo
1810 1288 1869 1328 se

298 1374 504 1427 honore
528 1370 877 1440 prteveniunt,
910 1368 1035 1421 dum
1061 1365 1467 1420 mansuetudine
1487 1364 1665 1419 cordis
1684 1371 1739 1416 et
1766 1364 1867 1416 hu-

299 1444 522 1517 m-ilitate
558 1460 863 1530 proficiunt,
892 1457 1018 1511 dum
1048 1455 1423 1511 misericordia:
1452 1469 1613 1523 opera
1646 1454 1872 1507 libenter

301 1566 460 1627 atque
479 1553 722 1609 hilariter
743 1552 964 1617 faciunt,
986 1551 1217 1617 dumque
1239 1549 1291 1602 in
1318 1547 1569 1617 operibus
1591 1546 1743 1601 bonis
1763 1561 1872 1599 non

301 1647 625 1708 hominibus,
656 1643 750 1700 sed
775 1643 886 1697 Deo
914 1642 1131 1712 placere
1158 1638 1502 1695 contendunt.

371 1736 458 1790 12.
501 1733 684 1789 Omnis
734 1746 863 1801 ergo
918 1730 1253 1785 Christianus
1302 1728 1618 1796 praecinctos
1681 1725 1876 1779 habeat

302 1827 533 1890 lumbos,
555 1832 615 1879 ut
634 1824 802 1893 fugiat
832 1822 1133 1886 libidinem;
1164 1820 1440 1874 ardentem
1480 1819 1676 1872 haheat
1702 1819 1875 1873 lucer-

1962 652 2148 693 servos
2168 636 2283 705 ejus
2311 634 2524 698 auditis,
2548 642 2601 687 et
2629 632 2790 688 corde
2820 632 3147 701 intelligetis,
3174 641 3430 702 ct-opere
3460 633 3539 686 fa-

1966 724 2139 779 ciatis.
2171 722 2284 777 Hoc
2304 736 2433 789 ergo
2458 721 2638 775 divina
2662 721 3027 776 misericordia
3057 729 3312 791 operetur
3340 723 3393 776 in
3423 738 3541 777 om-

1970 816 2122 870 nibus
2148 814 2301 871 nobis
2328 813 2449 881 d,ut
2477 828 2595 878 nos,
2618 826 2754 880 quos
2780 811 2950 866 voluit
2978 825 3096 865 esse
3122 809 3544 881 dispensatores,

1970 905 2154 960 fideles
2184 905 2343 959 faciat
2371 914 2426 958 et
2481 903 2803 973 prudentes;
2858 920 2953 958 vos
2982 916 3195 972 quoque
3227 902 3387 958 faciat
3414 905 3543 960 obe-

1969 995 2177 1051 dientes
2189 994 2508 1049 ethumiles:
2528 1000 2582 1046 ut
2596 1008 2896 1047 mensuram
2913 992 3077 1047 tritici
3101 992 3372 1055 dominici,
3387 1007 3549 1062 quam

1969 1085 2122 1140 vobis
2165 1084 2371 1148 damus,
2391 1097 2730 1137 communem
2757 1082 3031 1137 vobiscum
3058 1081 3347 1137 salubriter
3383 1090 3550 1150 atque

1972 1176 2174 1229 utiliter
2203 1175 2493 1228 habeamus
2523 1184 2569 1225 ε.

2564 1350 2567 1353 _
2596 1282 2823 1349 .SEIHIO
2865 1284 2922 1336 ιι.

1974 1394 2052 1446 De
2082 1394 2271 1463 duplici
2304 1391 2589 1445 Nutiritule
2626 1392 2816 1445 Christi
2847 1392 2887 1454 ί,
2920 1410 3024 1463 una
3054 1403 3246 1447 wterna
3272 1411 3335 1447 cx
3368 1395 3577 1458 Putre,“

2357 1463 2523 1515 altera
2555 1463 2818 1531 temporali
2847 1479 2912 1515 ea:
2954 1462 3185 1534 Virgine.
3557 1512 3571 1523 ,

2053 1553 2104 1605 1.
2130 1552 2423 1621 Cupientes
2449 1551 2647 1618 aliquid
2677 1550 2744 1603 de
2770 1552 2924 1617 hujus
2948 1551 3051 1606 dici
3082 1553 3421 1607 solemnitate
3439 1568 3558 1605 nar-

1976 1659 2115 1706 rare,
2147 1642 2413 1711 simulque
2441 1640 2844 1696 considerantes
2870 1642 2994 1696 illud
3024 1644 3186 1696 unum
3210 1641 3465 1709 Verbum,
3490 1640 3557 1696 de

1976 1749 2084 1803 quo
2111 1734 2291 1789 dicere
2319 1733 2583 1795 volumus,
2619 1732 2761 1786 nulla
2813 1734 3109 1789 invenimus
3156 1734 3315 1787 verba
3365 1733 3557 1804 quibus

1979 1821 2308 1889 sufﬁcienter
2351 1822 2549 1890 aliquid
2603 1821 2781 1876 dicere
2806 1824 3102 1877 valeamus.
3148 1822 3242 1878 Est
3270 1825 3411 1877 enim
3456 1825 3559 1880 hoc
3602 1849 3609 1853 ·

303 1932 449 1980 nam,
506 1924 563 1970 ut
613 1913 882 1970 custodiat
926 1912 1229 1967 castitatem
1261 1928 1272 1962 :
1332 1909 1649 1979 praecinctos
1684 1908 1879 1963 haheat
1912 1914 1955 1974 Β
1984 1909 2211 1964 Verbum
2237 1924 2346 1963 non
2392 1908 2535 1977 quod
2565 1909 2762 1969 desinit
2807 1911 3092 1980 prolatum,
3126 1912 3217 1967 sed
3248 1911 3393 1981 quod
3431 1929 3556 1983 pcr-

304 2008 535 2070 lumhos,
567 2014 627 2059 ut
648 2002 849 2073 aliquid
879 2002 1112 2056 alienum
1143 2015 1241 2055 nec
1270 1999 1464 2068 rapiat,
1512 2013 1612 2052 nec
1643 1997 1879 2063 foretur;

304 2096 578 2152 ardentem
609 2094 807 2148 haheat
838 2092 1128 2154 lucernam,
1156 2099 1215 2143 ut
1239 2089 1305 2144 de
1330 2104 1428 2143 suo
1468 2087 1884 2143 misericorditer

304 2191 561 2254 operetur
599 2200 611 2234 :
652 2180 972 2250 prmcinotos
1001 2179 1198 2233 habeat
1243 2178 1473 2243 lumbos,
1525 2184 1584 2231 ut
1622 2178 1882 2231 minorem

305 2289 412 2331 non
438 2271 742 2342 opprimat;
773 2269 1052 2323 ardentem
1098 2267 1296 2321 habeat
1342 2266 1638 2329 lucernam,
1684 2273 1743 2318 ut
1787 2279 1884 2333 op-

307 2377 495 2432 presso
519 2361 781 2416 velamine
815 2358 1037 2428 iustitiae
1059 2365 1085 2396 ο
1109 2356 1265 2425 iusta:
1286 2356 1610 2411 defensionis
1630 2355 1883 2409 auxilium

307 2448 584 2519 impendat
606 2468 619 2501 :
653 2447 965 2517 prtecinctos
1000 2446 1195 2500 habeat
1222 2445 1453 2512 lumbos,
1471 2453 1527 2498 ut
1541 2444 1758 2498 habenti
1778 2461 1884 2499 non

308 2538 519 2591 auferat
546 2535 756 2599 cibum;
786 2533 1058 2588 ardentem
1101 2532 1295 2587 habeat
1342 2532 1637 2597 lucernam,
1673 2541 1731 2585 ut
1759 2547 1884 2587 esu-

307 2625 465 2681 rieati
494 2624 695 2678 tribuat
722 2623 1032 2677 alimentum
1058 2639 1071 2673 :
1098 2621 1414 2691 praecinctos
1434 2621 1629 2675 habeat
1650 2619 1880 2685 lumbos,

309 2722 369 2768 ut
394 2728 505 2769 non
529 2713 725 2782 spoliet
750 2711 1036 2777 vestitum;
1078 2710 1356 2764 ardentem
1376 2709 1570 2764 habeat
1591 2709 1884 2774 lucernam,

313 2804 470 2877 551
502 2810 562 2855 ut
582 2801 773 2855 vestiat
798 2799 996 2853 nudum
1021 2816 1034 2850 :
1063 2797 1380 2867 praecinctos
1407 2798 1604 2852 habeat
1657 2799 1885 2864 lumbos,

311 2899 373 2945 ut
397 2890 618 2945 domum
662 2886 859 2942 nullius
884 2882 1153 2951 'invadat;
1179 2884 1457 2940 ardentem
1486 2885 1685 2941 habeat
1714 2887 1887 2940 lucer~

310 2996 458 3046 nam,
517 2990 577 3034 ut
630 2978 945 3049 peregrinos
982 2973 1180 3030 Christi
1209 2975 1439 3030 libenter
1463 2976 1729 3045 excipiat:
1755 2992 1890 3046 prae-

312 3073 523 3128 cinctos
551 3070 747 3124 habeat
770 3066 998 3131 lumbos,
1026 3073 1088 3120 ut
1113 3062 1280 3134 fugiat
1322 3065 1641 3132 elationem;
1698 3066 1893 3133 arden-

315 3171 427 3216 tem
449 3159 647 3223 habeat
673 3157 967 3220 lucernam,
990 3162 1051 3209 ut
1100 3162 1279 3210 servet
1322 3154 1718 3221 humilitatem:
1753 3171 1892 3226 pra:-

1984 2008 2164 2054 manet
2208 2008 2426 2064 natum;
2459 2014 2565 2053 non
2596 2000 2983 2067 transitorium,
3008 2001 3103 2054 sed
3128 2009 3419 2067 :ctcruum;
3453 2019 3559 2056 non
3602 2042 3605 2047 .

1985 2088 2180 2145 factum
2209 2105 2239 2143 a
2271 2090 2383 2144 Deo
2424 2088 2599 2151 Patre,
2624 2089 2719 2143 sed
2756 2089 3028 2158 genitum;
3062 2106 3162 2144 nec
3187 2091 3360 2144 solum
3408 2092 3562 2158 geni-

1986 2189 2117 2246 tum,
2167 2179 2263 2234 sed
2291 2180 2453 2257 etiam
2504 2178 2864 2248 Unigenitu‘m.
2900 2178 3071 2234 Unum
3102 2182 3300 2250 quippe
3331 2180 3562 2235 Verbum

1989 2271 2125 2325 Deus
2148 2268 2311 2323 Pater
2333 2270 2515 2336 genuit
2542 2268 2608 2323 de
2637 2270 2833 2337 seipso,
2867 2283 2963 2337 per
2984 2269 3126 2336 quod
3156 2269 3333 2323 omnia
3360 2269 3577 2323 creavit

1986 2374 2050 2411 ex
2098 2357 2285 2411 nihilo.
2320 2355 2384 2408 In
2420 2355 2674 2424 principio
2711 2355 2855 2409 enim
2906 2355 3063 2425 552
3095 2365 3206 2407 erat
3247 2353 3490 2420 Verbum,
3515 2362 3596 2407 et-

1997 2448 2216 2501 Verbum
2247 2457 2359 2499 erat
2399 2445 2535 2512 apud
2564 2444 2752 2509 Deum,
2779 2454 2827 2497 et
2861 2443 2994 2498 Deus
3024 2454 3136 2497 erat
3174 2444 3414 2497 Verbum.
3450 2442 3563 2497 Hoc

1989 2546 2099 2590 erat
2133 2538 2188 2588 in
2228 2535 2481 2606 principio
2512 2534 2650 2601 apud
2680 2532 2864 2587 Deum.
2900 2534 3089 2587 Omnia
3117 2551 3207 2600 per
3234 2535 3399 2603 ipsum
3426 2535 3566 2605 facta

1989 2632 2128 2688 sunt,
2157 2634 2205 2676 et
2232 2624 2346 2676 sine
2372 2624 2483 2693 ipso
2521 2624 2711 2694 factum
2746 2632 2823 2675 est
2861 2623 2992 2676 nihil
3023 2621 3201 2691 (Joan.
3234 2639 3270 2687 ι,
3305 2622 3354 2686 1,
3396 2620 3448 2687 2,
3482 2621 3560 2693 5).

1991 2715 2048 2770 In
2076 2716 2180 2770 hoc
2206 2722 2385 2769 autem
2413 2713 2556 2784 quod
2584 2729 2681 2783 per
2709 2714 2835 2769 illud
2864 2714 3095 2768 Verbum
3124 2714 3262 2769 Deus
3286 2713 3443 2768 Pater
3467 2713 3562 2786 (at.

1991 2803 2351 2875 omnipotens)
2401 2804 2581 2858 omnia
2618 2803 2761 2868 fecit,
2793 2803 3092 2857 ostenditur
3142 2804 3263 2873 quia
3294 2804 3397 2858 hoc
3428 2802 3559 2857 Ver-

1991 2896 2116 2950 bum
2145 2895 2328 2963 genuit
2358 2880 2503 2964 ipse,
2537 2909 2643 2948 non
2689 2894 2834 2949 fecit.
2881 2892 3016 2948 Illud
3045 2894 3203 2962 igitur
3234 2893 3463 2948 Verbum
3499 2893 3566 2947 de

1994 2985 2105 3039 Deo
2132 2986 2271 3039 Deus
2297 2992 2400 3051 est,
2445 2984 2511 3038 de
2547 2993 2790 3038 creatore
2818 2993 3031 3040 creator
3058 2992 3159 3039 est.
3201 2981 3352 3038 Unde
3382 2982 3487 3038 hoc
3516 2983 3568 3036 in

1991 3090 2049 3129 se
2079 3085 2103 3122 ε
2135 3075 2443 3129 naturaliter
2470 3073 2635 3128 habet
2652 3088 2803 3140 esse,
2830 3074 2972 3142 quod
3000 3072 3159 3128 Pater
3181 3082 3281 3127 est.

2062 3166 2116 3223 2.
2142 3165 2307 3219 Natus
2327 3175 2410 3219 est
2438 3165 2618 3233 itaque
2639 3165 2705 3219 de
2734 3163 2893 3220 Patre
2918 3164 3030 3220 Deo
3061 3164 3222 3219 Filius
3250 3162 3409 3229 Deus,
3436 3164 3574 3217 alter

314 3252 530 3305 cinctos
558 3247 751 3302 habeat
792 3246 1021 3311 lumbos,
1052 3253 1112 3300 ut
1139 3245 1372 3315 expellat
1397 3262 1428 3301 a
1453 3262 1513 3302 se
1552 3248 1802 3302 invidiam
1843 3257 1898 3304 et
1925 3256 1971 3317 C
2003 3254 2054 3308 in
2082 3269 2329 3324 persona,
2362 3270 2468 3308 non
2522 3254 2656 3308 alios
2691 3255 2744 3308 in
2774 3265 2961 3308 natura
2989 3273 3002 3305 :
3053 3268 3266 3323 semper
3305 3253 3443 3323 apud
3472 3250 3577 3307 Pa-

315 3339 575 3403 livorem;
600 3335 875 3391 ardentem
900 3335 1097 3389 haheat
1124 3335 1415 3401 lucernam,
1444 3344 1505 3390 ut
1532 3351 1718 3405 puram
1758 3353 1891 3392 cun~

316 3429 422 3483 ctis
448 3426 697 3482 exhibeat
722 3425 999 3480 caritatem
1029 3442 1040 3477 :
1069 3425 1386 3494 praecinctos
1412 3425 1609 3480 habeat
1658 3425 1888 3493 lumbos,

318 3531 380 3575 ut
407 3535 516 3574 non
543 3518 793 3573 exhibeat
819 3516 1059 3571 membra
1076 3517 1181 3570 ‘sua
1201 3532 1348 3569 arma
1369 3516 1651 3586 iniquitatis
1665 3527 1893 3585 peccato;

319 3610 601 3689 ardentem
616 3608 813 3663 haheat
839 3607 1135 3673 lucernam,
1163 3614 1222 3660 ut
1248 3605 1501 3689 exhibeat
1527 3606 1764 3661 membra
1795 3621 1891 3660 sua

319 3687 469 3760 arma
506 3703 725 3774 justitia:
752 3701 860 3756 Deo
887 3699 1063 3772 (Rom.
1091 3699 1301 3771 νι,15).
1336 3687 1359 3711 ⁸

394 3792 636 3850 ιὸυηωο
669 3800 785 3858 est,
805 3790 1023 3857 fratres,
1047 3790 1327 3846 catholiae
1355 3788 1476 3844 ﬁdei
1503 3804 1627 3845 vera
1656 3806 1894 3864 satiaque

320 3884 586 3941 doctrina.
614 3882 739 3938 Haec
759 3889 845 3937 est
862 3895 1116 3935 mensura
1148 3880 1312 3935 tritici
1347 3880 1414 3935 de
1433 3895 1538 3950 qua
1566 3881 1777 3938 Domini
1807 3900 1891 3940 re-

320 3973 621 4042 demptoris
646 3971 673 4010 δ
704 3982 786 4028 est
810 3972 1077 4041 pascenda
1104 3970 1321 4025 familia.
1355 3968 1431 4023 Ex
1458 3971 1559 4026 hac
1601 3973 1754 4028 vobis
1800 3976 1895 4044 (al.

321 4062 530 4131 nobis),
559 4070 816 4131 quantum
844 4061 1103 4117 Dominus
1130 4061 1335 4128 tribuit,
1364 4060 1590 4127 damus;
1620 4062 1899 4134 ipsumque

323 4151 608 4206 Dominum
649 4149 851 4218 jugiter
900 4164 1204 4214 exoramus,
1253 4157 1311 4203 ut
1338 4157 1394 4203 et
1421 4164 1520 4204 nos
1548 4159 1604 4204 et
1628 4166 1725 4207 vos
1753 4154 1805 4208 in
1833 4157 1901 4208 ti-

300 4254 481 4315 .more
504 4239 688 4308 gratiae
718 4249 740 4277 ε
766 4254 866 4293 suo
890 4252 1112 4307 pascere
1138 4237 1386 4323 dignetur
1406 4240 1628 4296 auxilio.
1681 4242 1903 4298 Auferat

323 4344 361 4381 a
382 4326 536 4383 nobis
554 4328 972 4383 dominationem
1000 4343 1175 4398 prava:
1200 4328 1534 4399 cupiditatis,
1554 4331 1719 4388 donet
1738 4336 1906 4389 omni-

323 4417 432 4471 bus
458 4415 757 4487 profectum
795 4424 851 4472 et
890 4419 1346 4487 perseverantiam
1361 4418 1629 4475 caritatis.
1669 4421 1906 4479 Lumhos

322 4514 545 4560 nostros
566 4507 680 4575 ipse
716 4507 1026 4575 praecingat,
1066 4506 1314 4561 lucernas
1335 4516 1545 4565 nostras
1572 4509 1687 4579 ipse
1712 4513 1902 4566 ardere

1996 3353 2154 3409 trem,
2177 3357 2389 3415 semper
2408 3359 2527 3398 cum
2555 3341 2731 3405 Patre,
2756 3359 2967 3412 semper
2986 3344 3052 3397 de
3075 3342 3263 3410 Patre,
3278 3358 3493 3413 semper
3514 3344 3571 3397 in
3594 3376 3600 3385 ο

1998 3431 2181 3488 Patre:
2212 3446 2423 3501 semper
2442 3431 2581 3500 apud
2604 3430 2837 3497 Patrem,
2866 3447 2985 3487 cum
3013 3448 3119 3501 quo
3152 3432 3225 3485 illi
3248 3448 3351 3485 una
3374 3439 3456 3486 est
3485 3447 3574 3485 ua-

1995 3522 2181 3576 turalis
2208 3521 2566 3586 immensitas;
2607 3535 2820 3589 semper
2846 3536 2965 3575 cum
3004 3520 3182 3587 Patre,
3212 3536 3330 3575 cum
3360 3534 3467 3589 quo
3498 3519 3572 3573 illi

1996 3626 2096 3665 una
2119 3619 2201 3665 est
2226 3610 2480 3664 naturalis
2506 3610 2809 3675 aeternitas;
2835 3624 3047 3678 semper
3070 3608 3137 3663 de
3163 3608 3340 3675 Patre,
3372 3609 3439 3663 de
3464 3624 3572 3679 quo

1996 3702 2073 3756 illi
2100 3708 2182 3756 est
2202 3700 2519 3754 naturaliter
2538 3708 2736 3754 mterua
2768 3699 3286 3767 nativitas;semper
3314 3698 3367 3752 in
3391 3697 3569 3761 Patre,

1995 3805 2117 3845 cum
2136 3805 2243 3860 quo
2270 3789 2343 3843 illi
2365 3796 2449 3842 est
2476 3804 2578 3842 una
2601 3778 2915 3842 naturaliter
2937 3788 3263 3857 aequalisque
3291 3787 3571 3841 divinitas:

1995 3889 2052 3935 et
2080 3880 2217 3933 alter
2242 3878 2457 3947 quidem
2490 3877 2580 3933 ille
2602 3878 2693 3946 qui
2718 3876 2877 3931 Pater
2905 3886 2986 3933 est
3016 3877 3066 3945 ιι,
3092 3879 3227 3932 alter
3252 3878 3340 3932 ille
3367 3878 3458 3947 qui
3486 3876 3578 3930 Fi-
3622 3865 3629 3874 ’

1997 3970 2099 4024 lius
2127 3975 2236 4033 est;
2254 3974 2442 4021 neuter
2467 3974 2644 4021 tamen
2673 3959 2810 4021 alter
2824 3966 3122 4037 Deus,quia
3145 3964 3305 4020 Pater
3330 3973 3386 4020 et
3405 3964 3574 4019 Filius

1999 4056 2135 4112 unus
2155 4065 2239 4125 est
2260 4056 2418 4110 Deus.
2453 4054 2796 4125 Quapmpter
2822 4055 3037 4125 quando
3064 4057 3075 4091 ί
3110 4054 3176 4109 de
3199 4053 3357 4108 Patre
3386 4053 3496 4108 Deo
3520 4062 3576 4107 et

1982 4146 2134 4203 .Filio
2161 4146 2272 4201 Deo
2300 4146 2537 4201 nascitur
2555 4142 2756 4212 sermo,
2772 4145 2930 4214 digne
2956 4146 3179 4200 dicimus
3203 4144 3430 4199 alterum
3456 4159 3579 4199 esse

2002 4237 2233 4304 Patrem,
2283 4245 2339 4293 et
2376 4236 2880 4302 alterum'Filium;
2931 4245 2986 4291 et
3010 4237 3356 4291 nihilominus
3411 4236 3572 4304 digne

2001 4327 2228 4383 dicimus
2255 4341 2419 4381 unum
2463 4326 2630 4381 Deum
2659 4341 2778 4381 esse
2822 4326 3035 4381 Patrem
3083 4332 3138 4380 et
3190 4326 3401 4379 Filium.
3443 4325 3578 4379 Cum
3615 4322 3637 4382 ,’

2004 4417 2149 4471 enim
2187 4415 2414 4470 dicimus
2438 4415 2661 4469 alterum
2689 4430 2807 4470 esse
2834 4415 3071 4480 Patrem,
3108 4414 3333 4468 alterum
3362 4412 3576 4475 Filium,

2005 4505 2261 4559 discretas
2307 4517 2564 4575 personas
2592 4505 2851 4571 genitoris
2888 4490 3577 4574 genitique‘monstramus;

323 4594 492 4649 faciat
517 4596 870 4665 ardentesque
896 4594 1199 4651 custodiat:
1231 4604 1291 4650 ut
1330 4611 1431 4652 nec
1457 4596 1774 4665 refrigescat
1803 4616 1905 4655 no.
1934 4610 1986 4669 Ι)
2008 4608 2127 4647 cum
2146 4608 2276 4659 vero
2305 4594 2530 4647 dicimus
2553 4608 2713 4647 unum
2728 4593 2894 4648 Deum
2922 4609 3043 4650 esse
3064 4592 3277 4647 Patrem
3298 4602 3353 4649 et
3365 4594 3579 4659 Filium.
3604 4628 3631 4654 ›.

321 4694 441 4739 stra
470 4686 682 4749 caritas,
716 4701 816 4742 nec
854 4686 1029 4756 aliqua
1086 4686 1241 4741 nobis
1286 4686 1592 4741 dominetur
1628 4688 1899 4757 iniquitas.

322 4770 437 4826 Sed
460 4772 714 4851 Dominus
735 4790 799 4830 ac
825 4774 1154 4845 Redemptor
1190 4782 1375 4831 noster
1403 4776 1651 4831 omnibus
1677 4780 1903 4844 gratiam

324 4863 577 4929 tribuat,
653 4866 915 4920 universis
980 4865 1179 4919 donum
1250 4872 1449 4921 sanctae
1502 4865 1905 4924 illuminationis

324 4970 398 5009 ac
446 4956 656 5010 virtutis
694 4955 954 5011 infundat.
996 4954 1161 5010 Nobis
1196 4954 1360 5010 donet
1414 4962 1474 5009 ut
1514 4955 1656 5024 quod
1692 4956 1761 5010 ab
1810 4957 1902 5013 illo

325 5043 577 5099 audimus
598 5053 744 5099 recte
765 5044 1122 5112 intelligamus
1143 5052 1199 5098 et
1230 5045 1368 5099 sicut
1392 5051 1606 5112 oportet
1624 5043 1897 5125 faciamus,

327 5134 595 5205 vobisque
620 5134 917 5190 faciendum
959 5148 1207 5190 sermone
1249 5132 1534 5188 sufficienti
1570 5142 1626 5189 et
1669 5149 1904 5204 congruo

409 5326 434 5352 ι
464 5313 554 5369 Sic
572 5313 730 5385 Basil.
750 5316 952 5378 Atms.,
967 5314 1193 5385 velamen
1207 5314 1426 5385 justitiw
1446 5312 1607 5385 Gorte
1628 5328 1726 5385 pro
1730 5314 1908 5385 justte.)

324 5383 592 5436 duntaxat
618 5383 929 5453 defensionis
951 5381 1230 5453 impendat.
1263 5381 1571 5453 Mog.,_Col.
1596 5381 1650 5436 et
1677 5381 1826 5450 Ant.,
1856 5381 1910 5436 ut

324 5466 580 5533 oppresso
605 5450 854 5533 velitmine
875 5450 1111 5522 justitiw,
1137 5451 1390 5505 duntaxat
1414 5450 1728 5520 defensionis
1760 5454 1909 5505 auxi-

222 5597 229 5601 ι
324 5520 763 5601 fiunt-impendat.

410 5588 437 5627 ιδ
462 5588 587 5661 his,
620 5589 689 5661 de
706 5607 806 5661 qua
850 5590 1218 5661 Redemptoris.

412 5670 434 5729 ἐ
458 5657 923 5729 μοθνϐόιοηηθῐ
952 5657 1136 5725 BeSil.,
1165 5662 1348 5729 gratia:
1375 5676 1498 5714 sum

410 5727 435 5762 ά
468 5726 591 5791 Ms.,
623 5728 676 5780 in
701 5727 969 5792 omnibus;
999 5726 1339 5784 deest’uobis.

326 5805 436 5919 ω’
445 5795 648 5921 1:325“.2
677 5814 991 5853 communem
1022 5799 1287 5854 nobiscum
1308 5796 1577 5852 salubriter
1597 5806 1744 5866 atque
1769 5799 1907 5852 utilis

480 5882 511 5918 a
545 5876 691 5920 eatis.

480 5876 691 5920 abeatis.

2010 4688 2179 4757 ipsam
2207 4702 2366 4741 unam
2406 4696 2651 4741 naturam
2692 4687 2994 4742 indiscreta:
3020 4687 3314 4742 divinitatis
3342 4686 3581 4742 ostendis

1996 4791 2146 4831 mus.
2178 4776 2358 4830 Altera
2374 4784 2463 4831 est
2489 4776 2631 4830 enim
2655 4791 2882 4847 persona
2910 4775 3166 4846 genitoris
3193 4776 3461 4844 et'geniti,
3486 4776 3580 4830 sed
3615 4821 3626 4831 .

2012 4881 2115 4921 una
2142 4874 2224 4921 est
2250 4875 2438 4921 natura
2465 4865 2721 4934 genitoris
2749 4873 2804 4921 et
2829 4856 3023 4941 geniti}

1997 4988 2006 4992 -
2080 4956 2133 5011 '5.
2163 4953 2444 5021 Quomodo
2468 4970 2597 5010 vero
2626 4957 2640 5006 i
2672 4954 2997 5010 sufficienter
3020 4963 3113 5009 aut
3140 4954 3296 5022 digne
3317 4953 3464 5024 loqui
3485 4967 3584 5023 po-
3662 5017 3669 5021 θ

2011 5045 2137 5099 terit
2175 5045 2294 5113 quis
2315 5045 2338 5098 ?
2361 5045 2437 5099 De
2463 5046 2616 5114 quo?
2656 5043 2828 5099 Homo
2857 5032 2924 5099 de
2952 5045 3083 5111 Deo,
3115 5045 3360 5099 mortalis
3386 5042 3453 5098 de
3481 5044 3581 5098 im-

2010 5136 2242 5203 mortali,
2268 5137 2492 5197 visibilis
2511 5137 2577 5192 de
2604 5136 2872 5201 invisibili,
2903 5136 3175 5193 mutabilis
3190 5136 3261 5191 de
3291 5137 3599 5194 incommua

2091 5315 2108 5354 ί
2140 5316 2264 5372 Mss.
2297 5318 2423 5380 duo,
2458 5317 2535 5371 De
2564 5316 2747 5371 Natali
2777 5315 3030 5372 Domini.-

2086 5395 2112 5433 ι
2134 5385 2259 5452 Ms.,
2289 5387 2383 5441 hoc
2410 5388 2536 5452 ipse.

2080 5452 2107 5536 ξι
2139 5453 2227 5535 Sic
2258 5453 2381 5508 Ant.
2428 5452 2585 5509 Basil.
2634 5472 2796 5524 vero,
2826 5455 2965 5578 Mog.
3015 5466 3070 5511 et
3107 5457 3295 5512 Colon.
3331 5458 3586 5511 omittunt
3636 5481 3641 5486 ~

2080 5538 2175 5578 ton
2225 5524 2344 5578 loco
2397 5526 2709 5578 particulam
2757 5527 2891 5578 auia
2948 5525 3060 5578 loa.
3110 5535 3163 5578 et
3214 5525 3405 5578 Colon.
3462 5538 3584 5578 nos-

2012 5524 2194 5596 prioriA
2222 5524 2344 5596 loco
2397 5526 2709 5596 particulam
2757 5527 2891 5596 quia
2920 5524 3060 5596 Mog.
3110 5535 3163 5580 et
3214 5525 3405 5581 Colon.
3461 5538 3584 5595 pos-

2019 5593 2198 5712 tcriolri
2221 5593 2443 5663 habent,
2468 5594 2604 5664 quod
2632 5593 2778 5664 [ilius
2801 5602 2895 5649 est.
2918 5593 3029 5649 Ms.
3047 5596 3409 5666 autem,quod,
3444 5593 3586 5651 utro-

2019 5677 2118 5712 uue
2167 5676 2289 5712 OCO.
3468 5696 3477 5711 ι

2015 5677 2118 5730 que
2148 5676 2289 5730 loco.

2058 5696 2117 5812 ῗῖ
2388 5742 2441 5785 et
2472 5730 2593 5785 Ant.
2626 5732 2692 5786 At
2722 5733 2879 5788 Dasil.
2903 5774 2918 5798 ,
2957 5734 3094 5802 Mog.
3129 5742 3182 5790 et
3209 5734 3423 5801 Culum,
3455 5696 3582 5805 quas

2016 5817 2173 5853 niam.
2302 5816 2311 5825 ⁵

2090 5870 2101 5919 i
2135 5867 2230 5924 Ms.
2266 5867 2483 5934 Quando
2511 5886 2640 5925 rcro.
