4064 6358
562 451 669 506 7'27

1597 449 1653 503 S.
1694 446 2054 504 FULGEN’TII
2094 447 2395 504 EPISCUPI
2438 447 2831 520 ﬂUSl‘E-NSIS

3730 452 3830 507 7‘28

565 565 735 629 tabili,
777 578 912 633 opus
957 561 1023 616 de
1067 559 1276 628 o‘pitice,
1307 557 1374 612 de
1401 561 1647 612 cre‘atore
1673 569 1936 624 creatura,
1961 560 2030 620 de
2054 561 2134 613 fa-
2167 568 2211 623 Α
2243 558 2308 612 ad
2340 556 2636 612 remedium
2689 554 2935 609 sanitatis
2962 572 2976 619 ;
3009 563 3064 608 et
3102 555 3191 624 qui
3223 563 3306 610 est
3327 557 3642 624 angelorum
3673 575 3828 629 esca,

565 663 716 708 ctore
757 653 979 715 factura,
1007 647 1260 718 parvulus
1303 647 1370 700 de
1411 647 1695 712 immenso,
1737 649 2046 716 temporali-5
2073 647 2141 703 de

565 756 788 810 aeterno,
812 744 1024 798 humilis
1044 741 1110 796 de
1135 741 1414 805 altissimo,
1439 740 1781 809 plasmatuse
1803 742 1929 795 limo
1957 741 2024 795 de
2049 741 2140 795 illo

566 839 657 906 qui
687 836 864 892 omnia
893 834 1094 889 creavit
1125 849 1194 887 ex
1221 834 1409 887 nihilo.
1449 833 1612 901 Cujus
1641 842 1724 888 est
1769 832 2144 887 inenarrabilis

565 924 975 994 omnipotentia,
1013 937 1118 990 qua
1166 938 1265 978 nos
1294 923 1524 991 gratuita
1563 921 1804 977 bonitate
1848 922 2010 984 fecit;
2043 937 2140 976 nec

566 1016 740 1070 minus
768 1022 944 1068 tamen
999 1014 1372 1068 inenarrabilis
1417 1014 1606 1082 gratia,
1634 1029 1738 1081 qua
1769 1029 1866 1068 nos
1888 1015 2139 1083 omnipo-

567 1102 861 1156 teutissima
890 1100 1236 1155 miseratione
1261 1101 1501 1154 salvavit.
1545 1099 1644 1166 Qui
1671 1109 1725 1154 et
1754 1117 1889 1170 opus
1915 1102 2140 1166 creatri-

562 1193 644 1248 Cis
671 1193 1074 1261 omnipotentiae
1102 1191 1268 1259 gratis
1310 1191 1453 1256 fecit,
1502 1200 1556 1245 et
1583 1208 1720 1260 opus
1756 1193 1938 1260 gratiae
1964 1194 2142 1246 salva-

565 1285 717 1340 tricis
735 1285 1132 1354 omnipotenter
1159 1283 1397 1352 implevit
1423 1301 1435 1334 :
1457 1283 1564 1336 illic
1591 1283 1794 1338 habens
1822 1291 2140 1353 potestatem

566 1373 835 1430 condendi
858 1382 911 1428 et
938 1373 1156 1442 regendi
1183 1382 1482 1427 creaturam
1509 1388 1682 1436 suam,
1710 1373 1796 1426 hic
1819 1373 2019 1427 habens
2046 1388 2143 1442 po-

567 1471 821 1519 testatem
861 1462 1095 1533 ponendi
1139 1471 1196 1517 et
1245 1460 1486 1516 sumendi
1515 1477 1613 1530 pro
1660 1461 1814 1515 nobis
1845 1471 1869 1498 ει
1912 1463 2141 1515 animam

481 1545 496 1560 ’
566 1569 738 1609 suam.
763 1551 1212 1623 Omnipotentiam
1237 1567 1366 1606 vero
1396 1552 1536 1606 hanc
1567 1552 1662 1621 (al.
1704 1552 1868 1620 nunc)
1897 1553 2140 1617 dicimus,

567 1657 673 1712 qua
695 1641 954 1706 Verbum,
985 1641 1128 1712 quod
1155 1642 1206 1695 in
1247 1641 1508 1711 principio
1538 1650 1679 1705 erat,
1725 1650 1782 1695 et
1806 1641 1945 1711 apud
1974 1642 2143 1696 Deum

569 1740 706 1796 erat,
737 1740 793 1785 et
822 1731 961 1785 Deus
981 1739 1114 1795 erat,
1147 1729 1267 1784 fecit
1289 1745 1448 1784 omne
1477 1731 1620 1798 quod
1648 1746 1752 1785 non
1783 1739 1899 1784 erat
1919 1730 1946 1768 δ
1971 1748 1989 1796 ;
2019 1745 2142 1799 gra-

569 1823 698 1876 tiam
729 1838 880 1887 vero,
930 1838 1034 1892 qua
1063 1821 1296 1876 Verbum
1325 1837 1453 1875 caro
1483 1820 1682 1874 factum
1731 1821 1878 1875 venit
1901 1836 2145 1890 quaerere

569 1923 625 1970 et
648 1916 852 1970 salvum
876 1914 1050 1969 facere
1077 1913 1220 1982 quod
1249 1914 1512 1983 perierat;
1541 1914 2005 1982 omnipotentiam,
2037 1929 2142 1982 qua
2182 1937 2221 1993 Β

569 2004 694 2059 fecit
714 2020 928 2058 omnem
957 2004 1098 2059 diem
1115 2005 1393 2072 ',gratiam,
1416 2020 1518 2073 qua
1549 2013 1700 2058 certo
1727 2003 1813 2058 die
1839 2004 2050 2074 concipi
2085 2012 2141 2058 et

570 2102 721 2147 certo
749 2092 835 2147 die
862 2093 1108 2161 dignatus
1133 2101 1214 2147 est
1242 2097 1408 2147 nasci.

643 2184 694 2235 4.
750 2183 894 2238 Idem
950 2183 1108 2250 igitur
1159 2183 1456 2236 minoratus
1501 2183 1663 2251 paulo
1706 2183 1881 2236 minus
1927 2182 1996 2236 ab
2047 2198 2143 2236 an-

569 2273 728 2342 gelis,
779 2272 831 2326 in
876 2272 962 2327 die
1003 2271 1174 2328 factus
1222 2280 1303 2326 est
1350 2272 1810 2341 hominum,'qui,
1846 2281 2146 2326 coaeternus

569 2370 627 2416 et
671 2361 888 2430 aequalis
915 2361 1029 2415 Deo
1057 2359 1221 2428 Patri,
1249 2362 1364 2416 dies
1392 2370 1700 2416 sanctorum
1731 2363 1888 2433 553
1934 2377 2146 2430 semper

569 2462 653 2514 est
692 2457 1020 2524 angelorum.
1054 2455 1127 2510 De
1155 2457 1268 2525 ipso
1313 2458 1508 2526 quippe
1534 2459 1792 2526 propheta
1820 2457 1980 2511 dicit:
2011 2457 2146 2511 Bene

513 2561 520 2566 '
568 2549 801 2603 nuntiate
838 2547 975 2600 diem
1023 2547 1086 2599 de
1127 2547 1228 2610 die,
1261 2547 1489 2599 salutare
1534 2547 1645 2615 ejus
1681 2545 1853 2617 (Psal.
1904 2562 2039 2614 xcv,
2067 2546 2141 2617 9.).

569 2636 707 2704 Quid
728 2645 810 2692 est
839 2637 973 2690 diem
1002 2637 1065 2690 de
1095 2638 1194 2701 die,
1218 2637 1316 2691 nisi
1345 2637 1534 2690 Filium
1562 2638 1628 2692 de
1654 2636 1811 2692 Patre
1841 2641 1900 2692 c?
1930 2639 2022 2694 Est
2051 2639 2148 2706 igi-

569 2736 658 2781 tur
679 2726 746 2781 de
780 2724 939 2780 Patre
974 2725 1166 2792 Filius,
1190 2727 1255 2779 de
1281 2726 1366 2780 die
1395 2725 1538 2792 dies;
1573 2727 1665 2781 sed
1697 2735 1873 2782 tamen
1917 2728 2074 2782 Pater
2093 2738 2149 2782 et

569 2817 733 2871 Filius
777 2832 882 2871 non
922 2815 1030 2870 duo
1063 2815 1200 2879 dies,
1226 2815 1318 2869 sed
1362 2831 1497 2870 unus
1517 2824 1600 2870 est
1625 2816 1759 2872 dies.
1784 2817 1878 2872 Est
1900 2817 1968 2872 de
1989 2817 2148 2873 Patre

569 2905 756 2973 Filius,
779 2905 846 2961 de
881 2905 990 2960 Deo
1021 2905 1161 2959 Deus
1187 2923 1209 2970 ;
1236 2903 1394 2960 Pater
1424 2914 1600 2960 tamen
1626 2915 1678 2960 et
1711 2906 1876 2961 Filius
1903 2923 2008 2962 non
2039 2907 2148 2964 duo

571 2995 664 3064 dii,
694 2997 785 3052 sed
827 3011 964 3050 unus
1005 3003 1085 3050 est
1125 2994 1283 3048 Deus.
1319 2994 1466 3049 Unus
1497 2995 1655 3064 igitur
1683 2996 1794 3050 dies
1837 2998 2150 3052 aeternitatis

572 3087 728 3142 simul
762 3085 918 3140 Pater
944 3096 999 3140 et
1030 3085 1192 3140 Filius
1238 3102 1267 3139 a
1298 3087 1452 3141 nobis
1479 3089 1806 3156 agnoscitur,
1835 3090 1887 3142 in
1937 3089 2024 3144 die
2051 3105 2149 3143 au-

574 3185 683 3232 tem
737 3176 996 3246 temporis
1041 3176 1187 3230 solus
1241 3175 1407 3230 Filius
1455 3177 1740 3232 invenitur.
1803 3179 1925 3233 Dies
1952 3179 2151 3233 etenim

574 3275 804 3321 mteruus
838 3263 994 3319 Pater
1015 3272 1069 3318 ct
1097 3263 1263 3317 Filius
1315 3273 1556 3318 nostrum
1585 3281 1778 3334 corpus
1828 3274 1883 3320 et
1919 3267 2151 3320 animam

574 3357 736 3422 fecit;
793 3355 845 3410 in
895 3355 982 3409 die
1021 3369 1149 3409 vero
1203 3355 1461 3424 temporis
1507 3355 1654 3410 solus
1690 3355 1855 3410 Filius
1910 3365 2156 3412 nostrum

575 3467 769 3521 corpus
818 3449 1165 3517 animamque
1201 3451 1459 3518 suscepit.
1508 3448 1752 3504 Christus
1779 3436 1895 3503 dies
1922 3458 2154 3504 aeternus

576 3542 884 3611 unigenitus
926 3539 981 3594 in
1029 3539 1197 3593 forma
1249 3538 1344 3592 Dei
1373 3553 1636 3604 manens;
1686 3538 1933 3594 Christus
1962 3539 2018 3592 in
2067 3539 2156 3594 die

575 3631 835 3701 temporis
884 3629 1189 3698 unigenitus
1244 3627 1472 3684 formam
1503 3629 1644 3684 servi
1683 3630 1969 3699 accipiens.
2001 3628 2156 3684 Chri-

576 3732 692 3779 stus
719 3722 832 3777 dies
859 3730 1092 3777 aeternus
1116 3719 1265 3776 dives
1292 3735 1611 3790 permanens
1666 3728 1725 3773 ut
1751 3719 2008 3774 conderet
2035 3734 2151 3780 nos;

577 3816 822 3870 Christus
869 3815 922 3868 in
963 3813 1050 3867 die
1079 3813 1335 3882 temporis
1363 3827 1564 3882 pauper
1594 3812 1764 3867 factus
1784 3819 1843 3864 ut
1871 3810 2158 3864 redimeret

577 3922 694 3962 nos.
720 3905 842 3958 Dies
861 3913 1099 3959 aeternus
1125 3903 1368 3958 Christus
1397 3901 1538 3956 Deus
1563 3900 1630 3955 de
1656 3900 1764 3954 Deo
1794 3898 1974 3966 Patre,
1999 3899 2154 3952 Chri-

578 4007 695 4054 stus
723 3998 776 4050 in
824 3997 912 4050 die
964 3995 1225 4063 temporis
1265 3993 1404 4046 Deus
1433 3993 1596 4046 homo
1625 3991 1690 4045 de
1728 3991 1934 4058 virgine
1961 3987 2155 4043 matre.

578 4089 821 4144 Christus
865 4087 980 4140 dies
1029 4093 1262 4138 aeternus
1314 4083 1550 4138 Verbum
1596 4089 1896 4136 eructatum
1955 4079 2152 4150 (Psat.

581 4192 728 4244 κων,
785 4175 844 4246 1)
868 4175 937 4230 de
963 4173 1125 4230 corde
1174 4171 1347 4227 Patris
1371 4213 1385 4236 ,
1435 4171 1680 4226 Christus
1705 4171 1754 4224 in
1785 4171 1871 4224 die
1900 4169 2159 4238 temporis

582 4263 817 4320 Verbum
870 4277 997 4318 caro
1067 4261 1265 4316 factum
1338 4260 1410 4315 de
1471 4269 1624 4314 utero
1672 4259 1894 4328 virginis
1949 4259 2154 4313 matris.

581 4354 828 4409 Christus
878 4352 993 4408 dies
1039 4359 1298 4418 aeternus,
1348 4351 1490 4406 Deus
1517 4364 1676 4405 verus
1723 4349 1790 4404 de
1837 4349 1948 4404 Deo
2000 4363 2154 4414 vero;

580 4442 824 4499 Christus
877 4441 932 4496 in
983 4441 1069 4495 die
1127 4439 1384 4509 temporis
1443 4454 1675 4508 sponsus
1725 4438 2024 4508 procedens
2091 4438 2158 4492 de

581 4533 821 4590 thalamo
839 4548 938 4589 suo
965 4530 1136 4603 (Psal.
1154 4548 1300 4596 xvnt,
1318 4530 1396 4601 6).
1428 4530 1552 4586 Dies
1585 4531 1899 4586 aeternitatis
1917 4529 2159 4585 Christus

580 4626 801 4696 angelos
828 4623 852 4660 ⁶¹
893 4638 1082 4680 creans
1105 4666 1122 4692 ,
1153 4623 1266 4677 dies
1295 4622 1347 4675 in
1387 4629 1630 4690 tempore
1682 4619 1923 4676 Christus
1977 4620 2152 4674 homi-

580 4733 678 4774 nes
701 4718 935 4773 salvans.
965 4715 1092 4770 Dies
1135 4713 1450 4768 aeternitatis
1478 4711 1723 4768 Christus
1769 4711 1822 4764 iu
1851 4710 1990 4766 caelo
2031 4724 2154 4763 san-

579 4821 698 4867 ctos
735 4811 955 4878 angelos
998 4822 1260 4878 pascens,
1309 4805 1424 4859 dies
1464 4803 1720 4873 temporis
1760 4803 2000 4858 Christus
2054 4802 2154 4856 ho-

579 4904 748 4956 mines
788 4901 839 4954 in
880 4907 1022 4953 terra
1052 4897 1315 4952 reﬁciens.
1352 4894 1420 4949 Ut
1446 4897 1589 4950 enim
1621 4909 1814 4964 panem
1841 4894 2153 4960 angelorum

577 4992 925 5047 manducaret
951 4989 1133 5052 homo,
1166 4993 1382 5042 creator
1409 4984 1722 5053 angelorum
1751 4983 1922 5036 factus
1945 4989 2028 5036 est
2055 4982 2154 5034 ho-

577 5097 685 5143 mo,
719 5088 975 5149 utrosque
1001 5092 1248 5148 pascens,
1279 5083 1335 5130 et
1364 5075 1570 5142 integer
1612 5087 1954 5142 permanens.
1981 5070 2152 5136 Quam

574 5174 747 5228 bonus
775 5172 928 5241 panis
951 5170 1056 5242 ,qui
1104 5176 1159 5223 et
1187 5165 1405 5235 angelos
1438 5165 1607 5234 pascit
1657 5178 1753 5233 per
1780 5162 2046 5231 speciem,
2094 5167 2152 5214 ut

575 5265 644 5319 de
694 5263 810 5333 ipso
835 5261 1099 5316 satientur
1122 5259 1175 5312 in
1204 5257 1377 5326 patria
1395 5297 1410 5322 ,
1439 5263 1494 5309 et
1521 5270 1621 5309 nos
1644 5253 1817 5322 pascit
1845 5267 1941 5322 per
1970 5251 2146 5314 tidem,

579 5371 648 5410 ne
669 5353 980 5410 deﬁciamus
1005 5351 1057 5404 in
1087 5349 1200 5402 via!
1224 5347 1316 5400 llle
1346 5345 1519 5415 panis,
1545 5345 1636 5414 qui
1667 5345 1902 5413 seipsum
1931 5341 2023 5396 dat
2051 5357 2150 5394 an-

579 5447 712 5514 gelis
727 5445 794 5500 ad
816 5443 1065 5515 gaudium
1085 5437 1412 5503 stabilitatis,
1426 5434 1827 5505 seipsumdedit
1847 5431 2152 5487 hominibus

647 5616 672 5645 ι
699 5605 824 5660 lianc
851 5605 1010 5658 verba
1035 5617 1126 5670 pro
1155 5598 1298 5670 nobis
1323 5597 1519 5670 absunt
1537 5611 1564 5647 a
1597 5610 1693 5647 ms.

645 5675 674 5713 δ
693 5675 856 5736 Editi,
883 5665 1043 5726 omne
1059 5669 1193 5740 quod
1221 5665 1595 5740 noveranqu
1618 5665 1759 5740 quod
1781 5679 1880 5740 non
1908 5668 2038 5740 erat.
2062 5727 2117 5740 n-

651 5755 672 5782 ε
697 5727 792 5796 Sic
813 5727 956 5796 editi.
985 5727 1084 5793 Ms:
1111 5745 1310 5802 autem,
1331 5734 1466 5797 Quid
1493 5743 1568 5786 est
1597 5727 1703 5785 dies
1727 5733 1789 5785 de
1811 5731 1912 5796 die,
1939 5731 2036 5783 nisi
2055 5727 2148 5780 Fi-

577 5813 676 5868 lius
705 5813 768 5865 de
804 5810 994 5862 Patre?

647 5881 672 5918 ά
705 5879 862 5946 Editi,
898 5879 1104 5948 angelos
1132 5884 1355 5930 sanctos.
1387 5873 1482 5926 Ms.
1512 5889 1619 5927 non
1650 5872 1808 5926 habet
1834 5877 2054 5924 sanctos.

2240 650 2394 703 nobis
2416 649 2592 702 factus
2613 659 2692 702 est
2718 647 3000 702 medicina.
3279 719 3296 725 '

2310 736 2360 790 5.
2386 738 2768 792 Verumtamen
2798 737 2904 801 hic,
2938 736 3271 792 dilectissimi
3314 736 3526 805 fratres,
3568 739 3828 795 attendite

2240 827 2662 894 magnitudinem
2687 827 2890 892 gratiae,
2921 836 2977 881 et
2997 827 3275 896 agnoscite
3301 830 3428 896 quid
3455 825 3595 884 Deus
3617 831 3828 886 homini

2240 917 2487 985 dignatus
2521 923 2601 970 est
2629 930 2949 984 praerogare.
2974 915 3221 970 Christus
3248 919 3388 970 enim
3417 917 3510 972 Dei
3540 919 3736 984 Filius,
3765 921 3828 975 de

2242 1025 2374 1063 vero
2404 1009 2511 1063 Deo
2537 1008 2679 1062 Deus
2703 1023 2876 1070 verus,
2909 1017 2964 1061 et
2997 1025 3132 1063 unus
3160 1024 3279 1062 cum
3313 1008 3470 1064 Patre
3509 1011 3830 1066 naturaliter

2243 1099 2402 1160 Deus,
2422 1113 2635 1167 semper
2662 1113 2727 1151 ex
2757 1097 2935 1165 seipse
2961 1097 3178 1151 sanctos
3210 1107 3231 1133 ε
3257 1097 3478 1164 angelos
3502 1100 3710 1167 pascit;
3738 1100 3826 1153 sed

2243 1198 2421 1241 tamen
2453 1187 2747 1254 angelicam
2780 1195 3022 1238 naturam
3048 1185 3142 1239 Dei
3168 1187 3332 1241 Filius
3363 1204 3469 1241 non
3496 1189 3729 1257 accepit.
3763 1187 3825 1241 llt

2243 1283 2419 1328 autem
2451 1289 2599 1328 suam
2631 1273 2908 1327 caritatem
2941 1273 3082 1328 Deus
3127 1277 3533 1331 commendaret
3561 1277 3612 1329 in
3644 1276 3826 1339 nobis,

2244 1363 2407 1417 Filius
2435 1363 2549 1430 ejus
2595 1374 2841 1416 naturam
2873 1373 3110 1417 nostram
3160 1366 3396 1434 suscepit
3445 1382 3512 1420 ex
3542 1367 3698 1420 nobis
3729 1385 3743 1418 :
3773 1376 3823 1420 et

2246 1456 2384 1509 Deus
2427 1455 2750 1522 unigenitus,
2781 1455 2874 1522 qui
2914 1455 3065 1522 panis
3098 1464 3179 1508 est
3209 1457 3538 1525 angelorum,
3569 1465 3631 1510 ut
3658 1457 3823 1510 etiam

2247 1545 2520 1598 hominum
2569 1545 2804 1612 seipsum
2835 1545 3034 1599 laceret
3063 1561 3277 1614 panem,
3325 1547 3480 1600 simul
3509 1547 3746 1600 hominis
3771 1554 3822 1601 et

2246 1638 2476 1690 animam
2507 1637 2744 1704 suscepit
2789 1645 2844 1689 et
2873 1651 3114 1690 carnem.
3164 1638 3385 1706 Accepit
3415 1646 3698 1706 utramque
3730 1653 3821 1692 ve-

2247 1743 2382 1790 ram,
2409 1735 2691 1796 utramque
2715 1735 2975 1790 sanctam,
3002 1736 3287 1796 utramque
3309 1728 3586 1782 mundam:
3613 1730 3822 1798 acoepit

2247 1819 2478 1872 animam
2510 1828 2749 1872 nostram
2778 1818 2894 1872 sine
2923 1818 3226 1886 iniquitate,
3250 1821 3458 1889 accepit
3485 1835 3708 1875 carnem
3739 1837 3826 1875 no-

2249 1917 2412 1963 stram
2442 1923 2562 1962 cum
2593 1908 2919 1962 mortalitate
2944 1926 2958 1972 ;
2988 1909 3196 1978 accepit
3225 1910 3454 1963 animam
3473 1910 3701 1977 justam,
3733 1926 3824 1980 per

2249 2016 2410 2070 quam
2456 1999 2655 2054 nostris
2691 1999 2972 2054 animabus
3019 1999 3278 2068 justitiam
3308 2001 3576 2065 redderet,
3605 2017 3821 2056 carnem

2249 2103 2376 2142 vero
2399 2095 2685 2156 propterea
2710 2085 2956 2154 dignatus
2980 2095 3062 2141 est
3091 2087 3288 2141 habere
3319 2089 3623 2154 mortalem,
3655 2095 3717 2142 ut
3744 2104 3822 2143 se-

2249 2177 2478 2232 cundum
2519 2177 2689 2246 ipsam
2716 2176 2956 2230 moriens
2982 2185 3210 2232 mortem
3249 2177 3508 2245 vinceret,
3529 2180 3822 2235 secundum

2251 2268 2421 2336 ipsam
2472 2265 2633 2320 etiam
2679 2275 3022 2334 resurgeret,
3074 2283 3172 2336 per
3199 2282 3360 2336 quam
3391 2278 3571 2323 nostra
3611 2284 3826 2339 quoque

2249 2373 2473 2427 corpora
2501 2357 2807 2412 suscitaret.

2319 2447 2373 2501 6.
2393 2447 2639 2516 Magnum
2656 2447 3330 2518 mysterium,dilectissimi
3350 2449 3560 2517 fratres,
3576 2465 3824 2518 magnum

2251 2538 2442 2593 divina:
2463 2537 2764 2591 dilectionis
2790 2537 3064 2590 indicium.
3095 2536 3268 2593 l‘lomo
3290 2538 3456 2592 Deum
3480 2549 3827 2595 contemnens

2251 2644 2280 2681 a
2311 2627 2420 2682 Deo
2450 2627 2722 2691 discessit,
2757 2627 2898 2681 Deus
2925 2627 3196 2682 hominem
3243 2629 3472 2696 diligens
3498 2630 3564 2683 ad
3587 2631 3827 2684 homines

2253 2719 2416 2772 venit.
2445 2716 2642 2770 Dilexit
2670 2718 2909 2786 impium,
2964 2725 3021 2770 ut
3071 2716 3270 2772 faceret
3293 2717 3524 2786 justum;
3558 2719 3722 2789 555
3746 2719 3826 2772 di-

2253 2807 2380 2862 lexit
2431 2805 2717 2871 inﬁrmum,
2752 2815 2810 2860 ut
2850 2806 3051 2860 faceret
3108 2823 3295 2861 sanum
3327 2825 3341 2873 ;
3380 2808 3568 2862 dilexit
3611 2823 3828 2877 perver-

2251 2913 2388 2958 sum,
2415 2905 2472 2950 ut
2505 2898 2711 2951 faceret
2738 2906 2943 2951 rectum
2967 2915 2980 2962 ;
3013 2897 3210 2952 dilexit‘
3224 2892 3516 2962 mortuum,
3546 2909 3606 2953 ut
3635 2900 3828 2954 faceret

2252 2989 2450 3042 vivum.
2494 2987 2554 3041 Et
2577 2988 2703 3055 quid
2733 2988 2961 3056 amplius
2991 2988 3204 3042 dicam?
3228 2989 3660 3058 quandoquidem
3689 2991 3834 3045 Deus

2253 3080 2557 3147 unigenitus
2582 3079 2870 3132 humanam
2894 3088 3136 3132 naturam
3174 3086 3377 3134 tantum
3401 3080 3605 3145 dilexit,
3626 3090 3681 3135 ut
3702 3096 3829 3135 eam

2255 3191 2362 3229 non
2393 3174 2565 3228 solum
2605 3190 2635 3228 a
2681 3182 2950 3243 potestate
2989 3175 3122 3228 mali"
3145 3176 3319 3244 angeli
3351 3176 3618 3239 liberaret,
3641 3191 3828 3232 verum

2255 3265 2419 3320 etiam
2449 3265 2500 3317 in
2530 3265 2707 3332 seipso
2729 3279 2891 3334 super
2919 3280 3108 3320 omnes
3135 3265 3306 3320 honos
3321 3267 3540 3335 angelos
3562 3268 3612 3320 in
3655 3267 3831 3321 Patris

2255 3355 2475 3409 dextera
2507 3354 2816 3409 collocaret.
2843 3354 3040 3409 Natura
3069 3357 3211 3410 enim
3238 3373 3356 3426 quae
3378 3358 3430 3410 in
3462 3359 3635 3427 primo
3658 3359 3832 3413 homi-

2253 3461 2321 3500 ne
2349 3461 2378 3499 a
2427 3446 2568 3500 malo
2597 3446 2788 3514 angelo
2816 3448 3085 3516 captivata
3122 3447 3316 3515 fuerat,
3350 3448 3464 3518 ipsa
3495 3464 3634 3502 nunc
3661 3450 3709 3502 in
3739 3464 3829 3504 se-

2254 3537 2428 3592 cundo
2458 3538 2676 3592 homine
2703 3553 2866 3607 super
2902 3553 3089 3593 omnes
3116 3539 3289 3594 bonos
3313 3539 3536 3606 angelos
3566 3549 3746 3607 regnat
3778 3538 3827 3594 ί.

2253 3628 2454 3683 Natura
2481 3643 2603 3698 quae
2627 3629 2685 3682 in
2711 3629 2890 3697 primo
2915 3629 3132 3683 homine
3173 3629 3430 3683 mundum
3451 3639 3686 3699 peccato
3708 3630 3832 3700 pol-

2256 3721 2374 3788 luit,
2425 3722 2539 3790 ipsa
2597 3721 2649 3774 in
2701 3720 2938 3776 secundo
2991 3722 3208 3775 homine
3255 3721 3508 3776 mundum
3541 3737 3569 3774 a
3612 3708 3836 3791 peccato

2255 3813 2551 3867 mundavit.
2583 3812 2793 3867 Primus
2821 3815 2970 3867 homo
3011 3813 3074 3866 de
3105 3823 3240 3866 terra
3285 3823 3534 3879 terrenus,
3578 3813 3830 3866 secundus

2256 3909 2406 3959 homo
2429 3905 2492 3958 de
2514 3904 2641 3957 catlo
2667 3904 2881 3957 cwlestis
2907 3904 2958 3973 (Ι
2987 3903 3106 3958 Cor.
3138 3920 3230 3970 xv,
3255 3903 3366 3972 67).
3395 3903 3628 3957 Primum
3657 3894 3831 3958 humi?-

2256 4009 2378 4048 nem
2409 3994 2599 4048 mulier
2627 4003 2879 4063 corrupta
2910 4003 3088 4048 mente
3115 3993 3348 4062 decepit,
3395 3994 3690 4048 secundum
3736 3993 3838 4047 ho-

2257 4088 2454 4142 minem
2479 4087 2627 4154 virgo
2649 4087 2954 4154 incorrupta
2987 4085 3286 4153 virginitate
3306 4087 3572 4154 concepit.
3591 4085 3652 4138 In
3673 4083 3835 4154 primi

2258 4177 2492 4230 hominis
2520 4176 2750 4245 conjuge
2780 4176 3014 4244 nequitia
3045 4175 3244 4230 diaboli
3279 4175 3555 4230 seductam
3577 4176 3839 4245 deprava-

2258 4267 2333 4321 vit
2359 4276 2625 4333 mentem,
2649 4267 2702 4320 in
2731 4266 2951 4322 secundi
2979 4274 3156 4319 autem
3189 4266 3423 4320 hominis
3449 4273 3620 4320 matre
3664 4266 3841 4335 gratia

2260 4356 2355 4410 Dei
2385 4365 2440 4410 et
2468 4365 2702 4413 mentem
2734 4355 2998 4430 integram
3027 4355 3260 4409 servavit
3286 4363 3341 4408 et
3367 4369 3582 4409 carnem
3613 4372 3626 4406 :
3671 4354 3842 4408 menti

2261 4448 2486 4503 contulit
2517 4447 2873 4501 ﬁrmissimam
2895 4445 3073 4508 ﬁdem,
3105 4445 3251 4500 carni
3282 4445 3500 4498 abstulit
3520 4445 3740 4499 omnino
3769 4443 3840 4497 li—

2261 4536 2514 4591 bidinem.
2547 4534 2812 4601 Quoniam
2869 4535 3029 4602 igitur
3070 4534 3445 4589 miserabiliter
3489 4550 3586 4604 pro
3612 4541 3852 4604 peccato

2261 4629 2544 4684 damnatus
2563 4636 2646 4682 est
2666 4628 2846 4690 homo,
2876 4626 2998 4681 ideo
3019 4627 3134 4681 sine
3161 4634 3383 4696 peccato
3405 4626 3722 4681 mirabiliter
3751 4640 3848 4680 na-

2261 4727 2344 4774 tus
2365 4728 2446 4773 est
2478 4719 2615 4773 Deus
2643 4719 2825 4772 homo.

2331 4809 2380 4862 7.
2406 4808 2696 4872 Attendite,
2721 4807 2932 4871 fratres,
2956 4805 3290 4862 medicinalis
3318 4808 3504 4875 gratiae
3533 4807 3723 4870 lineas,
3755 4807 3842 4861 di-

2257 4898 2376 4951 vina
2404 4898 2555 4951 nobis
2571 4897 2900 4964 benignitate
2929 4904 3275 4952 monstratas.
3294 4896 3445 4951 Tunc
3465 4897 3531 4951 ad
3551 4897 3717 4950 Evam
3738 4912 3848 4951 an-

2256 4989 2406 5051 gelus
2452 4989 2623 5043 malus
2665 4989 2908 5052 accessit,
2932 4995 2991 5041 ut
3019 5002 3116 5056 per
3142 5001 3262 5040 eam
3292 4986 3477 5052 homo,
3509 5000 3664 5055 quem
3693 4985 3850 5040 Deus

2258 5077 2478 5140 fecerat,
2501 5090 2528 5126 a
2563 5075 2670 5129 Deo
2692 5083 3034 5143 separaretur
3057 5091 3070 5137 ;
3113 5089 3254 5128 nunc
3281 5081 3464 5128 autem
3515 5073 3583 5127 ad
3611 5071 3848 5126 Mariam

2224 5194 2231 5198 -
2258 5168 2427 5220 bonus
2469 5167 2688 5235 angi-lus
2716 5168 2880 5232 venit,
2911 5175 2970 5220 ut
3019 5168 3070 5220 in
3100 5182 3162 5221 ea
3193 5166 3436 5219 humanm
3460 5173 3662 5218 naturae
3688 5163 3850 5219 Deus

2262 5255 2569 5323 Unigenitus
2599 5256 2856 5311 uniretur.
2893 5257 3050 5312 Venit
3076 5256 3142 5309 ad
3167 5254 3330 5310 Evam
3356 5255 3620 5320 diabolus,
3665 5259 3734 5306 ut
3761 5254 3850 5308 νίς

2258 5353 2366 5398 tam
2399 5345 2550 5399 nobis
2589 5345 2851 5413 malignus
2879 5345 3154 5409 auferret;
3186 5343 3332 5397 venit
3370 5343 3440 5397 ad
3477 5342 3694 5396 Mariam
3728 5341 3846 5396 Ga-

2257 5431 2411 5494 briel,
2435 5441 2491 5486 ut
2515 5433 2679 5486 vitam
2709 5431 3034 5487 reddendam
3073 5432 3379 5487 hominibus
3407 5431 3702 5486 nuntiaret.
3738 5429 3854 5486 Per

2323 5599 2345 5624 ε
2379 5589 2540 5643 Abest
2569 5597 2774 5641 sanctos
2797 5603 2826 5640 a
2857 5602 2957 5640 ms.

2327 5658 2344 5695 τ
2377 5659 2517 5722 Haec,
2552 5655 2602 5710 Ν
2609 5666 2763 5728 antra,
2796 5673 2998 5728 qum...
3031 5673 3183 5728 super
3212 5675 3393 5728 omnes
3421 5658 3578 5713 bonos
3596 5658 3854 5728 angelos

2253 5735 2450 5797 regnat,
2484 5719 2727 5797 leguntur
2753 5719 2954 5797 in’iAnt.
2986 5735 3041 5779 et
3083 5719 3180 5783 ms.
3212 5727 3346 5782 Thu.
3380 5727 3440 5783 In
3465 5743 3558 5782 ms.
3586 5719 3752 5780 Colb.
3786 5719 3870 5781 e"

2251 5796 2455 5852 caeteris
2485 5796 2645 5852 editis
2675 5810 2780 5850 non
2814 5796 3083 5864 leguntur.
