4064 6358
320 421 428 479 729

1789 419 2016 508 SERMP
2042 419 2127 475 111.

3459 428 3562 483 750

322 539 479 608 primi
505 537 737 594 hominis
765 535 976 618 culpam
1024 536 1187 606 cmpit
1216 535 1458 590 diabolus
1488 534 1688 590 homini
1716 535 1888 591 domi-
1920 541 1965 597 Α
1994 549 2181 589 servus
2210 533 2236 570 ει
2267 547 2512 602 egressus
2531 522 2621 590 est
2646 536 2710 592 de
2741 541 3009 608 ergastulo
3040 541 3231 595 carnis.
3263 540 3385 595 Heri
3406 543 3561 595 Chri-

319 629 456 695 nari,
481 643 579 699 per
603 626 824 682 secundi
851 625 1082 680 hominis
1124 626 1349 694 gratiam
1395 625 1558 694 ccepit
1585 625 1652 680 ab
1677 625 1894 680 homine

319 721 593 790 superari:
619 733 782 788 super
807 717 1036 788 primum
1067 720 1347 787 superbus,
1377 717 1474 772 sub
1507 717 1741 772 secundo
1768 733 1895 788 cap-

320 811 482 865 tivus.
507 807 609 864 Per
649 809 796 863 illum
825 824 924 862 nos
952 808 1248 877 captivatos
1272 807 1460 871 tenuit,
1484 821 1582 876 per
1608 807 1766 860 istum
1797 822 1896 861 nos

320 898 578 954 liberatos
604 897 799 951 amisit.
835 894 1044 950 Primus
1069 895 1241 948 Adam
1282 895 1434 948 nobis
1475 904 1661 950 auctor
1689 896 1894 949 exstitit

321 988 509 1058 culpae,
529 985 845 1042 novissimus
874 983 1045 1038 Adam
1074 985 1229 1039 nobis
1251 992 1437 1038 auctor
1456 983 1660 1038 exstitit
1687 985 1890 1051 gratim.

321 1075 416 1132 Ille
435 1077 502 1131 de
529 1076 654 1130 limo
683 1075 976 1144 plasmatus
1021 1082 1265 1128 terrenos
1293 1073 1534 1143 protulit,
1562 1075 1662 1129 iste
1690 1075 1756 1130 de
1783 1075 1898 1145 Spi-

321 1170 430 1224 ritu
457 1176 642 1223 sancto
671 1177 828 1220 natus
877 1165 1125 1220 cmlestes
1155 1162 1350 1222 effecit.
1385 1164 1488 1219 Per
1515 1165 1661 1219 illum
1713 1165 1895 1234 perdi-

321 1263 497 1319 dimus
515 1263 740 1332 gratiam
764 1260 1021 1330 priorem,
1051 1275 1146 1330 per
1167 1263 1324 1314 istum
1349 1260 1650 1330 recepimus
1677 1258 1898 1328 amplio-

324 1372 460 1412 rem.
482 1355 576 1409 llle
604 1355 801 1425 quippe
822 1354 976 1409 nobis
998 1353 1176 1408 intulit
1213 1353 1419 1422 peccati
1461 1352 1742 1417 maculam,
1774 1366 1893 1406 cum

321 1459 428 1514 qua
473 1459 816 1500 nasceremur
859 1442 928 1497 ad
972 1443 1328 1513 supplicium;
1368 1443 1468 1496 iste
1491 1442 1644 1495 nobis
1671 1441 1896 1495 contulit

320 1533 717 1604 justiticationis
757 1533 1001 1600 gratiam,
1034 1540 1092 1587 ut
1113 1547 1518 1587 renasceremur
1545 1530 1613 1584 ad
1645 1543 1889 1598 regnum.

323 1622 427 1678 Per
457 1624 603 1677 illum
633 1638 730 1678 nos
759 1621 894 1678 filios
921 1623 1098 1678 saeculi
1126 1624 1400 1690 generatio
1439 1622 1669 1676 carnalis
1698 1620 1891 1687 effecit,

320 1729 421 1782 per
447 1714 603 1768 istum
627 1729 724 1768 nos
754 1712 888 1768 lilios
913 1712 1008 1767 Dei
1035 1713 1312 1781 generatio
1341 1713 1592 1782 spiritalis
1626 1712 1888 1766 exhibuit.

321 1803 414 1859 llle
439 1820 536 1859 nos
575 1803 716 1859 vitiis
743 1803 996 1868 subdidit,
1046 1805 1147 1859 iste
1174 1819 1273 1859 nos
1301 1803 1494 1858 ﬂorere
1517 1803 1798 1857 virtutibus
1818 1803 1896 1858 fe-

1995 631 2110 678 stus
2137 639 2236 693 pro
2265 625 2420 679 nobis
2448 627 2641 694 pannis
2656 636 2738 682 est
2759 629 3056 695 involutus;
3081 630 3240 684 hodie
3263 629 3564 698 Stephanus

1997 713 2132 766 stola
2161 721 2243 767 est
2263 713 2331 768 ab
2359 729 2425 768 eo
2455 715 2868 772 immortalitatis
2897 718 3128 773 indutus.
3161 718 3283 773 Heri
3315 718 3567 787 prtesepis

1997 805 2235 871 angustia
2259 805 2526 859 Christum
2557 807 2793 874 portavit
2815 806 3102 870 infantem;
3149 807 3306 860 hodie
3337 806 3564 860 immen-

1995 895 2126 960 sitas
2154 896 2273 950 coeli
2301 898 2537 966 suscepit
2563 895 2892 966 Stephanum
2929 899 3360 966 triumphantem.
3410 896 3567 951 Solus

1996 983 2271 1040 descendit
2298 986 2574 1051 Dominus,
2603 996 2662 1040 ut
2692 987 2891 1042 multos
2931 987 3166 1042 elevaret
3196 1004 3210 1050 ;
3272 985 3568 1039 humiliavit

1996 1089 2056 1128 se
2085 1073 2200 1128 Rex
2227 1084 2428 1141 noster,
2475 1085 2534 1130 ut
2561 1092 2685 1131 suos
2723 1077 2917 1131 milites
2951 1077 3230 1130 exaltaret.
3280 1074 3380 1140 Qui
3425 1061 3586 1141 enim!

1998 1121 2054 1128 η
2085 1121 2200 1128 _--..
2227 1121 2428 1141 ..----.,
2478 1121 2534 1130 _-
2561 1121 2685 1131 νην
2725 1121 2917 1131 .-....---
2954 1121 3230 1130 ηψπ---
3287 1121 3380 1140 κ--

1998 1164 2211 1232 corpori
2239 1181 2337 1220 suo
2371 1167 2589 1234 virginis
2614 1167 2936 1236 prmparavit
2959 1175 3191 1231 uterum,
3211 1167 3325 1234 ipse
3346 1121 3584 1235 martyri‘

1997 1268 2093 1308 suo
2124 1255 2332 1323 aperire
2376 1255 2619 1324 dignatus
2649 1266 2732 1311 est
2779 1257 2993 1312 oculum.
3042 1257 3297 1311 Dominus
3326 1255 3568 1310 Christus

1998 1347 2272 1413 angustias
2320 1348 2522 1402 intrare
2550 1365 2656 1402 non
2687 1349 3005 1416 dedignatus
3046 1357 3130 1403 est
3173 1348 3333 1415 uteri,
3367 1347 3567 1401 1118111-

1997 1451 2138 1490 mam
2169 1437 2428 1508 Stephani
2457 1439 2680 1494 latitudo
2714 1439 3009 1508 susciperet
3036 1439 3176 1493 coeli.

2067 1527 2119 1582 2.
2159 1527 2529 1585 Necessarium
2560 1529 2714 1584 nobis
2736 1537 2836 1595 est,
2870 1530 3060 1584 fratres
3087 1529 3365 1594 carissimi,
3397 1542 3563 1597 agno-

1995 1633 2147 1673 scere
2175 1618 2368 1686 quibus
2405 1619 2568 1673 armis
2607 1620 2922 1689 praecinctus
2957 1618 3257 1687 Stephanus
3310 1618 3563 1672 srevitiam
3621 1677 3628 1680 _

1995 1706 2296 1760 Judaeorum
2326 1707 2502 1776 potuit
2525 1723 2804 1778 superare,
2833 1717 2891 1762 ut
2915 1709 2988 1762 ita
3028 1708 3311 1762 meruisset
3339 1707 3563 1762 feliciter

1994 1798 2341 1868 triumphare.
2389 1799 2570 1868 Neque
2611 1801 2752 1855 enim
2801 1799 3231 1868 parvipendenda
3293 1806 3415 1853 sunt
3443 1799 3563 1852 talis

322 1896 417 1952 cit.
450 1895 541 1951 me
580 1911 679 1950 nos
723 1910 822 1966 per
847 1896 977 1949 vitia
1023 1894 1238 1964 dejecit,
1284 1909 1391 1963 quo
1437 1894 1640 1963 primus
1667 1893 1888 1948 cecidit;
1927 1897 1969 1954 Β
1995 1886 2181 1951 virtus,
2228 1887 2456 1955 talisque
2481 1889 2796 1956 triumphus.
2828 1886 2980 1940 Haud
3005 1902 3134 1942 vero
3163 1887 3354 1941 vilibus
3401 1887 3563 1940 armis

321 1987 426 2041 iste
456 2002 553 2042 nos
581 2002 678 2056 per
703 1987 925 2042 virtutes
952 1986 1151 2053 elevat,
1164 2000 1272 2054 quo
1299 1985 1502 2056 primus
1522 1985 1782 2040 ascendit.
1800 1983 1894 2040 1118

321 2078 522 2146 quippe
550 2077 750 2146 primus
772 2076 963 2132 cecidit
991 2077 1043 2130 in
1085 2075 1372 2145 infernum,
1401 2076 1499 2130 iste
1528 2075 1731 2145 primus
1757 2090 1892 2130 con-

320 2165 534 2220 scendit
560 2167 613 2219 in
643 2165 854 2220 coelum.

393 2253 448 2307 8.
481 2253 706 2316 Interea,
741 2252 949 2318 fratres,
981 2253 1194 2321 dignum
1225 2261 1308 2308 est
1332 2261 1389 2307 ut
1417 2253 1471 2307 in
1499 2252 1586 2322 die
1613 2251 1894 2307 dominicae

318 2343 628 2398 Nativitatis
657 2344 797 2398 diem
825 2359 1039 2412 quoque
1069 2344 1348 2398 dominica:
1364 2343 1794 2399 Resurrectionis
1813 2360 1897 2400 so-

317 2434 574 2490 lemniter
611 2434 857 2488 audiatis.
895 2432 1204 2501 Unigenitus
1249 2434 1391 2488 enim
1440 2433 1599 2499 Deus,
1630 2434 1769 2488 sicut
1797 2449 1894 2503 pro

320 2523 480 2578 nobis
503 2523 749 2592 dignatus
777 2532 859 2578 est
880 2524 1044 2587 nasci,
1076 2523 1152 2581 sic
1172 2538 1270 2592 pro
1293 2523 1447 2578 nobis
1469 2522 1756 2578 secundum
1777 2537 1894 2578 car-

320 2629 446 2667 nem
469 2611 714 2682 dignatus
733 2621 814 2667 est
852 2613 1006 2676 mori,
1038 2612 1286 2681 dignatus
1323 2620 1406 2667 est
1427 2614 1587 2667 etiam
1627 2613 1892 2668 suscitari.

317 2705 429 2760 lste
468 2705 664 2776 Quippe
691 2705 807 2760 dies
842 2713 926 2760 est
964 2704 1305 2770 visitationis,
1360 2704 1448 2758 ille
1491 2701 1892 2773 redemptionis.

317 2792 470 2864 Opus
498 2794 639 2848 enim
688 2793 891 2862 gratiae,
947 2808 1052 2862 qua
1079 2808 1178 2847 nos
1207 2792 1346 2847 Deus
1373 2791 1688 2862 Unigenitus
1716 2793 1895 2848 salvos

316 2882 472 2947 fecit,
503 2891 793 2952 conceptus
817 2882 870 2936 in
901 2891 1056 2937 utero
1087 2883 1278 2953 coepit;
1306 2883 1586 2954 ipsumque
1615 2899 1749 2955 opus
1769 2899 1894 2954 gra-

318 2973 411 3026 tia:
444 2972 513 3027 de
542 2972 791 3042 sepulcro
835 2973 1181 3028 resuscitatus
1228 2973 1484 3043 implevit.
1516 2973 1820 3044 Conceptus
1843 2975 1896 3028 in

319 3069 503 3128 utero,
537 3061 702 3116 factus
727 3070 807 3117 est
848 3063 1005 3132 555
1035 3064 1304 3133 particeps
1330 3063 1518 3118 mortis
1540 3071 1772 3130 nostrae;
1804 3080 1891 3119 re--

315 3164 547 3218 surgens
575 3150 642 3206 de
687 3150 953 3222 sepulcro,
985 3151 1111 3208 fecit
1140 3168 1239 3208 nos
1285 3153 1574 3222 participes
1617 3153 1736 3232 vita:
1765 3169 1892 3208 suae.

1994 1977 2172 2044 potuit
2200 1978 2530 2044 praemuniri,
2559 1978 2649 2046 qui
2673 1993 2702 2031 a
2733 1977 2915 2031 multis
2942 1991 3050 2030 non
3099 1976 3273 2044 potuit
3301 1975 3561 2045 superari.

1993 2062 2206 2117 Invicta:
2241 2079 2472 2132 namque
2501 2065 2553 2117 in
2581 2079 2646 2118 eo
2671 2065 2861 2118 enituit
2891 2064 3097 2132 insigne
3129 2063 3339 2117 virtutis
3355 2072 3400 2127 ο,
3445 2077 3564 2130 quae

1996 2167 2095 2206 nec
2119 2151 2456 2206 frementium
2489 2153 2582 2221 (al.
2619 2152 2997 2222 frequentium)
3027 2151 3568 2207 szevitiam‘formida-

1993 2243 2088 2305 vit,
2116 2257 2216 2297 nec
2239 2243 2588 2312 lapidantium
2618 2244 2810 2298 ictibus
2839 2243 3050 2298 devicta
3073 2241 3368 2298 succubuit.
3386 2239 3566 2309 Usque

1995 2334 2130 2390 adeo
2159 2335 2467 2390 enim'inter
2496 2335 2784 2390 frementes
2829 2336 2990 2406 556
3031 2335 3324 2403 permansit
3351 2334 3565 2387 interri-

1997 2432 2082 2479 tus
2107 2424 2199 2496 (al.
2225 2425 2563 2493 intrepidus),
2581 2434 2635 2478 et
2663 2426 2800 2478 inter
2828 2423 3062 2492 lapidum
3089 2423 3187 2476 fuit
3207 2422 3566 2476 cruciamenta

1993 2528 2212 2568 securus
2228 2553 2244 2577 ,
2269 2522 2326 2566 ut
2349 2513 2771 2568 incredulitatem
2797 2511 3098 2566 Iudaeorum
3127 2511 3349 2564 fidenter
3374 2522 3567 2576 argue-

1996 2610 2094 2666 ret,
2127 2609 2182 2656 et
2202 2602 2463 2670 benignus
2493 2618 2590 2671 pro
2619 2601 2981 2671 lapidantibus
3007 2608 3276 2668 exoraret.
3304 2597 3456 2664 Quod
3485 2607 3571 2652 est

1995 2705 2122 2760 ergo
2153 2699 2261 2746 tam
2306 2706 2556 2760 magnum
2586 2699 2746 2762 atque
2785 2691 3148 2760 insuperabile
3187 2704 3356 2757 genus
3383 2702 3568 2742 armo-

1995 2799 2136 2848 rum,
2161 2798 2268 2852 quo
2297 2785 2533 2838 munitus
2552 2784 2833 2839 saevientes
2853 2784 3120 2852 argueret,
3148 2796 3246 2835 nec
3275 2781 3488 2834 timeret
3514 2776 3530 2815 '
3553 2796 3568 2843 ;

1997 2876 2295 2946 lapidantes
2324 2892 2431 2932 non
2464 2877 2856 2946 repercutiens,
2893 2875 2986 2928 sed
3019 2873 3227 2942 patiens
3253 2878 3574 2941 superaret;

1997 2965 2214 3034 insuper
2240 2973 2295 3020 et
2347 2966 2558 3021 occisus
2583 2965 2759 3018 aulam
2789 2964 3023 3019 cmlestis
3051 2962 3198 3028 regni
3226 2961 3376 3014 vivus
3399 2967 3454 3013 et
3482 2972 3574 3013 co-

1997 3064 2216 3110 ronatus
2244 3056 2506 3110 intraret?
2537 3053 2728 3109 Procul
2775 3053 2936 3108 dubio
2979 3051 3272 3106 munimine
3301 3049 3450 3116 regio
3491 3063 3579 3102 se-

1998 3153 2137 3214 ptus,
2164 3145 2465 3200 nullatenus
2491 3153 2574 3200 est
2600 3146 2668 3199 ab
2694 3143 3017 3199 adversariis
3063 3151 3348 3210 superatus
3382 3158 3394 3191 :
3427 3154 3568 3206 quo-

316 3237 476 3294 Nunc
505 3239 683 3307 itaque
723 3254 906 3294 omnes
933 3239 1212 3294 Dominum
1261 3255 1544 3296 exoremus
1573 3228 1653 3308 ut,
1685 3242 1822 3295 sicut
1848 3242 1899 3295 in
1929 3244 1972 3305 C
2005 3235 2148 3288 niam
2180 3233 2290 3290 Rex
2323 3241 2527 3298 noster,
2561 3249 2683 3288 cum
2711 3234 2781 3288 sit
2818 3233 3128 3294 altissimus,
3173 3246 3270 3300 pro
3297 3229 3451 3282 nobis
3479 3228 3579 3280 hu-

322 3335 431 3389 isto
460 3333 549 3388 die
571 3333 815 3402 gaudium
837 3348 936 3387 suo
965 3332 1166 3403 p0pulo
1193 3333 1394 3402 tribuit,
1425 3333 1490 3386 ad
1514 3333 1658 3386 illum
1689 3347 1903 3403 quoque

318 3427 466 3481 diem
489 3439 674 3480 omnes
703 3417 822 3478 cum
846 3423 1040 3493 gaudio
1072 3433 1127 3479 et
1151 3439 1283 3494 pace
1304 3425 1575 3494 perducat,
1610 3425 1894 3494 populum-

240 3575 249 3582 ,
319 3533 432 3587 que
461 3531 615 3571 suum
649 3515 699 3569 in
733 3513 833 3569 11118
854 3523 908 3569 81
927 3515 1151 3572 88111818
1169 3514 1455 3572 custodiat.
1489 3514 1678 3568 Amen.

935 3647 1165 3703 SERMO
1198 3647 1282 3702 111.

321 3764 410 3820 De
429 3774 608 3819 sancto
649 3762 914 3833 Stephano
940 3769 1332 3883 prognttlt‘rtyre,
1361 3770 1410 3815 et
1450 3761 1793 3816 Conuersione
1837 3763 1899 3818 S.

1075 3848 1139 3883 au
1164 3849 1201 3883 1.

1075 3848 1201 3884 auu.

399 3946 452 3998 l.
487 3953 510 3980 ⁸
571 3944 696 3998 Heri
747 3943 1136 3999 celebravimus
1190 3944 1540 4012 temporalem
1592 3944 1903 4012 sempiterni

320 4034 492 4101 Regis
521 4033 688 4088 nostri
716 4032 956 4087 Natalem
997 4051 1008 4085 :
1049 4033 1206 4087 hodie
1233 4033 1567 4091 celebramus
1606 4035 1903 4103 triumpha-

211 4127 226 4136 ⁸
319 4124 433 4178 18111
464 4122 650 4176 militis
672 4122 993 4191 passionem.
1020 4120 1143 4175 Heri
1172 4121 1315 4176 enim
1340 4121 1452 4174 Rex
1485 4131 1684 4184 noster,
1719 4122 1901 4176 trabea

323 4213 513 4267 carnis
539 4212 774 4274 indutus,
805 4210 872 4264 de
899 4210 1018 4264 aula
1047 4211 1183 4264 uteri
1210 4209 1483 4279 virginalis
1518 4210 1796 4278 egrediens
1824 4210 1902 4263 vi-

317 4303 494 4356 sitare
536 4301 782 4368 dignatus
806 4307 887 4356 est
922 4299 1176 4355 mundum
1208 4319 1221 4354 :
1250 4301 1410 4356 hodie
1440 4301 1592 4355 miles
1630 4301 1698 4355 de
1727 4301 1904 4356 taber-

315 4392 523 4447 naculo
571 4392 813 4462 corporis
859 4392 1084 4456 exiens,
1132 4393 1489 4462 triumphator
1533 4392 1779 4460 migravit
1834 4391 1902 4446 ad

317 4483 546 4539 caelum.
577 4481 690 4546 llle,
721 4482 1059 4550 sempiterna:
1101 4481 1318 4536 deitatis
1357 4481 1637 4549 majestate
1667 4489 1898 4545 servata,

2004 3323 2146 3377 milis
2174 3323 2336 3388 venit,
2381 3323 2476 3377 sed
2517 3324 2690 3377 inanis
2712 3323 2895 3377 venire
2945 3337 3050 3375 non
3091 3320 3285 3389 potuit.
3335 3317 3580 3385 Magnum

2003 3413 2202 3482 quippe
2223 3412 2535 3486 donativum
2559 3412 2668 3466 suis
2697 3411 2954 3465 militibus
2976 3409 3173 3472 attulit,
3201 3423 3308 3475 quo
3337 3423 3432 3460 eos
3473 3421 3580 3459 non

2003 3501 2176 3554 solum
2205 3501 2427 3569 copiose
2455 3501 2662 3564 ditavit,
2687 3501 2782 3553 sed
2813 3500 2974 3553 etiam
3003 3497 3070 3550 ad
3103 3495 3414 3551 certandum
3446 3495 3582 3546 invi-

2004 3588 2238 3643 ctissime
2259 3588 2600 3642 eonfortavit.
2626 3587 2817 3641 Attulit
2844 3600 3073 3655 namque
3095 3585 3293 3638 donum
3320 3583 3581 3652 caritatis,

2004 3693 2111 3748 quo
2162 3677 2482 3747 perduceret
2540 3677 2784 3732 homines
2839 3677 2905 3730 ad
2960 3673 3288 3730 consortium
3347 3672 3580 3726 deitatis.

2004 3766 2157 3834 Quod
2182 3781 2312 3836 ergo
2351 3767 2547 3832 attulit,
2579 3768 2823 3836 erogavit
2856 3787 2867 3819 :
2904 3782 3001 3821 nec
3030 3766 3126 3820 sibi
3154 3764 3352 3834 aliquid
3372 3763 3581 3828 minuit,

2002 3857 2095 3911 sed
2139 3857 2454 3911 mirabiliter
2496 3865 2550 3910 et
2589 3871 2807 3930 suorum
2839 3854 3228 3926 S'pauperiem'
3258 3855 3472 3920 ditavit,
3523 3861 3582 3908 ct

2011 3945 2438 4000 indelicientibus
2477 3946 2742 4000 thesauris
2771 3947 2959 4016 plenus
2988 3947 3100 4015 ipse
3127 3945 3442 4014 permansit.

2073 4037 2126 4089 5.
2165 4033 2372 4090 Caritas
2407 4050 2538 4104 ergo
2583 4051 2700 4105 qua:
2729 4036 2797 4091 de
2827 4037 2964 4092 etelo
3011 4035 3078 4090 ad
3122 4044 3290 4089 terras
3331 4034 3583 4104 deposuit

2002 4129 2297 4196 Christum,
2321 4129 2433 4198 ipsa
2462 4128 2794 4200 Stephanum
2823 4130 2890 4184 de
2924 4138 3067 4184 terra
3107 4128 3344 4183 elevavit
3372 4127 3439 4181 ad
3477 4141 3586 4181 ca:-

2003 4220 2129 4273 lum.
2163 4220 2372 4274 Caritas
2391 4235 2510 4288 qua:
2532 4221 2806 4288 praecessit
2832 4220 2883 4273 in
2909 4219 3081 4287 Rege,
3106 4218 3218 4287 ipsa
3249 4217 3585 4284 subsequen-

2004 4318 2087 4362 ter
2114 4309 2322 4364 refulsit
2350 4309 2404 4362 in
2453 4309 2644 4363 milite.
2676 4307 2721 4361 0
2745 4307 3056 4362 admiranda
3100 4306 3297 4374 ubique
3345 4303 3585 4374 potentia

2003 4398 2328 4453 Salvatoris!
2352 4396 2396 4451 Ο
2414 4397 2751 4468 praedicanda
2778 4397 3140 4452 indesinenter
3167 4395 3336 4464 gratia
3356 4393 3587 4446 Redem-

2003 4488 2201 4557 ptoris!
2235 4485 2480 4542 Ostendit
2506 4487 2560 4541 iu
2603 4496 2774 4540 matre
2801 4486 3124 4554 virginitatis
3168 4493 3383 4538 reterns:
3423 4483 3584 4534 mira-

317 4573 526 4628 servile
552 4571 906 4627 cinctoriumb
937 4571 1113 4626 carnis
1139 4586 1436 4636 assumens,
1461 4571 1513 4624 in
1543 4571 1700 4640 hujus
1721 4571 1898 4625 saeculi
1927 4589 1975 4648 ι)
2002 4577 2198 4640 culum,
2231 4575 2618 4645 demonstravit
2653 4576 2704 4628 in
2735 4583 2969 4644 martyre
2997 4573 3207 4627 invicta:
3235 4571 3474 4626 caritatis
3503 4571 3583 4623 in-

317 4677 581 4734 campum
607 4669 936 4732 pugnaturus
979 4661 1232 4726 intravit;
1278 4661 1378 4715 iste
1407 4660 1663 4730 depositis
1713 4676 1898 4715 corru-

320 4752 556 4822 ptilibus
583 4751 824 4820 corporis
852 4749 1191 4814 indumentis,
1237 4749 1315 4822 ad
1351 4749 1471 4804 cmli
1502 4749 1757 4818 palatium
1805 4765 1899 4818 pe-

315 4821 572 4897 renniter
617 4847 934 4907 regnaturus
978 4837 1234 4893 ascendit.
1281 4821 1374 4892 Ille
1420 4837 1696 4892 descendit
1739 4851 1901 4893 carne

313 4933 557 4996 velatus,
583 4933 684 4985 iste
709 4931 947 4985 ascendit
975 4930 1232 4998 sanguine
1272 4929 1544 4984 laureatus
1571 4940 1618 4980 ε.
1649 4929 1902 4984 Ascendit

311 5026 429 5080 iste
455 5021 813 5091 lapidantibus
841 5019 1058 5086 Iudaeis,
1097 5021 1221 5089 quia
1267 5019 1355 5075 ille
1400 5019 1673 5076 descendit
1719 5021 1903 5075 1811811-

309 5112 470 5167 tibus
511 5112 732 5179 angelis.
779 5109 958 5165 Gloria
999 5111 1053 5164 in
1097 5111 1312 5165 excelsis
1357 5109 1466 5165 Deo
1527 5110 1675 5181 (Luc.
1722 5110 1900 5180 “,14)

307 5203 444 5258 heri
494 5204 665 5258 sancti
712 5203 884 5272 angeli
927 5203 1259 5258 exsultantes
1303 5213 1686 5269 cantaverunt;
1744 5204 1901 5259 hodie

306 5294 659 5363 Sfephanum
688 5294 928 5348 laetantes
973 5295 1024 5348 in
1070 5309 1224 5348 suum
1271 5296 1599 5349 consortium
1644 5310 1897 5364 suscepe-

306 5395 474 5441 runt.
510 5385 636 5441 Heri
683 5387 938 5441 Dominus
965 5387 1130 5442 exivit
1160 5387 1226 5442 de
1268 5395 1422 5441 utero
1449 5386 1666 5455 virginis
1697 5405 1709 5439 :
1741 5387 1898 5442 hodie

389 5580 418 5604 ³
457 5570 581 5626 Mss.
612 5573 842 5628 habent:
867 5573 1080 5627 Fratres
1106 5570 1380 5633 carissimi,
1419 5583 1518 5624 nec
1547 5567 1743 5622 habent
1772 5584 1904 5621 sem-

303 5641 540 5707 pilerni.

390 5709 420 5746 ι
472 5708 594 5765 Mss.
607 5753 622 5776 ,
648 5712 935 5764 tentorium.

394 5791 418 5813 οε
471 5776 586 5832 Mss.
605 5819 620 5842 ,
641 5790 934 5833 coronatus.

388 5845 420 5882 ἀ
468 5846 554 5903 Sic
583 5863 710 5903 mss.
743 5847 808 5902 At
836 5849 984 5914 edd.,
1007 5846 1169 5901 miles.

2005 4666 2221 4721 (licium.
2260 4666 2542 4734 lntegritas
2587 4666 2782 4735 quippe
2829 4666 3144 4719 intemerata
3191 4661 3483 4732 permansit
3528 4661 3582 4714 in

2004 4757 2226 4825 virgine,
2252 4758 2553 4811 dilectionis
2567 4758 2734 4810 virtus
2761 4757 2958 4811 invicta
2974 4755 3336 4826 perseveravit
3359 4753 3408 4806 in
3449 4767 3584 4806 mar-

2009 4854 2141 4914 tyre.
2177 4845 2243 4899 Et
2268 4847 2402 4900 sicut
2431 4847 2483 4900 in
2507 4854 2675 4901 matre
2707 4845 2919 4900 Domini
2958 4861 3066 4899 non
3108 4842 3585 4914 potuit‘virginitas

2008 4937 2214 5001 violari,
2246 4937 2324 4991 sic
2349 4938 2401 4990 in
2431 4939 2681 5008 martyris
2705 4944 2885 4992 mente
2913 4951 3022 4990 non
3053 4935 3229 5004 potuit
3262 4933 3459 4987 Christi
3488 4947 3583 4986 ca-

2009 5028 2140 5081 ritas
2169 5036 2319 5082 tanto
2345 5029 2677 5082 smvientium
2725 5027 2936 5096 agmine
2977 5027 3240 5096 superari.
3280 5024 3586 5093 Stephanus

2009 5131 2159 5184 ergo,
2192 5126 2249 5171 ut
2276 5119 2508 5172 nominis
2551 5119 2632 5175 sui
2683 5133 2941 5173 coronam
2987 5117 3273 5171 meruisset
3315 5115 3585 5183 accipere,

2007 5205 2283 5260 caritatem
2315 5221 2416 5274 pro
2458 5207 2620 5260 armis
2649 5207 2914 5272 habebat,
2944 5215 2999 5260 et
3040 5222 3134 5274 per
3172 5206 3341 5274 ipsam
3388 5203 3585 5270 ubique

2006 5296 2271 5350 vincebat.
2320 5295 2422 5351 Per
2442 5299 2718 5352 caritatem
2742 5298 2835 5351 Dei
2883 5298 3230 5353 saevientibus
3251 5296 3446 5350 Judtcis
3477 5310 3586 5349 1101.

2002 5386 2200 5447 cessit,
2233 5401 2327 5454 per
2355 5389 2634 5442 caritatem
2676 5389 2908 5456 proximi
2967 5405 3064 5458 pro
3112 5387 3474 5458 lapidantibus
3501 5387 3580 5440 in-

2085 5580 2107 5604 υ
2149 5567 2296 5627 Mss,
2331 5565 2529 5619 Invicta
2562 5583 2780 5635 namque
2813 5569 2864 5618 in
2894 5585 2952 5619 eo
2976 5566 3262 5617 enituerunt
3307 5566 3455 5636 signa
3481 5567 3586 5619 vir-

2013 5639 2304 5708 tutiquuia
2327 5652 2485 5708 nec...
2520 5637 2744 5708 deuictus
2773 5635 3054 5708 succubuit.

2089 5707 2105 5745 ι
2141 5705 2261 5760 11ὶίξο
2292 5705 2472 5762 verba.
2501 5722 2590 5757 nec
2619 5706 2834 5765 timeret,
2862 5705 3122 5758 habentur
3151 5719 3214 5759 ex
3240 5721 3369 5758 mss.

2087 5786 2109 5822 ε
2153 5776 2327 5829 Ms.'et
2359 5776 2505 5830 Αιιῑ..
2538 5791 2742 5827 suorum
2763 5775 3013 5844 ﬁdelium.
