4090 6342
490 422 588 477 731
650 391 658 398 ’

1527 381 1582 472 s.
1624 408 1978 470 FL‘LCEN'I‘ll
2013 407 2307 470 El’lSCOPl
2351 411 2711 469 ltUS‘PENSIS

3637 410 3759 469 7‘59.

495 535 763 589 tercessit.
792 533 891 588 Per
914 535 1192 588 caritatom
1225 530 1482 600 arguebat
1521 539 1782 592 errantes,
1817 539 1872 582 ιιι
1899 531 2066 583 corri-
2097 537 2140 592 Α
2171 538 2404 584 sectetur
2441 528 2746 597 exemplum
2801 522 3167 582 conversionis
3215 531 3266 582 in
3315 530 3482 584 Paulo
3511 551 3520 584 :
3555 543 3609 587 et
3648 536 3755 603 qui

493 632 748 690 gerentur
777 640 790 687 ;
821 639 917 692 per
944 623 1223 675 caritatem
1251 633 1348 688 pro
1377 618 1732 687 lapidantibus
1762 617 1965 679 orabat,
2000 633 2066 671 ne

497 714 835 782 punirentur.
867 709 1115 763 Caritatis
1137 709 1335 763 virtute
1374 707 1647 770 subnixus,
1677 706 1804 759 vicit
1849 705 2065 758 Saulum

495 801 786 856 crudeliter
813 799 1138 861 satvientem,
1171 807 1225 852 et
1266 811 1426 866 quem
1474 795 1658 849 habuit
1687 795 1737 846 in
1771 805 1911 846 terra
1954 809 2069 860 per-

496 897 814 950 secutorem,
860 887 912 939 in
943 888 1081 941 cutio
1114 887 1306 940 meruit
1352 885 1549 938 habere
1577 891 1903 938 consortem.
1949 883 2067 950 Ipsa

496 987 680 1034 sancta
708 987 762 1033 et
785 978 1050 1033 indefessa
1074 979 1268 1032 caritas
1313 975 1633 1040 desideravit
1655 972 1858 1028 orando
1889 973 2071 1042 acqui-

496 1083 617 1122 rere
675 1083 810 1135 quos
862 1067 1100 1134 nequivit
1149 1066 1419 1120 monendo
1482 1071 1819 1118 convertere.
1889 1061 2072 1130 Neque

498 1157 664 1219 enim,
714 1154 926 1219 fratres,
954 1154 1339 1209 existimandus
1367 1161 1450 1206 est
1477 1152 1781 1220 Stephanus
1811 1158 1937 1204 tunc
1967 1150 2070 1202 ini-

490 1246 670 1300 .micos
714 1245 969 1300 dilexisse
999 1256 1022 1282 ει
1074 1259 1194 1299 cum
1238 1259 1338 1313 pro
1379 1244 1460 1300 eis
1487 1250 1698 1303 oraret,
1746 1249 1800 1294 et
1850 1255 1956 1294 non
2001 1239 2075 1292 di-

502 1337 696 1390 lexisse
744 1352 863 1390 eum
904 1351 1088 1390 eorum
1132 1333 1557 1388 incredulitatem
1596 1332 1868 1399 arguendo
1917 1329 2076 1384 corri-

503 1436 674 1499 peret.
705 1428 856 1481 Absit
883 1427 986 1482 hoc
1017 1426 1082 1479 ab
1106 1426 1280 1478 anima
1305 1425 1554 1494 martyris
1577 1423 1642 1476 ad
1668 1422 1789 1477 coeli
1817 1419 2074 1490 palatium

505 1515 822 1573 festinantis.
855 1516 973 1584 ipsa
1003 1517 1142 1569 enim
1167 1521 1350 1568 sancta
1379 1514 1577 1566 caritas
1614 1510 1819 1563 firmam
1843 1509 2076 1562 servavit

469 1637 472 1658 ς
506 1609 562 1662 in
584 1608 830 1662 oratione
852 1606 1185 1675 patientiam,
1216 1619 1334 1672 quae
1363 1603 1584 1671 rigidam
1615 1602 1786 1656 tenuit
1814 1602 1866 1654 in
1891 1614 2074 1653 corre-

503 1699 690 1770 ptione
719 1712 1019 1752 censuram.
1051 1695 1118 1748 Et
1157 1695 1279 1750 ideo
1310 1695 1361 1748 in
1388 1695 1634 1748 oratione
1681 1691 1848 1744 audiri
1881 1690 2078 1743 meruit

506 1788 722 1854 lenitas,
767 1788 889 1854 quia
920 1786 1036 1840 sine
1085 1785 1309 1838 caritate
1353 1798 1459 1836 non
1497 1782 1595 1835 fuit
1643 1781 1694 1833 in
1741 1779 2078 1848 correptione

2168 614 2338 670 b‘on'us
2368 625 2470 682 est,
2495 618 2800 685 aequitatem
2853 631 3019 684 usque
3067 615 3135 669 ad
3188 618 3344 671 linem
3388 628 3598 684 teneat;
3649 624 3751 691 qui

2169 714 2344 759 autem
2368 705 2536 760 malus
2579 713 2681 768 est,
2725 706 3042 772 quantocius
3067 722 3094 758 a
3126 722 3220 760 sua
3252 710 3602 775 perversitate
3629 711 3752 765 dis—

2172 794 2360 860 cedat;
2414 810 2513 849 ncc
2564 797 2759 849 bonum
2807 796 3078 850 hominem
3127 799 3472 868 prmsumptio
3521 795 3752 869 justititn

2170 884 2329 938 faciat
2357 885 2732 953 negligentem,
2767 901 2865 940 nec
2886 887 3080 940 malum
3113 888 3409 957 iniquitatis
3430 893 3754 948 considera-

2170 975 2245 1029 tio
2271 974 2428 1029 faciat
2452 975 2846 1044 desperantem,
2879 977 2972 1031 sed
3021 977 3110 1031 ille
3165 979 3365 1032 bonum
3417 982 3628 1035 fortiter
3658 991 3743 1035 te-

2171 1071 2314 1130 neat,
2346 1063 2446 1118 iste
2473 1063 2668 1117 malum
2700 1064 2948 1120 celeriter
2968 1065 3200 1120 deserat.
3233 1066 3412 1123 Bonus
3461 1071 3649 1125 timeat
3679 1087 3759 1123 ne

2171 1152 2348 1220 cadat,
2378 1153 2548 1206 malus
2579 1162 2803 1207 conetur
2832 1163 2889 1230 ut
2909 1163 3109 1222 surgat.
3141 1153 3388 1223 Quisquis
3417 1171 3544 1224 ergo
3575 1159 3762 1212 malus

2173 1253 2256 1299 est
2305 1261 2426 1299 cum
2473 1245 2637 1300 Paulo
2693 1255 3065 1314 prosternatur
3119 1248 3169 1301 in
3219 1248 3392 1314 malo,
3448 1257 3647 1303 utcum
3678 1266 3760 1303 eo

2174 1332 2408 1400 erigatur
2437 1333 2489 1386 in
2511 1333 2653 1387 bono
2683 1351 2694 1385 :
2727 1333 2981 1401 quoniam
3004 1343 3060 1388 et
3103 1334 3192 1388 ille
3244 1336 3438 1389 cecidit
3465 1337 3658 1400 malus,
3693 1347 3760 1391 et

2174 1421 2408 1475 surrexit
2427 1422 2620 1478 bonus.
2653 1422 2959 1477 Prostratus
2987 1431 3070 1478 est
3099 1425 3329 1493 iniquus,
3356 1435 3410 1481 et
3431 1437 3644 1482 erectus
3663 1439 3772 1482 est

2172 1511 2382 1578 justus;
2418 1512 2612 1566 cecidit
2649 1513 2974 1569 suavissimus
3026 1523 3363 1583 persecutor,
3412 1525 3466 1570 et
3511 1520 3762 1572 surrexit

2177 1602 2443 1657 veridicus
2468 1603 2788 1672 przedicator
2821 1616 2866 1658 θ.
2898 1603 3108 1659 Cadens
3145 1605 3326 1661 lumen
3375 1610 3618 1676 corporis
3647 1610 3762 1662 im—

2179 1690 2295 1758 pius
2323 1691 2573 1759 perdidit,
2606 1706 2833 1760 surgens
2861 1701 3040 1747 autem
3065 1693 3245 1747 lumen
3269 1696 3443 1750 cordis
3485 1697 3761 1766 justifiea-

2181 1787 2266 1833 tus
2294 1781 2520 1849 accepit.
2545 1780 2882 1852 Conjunctus
2910 1791 2992 1837 est
3023 1783 3202 1852 itaque
3233 1783 3524 1853 Stephano,
3573 1787 3762 1843 factus

507 1878 794 1933 severitas:
820 1892 882 1931 ac
911 1891 1008 1946 per
1030 1876 1153 1939 hoc,
1183 1875 1294 1928 sive
1319 1872 1546 1939 orando,
1577 1871 1689 1925 sive
1716 1867 2074 1937 corripiendo,
2110 1894 2158 1952 Β
2181 1875 2264 1922 est
2291 1869 2405 1922 ovis
2435 1886 2501 1925 ex
2525 1871 2670 1940 lupo.
2704 1870 2770 1925 Et
2798 1887 2924 1926 ecce
2951 1887 3091 1926 nunc
3118 1871 3313 1926 Paulus
3333 1889 3451 1928 cum
3472 1875 3762 1946 Stephano

509 1967 788 2022 caritatem
835 1967 1022 2020 beatus
1045 1963 1351 2032 Stephanus
1378 1961 1694 2026 reservavit,
1731 1960 1854 2027 quia
1884 1957 2082 2010 utrobi-

507 2070 614 2122 que
636 2055 861 2108 salutem
892 2053 1185 2107 errantium
1231 2051 1504 2119 cogitavit,
1553 2057 1608 2104 et
1649 2049 1845 2103 indicio
1887 2054 2082 2101 sanctzn

508 2142 774 2198 orationis
823 2142 1058 2196 ostendit
1099 2141 1519 2210 increpationem
1566 2139 1708 2192 illam
1767 2153 1874 2192 non
1919 2136 2082 2192 fuisse

510 2231 640 2296 odii,
671 2232 766 2287 sed
791 2232 1010 2286 amoris.

576 2324 630 2378 4.
671 2324 784 2379 Hoc
814 2332 991 2379 autem
1039 2324 1257 2387 faciens,
1304 2332 1361 2379 et
1407 2323 1760 2392 praesentibus
1804 2322 2082 2377 caritatem

512 2415 702 2467 beatus
729 2421 931 2482 martyr
951 2413 1211 2477 exhibuit,
1236 2420 1291 2466 et
1317 2412 1446 2466 utile
1472 2412 1627 2466 nimis
1655 2412 1953 2480 exemplum
1982 2425 2083 2479 ρο·-

479 2502 666 2557 ιδιθινὶε
709 2502 943 2570 reliquit.
991 2502 1387 2556 Demonstravit
1427 2502 1569 2556 enim
1615 2503 1770 2573 557
1816 2501 2083 2568 geminam

512 2590 870 2645 ecclesiastici
895 2589 1284 2659 dispensatoris
1332 2591 1641 2645 industriam
1677 2609 1689 2643 :
1719 2598 1776 2644 ut
1823 2590 1888 2644 ad
1919 2590 2085 2644 corri-

511 2681 744 2749 gendum
782 2681 1068 2750 cujuslibet
1107 2683 1381 2751 peccantis
1409 2697 1670 2749 errorem,
1710 2690 1764 2736 et
1795 2697 1900 2736 non
1947 2681 2085 2736 desit

513 2773 565 2826 in
593 2787 687 2826 ore
708 2773 997 2840 correptio,
1029 2781 1084 2826 et
1116 2773 1182 2826 ad
1211 2771 1378 2827 Deum
1406 2789 1504 2843 pro
1547 2789 1613 2828 eo
1659 2774 1885 2842 supplex
1911 2772 2082 2828 effun-

517 2861 675 2916 datur
699 2863 892 2916 oratio.
927 2859 997 2916 Ut
1019 2862 1108 2931 qui
1132 2862 1329 2916 malum
1357 2863 1503 2924 fecit,
1535 2877 1630 2932 per
1659 2864 2082 2931 increpationem

510 2950 578 3005 de
617 2951 768 3005 malis
804 2950 1064 3019 operibus
1113 2946 1490 3017 confundatur,
1541 2961 1596 3006 et
1641 2967 1739 3021 per
1785 2953 2081 3006 orationem

516 3043 657 3110 apud
686 3042 851 3095 Deum
878 3041 1188 3110 adjuvetur;
1220 3058 1283 3098 ac
1309 3044 1387 3098 sic
1418 3045 1528 3111 ipsa
1557 3044 1771 3108 caritas,
1805 3052 1859 3098 et
1908 3045 1960 3097 in
1989 3058 2083 3098 ore

511 3130 775 3198 justitiam
804 3138 979 3196 sonet,
1031 3138 1090 3184 ut
1137 3139 1406 3185 errantem
1449 3132 1707 3200 corrigat;
1754 3139 1809 3186 et
1840 3132 1892 3185 in
1921 3131 2083 3186 corde

512 3221 826 3295 patientiam
867 3227 1064 3286 servet,
1115 3228 1172 3274 ut
1216 3236 1314 3290 pro
1353 3227 1568 3275 errante
1615 3221 1910 3275 orationem
1950 3235 2083 3289 puro

511 3308 702 3365 affectu
733 3310 1037 3364 dilectionis
1067 3307 1321 3363 ellundat.
1354 3309 1454 3374 Qui
1499 3310 1640 3364 enim
1678 3317 1944 3363 errantem
1979 3324 2084 3362 non

513 3400 855 3468 corripuerit,
898 3399 965 3454 de
1013 3399 1332 3467 negligentia
1371 3397 1639 3468 judicatur
1667 3398 1722 3463 b;
1772 3398 1861 3466 qui
1908 3406 2084 3452 autem

513 3505 613 3558 pro
640 3503 706 3543 eo
736 3504 844 3543 non
873 3489 1124 3553 oraverit,
1155 3489 1221 3542 de
1250 3489 1486 3558 pernicie
1508 3487 1912 3543 condemnatur.
1944 3487 2088 3553 Quo-

516 3577 684 3644 circa,
737 3575 948 3641 fratres,
993 3577 1038 3631 si
1084 3577 1297 3645 quando
1335 3576 1526 3645 aliquis
1562 3591 1660 3646 pro
1687 3577 1875 3646 anima:
1917 3577 2088 3631 salute

513 3667 819 3736 corripitur,
845 3682 951 3721 non
976 3675 1325 3736 aspernanter
1340 3666 1565 3737 accipiat
1590 3667 1790 3721 monita
1817 3644 2082 3726 caritatis;

513 3773 614 3813 nec
638 3766 953 3828 prmsentem
984 3757 1254 3811 tristitiam
1269 3772 1379 3811 suae
1402 3749 1694 3811 voluntatis
1709 3755 1968 3824 attendat,
1995 3756 2088 3810 sed

515 3851 824 3906 consideret
848 3863 968 3917 quae
992 3848 1136 3902 lucra
1159 3848 1406 3901 utilitatis
1431 3845 1690 3914 acquirat.
1723 3845 1926 3900 Idcirco
1946 3845 2087 3899 enim

513 3939 770 4006 arguitur,
803 3945 861 3991 ut
888 3953 918 3991 a
948 3937 1128 4006 pravis
1156 3936 1407 4005 operibus
1435 3935 1750 4002 corrigatur.
1782 3934 1890 3989 Nec
1909 3943 2086 3989 tamen

511 4044 634 4082 cum
663 4027 816 4082 videt
835 4027 1227 4095 correptionem
1257 4026 1430 4093 aliqua
1463 4023 1747 4078 verborum
1778 4024 2090 4077 austeritate

515 4119 738 4180 fervere,
767 4119 1036 4171 existimet
1061 4117 1338 4170 caritatem
1387 4116 1438 4168 in
1467 4114 1628 4168 corde
1655 4112 1953 4179 frigescere.
2000 4113 2090 4167 Sic

511 4209 656 4262 enim
685 4209 864 4276 vigilat
889 4209 940 4261 in
969 4222 1062 4261 ore
1108 4206 1398 4275 correptio,
1447 4214 1504 4258 ut
1546 4205 1598 4258 in
1637 4204 1801 4258 corde
1830 4220 1936 4258 non
1966 4204 2104 4258 dor—'

517 4304 669 4355 mitet
695 4302 886 4355 oratio.
922 4301 998 4356 Ac
1024 4316 1120 4370 per
1167 4301 1289 4365 hoc,
1321 4300 1374 4352 in
1421 4306 1646 4367 utroque
1675 4297 1918 4366 peccanli
1963 4313 2091 4352 con-

513 4394 654 4448 sulte
682 4393 1025 4463 prospicitur,
1048 4399 1106 4447 ut
1127 4392 1252 4446 dum
1279 4392 1440 4445 homo
1469 4399 1750 4460 correptus
1775 4387 1841 4442 de
1867 4395 2091 4459 peccato

517 4481 878 4550 confunditur,
922 4492 978 4537 et
1026 4499 1055 4538 a
1096 4483 1248 4537 malis
1291 4481 1542 4551 operibus
1585 4488 1866 4549 separetur
1895 4486 1950 4534 et
1997 4495 2092 4549 per

2184 1964 2409 2030 lietatur,
2439 1976 2558 2016 cum
2580 1960 2854 2029 Stephano
2874 1959 3070 2014 Christi
3099 1961 3340 2016 claritate
3385 1961 3410 2000 ἀ
3441 1965 3759 2035 perfruitur,

2182 2069 2302 2108 cum
2331 2053 2606 2121 Stephano
2635 2052 2893 2118 exsultat,
2925 2067 3044 2104 cum
3077 2050 3351 2120 Stephano
3390 2065 3595 2124 regnat.
3630 2056 3760 2122 Quo

2183 2146 2322 2199 enim
2391 2143 2664 2214 pnecessit
2727 2141 3066 2211 Stephanus,
3123 2144 3414 2200 trucidatus
3485 2146 3809 2216 lapidibus'

2184 2234 2362 2300 Pauli,
2388 2235 2514 2288 illuc
2542 2241 2758 2287 secutus
2806 2241 2889 2287 est
2917 2231 3133 2298 Paulus,
3161 2233 3376 2302 adjutus
3422 2237 3763 2293 orationibus

2183 2325 2459 2395 Stephani.
2706 2381 2708 2385 _

2255 2419 2304 2470 6.
2337 2415 2505 2482 Quam
2526 2431 2653 2471 vera
2675 2415 2782 2470 vita
2814 2425 2860 2481 ο,
2885 2415 3075 2471 fratres
3103 2417 3206 2471 mei
3223 2417 3247 2468 ι’
3271 2417 3359 2470 ubi
3408 2433 3514 2470 non
3557 2416 3790 2472 Paulus-

2185 2509 2252 2563 de
2280 2508 2536 2577 Stephani
2567 2508 2839 2564 occisione
2893 2506 3266 2571 confunditur,
3309 2508 3404 2562 sed
3451 2508 3764 2578 Stephanus

2185 2599 2251 2653 de
2274 2598 2424 2651 Pauli
2471 2599 2742 2652 consortio
2787 2597 3107 2664 gratulatur,
3150 2599 3411 2665 quoniam
3455 2600 3654 2652 caritas
3704 2601 3770 2653 in

2186 2687 2662 2756 ntroquelzntatur.
2707 2685 2917 2740 Caritas
2943 2686 3140 2755 quippe
3188 2687 3244 2740 in
3292 2686 3566 2755 Stephano
3595 2704 3763 2757 supe—

2187 2777 2324 2830 ravit
2351 2777 2610 2830 saevitiam
2634 2775 2960 2840 Iudaeorum,
2987 2776 3186 2830 caritas
3209 2777 3260 2829 in
3284 2775 3450 2831 Paulo
3479 2780 3762 2846 cooperuit

2186 2867 2580 2922 multitudinem
2620 2868 2779 2939 558
2807 2874 3172 2937 peccatorum,
3199 2868 3396 2924 caritas
3442 2869 3495 2921 in
3527 2878 3764 2937 utroque

2186 2963 2387 3032 pariter
2414 2977 2636 3030 regnum
2665 2961 2861 3015 meruit
2905 2959 3184 3030 possidere
3234 2961 3510 3016 caelorum.
3543 2961 3761 3017 Caritas

2189 3052 2350 3120 igitur
2374 3061 2456 3106 est
2477 3053 2711 3106 omnium
2743 3048 2862 3105 fans
2889 3059 2945 3105 et
2992 3051 3143 3120 origo
3166 3052 3446 3118 bonorum,
3476 3055 3752 3108 munimen

2189 3141 2484 3207 egregium,
2518 3141 2602 3193 via
2627 3155 2753 3208 qua:
2769 3139 2914 3194 ducit
2954 3139 3022 3193 ad
3049 3140 3264 3194 cazlum.
3297 3140 3355 3194 In
3395 3143 3608 3195 caritate
3653 3143 3754 3211 qui

2113 3255 2158 3315 Ο
2192 3229 2446 3295 ambulat,
2477 3245 2577 3284 nec
2597 3245 2780 3284 errare
2808 3231 3027 3299 poterit,
3056 3245 3155 3284 nec
3176 3231 3386 3285 timere.
3413 3231 3528 3300 Ipsa
3549 3231 3758 3299 dirigit,

2191 3320 2305 3388 ipsa
2327 3319 2584 3389 protegit,
2629 3321 2742 3390 ipsa
2773 3319 3035 3390 perducit.
3069 3320 3353 3385 Quocirca,
3379 3321 3588 3386 fratres,
3617 3337 3762 3390 quo-

2186 3411 2327 3464 niam
2356 3411 2555 3464 scalam
2601 3411 2838 3466 caritatis
2865 3411 3140 3465 constituit
3167 3410 3431 3475 Christus,
3461 3428 3560 3481 per
3589 3427 3756 3480 quam

2187 3499 2253 3554 ad
2283 3500 2476 3554 coelum
2529 3500 2704 3553 omnis
2755 3501 2929 3568 possit
2983 3499 3347 3556 conscendere
3390 3499 3763 3567 Christianus,

2191 3604 2380 3660 puram
2411 3589 2693 3642 caritatem
2724 3582 2932 3643 fortiter
2959 3590 3211 3656 retinete,
3241 3590 3409 3659 ipsam
3441 3590 3589 3644 vobis
3617 3591 3761 3644 invio

2187 3692 2303 3732 cem
2332 3678 2604 3739 exhibete,
2633 3685 2688 3730 et
2712 3677 2763 3730 in
2791 3693 2853 3732 ea
2884 3677 3211 3748 proficiendo
3265 3678 3622 3733 conscendite.
3651 3680 3762 3734 ἰη-

2187 3766 2360 3820 sistite
2389 3768 2638 3834 operibus
2667 3767 2843 3829 bonis,
2877 3776 2936 3820 ut
2963 3767 3030 3821 ad
3067 3768 3283 3836 praemia
3331 3776 3528 3822 aeterna
3558 3785 3760 3838 perve-

2190 3855 2304 3910 nire
2328 3857 2561 3924 possitis,
2587 3855 2752 3923 adjuti
2796 3858 2966 3923 gratia
2995 3856 3292 3912 Salvatoris
3335 3855 3379 3922 ί,
3411 3859 3501 3927 qui
3548 3858 3678 3912 vivit
3706 3868 3783 3913 et;

2189 3955 2377 4013 regnat
2397 3947 2449 4000 in
2476 3947 2668 4001 szecula
2705 3947 3043 4001 saaculorum.
3076 3948 3263 4001 Amen.

2797 4077 3026 4134 SERMO
3063 4078 3149 4133 IV.

2193 4188 2272 4243 De
2299 4188 2594 4259 Epiphania
2613 4230 2627 4256 ,
2665 4189 2822 4260 deque
2853 4188 3190 4243 Innocentum
3220 4204 3366 4253 nece,
3397 4198 3443 4242 et
3468 4189 3762 4243 muneribus

2837 4277 3129 4349 Magorum.

2264 4393 2314 4446 1.
2343 4392 2541 4454 Nostis,
2574 4391 2767 4444 fratres
2817 4387 3101 4454 carissimi,
3134 4389 3258 4455 quia
3302 4385 3415 4441 dies
3462 4387 3564 4440 iste
3610 4387 3704 4454 qui
3734 4402 3764 4439 a

2194 4484 2347 4537 nobis
2371 4482 2421 4535 in
2454 4482 2715 4535 honorem
2745 4478 2954 4533 Domini
2985 4493 3082 4547 per
3106 4491 3275 4531 annos
3326 4475 3565 4544 singulos
3617 4476 3763 4530 cele-

461 4574 463 4576 ’
517 4575 814 4628 orationem
847 4573 981 4644 (Deo
1011 4571 1330 4642 miserante)
1361 4571 1614 4624 salvetur.
1659 4569 1790 4623 Nam
1822 4578 1875 4623 ct
1904 4578 2089 4624 saneta
2119 4609 2165 4667 ο
2192 4577 2395 4639 bratur,
2427 4589 2522 4628 ore
2542 4580 2858 4626 cunctorum
2889 4569 3120 4623 fidelium
3149 4568 3447 4638 Epiphania
3480 4567 3767 4621 venerabi-

515 4663 791 4732 Scriptura
821 4663 980 4717 dicit:
1010 4664 1264 4730 Quoniam
1299 4678 1445 4731 quem
1475 4660 1642 4730 diligit
1678 4659 1946 4727 Dominus,
1978 4676 2092 4713 cor-

513 4756 635 4822 ripit
676 4770 694 4807 :
736 4754 970 4824 ﬂagellat
1029 4763 1197 4807 autem
1248 4769 1447 4806 onmem
1497 4751 1662 4820 filium
1709 4767 1853 4821 quem
1913 4752 2090 4819 recipit

514 4841 695 4912 (Prov.
739 4859 814 4906 tu,
861 4843 966 4911 12).

506 4958 512 4961 -
583 4933 636 4986 5.
669 4933 863 4988 Christi
896 4947 1024 5001 ergo
1053 4933 1276 4987 caritate
1301 4931 1584 5001 compulsi,
1623 4939 1678 4985 et
1700 4931 1871 4985 bonos
1904 4931 2088 4984 horta-

512 5038 652 5088 mur,
676 5031 733 5075 ut
760 5023 812 5075 in
842 5023 983 5075 bono
1012 5029 1386 5089 permaneant,
1419 5029 1472 5074 et
1494 5019 1664 5073 malos
1684 5017 2078 5086 compellimus,

514 5121 629 5166 uta
678 5111 822 5165 malo
877 5111 1192 5164 discedant:
1228 5111 1525 5179 przesertim
1574 5108 1825 5176 quoniam
1876 5109 1926 5160 in
1971 5109 2084 5160 istis

512 5203 724 5257 duobus
752 5202 954 5257 sanctis
1003 5203 1270 5268 geminum
1319 5201 1471 5254 nobis
1527 5205 1858 5254 monstratur
1899 5199 2085 5253 salutis

514 5295 807 5349 indicium:
842 5302 900 5346 ut
951 5293 994 5345 si
1043 5293 1162 5359 quis
1207 5293 1379 5345 bonus
1418 5299 1517 5353 est,
1551 5291 1790 5344 imitetur
1835 5305 2082 5358 perseve-

511 5386 736 5438 rantiam
766 5385 1004 5439 caritatis
1034 5383 1086 5436 iu
1116 5383 1421 5451 Stephano;
1454 5382 1543 5449 qui
1568 5389 1744 5435 autem
1776 5381 1948 5435 malus
1976 5389 2078 5443 est,

581 5549 605 5576 ⁸
643 5542 698 5594 ln
723 5561 826 5598 uno
853 5562 950 5599 ms.
991 5561 1095 5599 non
1131 5545 1374 5609 leguntur
1400 5543 1529 5604 lucc,
1561 5545 1799 5597 inimicos
1840 5541 2086 5596 dilexisse

511 5623 624 5681 eum
677 5629 768 5678 pro
821 5615 897 5670 eis
943 5625 1133 5678 oraret,
1183 5623 1319 5675 etc.;
1356 5627 1452 5665 nec
1500 5628 1617 5681 qua:
1670 5623 1890 5680 postea,
1943 5611 2088 5662 Absit

513 5676 625 5734 hor.
651 5676 754 5734 etc.

586 5749 607 5783 ι’
641 5749 757 5808 515.,
783 5751 1168 5818 judirabilur...
1200 5751 1642 5803 coudmuuabitur.

585 5829 607 5852 “-
640 5818 756 5883 .\ls.,
783 5831 827 5870 ct
853 5830 1048 5873 creetus
1079 5829 1152 5872 est
1171 5821 1498 5886 fidelissimus
1527 5820 1850 5886 pra'rlirator.

2192 4664 2312 4717 liter
2341 4669 2695 4730 nuncupatur.
2721 4658 2788 4712 Et
2813 4659 2938 4727 quia
2958 4657 3204 4713 Grzecum
3229 4658 3485 4726 probatur
3508 4670 3627 4710 esse
3669 4672 3769 4709 vo-

2191 4751 2672 4818 cabulum,‘multis
2722 4759 2803 4805 est
2848 4749 3052 4806 Latinis
3107 4741 3452 4818 incognitum.
3506 4747 3630 4803 Inde
3684 4760 3772 4804 est

2191 4843 2334 4912 quod
2361 4857 2554 4897 nomen
2583 4840 2723 4894 istud
2746 4855 2933 4893 omnes
2972 4839 3189 4909 quidem
3231 4838 3407 4893 Latini
3436 4837 3639 4902 dicunt,
3670 4837 3774 4891 sal

2192 4950 2298 4989 non
2330 4930 2521 4988 omnes
2544 4933 2892 4987 inveniuntur
2913 4947 3073 4987 nosse
3101 4931 3244 5000 quod
3294 4931 3772 4988 dicuntaProinde

2189 5021 2386 5075 bonum
2413 5028 2490 5074 est
2515 5029 2573 5074 ut
2592 5021 2770 5075 cuncti
2793 5021 2884 5089 qui
2904 5020 3042 5074 diem
3066 5020 3383 5075 hodiernum
3413 5018 3771 5088 Epiphaniam

2191 5118 2523 5180 nuncupant,
2555 5119 2611 5164 et
2637 5127 2732 5166 cur
2760 5111 2865 5166 hoc
2894 5111 3102 5166 dicatur
3147 5113 3427 5180 ignorant,
3453 5126 3771 5166 sacramen-

2193 5208 2303 5253 tum
2331 5199 2435 5253 diei
2457 5198 2612 5267 hujus
2664 5200 2895 5254 nominis
2923 5201 3366 5270 interpretatione
3413 5208 3768 5267 cognoscant.

2193 5295 2360 5350 Debet
2389 5293 2528 5348 enim
2551 5293 2655 5347 diei
2685 5292 2841 5360 hujus
2869 5293 3179 5347 solemnitas
3207 5307 3235 5345 a
3263 5292 3505 5346 fidelibus
3524 5290 3777 5345 celebra-

2193 5384 2275 5446 ri,
2329 5390 2383 5435 et
2433 5380 2552 5435 ideo
2602 5381 2957 5437 solemnitatis
2983 5398 3142 5440 causa
3167 5379 3271 5436 non
3318 5383 3477 5437 debet
3509 5380 3774 5447 ignorari.

2227 5579 2230 5582 ~
2262 5545 2285 5581 ἀ
2317 5545 2464 5610 Mss,
2493 5547 2683 5600 Christi
2703 5549 2935 5600 caritate.

2267 5627 2286 5648 θ
2322 5615 2467 5678 Μέθη
2504 5615 2670 5678 Quam
2701 5633 2814 5670 vero
2837 5615 2985 5668 beata
3013 5619 3134 5670 vita.

2267 5683 2282 5719 ί
2329 5683 2421 5736 Ms.
2458 5701 2608 5746 unus,
2648 5685 2850 5738 Domini
2894 5687 3054 5739 nostri
3113 5683 3417 5738 Saluatoris.
3477 5680 3572 5735 Ms.
3606 5681 3774 5749 alter.

2189 5763 2491 5822 cooperante
2528 5753 2763 5808 Dmuiuo.
