4064 6358
301 397 406 457 ⁸153

1758 389 1985 454 SERMO
2011 400 2097 454 IV.

3448 411 3549 466 754

300 505 455 566 Hunc
481 522 612 579 ergo
659 509 822 575 diem,
869 499 1007 564 sicut
1052 508 1304 575 diximus,
1336 504 1687 579 Epiphaniam
1716 517 1879 563 vocat
1906 516 1958 575 Α
2053 512 2105 564 4.
2138 512 2430 568 Archelaus
2458 524 2613 568 natus
2641 523 2723 571 est
2751 516 2802 570 in
2834 517 3032 585 palatio
3058 560 3072 587 ,
3118 518 3358 574 Christus
3382 523 3432 575 in
3469 524 3549 576 di-

297 602 604 657 Christiana
629 600 845 669 religio.
877 598 1172 670 Epiphania
1203 614 1332 654 vero
1356 600 1741 668 interpretatur
1769 596 1880 651 Ma-

297 693 589 761 nifestatio.
622 691 899 750 Traditum
920 700 1100 747 autem
1126 700 1371 747 tenemus
1406 707 1437 746 a
1461 690 1709 746 Patribus
1737 690 1882 767 quod

302 782 622 852 Unigenitus
641 781 760 847 Dei,
776 789 1064 854 postquam
1091 790 1174 838 est
1194 782 1490 837 secundum
1508 797 1726 837 carnem
1753 790 1883 838 tem-

296 864 561 944 poraliter
588 879 766 939 natus,
796 872 851 926 in
879 873 982 928 isto
1002 872 1090 927 die
1111 878 1193 926 est
1216 870 1385 941 Magis
1408 871 1746 927 venientibus
1766 886 1881 925 ma-

298 954 600 1032 nifestatus,
653 963 906 1031 aquibus
958 963 1155 1018 oblatis
1208 964 1520 1018 muneribus
1567 963 1883 1033 suppliciter

298 1063 383 1109 est
424 1053 699 1108 adoratus.
731 1053 861 1107 Nam
882 1053 1006 1121 quia
1036 1053 1151 1122 ipse
1179 1058 1261 1106 est
1281 1052 1420 1107 Deus
1447 1053 1539 1121 qui
1566 1052 1667 1107 sibi
1697 1053 1751 1106 in
1778 1051 1881 1107 Ve-

298 1143 402 1198 teri
458 1141 808 1197 Testamento
867 1139 1060 1209 (Exod.
1109 1158 1235 1208 xxv,
1276 1139 1331 1209 2)
1388 1141 1653 1212 primitias
1703 1139 1881 1195 oll‘erri

296 1235 592 1299 mandavit,
643 1233 785 1289 idem
814 1232 954 1288 Deus
980 1231 1147 1287 homo
1177 1243 1332 1286 natus
1360 1232 1596 1301 gentium
1621 1232 1881 1302 primitias

298 1342 400 1381 suo
415 1326 592 1389 cultui
619 1323 909 1379 dedicavit.
940 1323 1245 1393 Apostolica
1277 1337 1404 1376 vero
1434 1329 1662 1376 testatur
1692 1330 1881 1377 aucto-

295 1419 454 1482 ritas,
472 1418 598 1487 quia
626 1433 756 1471 unus
782 1427 858 1471 est
878 1402 1017 1470 Deus
1045 1417 1129 1488 qui
1148 1416 1401 1487 justiﬁcat
1449 1416 1882 1470 circumcis'onem

296 1525 363 1564 ea:
402 1508 527 1578 ﬁde,
554 1517 604 1562 et
646 1509 952 1580 praeputium
979 1525 1070 1577 per
1094 1508 1248 1578 ﬁdem
1282 1506 1457 1578 (Rom.
1487 1525 1564 1569 ut,
1600 1508 1689 1577 50)
1727 1526 1741 1560 :
1773 1509 1880 1563 cir-

296 1598 641 1654 cumcisionis
670 1598 887 1652 nomine
905 1595 1138 1661 Judznos,
1162 1597 1407 1667 preputii
1434 1597 1652 1675 nomine
1695 1605 1881 1665 gentes

296 1685 663 1746 indubitanter
686 1685 996 1742 ostendens.

366 1774 422 1830 2.
451 1771 541 1829 Isti
569 1784 690 1830 sunt
713 1775 820 1830 duo
852 1776 1104 1845 parietes,
1131 1775 1224 1844 qui
1248 1791 1319 1831 ex
1342 1774 1556 1830 diverso
1592 1784 1877 1843 venerunt,

1983 604 2242 658 verserio.
2276 603 2571 659 Archelaus
2600 613 2773 671 natus,
2804 606 2856 659 in
2892 608 3032 662 lectu
3062 617 3143 663 cst
3168 618 3422 677 argenteo
3451 626 3551 679 po-

1980 691 2143 758 situs;
2192 690 2436 747 Christus
2479 702 2659 748 autem
2709 702 2898 758 natus,
2945 697 2996 749 in
3026 698 3286 767 pimsepio
3322 708 3404 752 est
3430 699 3553 753 hrea

1980 781 2200 836 vissimo
2241 781 2554 836 collocatus.
2600 782 2695 837 Ille
2736 783 2960 838 forsitan
3003 786 3254 854 pretiosis
3281 787 3552 842 involutus

1981 877 2065 924 est
2109 871 2297 925 sericis
2321 912 2336 935 ,
2387 873 2487 926 iste
2520 872 2786 928 vilissimis
2829 874 3098 929 involutus
3140 884 3223 929 cst
3250 877 3458 945 pannis.
3485 876 3554 931 Et

1984 968 2159 1014 tamen
2189 960 2278 1015 ille
2307 970 2462 1015 natus
2489 962 2541 1015 in
2568 963 2787 1031 palatio,
2837 965 3225 1029 contemnitur;
3256 966 3354 1020 iste
3398 975 3552 1022 natus

1981 1053 2037 1107 in
2063 1051 2357 1107 diversorio
2376 1093 2390 1117 ,
2439 1055 2711 1122 quaeritur.
2745 1054 2837 1110 Ille
2864 1071 2894 1109 a
2925 1055 3091 1123 Magis
3121 1057 3425 1111 nullatenus
3453 1074 3551 1111 no-

1982 1144 2244 1211 minatur;
2270 1145 2371 1199 iste
2397 1146 2666 1212 inventus,
2693 1147 3008 1217 suppliciter
3029 1147 3299 1203 adorator.
3324 1146 3552 1204 Omnino

1980 1234 2250 1304 spernitur
2286 1234 2667 1304 primogenilus
2695 1235 2835 1304 regis
2857 1274 2872 1297 ,
2922 1244 2977 1289 et
3004 1236 3313 1289 muneribus
3357 1235 3551 1307 adora-

1981 1331 2067 1378 tur
2088 1321 2114 1361 ά
2146 1324 2528 1391 primogenitus
2549 1325 2888 1393 paupercula:
2912 1325 3166 1379 mulieris.
3191 1325 3320 1391 Quis
3342 1334 3426 1380 est
3453 1327 3554 1381 iste

1981 1427 2074 1466 rex
2096 1410 2417 1477 Judaeorum,
2451 1427 2656 1482 pauper
2682 1421 2737 1467 et
2760 1412 2929 1478 dives,
2962 1414 3177 1468 humilis
3204 1424 3258 1468 et
3280 1415 3557 1470 sublimis?

1983 1500 2113 1566 Q‘uis
2133 1509 2216 1554 est
2245 1501 2461 1582 istejex
2482 1499 2788 1571 Iudaeorum
2818 1502 2905 1570 qni
2928 1510 3171 1571 portatur
3200 1510 3254 1555 ut
3280 1503 3550 1577 parvulus,

1981 1588 2235 1643 aduratur
2266 1582 2526 1643 ut’Deus?
2565 1589 2819 1659 parvulus
2869 1590 2920 1644 in
2951 1590 3230 1659 prazsepio,
3263 1592 3554 1647 immensus

1982 1682 2036 1737 in
2064 1680 2236 1748 coelo;
2266 1681 2385 1736 vilis
2422 1681 2475 1735 in
2506 1681 2697 1751 pannis
2721 1721 2737 1746 ,
2782 1682 3049 1751 pretiosus
3076 1681 3129 1734 in
3165 1681 3333 1736 stellis
3360 1699 3371 1733 :
3403 1683 3555 1749 cujus

1982 1773 2259 1829 nativitate
2288 1780 2585 1843 comperta,
2616 1772 2854 1827 Herodes
2899 1774 3128 1827 turbatus
3175 1784 3270 1840 est,
3310 1784 3359 1826 et
3387 1776 3553 1827 omnis

295 1873 357 1920 et
377 1865 432 1919 in
462 1863 696 1934 lapidem
725 1863 818 1933 qui
849 1862 1018 1919 factus
1040 1863 1199 1920 estin
1221 1872 1384 1933 caput
1431 1863 1641 1932 anguli,
1672 1865 1725 1918 in
1759 1865 1877 1920 uni-
1905 1875 1952 1934 Β
1983 1864 2342 1936 Hierosolyma
2370 1882 2484 1919 cum
2511 1866 2602 1919 illo
2634 1865 2819 1934 (lbid.,
2851 1865 2931 1934 ὅ).

297 1944 560 2009 ωιθίίίιθὶ
588 1954 981 2009 convenerunt.
1006 1952 1156 2010 Unus
1176 1957 1353 2026 paries
1381 1956 1530 2010 venit
1564 1972 1629 2011 ex
1657 1954 1872 2021 Iudaeis,

294 2043 438 2097 alter
466 2043 612 2098 venit
660 2058 730 2098 ex
756 2042 1024 2112 gentibus.
1085 2043 1320 2114 Longea
1349 2059 1410 2100 se
1456 2045 1653 2102 diversi
1701 2053 1875 2111 erant,

236 2153 243 2158 λ
293 2133 516 2203 quando
538 2133 749 2189 diversa
775 2132 1065 2190 credebant
1089 2151 1102 2187 :
1131 2136 1337 2204 positus
1364 2142 1446 2189 est
1467 2139 1518 2188 in
1546 2118 1723 2189 medio
1746 2136 1878 2206 lapis

292 2222 587 2291 angularia,
609 2221 700 2291 qui
729 2221 797 2276 ad
825 2236 885 2277 se
910 2230 1196 2291 utrumque
1225 2223 1485 2293 parietem
1532 2221 1775 2287 duceret,
1823 2230 1878 2278 et

292 2318 589 2380 utrumque
609 2326 717 2366 uno
739 2311 958 2366 nomine
987 2303 1340 2381 nuncuparet,
1368 2320 1655 2380 essentque
1713 2328 1876 2366 unum

293 2390 678 2457 communiune
702 2386 978 2466 vocabuli,
1007 2401 1098 2483 qui
1129 2399 1318 2455 ﬁerent
1351 2418 1512 2456 unum
1536 2403 1588 2457 in
1618 2419 1722 2456 una
1755 2415 1876 2470 gra-

291 2491 369 2545 tia
398 2491 741 2559 sacramenti.
767 2491 867 2545 Per
893 2488 1167 2546 Christum
1202 2491 1345 2563 enim
1393 2492 1483 2559 qui
1535 2500 1620 2547 est
1646 2507 1750 2561 pax
1779 2507 1880 2546 no-

288 2589 430 2648 stra,
474 2580 674 2637 faciens
717 2589 941 2651 utraque
969 2588 995 2618 ¹ι
1026 2596 1187 2635 unum
1217 2579 1432 2652 (Ephes.
1463 2598 1516 2644 ιι,
1544 2580 1662 2651 14),
1709 2580 1876 2637 Judaei

288 2679 347 2727 et
373 2670 602 2740 gentiles
629 2668 754 2724 facti
779 2676 902 2724 sunt
930 2684 1112 2736 unum,
1136 2670 1330 2738 quibus
1359 2670 1519 2742 559
1551 2670 1670 2725 lidei
1700 2671 1877 2727 unitas

289 2776 462 2816 unum
483 2759 673 2815 indidit
697 2760 928 2815 nominis
946 2758 1237 2815 Christiani
1260 2761 1599 2816 vocabulum.
1631 2762 1710 2815 Ad
1733 2762 1872 2832 lapi-

286 2854 417 2911 dem
437 2868 568 2923 ergo
594 2852 905 2923 angularem
939 2844 1166 2923 uterque
1190 2852 1368 2922 paries
1395 2853 1563 2919 venit,
1594 2862 1650 2908 et
1687 2869 1873 2909 verum

287 2943 546 3011 angulum
574 2941 697 2997 lidei
718 2942 895 2997 unitas
914 2940 1060 2996 fecit.
1092 2940 1294 2996 Horum
1342 2940 1569 2997 duorum
1606 2944 1873 3012 parietum

287 3051 428 3090 unus
449 3033 709 3089 adductus
748 3041 851 3101 est,
881 3032 1094 3102 quando
1138 3032 1444 3102 pastoribus
1490 3029 1687 3086 Judaais
1714 3029 1872 3085 Chri-

284 3135 433 3182 stum
466 3132 646 3179 natum
668 3124 888 3193 angelus
915 3123 1208 3189 nuntiavit;
1237 3124 1372 3177 alter
1410 3123 1589 3192 paries
1615 3108 1872 3181 adductus

2052 1952 2103 2007 5.
2136 1953 2273 2021 Quid
2310 1963 2393 2009 est
2417 1955 2559 2023 quod
2589 1956 2667 2010 sic
2698 1956 2947 2019 turbaris,
2989 1955 3262 2010 Ilerodes?
3288 1955 3551 2021 Quoniam

1980 2053 2164 2099 natum
2194 2059 2372 2112 regem
2400 2044 2701 2099 Judaeorum
2731 2045 2945 2110 audisti,
2994 2045 3248 2107 turbaris,
3292 2046 3554 2114 suspicio-
3600 2098 3603 2105 ς

1978 2115 2136 2187 nibus
2163 2133 2400 2201 agitaris,
2442 2132 2653 2187 invidia:
2694 2133 2927 2187 stimulis
2972 2132 3317 2187 inﬂammaris
3342 2175 3358 2200 ,
3399 2143 3454 2187 et
3481 2135 3552 2189 ob

1977 2224 2082 2279 hoc
2128 2232 2314 2278 natum
2347 2237 2526 2292 regem
2574 2224 2826 2279 occidere
2856 2224 3089 2279 conaris.
3132 2223 3309 2279 Inanis
3343 2232 3426 2279 est
3454 2225 3553 2279 ista

1978 2313 2211 2368 turbatio
2242 2320 2353 2379 tua,
2384 2321 2438 2367 et
2465 2327 2601 2367 vana
2632 2328 2854 2383 prorsus
2882 2313 3135 2381 cogitatio
3167 2321 3273 2367 tua.
3308 2312 3423 2368 Rex
3453 2315 3554 2369 iste

1976 2405 2067 2473 qui
2098 2412 2252 2459 natus
2286 2412 2368 2459 est
2418 2420 2524 2458 non
2554 2405 2699 2458 venit
2744 2417 2899 2467 reges
2925 2403 3212 2473 pugnando
3256 2420 3547 2473 superare,

1976 2494 2071 2548 sed
2099 2493 2378 2548 moriendo
2408 2493 2724 2547 mirabiliter
2748 2492 3070 2561 subjugare;
3115 2508 3216 2548 nec
3244 2493 3365 2548 ideo
3394 2503 3551 2562 natus

1977 2593 2059 2640 est
2088 2593 2146 2638 ut
2175 2584 2268 2638 tibi
2297 2583 2574 2652 succedat,
2603 2582 2697 2638 sed
2741 2591 2800 2637 ut
2828 2583 2879 2636 in
2905 2598 3028 2638 eum
3056 2583 3284 2640 mundus
3327 2583 3553 2639 fideliter

1975 2675 2179 2730 credat.
2212 2674 2371 2730 Venit
2400 2675 2542 2729 enim
2565 2715 2581 2740 ,
2633 2689 2743 2729 non
2774 2681 2831 2728 ut
2876 2682 3077 2753 pugnet
3126 2675 3275 2730 vivus
3296 2716 3311 2741 ,
3359 2674 3455 2730 sed
3494 2686 3553 2730 ut

1976 2765 2268 2835 triumphet
2294 2765 2534 2831 occisus;
2565 2779 2665 2820 nec
2693 2772 2752 2818 ut
2779 2763 2879 2819 sibi
2908 2764 2976 2820 de
3001 2764 3122 2820 aliis
3143 2766 3391 2832 gentibus
3419 2780 3552 2823 auro

1974 2854 2269 2911 exercitum
2289 2861 2511 2923 quaerat,
2542 2853 2639 2910 sed
2660 2861 2719 2908 ut
2746 2869 2845 2924 pro
2866 2854 3139 2910 salvandis
3158 2854 3407 2923 gentibus
3427 2872 3552 2925 pre-

1977 2944 2171 2999 tiosum
2200 2945 2511 3013 sanguinem
2543 2942 2750 2997 fundat.
2797 2942 3033 2998 Inaniter
3078 2943 3239 3013 560
3267 2942 3551 2999 invidendo

1975 3034 2196 3088 timuisti
2225 3047 2619 3098 successorem,
2669 3047 2829 3101 quem
2857 3032 3123 3088 credendo
3150 3032 3379 3087 debuisti
3406 3047 3553 3101 qua:-

1974 3140 2095 3180 rere
2122 3125 2447 3180 salvatorem
2478 3141 2491 3176 :
2522 3124 2647 3192 quia
2675 3125 2722 3179 si
2768 3124 2820 3179 in
2850 3139 2971 3179 eum
2999 3123 3247 3179 crederes
3266 3166 3284 3192 ,
3332 3139 3454 3197 cum
3483 3137 3550 3178 eo

284 3226 394 3280 est,
418 3215 634 3285 quando
656 3214 945 3283 gentilibus
971 3202 1137 3283 Magis
1164 3230 1361 3270 novum
1408 3215 1554 3271 sidus
1599 3216 1864 3285 apparuit.
1897 3224 1942 3287 ρ
1973 3227 2255 3282 regnares;
2278 3220 2330 3267 et
2351 3212 2490 3267 sicut
2510 3212 2578 3267 ab
2600 3213 2693 3268 illo
2712 3213 2966 3283 accepisti
2984 3208 3281 3283 temporale
3304 3225 3546 3280 regnum,

361 3307 414 3361 3.
448 3307 528 3361 Illi
571 3306 785 3362 fuerunt
812 3307 1059 3377 primitiae
1086 3306 1390 3362 Judmorum
1417 3348 1429 3371 ,
1479 3308 1565 3361 isti
1594 3305 1719 3361 facti
1749 3315 1875 3362 sunt

284 3397 544 3473 primitiae
584 3396 851 3467 gentium;
898 3396 975 3451 illi
1003 3396 1068 3450 de
1098 3397 1607 3466 proximo.adducti
1632 3437 1648 3462 ,
1693 3398 1775 3452 isti
1807 3398 1874 3453 de

284 3486 589 3554 longinquo
630 3484 859 3541 reducti.
939 3483 1113 3554 Prope
1160 3488 1300 3543 enim
1348 3494 1503 3540 erant
1547 3484 1718 3540 Judaei
1782 3487 1873 3555 qui

283 3576 461 3631 Deum
512 3576 793 3641 colebant,
832 3576 989 3646 longe
1018 3584 1171 3630 erant
1199 3572 1388 3644 gentes
1415 3592 1534 3646 qua:
1571 3576 1729 3630 idolis
1755 3568 1872 3630 ser-4

281 3668 531 3723 viebant.
576 3667 689 3725 Hoc
716 3669 902 3739 utique
930 3666 1305 3736 signiﬁcabant
1332 3678 1594 3739 pastores,
1646 3668 1735 3737 qui
1768 3684 1871 3722 na-

279 3768 474 3816 scente
501 3758 714 3815 Christo
740 3773 907 3830 prope
935 3766 1059 3813 sunt
1084 3758 1317 3823 inventi,
1358 3766 1413 3813 et
1441 3758 1600 3827 Magi,
1630 3758 1721 3826 qui
1742 3766 1875 3813 sunt

287 3851 364 3905 de
394 3849 699 3918 longinquis
728 3848 965 3919 partibus
986 3847 1012 3886 δ
1039 3847 1271 3903 adducti.
1311 3846 1409 3915 Qui
1441 3856 1624 3902 tamen
1655 3847 1875 3913 veniene
1910 3919 1916 3925 .

292 3950 412 4009 tcs,
457 3932 580 3995 cum
626 3940 724 4009 ipsi
750 3938 917 3993 Judaei
965 3955 1069 3994 non
1107 3947 1319 4006 essent,
1360 3954 1538 4009 regem
1566 3938 1873 3995 Judazorum

284 4048 350 4091 se
380 4046 626 4103 qumrere
673 4030 905 4101 professi
944 4037 1107 4097 sunt,
1149 4036 1204 4084 et
1231 4029 1296 4083 ad
1335 4031 1507 4099 ipsum
1548 4029 1875 4083 adorandum

281 4137 350 4176 se
380 4122 598 4176 venisse
618 4120 886 4175 dixerunt.
920 4118 1009 4173 Ait
1029 4120 1172 4174 enim
1197 4119 1543 4188 evangelista,
1575 4120 1700 4188 quia
1729 4119 1873 4191 Magi

278 4211 351 4265 ab
370 4210 583 4266 Oriente
602 4220 845 4266 venerunt
863 4210 1278 4281 Hierosolymam
1300 4211 1523 4265 dicentes
1545 4228 1562 4265 :
1586 4211 1684 4265 Ubi
1702 4215 1877 4284 estqui

275 4311 440 4357 natus
466 4312 543 4357 est
571 4319 662 4357 rex
683 4302 1022 4357 Judazoru'm?
1041 4294 1278 4355 Vidimus
1291 4304 1428 4355 enim
1452 4289 1654 4356 stellam
1680 4304 1792 4373 ejus
1819 4305 1874 4357 in

278 4390 521 4459 Oriente,
543 4402 592 4448 et
613 4393 837 4447 venimus
864 4393 1085 4447 adorare
1103 4407 1218 4444 eum
1245 4389 1458 4462 (Matth.
1485 4407 1539 4457 ll,
1568 4390 1713 4460 με).
1738 4390 1877 4457 Quid

274 4489 387 4547 est,
412 4473 706 4538 dulcissimi
732 4479 924 4536 fratres
944 4492 991 4545 ε,
1017 4488 1076 4535 ut
1095 4480 1183 4535 isti
1211 4479 1347 4548 Magi
1370 4495 1552 4549 regem
1567 4480 1873 4537 Judaeorum

1933 3344 1940 3353 .
1975 3305 2250 3374 acciperes
2278 3305 2440 3359 etiam
2468 3305 2874 3374 sempiternum.
2908 3305 3078 3375 Hujus
3105 3306 3246 3359 enim
3285 3306 3437 3373 pueri
3466 3320 3552 3358 re—

1975 3406 2137 3461 gnum
2177 3410 2281 3449 non
2312 3403 2393 3450 est
2419 3394 2487 3449 de
2516 3394 2620 3449 hoc
2656 3395 2879 3461 mundo,
2922 3395 3016 3448 sed
3045 3409 3140 3462 per
3168 3396 3337 3460 ipsum
3367 3409 3552 3463 regna-

1977 3492 2061 3537 tur
2084 3483 2139 3537 in
2166 3481 2383 3538 mundo.
2408 3482 2529 3555 Ipse
2551 3494 2632 3538 est
2661 3483 2803 3538 enim
2842 3482 3112 3550 Sapientia
3138 3481 3252 3548 Dei,
3275 3497 3394 3550 quae
3422 3482 3551 3537 dicit

1975 3573 2028 3627 in
2053 3572 2357 3628 Proverbiis
2390 3590 2402 3624 :
2435 3572 2542 3626 Per
2568 3588 2650 3625 me
2677 3588 2819 3641 reges
2842 3579 3060 3640 regnant
3082 3570 3259 3642 (Prov.
3287 3587 3400 3638 vin,
3435 3571 3545 3641 I5).

1976 3661 2113 3716 Puer
2141 3662 2240 3716 iste
2268 3661 2503 3716 Verbum
2531 3658 2627 3715 Dei
2671 3666 2754 3714 est
2778 3698 2794 3723 ,
2842 3674 2977 3728 puer
3019 3659 3120 3713 iste
3146 3659 3328 3714 Virtus
3368 3669 3423 3715 et
3455 3659 3549 3715 Sa-

1977 3751 2175 3822 pientia
2205 3750 2302 3804 Dei
2341 3756 2443 3804 est.
2471 3748 2528 3802 Si
2556 3755 2730 3818 potes,
2755 3755 2943 3802 contra
2973 3747 3067 3802 Dei
3096 3746 3425 3817 Sapientiam
3458 3766 3550 3804 co-

1973 3842 2103 3911 gita.
2134 3840 2192 3894 In
2223 3848 2366 3894 tuam
2395 3838 2684 3909 perniciem
2713 3838 2965 3903 versaris,
2996 3847 3048 3892 el
3079 3840 3270 3903 nescis.
3298 3840 3377 3894 Tu
3405 3841 3549 3905 enim

1974 3945 2198 4000 regnum
2231 3929 2532 3985 nullatenus
2562 3927 2864 4003 habuisses,
2897 3928 2999 3983 nisi
3030 3928 3098 3983 ab
3124 3930 3230 3998 isto
3263 3946 3428 3999 puero
3459 3932 3550 4001 qni

1973 4036 2119 4076 nunc
2145 4020 2241 4092 (at.
2267 4019 2414 4087 tunc)
2441 4026 2596 4074 natus
2625 4026 2726 4083 est,
2753 4018 3072 4089 accepisses.
3115 4019 3257 4085 Puer
3284 4021 3375 4088 qui
3405 4036 3546 4097 nunc

1975 4130 2006 4169 a
2035 4113 2203 4182 Magis
2231 4110 2428 4166 dicitur
2470 4109 2586 4164 Rex
2613 4108 2919 4164 Iudaeorum
2953 4120 2998 4175 ο,
3040 4110 3178 4165 idem
3208 4110 3434 4165 Creator
3472 4119 3554 4165 est

1976 4210 2030 4258 et
2060 4202 2318 4257 Dominus
2343 4199 2677 4267 angelorum.
2710 4196 3069 4269 Quapropter,
3101 4198 3252 4268 cujus
3290 4200 3445 4254 times
3473 4200 3554 4253 in-

1974 4292 2195 4347 fantiam
2225 4290 2496 4345 nascentis
2521 4332 2537 4357 ,
2585 4290 2756 4358 magis
2799 4290 2992 4345 timere
3019 4290 3182 4346 debes
3216 4292 3555 4362 omnipoten-

1978 4386 2105 4439 tiam
2130 4382 2445 4454 iudicantis.
2472 4380 2592 4435 Noli
2619 4396 2742 4436 eum
2774 4381 2965 4435 timere
3005 4382 3154 4448 regni
3185 4382 3257 4435 tui
3280 4397 3546 4437 successo
3645 4433 3659 4443 ,

1978 4490 2112 4537 rem,
2160 4472 2255 4527 sed
2285 4458 2411 4526 time
2456 4469 2785 4547 inﬁdelitatis
2813 4477 2917 4524 tua:
2940 4470 3290 4539 justissimum
3333 4470 3541 4529 damna,

172 4581 191 4598 ’
275 4572 620 4628 adorandum
647 4580 952 4641 quaererent
973 4612 987 4637 ,
1035 4586 1154 4626 cum
1185 4571 1287 4640 ipsi
1315 4569 1481 4624 Judzei
1518 4586 1627 4625 non
1657 4572 1875 4629 essent?
1900 4578 1954 4638 1)
1978 4554 2168 4621 torem.

273 4662 351 4718 Et
381 4678 543 4733 quem
574 4663 788 4731 regem?
841 4661 1036 4731 Utique
1080 4676 1187 4716 non
1218 4658 1484 4715 Herodem
1511 4701 1525 4726 ,
1574 4659 1670 4715 sed
1707 4659 1866 4715 Chri-

272 4763 450 4809 stum.
485 4748 686 4806 Volunt
711 4751 937 4806 adorare
964 4764 1146 4825 regem
1173 4764 1345 4819 nuper
1372 4756 1577 4815 natum,
1609 4763 1709 4803 nec
1735 4748 1866 4803 ado-

276 4851 415 4899 rant
440 4842 625 4911 regem
655 4850 781 4896 ante
819 4857 988 4896 annos
1028 4840 1234 4909 aliquot
1261 4839 1583 4894 ordinatum.
1630 4837 1869 4899 Adorare

272 4934 514 5002 Cupiunt
544 4931 801 4986 infantem
829 4930 1141 4992 lactanlem,
1181 4944 1281 4983 nec
1308 4927 1532 4982 adorant
1558 4942 1738 4997 regem
1767 4944 1867 4998 po-

272 5024 430 5096 pulis
459 5023 834 5093 imperantem.
868 5019 999 5074 Nam
1030 5028 1085 5074 et
1129 5019 1196 5074 de
1234 5017 1455 5074 Herode
1500 5032 1625 5087 rege
1652 5016 1867 5073 Iudaeo-

2045 4656 2095 4709 6.
2128 4654 2343 4710 Utinam
2365 4668 2515 4721 eum,
2536 4652 2704 4721 Magis
2731 4652 3097 4717 adorantibus,
3129 4651 3292 4706 etiam
3329 4660 3385 4706 tu
3411 4653 3554 4721 pari-

1976 4752 2057 4799 ter
2081 4745 2352 4809 adorares,
2383 4751 2439 4798 et
2468 4758 2577 4797 non
2605 4742 2673 4797 ad
2701 4757 2822 4796 eum
2851 4741 3033 4812 Magos
3063 4741 3397 4795 fraudulenta
3443 4743 3554 4795 cal-

1974 4834 2178 4889 liditate
2201 4832 2521 4889 mandares!
2553 4831 2654 4898 Ite,
2689 4832 2881 4905 inquit,
2912 4842 2961 4885 et
2987 4834 3299 4903 interrogate
3328 4832 3552 4904 diligen-

1974 4933 2052 4977 ter
2079 4924 2141 4976 de
2161 4940 2351 4995 puero;
2381 4932 2429 4977 et
2461 4939 2574 4976 cum
2602 4922 2915 4987 inveneritis,
2942 4924 3229 4976 renuntiate
3253 4921 3399 4985 mihi,
3430 4930 3555 4989 utet

1975 5033 2066 5085 ego
2094 5016 2296 5070 veniens
2324 5015 2533 5069 adorem
2563 5031 2679 5068 eum
2710 5012 2924 5083 (Matth.
2959 5030 3028 5075 ιι,
3075 5013 3152 5081 8).
3204 5011 3248 5066 0
3289 5013 3553 5068 calliditas

271 5127 407 5167 rum
438 5109 534 5166 ﬁlii
572 5110 684 5179 jam
714 5110 928 5165 fuerant
968 5108 1078 5163 nati
1103 5149 1118 5174 ,
1159 5108 1251 5177 qui
1293 5116 1447 5162 erant
1475 5116 1628 5177 patre
1656 5116 1869 5162 mortuo
1903 5145 1929 5166 .
1974 5108 2123 5165 ﬁcta!
2161 5108 2206 5163 Ο
2245 5107 2589 5164 incredulitas
2616 5107 2808 5176 impia!
2840 5103 2885 5159 Ο
2915 5105 3152 5177 nequitia
3184 5104 3551 5160 fraudulenta.

271 5202 584 5270 regnaturi.
633 5199 845 5255 Mortuo
873 5200 1014 5254 enim
1060 5200 1163 5253 isto
1193 5196 1404 5251 llerode
1428 5238 1444 5262 ,
1494 5196 1790 5258 Archelaus
1814 5198 1866 5252 in

267 5290 469 5349 Iudaea
500 5292 767 5360 regnavit,
801 5300 854 5345 et
889 5288 1122 5344 Galilaaa:
1166 5287 1521 5357 principatum
1547 5285 1729 5365 junior
1771 5286 1869 5340 lle-

265 5384 449 5439 rodes
472 5382 724 5443 obtinuit.
848 5370 855 5389 ‘

354 5618 379 5677 1‘
410 5606 564 5677 MSS»,
581 5614 865 5677 utrumque.

352 5676 380 5715 δ
409 5670 563 5743 3153.,
586 5684 641 5730 et
666 5670 811 5737 AntZ,
838 5674 899 5728 de
931 5673 1223 5743 longinquis
1253 5670 1478 5743 Orientis
1508 5685 1757 5743 partiens.

354 5758 376 5784 ε
410 5739 559 5805 Mss,
598 5745 736 5808 Quid
779 5754 854 5797 est
882 5744 996 5812 hoc,
1023 5739 1349 5796 dilectissimi
1400 5741 1628 5809 fratres?
1657 5739 1713 5793 In
1760 5753 1866 5794 um

258 5824 428 5874 ueest
458 5815 803 5870 adorandum.

1971 5197 2026 5252 Si
2076 5198 2305 5253 adorare
2361 5198 2519 5252 istum
2568 5211 2791 5266 puerum
2840 5194 3140 5250 certissime
3188 5194 3549 5263 disponebas,

1971 5303 2138 5358 quare
2168 5304 2264 5358 pro
2295 5288 2387 5343 illo
2417 5288 2615 5342 multos
2650 5284 2846 5356 pueros
2872 5287 3191 5342 occidebas?
3219 5286 3445 5354 Sanguis
3468 5287 3552 5343 IIH

1972 5385 2279 5444 nocentum,
2310 5391 2469 5446 quem
2515 5376 2804 5432 credulitcr
2830 5376 3081 5439 cll'udisti,
3114 5384 3397 5432 attestatur
3418 5379 3547 5448 quin

2042 5597 2064 5633 ά
2095 5597 2239 5661 Ant.,
2278 5598 2577 5653 honoratur.
3058 5604 3065 5613 ’
3134 5653 3143 5661 ρ

2053 5679 2073 5706 ο
2112 5667 2256 5744 Ἀβδη
2279 5668 2427 5744 _Pu_er
2454 5671 2548 5723 iste
2590 5672 2674 5744 qui
2704 5678 2843 5723 nutic'
2866 5689 2896 5723 (ι
2942 5671 3107 5744 Magis
3158 5683 3423 5734 aduratur,
3464 5672 3559 5740 dp.

1977 5742 2105 5791 ritur
2136 5737 2244 5792 lter
2266 5738 2585 5806 Juda’ornm,
2616 5742 2768 5805 idem,
2802 5750 2905 5796 etc.
3032 5737 3049 5744 ⁷
3550 5737 3586 5753 ”’
