4090 6342
491 415 596 473 7'55

1516 408 1573 462 s.
1612 376 1971 461 FU'LGENTII
2011 399 2312 457 EPISCOPI
2355 398 2720 455 suspensus

3644 398 3755 451 ἳδύ

494 533 563 587 de
609 534 712 587 hoc
755 547 922 602 puero
954 528 1186 584 voluisti.
1227 494 1501 578 Et‘tamen
1545 539 1652 577 non
1700 514 1873 578 solum
1906 523 2062 575 istuin
2094 523 2146 582 Α
2238 517 2290 571 8.
2320 517 2376 572 Si
2407 518 2583 572 nescis
2604 530 2786 570 veram
2828 513 2988 583 hujus
3029 513 3177 602 pueri
3223 512 3497 602 deitatem,
3527 514 3756 568 attendo

494 638 719 695 puerum
743 601 847 676 non
874 617 1137 681 invenisti,
1166 615 1263 670 sed
1292 629 1391 670 nec
1419 614 1522 669 illis
1545 614 1723 683 pueris
1750 610 1948 680 aliquid
1969 626 2066 665 no-
2166 606 2377 666 stellam
2428 605 2481 659 in
2511 604 2649 660 coelo
2677 602 2970 695 fulgentem
2990 642 3006 667 ,
3036 601 3218 695 Magos
3246 601 3658 695 pmcedentem,
3690 611 3767 657 ets

495 711 653 764 cuisti
685 728 697 762 :
733 710 837 762 imo
866 706 1061 760 inscius
1082 744 1097 770 ,
1143 702 1285 772 quod
1315 702 1417 757 illis
1444 702 1717 770 proderat,
1749 703 1852 757 hoc
1890 701 2063 769 egisti.

491 794 602 853 Per
626 797 877 852 saevitiam
906 794 1106 863 quippe
1147 788 1292 847 tuam
1342 792 1467 847 facti
1509 801 1633 847 sunt
1661 800 1950 862 martyres,
1977 791 2069 860 qui

498 901 596 955 per
624 883 896 937 intantiam
921 897 1071 938 suam
1103 883 1313 936 fuerant
1342 881 1654 935 innocentes
1688 900 1699 933 :
1731 880 1945 949 quando
1974 895 2071 950 per

432 986 440 1003 ‘
498 974 722 1043 gratiam
751 972 907 1039 hujus
934 972 1085 1040 pueri
1141 986 1239 1041 pro
1269 985 1335 1025 eo
1366 979 1677 1024 meruerunt
1703 971 1862 1037 mori,
1893 971 2070 1039 prius-

499 1079 659 1133 quam
691 1079 811 1117 eum
844 1072 1066 1133 possent
1102 1079 1285 1119 coram
1334 1063 1637 1118 hominibus
1676 1061 1939 1118 confiteri.
1969 1061 2075 1116 Iste

500 1155 679 1223 itaque
708 1168 861 1223 puer,
914 1154 1004 1222 qui
1036 1152 1291 1207 mundum
1333 1154 1555 1218 creavit,
1584 1153 1674 1221 qui
1704 1153 1955 1205 mundum
1986 1167 2075 1207 re-

499 1242 596 1309 git,
643 1242 733 1311 qui
763 1242 940 1296 omnia
969 1257 1299 1311 quatcunquc
1326 1250 1350 1280 ⁸
1382 1243 1496 1296 vult
1537 1241 1661 1296 facit
1684 1283 1698 1307 ,
1746 1241 1835 1309 qui
1884 1249 2075 1295 cuncta

502 1329 731 1383 mirabili
761 1337 921 1399 atque
969 1329 1315 1398 insuperabili
1361 1329 1551 1384 ordine
1578 1328 1604 1367 δ
1652 1330 1928 1399 disponit,
1976 1330 2078 1384 hoc

503 1417 793 1480 ordinavit,
825 1418 929 1472 hoc
958 1418 1086 1485 egit,
1119 1425 1178 1471 ut
1230 1433 1327 1487 per
1358 1426 1503 1471 tuam
1534 1418 1783 1472 invidiam
1826 1415 2079 1471 furiosam

504 1510 579 1564 illi
611 1510 762 1579 pueri
793 1518 1019 1564 mortem
1048 1510 1380 1579 susciperent
1409 1510 1716 1578 pretiosam,
1751 1515 1805 1563 et
1832 1507 1974 1579 quod
2003 1508 2081 1575 eis

505 1600 571 1655 ad
618 1600 848 1653 salutem
897 1608 1041 1653 tuam
1073 1600 1167 1671 (at.
1220 1598 1393 1666 suam)
1446 1607 1702 1668 praestare
1744 1613 1848 1652 non
1895 1611 2082 1667 posses

508 1689 729 1752 amicus,
761 1688 863 1743 hoc
890 1688 954 1742 ad
976 1688 1372 1742 damnationem
1404 1696 1549 1741 tuam
1582 1686 1785 1742 faceres
1815 1686 2078 1742 inimicus.

508 1779 586 1833 Ad
616 1780 719 1834 hoc
738 1793 866 1846 ergo
894 1787 945 1832 te
973 1778 1209 1847 permisit
1240 1777 1471 1833 infantes
1496 1778 1761 1839 occidere,
1796 1786 1855 1831 ut
1878 1777 2083 1832 illosde

2168 696 2273 750 iter
2317 695 2689 763 ignorantibus
2719 691 3116 748 ostendentem.
3142 691 3268 749 litae
3294 692 3449 747 stella
3475 707 3767 762 nunquam

2170 792 2297 839 ante
2343 783 2609 854 apparuit,
2652 783 2775 853 quia
2804 798 2946 837 nunc
2975 797 3093 838 eam
3122 798 3258 853 puer
3285 783 3386 837 iste
3427 784 3649 848 creavit,
3691 790 3757 838 et

2132 942 2135 943 ν
2172 874 2336 943 Magis
2364 873 2429 928 ad
2448 888 2507 928 se
2528 873 2865 928 venientibus
2892 867 3155 943 prmviani
3170 873 3467 943 deputavit.
3489 873 3596 929 iste
3612 887 3759 943 puer

2174 962 2227 1017 in
2248 963 2470 1034 pmsepi
2495 962 2706 1032 quidem
2738 963 2993 1033 parvulus
3030 952 3361 1030 collocatur,
3391 964 3487 1018 sed
3515 976 3758 1032 magnus

2174 1057 2226 1110 in
2251 1057 2388 1112 caelo
2412 1057 2728 1111 mirabiliter
2756 1064 3030 1125 operatur.
3065 1054 3328 1110 Permittit
3346 1070 3406 1110 se
3429 1055 3680 1111 manibus
3699 1056 3762 1110 in

2177 1155 2316 1201 terra
2341 1142 2569 1217 portari,
2616 1147 2711 1201 sed
2758 1147 2999 1216 praecipit
3045 1145 3147 1201 sibi
3193 1146 3433 1201 coelestia
3481 1144 3762 1200 famulari.

2176 1237 2312 1303 Quid
2358 1244 2441 1293 est
2479 1250 2607 1305 ergo
2649 1236 2794 1306 quod
2842 1234 3140 1290 infantilem
3170 1235 3404 1290 attendis
3429 1243 3672 1304 aetatem,
3703 1244 3767 1291 et

2178 1326 2291 1396 ejus
2338 1322 2572 1382 divinam
2600 1342 2708 1380 non
2740 1325 2990 1394 intelligis
3035 1326 3393 1396 potestatem?
3419 1324 3510 1380 Sic
3534 1325 3634 1379 fuit
3663 1340 3766 1381 ve.

2181 1418 2381 1474 raciter
2407 1418 2700 1473 intimanda
2743 1418 2895 1487 pueri
2924 1417 3083 1487 hujus
3114 1417 3373 1471 naturalis
3400 1416 3677 1482 divinitas,
3703 1427 3765 1470 et

2179 1510 2435 1564 naturalis
2474 1510 2797 1575 humanitas,
2823 1517 3044 1579 utraque
3073 1508 3389 1563 naturaliter
3420 1523 3572 1573 vera,
3607 1506 3765 1563 u‘tra-

2180 1613 2283 1669 que
2311 1598 2482 1665 unita,
2509 1613 2609 1653 nec
2631 1598 2682 1653 in
2712 1613 2771 1653 se
2809 1598 3034 1652 invicem
3075 1597 3320 1661 confusa,
3351 1613 3453 1653 nec
3472 1613 3504 1652 a
3529 1612 3592 1653 se
3619 1598 3768 1652 invi—

2180 1704 2296 1744 cem
2325 1697 2589 1758 separata.
2612 1689 2789 1758 Ipsum
2834 1688 2976 1744 enim
3014 1687 3203 1744 habuit
3227 1689 3391 1743 Maria
3419 1690 3586 1744 tilium
3609 1690 3678 1745 de
3704 1705 3772 1745 se

2182 1785 2385 1844 natum,
2414 1778 2502 1833 cui
2531 1778 2684 1833 stella
2708 1779 2919 1837 ,debitm
2947 1780 3223 1835 servitutis
3249 1778 3491 1835 exhibuit
3537 1780 3771 1836 famula-

510 1880 563 1925 te
609 1870 810 1924 faceret
849 1868 1199 1937 triumphare.
1243 1867 1318 1922 Te
1346 1883 1477 1937 ergo
1519 1867 1761 1937 permisit
1799 1867 1865 1920 ad
1894 1867 2081 1936 nequi-
2112 1896 2159 1955 Β
2185 1877 2314 1924 tum.
2348 1870 2524 1939 Ipsum
2555 1869 2911 1940 eumdemque
2939 1870 3102 1926 Maria
3154 1871 3209 1925 in
3251 1871 3563 1927 Bethlehem
3592 1871 3770 1928 Deum

509 1962 659 2025 tiam,
692 1961 809 2015 illos
837 1960 1086 2030 perduxit
1115 1959 1183 2014 ad
1209 1960 1461 2030 palmam.
1501 1958 1646 2014 Unus
1672 1959 1813 2013 enim
1836 1958 2083 2027 idemque

509 2060 586 2106 est
634 2050 890 2105 Dominus
960 2050 1340 2119 omnipotens,
1391 2050 1480 2119 qui
1530 2048 1780 2119 parvulus
1829 2049 2078 2120 vagiens;

510 2155 649 2193 unus
678 2139 928 2209 idemque
969 2147 1050 2193 est
1072 2178 1086 2201 ,
1133 2140 1225 2210 qui
1265 2148 1409 2194 tuam
1437 2140 1808 2195 crudelitatem
1836 2141 2085 2208 dignatus

388 2234 391 2239 '
472 2256 479 2259 -
511 2239 595 2285 est
622 2231 826 2299 fugere,
848 2229 1000 2299 cujus
1025 2230 1361 2300 majestatem
1392 2247 1495 2286 non
1525 2241 1681 2302 potes
1706 2231 1957 2302 effugere.
1982 2231 2086 2287 Fu-

512 2325 591 2392 git
633 2325 778 2379 enim
810 2339 917 2377 non
952 2323 1230 2379 formidine
1260 2326 1526 2395 humana,
1568 2326 1664 2381 sed
1691 2328 2086 2398 dispensatione

510 2412 721 2477 divina;
749 2412 882 2481 fugit
912 2427 1016 2466 non
1042 2414 1382 2479 necessitate,
1408 2414 1502 2470 sed
1529 2423 1811 2484 potestate.
1844 2417 1967 2472 Ideo
1995 2433 2087 2471 au-

516 2512 623 2557 tem
651 2501 897 2571 dignatus
925 2510 1011 2556 est
1035 2502 1085 2556 in
1115 2501 1405 2573 Egyptum
1437 2503 1636 2573 fugere,
1670 2514 1729 2560 ut
1758 2515 1944 2576 postea
1968 2524 2088 2562 cru-

515 2608 632 2646 cem
662 2592 972 2659 dignaretur
998 2593 1320 2660 ascendere;
1352 2602 1407 2648 et
1435 2595 1525 2648 illa
1557 2604 1827 2669 potestate
1856 2588 1988 2668 puer
2013 2599 2088 2652 la-

515 2683 618 2736 tuit
655 2683 707 2736 in
757 2682 1019 2753 Egypto,
1055 2699 1160 2753 qua
1206 2692 1475 2755 potestate
1497 2684 1710 2755 juvenis
1755 2689 2007 2758 pependit
2035 2690 2087 2744 in

456 2816 473 2833 .
516 2773 681 2841 ligno.
712 2772 856 2830 Unus
884 2775 1025 2829 enim
1058 2775 1303 2846 idemque
1333 2786 1415 2833 est
1454 2778 1642 2855 mortis
1681 2786 1981 2849 susceptor,
2011 2781 2089 2834 vi-

519 2873 689 2930 tatque
720 2863 940 2932 largitur
973 2883 985 2917 :
1031 2882 1168 2920 unus
1196 2865 1444 2937 idemque
1475 2866 1791 2922 immortalis
1819 2883 1887 2923 ex
1909 2867 2088 2937 Patre,

515 2953 760 3006 mortalis
802 2969 869 3007 ex
896 2964 1093 3021 matre;
1127 2956 1345 3026 propria
1375 2965 1645 3027 potestate
1670 2959 1923 3023 moriens,
1968 2975 2092 3029 prc-

519 3042 632 3111 ιιι-εει
669 3052 937 3111 potestate
966 3060 1269 3114 resurgens.

594 3136 643 3188 7.
677 3135 783 3191 lste
810 3137 989 3206 itaque
1012 3152 1147 3207 puer
1172 3138 1263 3206 qui
1288 3145 1444 3192 natus
1472 3145 1555 3193 est
1583 3138 1704 3194 ideo
1733 3154 1839 3193 non
1888 3139 2093 3194 inveni-

521 3233 608 3278 tur
636 3226 687 3279 in
719 3242 942 3282 numero
964 3227 1303 3297 parvulorum
1331 3228 1695 3292 morientium,
1723 3229 1844 3298 quia
1870 3230 1983 3299 ipse
2010 3237 2092 3284 est

519 3315 851 3381 exspectatio
874 3314 1131 3383 gentium.
1163 3314 1389 3383 Sanguis
1411 3317 1565 3388 561
1590 3316 1746 3385 hujus
1782 3317 1932 3387 pueri
1967 3333 2093 3387 pro-

520 3410 702 3469 pterea
727 3401 818 3471 (at.
839 3402 1080 3472 proinde)
1113 3419 1217 3458 non
1246 3419 1366 3458 cum
1396 3404 1619 3459 istorum
1640 3406 1895 3476 sanguine
1923 3406 2095 3460 fundi—

522 3499 612 3542 tur
639 3505 951 3559 puerorum,
981 3492 1105 3561 quia
1136 3493 1284 3546 solus
1316 3494 1369 3548 in
1397 3494 1768 3549 remissionem
1798 3493 2095 3549 fundendus

524 3590 608 3635 est
654 3589 1033 3649 peccatorum;
1064 3589 1120 3635 et
1148 3581 1222 3634 illi
1252 3596 1438 3637 omnes
1481 3584 1633 3653 pueri
1663 3582 1892 3639 inaniter
1919 3599 2095 3639 more-

526 3679 734 3739 rentur,
771 3671 871 3725 nisi
902 3670 1060 3739 hujus
1087 3671 1348 3739 sanguine
1385 3672 1734 3728 salvarentur.
1760 3672 1825 3727 Et
1851 3675 1950 3729 iste
1979 3674 2097 3744 qui-

522 3763 647 3818 dem
689 3778 824 3832 puer
848 3762 1146 3817 certissime
1197 3762 1472 3831 u.orietur,
1501 3765 1626 3832 quia
1674 3764 1718 3818 si
1748 3765 1881 3819 mori
1910 3765 2093 3831 nollet,

524 3853 833 3908 nullatenus
877 3859 1208 3907 nasceretur.
1240 3850 1497 3921 Morietur
1524 3862 1722 3920 autem,
1755 3871 1861 3909 non
1892 3863 1951 3909 ut
1998 3855 2097 3909 im-

522 3944 670 4013 pleat
693 3944 950 3997 saevitiam
981 3951 1147 4010 tuam,
1171 3944 1267 3999 sed
1292 3954 1348 3999 ut
1370 3947 1612 4014 perliciat
1640 3950 2097 4006 mansuetudinem

526 4046 678 4085 suam
707 4050 720 4084 :
750 4031 911 4086 faciet
940 4033 1081 4087 enim
1108 4049 1231 4088 eum
1255 4036 1391 4089 mori
1412 4035 1714 4104 benignitas
1733 4041 1967 4110 propria,
1992 4058 2097 4096 non
2158 4034 2163 4035 ί

527 4121 831 4187 malignitas
859 4121 1049 4175 aliena.
1082 4121 1339 4177 Morietur
1360 4140 1465 4177 non
1492 4134 1549 4178 ut
1571 4134 1625 4179 tu
1656 4126 1879 4186 infidelis
1907 4144 2099 4200 regnes

527 4211 580 4264 in
604 4212 824 4279 sarculo,
839 4211 932 4266 sed
956 4221 1013 4266 ut
1033 4228 1213 4268 secum
1235 4228 1460 4283 regnare
1483 4214 1640 4271 faciat
1664 4218 1843 4275 fideles
1865 4221 1914 4274 in
1937 4223 2092 4277 omlo.

528 4311 551 4338 ε
577 4299 835 4356 Morietur
864 4317 968 4356 non
992 4311 1049 4357 ut
1077 4318 1298 4373 regnum
1320 4306 1551 4374 amittat,
1572 4306 1667 4362 sed
1697 4316 1753 4363 ut
1784 4319 2099 4378 regnaturos

524 4392 785 4460 acquirat.
830 4392 1086 4449 Morietur
1113 4412 1218 4451 non
1249 4405 1303 4451 ut
1332 4397 1521 4468 perdat
1544 4400 1768 4456 brevem.
1790 4403 1978 4469 vitam,
2006 4403 2099 4459 sed

529 4490 588 4535 ut
635 4484 880 4538 conferat
926 4486 1329 4555 sempiternam.
1380 4488 1634 4545 Morietur
1678 4508 1781 4545 non
1812 4500 1870 4546 ut
1913 4509 2099 4548 servus

528 4573 843 4641 iniquitatis,
876 4575 971 4630 sed
1000 4586 1057 4630 ut
1086 4576 1341 4633 Dominus
1373 4578 1683 4648 majestatis.
1710 4580 2093 4639 Morieturnon

524 4664 737 4719 vinculo
765 4667 1117 4733 necessita'is,
1148 4668 1241 4723 sed
1265 4660 1543 4740 proposito
1567 4671 1873 4726 voluntatis.
1903 4671 2098 4728 Morie—

524 4765 615 4811 tur
670 4758 1003 4824 mirabiliter,
1055 4762 1315 4817 morietur
1361 4762 1794 4826 misericorditer,
1840 4764 2099 4819 morietur

524 4849 887 4916 singulariter,
917 4853 1177 4907 morietur
1204 4869 1303 4923 per
1347 4855 1617 4924 propriam
1670 4864 2010 4925 potestatem,
2041 4867 2099 4912 ut

524 4954 678 4995 suam
704 4940 754 4993 in
776 4943 1023 4998 munibus
1044 4944 1338 5015 adimpleat‘
1357 4944 1702 4999 voluntatem.
1730 4946 1806 5001 Ad
1832 4947 1935 5003 hoc
1956 4949 2096 5002 enim

527 5031 944 5086 misericorditer
967 5035 1247 5100 morietur,
1279 5042 1338 5088 ut
1375 5050 1657 5103 resurgens
1685 5038 1890 5093 cunctis
1923 5039 2098 5107 genti-

526 5120 627 5175 bus
663 5120 986 5176 dominetur.
1022 5120 1278 5180 Morietur
1324 5139 1451 5192 ergo
1477 5125 1609 5179 sicut
1641 5142 1775 5181 unus
1803 5124 1829 5163 ἀ
1852 5170 1865 5192 ,
1892 5137 1945 5182 et
1973 5131 2093 5197 qui-

525 5211 672 5279 dem,
695 5228 854 5282 quem
879 5212 1043 5267 Deum
1085 5215 1355 5283 hominem
1378 5216 1649 5284 .concepit
1682 5214 1811 5271 fides
1839 5217 2055 5285 virginis
2078 5256 2092 5280 ,

527 5310 581 5353 et
613 5301 778 5357 Demn
801 5305 1069 5360 hominem
1097 5306 1304 5375 peperit
1328 5305 1622 5360 fecunditas
1653 5307 1939 5374 virginalis.

600 5492 621 5553 ξ
652 5479 795 5553 M_ss.,
825 5496 1131 5553 qtta'cmtqtte
1152 5482 1307 5553 coluit
1340 5483 1474 5553 fecit.

605 5546 626 5582 "
660 5550 814 5619 Mss,
838 5546 1179 5619 insuperabili
1217 5546 1498 5605 divinitate.

567 5631 623 5739 If
659 5617 782 5673 Haec
811 5617 970 5674 verba
1019 5622 1283 5677 habentur
1313 5622 1364 5675 in
1395 5637 1521 5676 mss.
1551 5631 1603 5676 et
1652 5623 1702 5675 in
1738 5624 1885 5689 .\nt.,
1925 5641 2031 5678 non
2058 5624 2107 5677 in

590 5704 671 5739 ns.

531 5704 671 5740 ams.

602 5762 624 5791 "
660 5757 944 5831 Locushic
974 5762 1181 5817 videtur
1214 5779 1450 5826 mancus,
1485 5779 1582 5816 nec
1614 5778 1676 5815 ex
1719 5779 1845 5817 mss.
1876 5762 2049 5831 potuit
2081 5780 2106 5814 ιι

531 5831 689 5883 nabis
719 5828 945 5882 restitui;

2189 1962 2284 2033 (al.
2317 1962 2622 2027 Dominum)
2661 1962 2931 2017 hominem
2978 1962 3209 2032 peperit,
3230 1976 3388 2033 quem
3414 1961 3566 2017 stella
3593 1961 3781 2032 Magis

2187 2052 2239 2107 in
2259 2049 2478 2107 Oriente
2507 2052 2696 2122 positis
2743 2051 3026 2106 nuntiavit.
3071 2051 3210 2120 Magi
3233 2066 3363 2120 ergo
3388 2060 3684 2116 venerunt,
3710 2061 3772 2107 et

2188 2141 2352 2195 tilium
2363 2140 2594 2209 Virginis
2608 2156 2770 2195 unum
2792 2140 3146 2210 eumdemque
3165 2139 3260 2212 (al.
3279 2139 3774 2210 DominumjDeum

2186 2231 2456 2287 hominem
2483 2242 2871 2299 cognoverunt.
3200 2275 3205 2279 .

2258 2320 2311 2375 9.
2361 2320 2599 2390 Denique
2627 2321 2845 2376 attende
2873 2320 3000 2390 quid
3051 2320 3387 2387 obtulerunt,
3441 2329 3498 2376 et
3530 2335 3774 2390 agnosce

2186 2411 2313 2481 quid
2339 2410 2679 2466 crediderunt
2705 2424 2727 2448 ε
2749 2451 2764 2464 .
2810 2408 2997 2465 Refert
3024 2410 3162 2465 enim
3192 2410 3517 2479 evangelista
3539 2410 3663 2481 quia
3680 2413 3773 2465 in-

2189 2512 2382 2557 trantes
2409 2502 2634 2567 domum,
2664 2504 2963 2556 invenerunt
3000 2517 3211 2572 puerum
3240 2517 3356 2555 cum
3398 2500 3570 2555 Maria
3599 2508 3773 2554 matre

2188 2596 2300 2666 ejus
2332 2611 2349 2649 :
2378 2603 2425 2649 et
2454 2582 2773 2664 procidentes
2798 2594 3140 2648 adoraverunt
3168 2610 3315 2658 eum;
3356 2589 3418 2647 εί
3433 2595 3625 2664 apertis
3654 2595 3770 2647 Ihe-

2189 2674 2360 2738 sauris
2388 2685 2494 2738 suis
2523 2683 2810 2765 obtulerunt
2837 2684 2883 2737 ei
2904 2699 3138 2752 munera,
3159 2699 3361 2750 aurum,
3395 2684 3508 2738 thus
3534 2694 3584 2737 et
3625 2699 3771 2755 myr-

2192 2774 2340 2828 rltam
2372 2773 2587 2845 (Matth.
2619 2789 2675 2839 ιι,
2709 2771 2817 2843 tl).
2844 2770 2947 2827 Per
2975 2773 3077 2826 ista
3107 2773 3211 2839 tria,
3235 2787 3516 2828 munerum
3543 2786 3765 2842 genera,

2193 2865 2245 2918 in
2277 2881 2382 2920 uno
2409 2864 2705 2934 eodemque
2725 2861 2941 2919 Christo
2962 2871 3016 2917 et
3043 2863 3221 2918 divina
3250 2862 3520 2933 majestas.
3538 2872 3593 2918 et
3614 2864 3768 2933 regia

2192 2963 2447 3025 potestas,
2475 2962 2528 3009 et
2554 2955 2785 3009 humana
2807 2954 3106 3009 mortalitas
3134 2953 3428 3009 intimatur.
3452 2954 3593 3009 Thus
3615 2954 3768 3009 enim

2192 3047 2257 3101 ad
2288 3045 2624 3110 sacrificium,
2649 3058 2833 3098 aurum
2864 3044 3101 3114 pertinet
3146 3044 3212 3099 ad
3244 3044 3515 3110 tributum,
3541 3043 3765 3114 myrrha

2193 3136 2258 3191 ad
2280 3136 2607 3206 sepulturam
2629 3135 2860 3205 pertinet
2880 3143 3231 3192 mortuorum.
3248 3135 3434 3191 Omnia
3447 3137 3554 3191 haec
3571 3143 3769 3191 sancta

2196 3227 2325 3282 fides
2348 3226 2564 3282 Christo
2586 3227 2850 3282 veraciter
2869 3225 3062 3283 oﬂerre
3082 3244 3189 3283 non
3210 3228 3425 3293 desinit,
3447 3228 3570 3283 dum
3598 3242 3773 3281 unum

2194 3321 2553 3390 eumdemque
2597 3337 2784 3377 verum
2816 3321 3002 3385 Deum,
3027 3335 3216 3375 verum
3242 3332 3443 3388 regem,
3476 3331 3775 3386 verumque

2194 3393 2464 3465 hominem
2495 3408 2691 3475 credit,
2714 3418 2768 3465 et
2796 3425 2923 3464 vere
2956 3424 3056 3480 pro
3084 3409 3237 3464 nobis
3266 3416 3532 3463 mortuum
3561 3405 3769 3462 veraci-

2194 3509 2275 3557 ter
2296 3502 2630 3572 recognoscit
2647 3501 2689 3556 ί.

2264 3591 2423 3663 562
2479 3592 2566 3646 10.
2617 3591 2676 3646 1η
2706 3591 2977 3648 oblatione
3020 3592 3192 3647 thuris
3231 3590 3573 3647 confunditur
3613 3590 3774 3645 Aria-

2195 3698 2313 3747 nus,
2352 3683 2443 3752 qui
2472 3682 2571 3737 soli
2616 3681 2761 3737 Patri
2790 3683 3109 3739 sacrificium
3140 3681 3321 3738 offerri
3359 3682 3555 3737 debere
3582 3692 3606 3729 ς
3638 3697 3780 3736 con-

2195 3772 2364 3828 tendit
2389 3791 2401 3826 :
2432 3773 2486 3827 in
2516 3772 2791 3829 oblatione
2817 3773 3047 3845 myrrha:
3075 3772 3414 3828 confunditur
3432 3771 3777 3835 Manichacus,

2194 3863 2286 3931 qui
2311 3860 2581 3916 Christum
2630 3876 2755 3917 vere
2801 3870 3072 3917 mortuum
3111 3876 3210 3932 pro
3237 3870 3420 3916 nostra
3462 3861 3635 3916 salute
3664 3878 3783 3917 non

2196 3953 2365 4009 credit
2398 3973 2410 4006 :
2443 3953 2495 4008 in
2520 3968 2652 4009 auro
2678 3968 2805 4009 vero
2826 3954 2981 4009 simul
2998 3962 3225 4023 uterque
3247 3952 3617 4021 confunditur,
3647 3957 3779 4023 quia

2198 4052 2253 4100 et
2278 4043 2601 4099 Manichaeus
2627 4043 2694 4099 de
2746 4044 2951 4099 semine
2996 4043 3162 4098 David
3208 4043 3498 4100 secundum
3552 4058 3784 4099 carnem

2199 4142 2381 4189 natum
2412 4150 2519 4190 non
2547 4134 2717 4189 credit
2748 4149 2926 4205 regem
2947 4177 2962 4201 ,
2995 4143 3049 4190 et
3096 4134 3323 4191 Arianus
3348 4134 3460 4191 Deo
3490 4133 3783 4203 Unigenito

2200 4224 2494 4279 naturalem
2510 4224 2784 4292 assignare
2813 4225 2999 4280 nititur
3017 4225 3351 4280 servitutem.
3370 4223 3600 4279 Proinde
3628 4233 3785 4278 uter-

2198 4327 2303 4381 que
2332 4328 2437 4367 non
2462 4314 2772 4383 experietur
2801 4328 3008 4382 regem,
3040 4330 3071 4368 a
3090 4329 3199 4384 quo
3227 4329 3324 4384 per
3354 4312 3511 4368 tidem
3558 4321 3790 4381 regatur

2201 4403 2293 4471 (at.
2346 4409 2643 4473 regnatur),
2675 4402 2769 4458 sed
2808 4418 2839 4458 a
2867 4418 2976 4473 quo
3031 4419 3130 4474 pro
3178 4403 3505 4459 infidelitatis
3550 4403 3786 4458 crimine

2200 4470 2488 4563 puniatur:
2519 4470 2646 4561 quia
2693 4493 2761 4548 ab
2791 4470 2900 4549 uno
2927 4470 3240 4559 divinitatis,
3286 4493 3353 4548 ab
3400 4492 3570 4549 altero
3596 4495 3790 4549 carnis
3868 4470 3923 4561 ,⁸

2200 4578 2397 4636 veritas
2426 4581 2738 4651 denegatur.
2771 4582 2827 4637 ln
2859 4581 3049 4638 iisdem
3084 4583 3395 4638 muneribus
3433 4581 3790 4638 confunditur

2199 4672 2360 4726 etiam
2385 4671 2679 4736 Nestorius,
2711 4672 2801 4741 qui
2834 4672 3023 4726 nititur
3046 4670 3318 4726 Christum
3348 4672 3401 4725 in
3429 4671 3560 4726 duas
3587 4685 3789 4741 perso-

2198 4777 2294 4817 nas
2322 4763 2558 4817 dividere
2583 4780 2596 4816 :
2624 4777 2743 4816 cum
2761 4761 2941 4817 videat
2967 4761 3149 4830 Magos
3179 4777 3284 4816 non
3310 4761 3416 4835 alia
3442 4761 3553 4816 Deo
3593 4768 3650 4815 et
3669 4761 3786 4815 alia

2199 4855 2420 4919 homini,
2448 4855 2542 4910 sed
2571 4856 2663 4908 uni
2691 4853 2803 4919 Deo
2831 4854 3036 4911 homini
3058 4853 3248 4909 eadem
3277 4868 3497 4907 munera
3519 4852 3791 4908 obtulisse

2199 4946 2527 5018 suppliciter.
2559 4946 2675 5001 Non
2706 4960 2835 5015 ergo
2876 4945 3145 5002 dividatur
3170 4946 3222 5001 in
3254 4947 3521 5016 personis,
3552 4943 3643 5015 qui
3666 4958 3787 4999 non

2203 5036 2469 5090 invenitur
2510 5035 2710 5091 divisus
2758 5036 2813 5090 in
2852 5035 3032 5091 donis.
3060 5035 3369 5106 .Propterea
3417 5035 3613 5106 quippe
3640 5049 3792 5089 unus

2152 5125 2179 5148 ⁸
2200 5125 2449 5194 idemque
2475 5124 2591 5179 istis
2620 5126 2929 5181 muneribus
2954 5126 3269 5190 honoratur,
3294 5135 3354 5180 ut
3375 5142 3509 5180 unus
3533 5124 3801 5193 idemque

2206 5219 2344 5272 Deus
2373 5225 2427 5272 et
2453 5218 2615 5272 homo
2674 5226 3047 5286 cognoscatur.
3092 5217 3200 5272 Ista
3256 5216 3530 5286 Magorum
3574 5215 3792 5272 oblatio

2205 5308 2483 5363 confundit
2511 5309 2673 5362 etiam
2698 5307 3005 5377 Eutychetis
3029 5308 3311 5372 insaniam,
3338 5308 3431 5375 qui
3460 5322 3565 5361 non
3593 5304 3803 5360 vultin.

2228 5552 2246 5603 Ι
2287 5483 2429 5565 ﬁMs.
2459 5502 2614 5549 unus,
2646 5486 2767 5555 quid
2796 5486 3093 5552 obtulerint,
3123 5494 3169 5539 et
3193 5502 3439 5556 agnosces
3466 5482 3795 5555 quidfcredi-

2228 5570 2230 5575 ’
2249 5564 2398 5603 ermt.

2249 5569 2303 5594 ρι-

2212 5564 2317 5605 re"
2387 5594 2398 5605 .

2228 5564 2489 5695 ("inll'l’dith
2512 5634 2633 5678 ut...
2668 5635 3022 5695 recognoscat.
3066 5624 3161 5680 Ms.
3194 5640 3349 5691 unus,
3392 5633 3448 5678 ut
3476 5622 3795 5694 (legendum

2212 5691 2357 5765 ct)..._
2385 5696 2765 5765 recognoscit...

2214 5831 2247 5883 ά
2278 5771 2308 5881 ἱ
2342 5761 2416 5843 Ita
2447 5761 2570 5819 mss.
2606 5773 2657 5818 et
2686 5763 2809 5818 Aut.
2857 5764 3047 5819 (Ia-teri
3079 5781 3207 5820 vero
3236 5764 3435 5821 habent
3470 5762 3793 5832 snrriﬁcinm

2249 5849 2274 5883 ε
2310 5847 2401 5883 ΒΗ.

2249 5847 2401 5885 ευρτι.
