4090 6342
320 375 432 431 757

1803 370 2031 426 SEBMO
2071 372 2132 426 ν.

3473 374 3577 428 738

317 493 540 559 Christo
569 500 850 560 utramque
872 504 1051 544 veram
1083 487 1369 556 praedicare
1399 494 1665 540 naturam.
1690 485 1900 538 Verita-
1929 494 1970 546 Δ
2005 488 2165 542 broso
2189 487 2458 554 quondam
2491 487 2792 556 captivatus
2830 472 3078 558 aspectu,
3111 487 3293 542 militis
3319 490 3401 542 sui
3427 491 3578 545 adul-

315 591 430 636 tem
463 582 666 650 quippe
695 579 919 635 istorum
949 592 1227 632 munerum
1259 575 1416 641 tollit,
1451 573 1577 628 dum
1603 575 1654 628 in
1684 573 1900 630 Christo

317 687 486 726 unam
510 679 756 725 naturam
788 669 1073 739 praedicare
1099 667 1391 722 contendit.

391 761 483 814 H.
536 761 646 817 Nos
691 761 909 830 itaque,
964 757 1293 813 dilectissimi
1340 755 1559 822 fratres,
1617 754 1902 812 offeramus

316 850 543 906 Christo
567 850 930 905 indubitanter
956 849 1008 902 in
1040 848 1159 911 ﬁde,
1191 847 1334 918 quod
1361 847 1498 916 Magi
1527 847 1782 902 obtulisse
1807 863 1896 902 co-

320 949 659 1008 gnoscuntur
680 940 732 994 in
763 953 984 993 munere
1016 956 1028 990 :
1061 946 1118 991 ut
1146 952 1285 991 verte
1313 937 1608 991 divinitatis
1654 937 1904 991 humani-

325 1032 566 1098 tatisque
593 1025 862 1088 confessio
878 1028 990 1097 ipsa
1013 1026 1082 1087 sit
1111 1024 1250 1095 apud
1270 1024 1537 1080 Christum
1569 1035 1750 1081 nostra
1771 1026 1905 1081 ﬁde-

326 1121 392 1176 lis
420 1119 646 1176 oblatio.
671 1117 798 1173 Hmc
827 1132 1047 1172 munera
1071 1132 1189 1171 cum
1227 1115 1394 1184 Magis
1420 1117 1744 1170 unanimiter
1769 1118 1903 1172 οπε-

264 1256 268 1258 ,
326 1207 527 1275 ramus,
542 1217 597 1263 et
607 1208 673 1262 ad
683 1209 961 1276 regionem
974 1214 1280 1261 sanctorum
1305 1214 1416 1261 tota
1430 1207 1606 1262 cordis
1620 1207 1904 1262 devotione

327 1299 632 1355 tendamus.
663 1297 774 1352 Nec
823 1305 1099 1352 teneamus
1125 1297 1266 1352 viam
1298 1299 1494 1352 veteris
1521 1299 1661 1362 vitae,
1693 1299 1786 1353 sed
1824 1298 1905 1352 di-

327 1389 471 1443 vinis
489 1387 756 1442 mandatis
776 1387 1048 1441 humiliter
1061 1387 1436 1455 obsequentes,
1453 1387 1594 1440 viam
1618 1395 1902 1452 mutemus,

328 1477 461 1531 etin
491 1491 597 1547 qua
623 1475 716 1546 (al.
748 1482 802 1530 et
828 1476 955 1545 qua)
987 1476 1239 1544 prmcepit
1266 1473 1524 1530 Dominus
1546 1477 1900 1540 ambulemus,

329 1576 391 1621 ut
409 1567 476 1620 ad
505 1565 735 1636 patriam
756 1565 1037 1634 pervenire
1067 1565 1356 1630 valeamus,
1388 1567 1475 1619 ubi
1501 1567 1618 1621 sine
1653 1564 1759 1620 line
1783 1581 1905 1620 cum

329 1660 451 1727 ipso
476 1657 700 1712 Domino
721 1656 1066 1725 gaudeamus.
1099 1656 1199 1710 Via
1227 1658 1371 1711 enim
1413 1651 1642 1711 hominis
1683 1666 1767 1711 est
1798 1658 1905 1711 vita

324 1746 468 1815 ejus.
501 1743 603 1810 Qui
631 1745 772 1799 male
822 1744 973 1807 vivit,
1007 1744 1145 1798 viam
1182 1752 1329 1798 tenet
1366 1746 1593 1810 erroris;
1627 1746 1718 1814 qui
1766 1744 1906 1798 bene

2006 565 2204 652 teraret
2233 589 2473 640 uxorem,
2498 585 2552 630 et
2577 575 2780 630 scelere
2803 575 3072 643 geminato
3096 577 3344 630 maritum
3364 591 3578 644 quoque

2004 663 2328 729 interﬁceret
2370 665 2744 730 innocentem,
2792 673 2914 735 post
2961 667 3413 735 perpetrationem
3451 685 3580 738 pec-

2004 752 2110 806 cati
2167 767 2262 822 per
2290 753 2604 822 prophetam
2633 763 2913 822 correptus
2942 755 3159 810 oraculo
3179 796 3194 822 ,
3222 763 3277 809 et
3305 763 3426 824 post
3452 773 3581 811 cou-

2004 841 2286 896 fessionem
2317 851 2589 897 recreatus
2619 843 2919 898 medicinali
2949 859 3226 913 responso,
3257 845 3381 899 dum
3411 847 3582 915 pmni—

2005 932 2182 985 tentiae
2212 933 2375 986 verba
2404 932 2630 1001 supplici
2657 942 2953 1001 prostratus
2990 934 3363 989 obsecratione
3389 936 3581 1004 depro-

2003 1030 2194 1088 meret,
2221 1023 2412 1092 quibus
2433 1023 2597 1078 Deum
2618 1023 2843 1092 justum,
2860 1024 3058 1093 Regem
3088 1041 3290 1094 regum,
3316 1036 3371 1080 et
3397 1026 3580 1081 Domi-

1976 1125 2132 1164 .num
2179 1111 2516 1166 dominorum
2561 1115 2880 1180 quantocius
2919 1115 3190 1184 placaret,
3225 1116 3362 1169 inter
3389 1125 3582 1171 caetera

2004 1200 2202 1257 dixisse
2246 1203 2588 1271 cognoscitur
2620 1223 2632 1256 ε
2662 1206 2840 1258 Averte
2887 1207 3075 1278 [aciem
3125 1218 3261 1260 tuam
3291 1227 3322 1260 a
3360 1211 3583 1278 peccatis

2007 1290 2130 1342 meis
2160 1331 2175 1356 ,
2205 1299 2253 1342 et
2280 1307 2453 1343 omnes
2484 1292 2780 1361 iniquitates
2831 1309 2972 1346 meas
3002 1293 3112 1346 dele
3158 1293 3330 1363 (Psal.
3361 1311 3390 1348 ι.
3410 1334 3423 1359 ,
3457 1294 3578 1364 il);

2005 1391 2060 1436 et
2087 1384 2340 1452 quoniam
2370 1383 2486 1438 sine
2508 1386 2745 1438 caritatis
2773 1385 2915 1439 dono
2943 1384 3054 1438 fieri
3080 1401 3185 1440 non
3217 1401 3373 1453 posse
3397 1401 3588 1441 cerne-

2006 1472 2116 1536 bat,
2151 1472 2292 1526 illico
2321 1473 2594 1542 subjunxit
2625 1491 2636 1525 :
2667 1473 2768 1527 Cor
2797 1475 3038 1527 mundum
3069 1490 3183 1527 crea
3211 1475 3265 1526 in
3296 1491 3392 1538 me,
3428 1475 3580 1540 Deus,

2004 1570 2052 1614 et
2071 1562 2306 1630 spiritum
2327 1571 2518 1614 rectum
2538 1564 2724 1616 innova
2746 1564 2798 1614 in
2821 1562 3090 1616 risceribus
3113 1565 3236 1616 meis
3267 1563 3449 1634 (Ibid.,
3474 1565 3582 1634 12).

2004 1650 2114 1704 Cor
2165 1658 2346 1705 autem
2391 1637 2648 1705 mundum
2696 1652 2928 1705 caritatis
2964 1666 3084 1706 esse
3114 1651 3442 1706 domicilium
3503 1653 3587 1706 his

2005 1741 2185 1797 verbis
2229 1741 2570 1796 commendat
2619 1741 2907 1811 Apostolus
2931 1783 2945 1808 ,
2996 1741 3179 1796 dicens
3219 1761 3231 1794 :
3265 1742 3414 1796 Finis
3452 1745 3586 1796 enim

333 1837 484 1902 vivit,
512 1851 612 1906 per
651 1836 794 1889 viam
848 1834 1088 1903 graditur
1140 1835 1402 1890 veritatis.
1449 1834 1788 1904 Quapropter
1817 1836 1907 1904 qui
1940 1836 1984 1896 Β
2010 1832 2249 1901 prazcepti
2269 1840 2344 1884 est
2372 1832 2564 1884 caritas
2592 1830 2654 1884 de
2678 1832 2828 1884 corde
2849 1849 2998 1900 puro,
3023 1840 3071 1885 et
3093 1833 3405 1885 conscientia
3431 1834 3583 1896 bona,

329 1923 642 1980 ambulabat
658 1924 797 1979 viam
827 1923 1211 1989 fornicationis,
1243 1924 1384 1977 viam
1413 1932 1593 1978 teneat
1616 1925 1904 1988 castitatis;

330 2016 426 2086 qui
445 2015 589 2069 viam
617 2014 834 2070 tenebat
850 2014 1111 2082 avaritiae,
1130 2020 1312 2068 teneat
1329 2015 1469 2068 viam
1491 2014 1872 2069 misericordia:
1890 2030 1904 2079 ;

300 2105 424 2175 -qui
453 2103 764 2158 ambulabat
787 2118 884 2172 per
922 2103 1062 2157 viam
1089 2101 1338 2164 ﬁctionis,
1379 2102 1518 2155 viam
1549 2109 1731 2156 teneat
1767 2118 1909 2156 nunc

332 2193 599 2264 puritatis.
633 2193 976 2248 Ambulemus
1021 2191 1160 2246 bene
1209 2207 1307 2261 per
1333 2190 1520 2257 ﬁdem,
1554 2199 1612 2245 ut
1633 2190 1911 2260 pervenia-

332 2300 454 2340 mus
477 2285 544 2339 ad
566 2283 799 2354 speciem
821 2283 914 2352 (al.
937 2281 1135 2352 spem),
1167 2281 1255 2335 ubi
1284 2281 1503 2351 plenum
1538 2281 1640 2336 erit
1658 2281 1908 2359 gaudium

332 2383 596 2440 nostrum,
628 2374 752 2444 quia
781 2373 1088 2442 implebitur
1121 2373 1175 2426 in
1203 2373 1362 2427 bonis
1385 2381 1410 2410 ι
1459 2372 1781 2427 desiderium
1809 2388 1908 2428 no-

334 2474 506 2521 strum
523 2505 539 2531 ,
575 2464 600 2503 δ
623 2479 720 2535 per
741 2480 861 2519 eum
885 2464 976 2532 qui
999 2464 1130 2518 vivit
1157 2472 1210 2519 et
1230 2460 1415 2532 regnat
1437 2464 1488 2518 in
1515 2465 1708 2520 Ismenia
1738 2479 1909 2521 saecu-

325 2559 533 2612 lorum.
559 2557 749 2611 Amen.

839 2629 1018 2734 '533
1055 2623 1286 2717 Sermo
1327 2662 1388 2716 v.

729 2773 807 2827 De
833 2775 1048 2827 caritate
1077 2773 1172 2827 Dei
1198 2790 1258 2826 ac
1286 2775 1528 2844 proximi.

407 2865 459 2916 1.
492 2864 962 2932 Quantum'cupio
1004 2863 1274 2917 sanctitati
1303 2871 1493 2917 vestra:
1521 2863 1759 2918 debitum
1789 2864 1910 2919 red—

333 2955 464 3008 dere
492 2952 560 3007 de
589 2953 810 3008 caritate
836 2967 1162 3018 sermonem,
1186 2959 1391 3006 tantum
1419 2968 1504 3007 me
1533 2937 1769 3008 caritaiis
1797 2969 1912 3009 ma-

335 3044 416 3113 gis
442 3041 557 3097 ﬁeri
579 3042 733 3098 video
754 3043 1079 3107 debitorem;
1109 3057 1210 3097 nec
1231 3043 1445 3098 invenio
1465 3044 1694 3113 qualiter
1717 3047 1914 3114 possim

338 3133 517 3188 verbis
540 3132 810 3202 explicare
839 3132 1164 3201 praeconium
1193 3132 1458 3198 caritatis,
1506 3133 1557 3186 in
1586 3148 1688 3202 qua
1716 3135 1792 3189 sic
1818 3134 1850 3188 d

338 3225 529 3278 bemus
554 3262 570 3287 ,
613 3221 846 3290 quandiu
894 3222 948 3275 in
987 3222 1093 3277 hoc
1138 3222 1334 3278 saeculo
1373 3223 1600 3278 vivimus
1623 3262 1637 3287 ,
1670 3239 1915 3278 crescere

339 3316 568 3369 invicem
593 3314 886 3382 diligendo,
913 3315 1049 3368 sicut
1077 3329 1195 3369 eam
1220 3314 1469 3384 jubemur
1489 3331 1701 3384 semper
1720 3315 1916 3370 debere

339 3405 634 3460 reddendo.
659 3405 854 3459 Beatus
879 3419 1109 3473 namque
1132 3406 1404 3475 apOstolus
1425 3405 1640 3472 Paulus,
1666 3405 1791 3460 dum
1819 3423 1916 3462 nos

340 3496 591 3551 omnibus
619 3494 810 3550 debitis
837 3497 1178 3567 prtecepisset
1205 3497 1428 3562 absolvi,
1458 3498 1573 3552 solo
1599 3513 1696 3552 nos
1720 3507 1918 3554 mutuae

342 3588 582 3643 caritatis
608 3588 788 3642 debito
815 3575 1031 3658 semper
1059 3589 1226 3642 voluit
1250 3588 1506 3656 detineri,
1547 3589 1731 3645 dicens
1762 3607 1773 3642 :
1808 3588 1918 3643 Ne-

345 3679 472 3731 mini
492 3677 765 3749 quidquam
786 3678 1029 3744 dcbeatis,
1054 3679 1154 3732 nisi
1175 3689 1228 3732 ut
1248 3681 1458 3733 invicem
1486 3680 1712 3750 diligatis
1741 3679 1916 3752 (Rom.

347 3768 562 3841 xm,8).
615 3769 720 3824 Ista
762 3778 842 3824 est
882 3771 1188 3840 apostolicae
1226 3785 1430 3825 summa
1469 3762 1745 3826 doctrinae.
1801 3771 1949 3828 Haec

346 3869 473 3915 sunt
498 3860 740 3915 consulta
771 3861 1010 3915 caritatis
1040 3869 1297 3931 paternzc,
1326 3870 1385 3914 ut
1409 3863 1605 3916 nemini
1633 3863 1920 3931 quidquam

348 3951 660 4015 debeamus,
693 3949 794 4004 nisi
823 3958 880 4003 ut
907 3950 1134 4004 invicem
1160 3949 1460 4017 diligamus.
1507 3949 1637 4004 Cum
1668 3965 1796 4019 ergo
1823 3965 1921 4004 au-

299 4101 306 4104 _
349 4040 522 4097 dimus
548 4078 564 4104 ,
605 4047 662 4094 ut
690 4039 890 4093 nemini
918 4038 1207 4109 quidquam
1237 4039 1530 4106 debeamus
1553 4080 1567 4104 ,
1605 4056 1712 4095 non
1740 4041 1791 4094 in
1823 4041 1924 4096 hoc

352 4131 516 4186 verbo
542 4146 918 4186 remaneamus
941 4171 954 4194 ,
996 4132 1088 4186 sed
1117 4131 1395 4186 audiamus
1423 4139 1478 4186 et
1505 4124 1758 4187 faciamus
1784 4133 1923 4200 quod

353 4224 597 4293 sequitur
617 4263 631 4288 ,
677 4232 733 4278 ut
772 4239 870 4278 nos
901 4223 1124 4278 invicem
1155 4223 1439 4293 diligamus
1471 4241 1482 4276 :
1515 4231 1569 4278 et
1599 4223 1926 4279 inveniemus

352 4324 591 4369 sanctam
614 4315 912 4382 caritatem,
934 4331 1092 4385 quam
1112 4330 1324 4384 semper
1350 4315 1594 4370 debendo
1620 4316 1926 4384 reddamus,

352 4411 411 4458 et
437 4403 710 4459 reddendo
756 4404 1038 4461 salubriter
1065 4404 1374 4459 debeamus.
1406 4405 1594 4473 Magna
1623 4421 1708 4460 res
1736 4407 1928 4460 caritas

2007 1917 2060 1972 et
2084 1920 2186 1988 ﬁde
2213 1935 2315 1974 non
2345 1919 2468 1988 ﬁcta
2498 1918 2551 1988 (Ι
2576 1919 2707 1973 Tim.
2735 1935 2770 1984 ι,
2799 1917 2873 1988 5).

2079 2009 2130 2061 5.
2175 2008 2404 2062 Proinde
2431 2010 2537 2062 duo
2576 2007 2818 2076 quaedam
2866 2009 2918 2062 in
2964 2009 3048 2062 his
3079 2009 3354 2078 propheta:
3400 2009 3578 2062 verbis

2008 2098 2310 2164 diligentius
2352 2095 2738 2150 consideranda
2775 2104 2900 2149 sunt
2938 2097 3092 2150 nobis
3123 2114 3135 2148 :
3170 2111 3330 2150 unum
3375 2095 3516 2164 quod
3556 2110 3587 2149 a

2010 2202 2069 2240 se
2097 2185 2343 2261 poposcit
2370 2184 2600 2248 auferri,
2632 2184 2859 2239 alterum
2889 2184 3031 2254 quod
3061 2184 3160 2239 sibi
3190 2184 3477 2253 postulavit
3503 2191 3588 2236 at-

2011 2273 2193 2327 tribui.
2227 2271 2386 2327 Petiit
2416 2274 2556 2328 enim
2587 2272 2754 2328 deleri
2782 2273 3091 2343 iniquitates
3116 2289 3260 2339 suas,
3290 2289 3385 2328 cor
3411 2279 3590 2326 autem

2012 2363 2173 2435 565
2201 2363 2458 2417 mundum
2487 2363 2539 2416 in
2569 2377 2628 2417 se
2657 2363 2860 2426 creari,
2898 2370 2953 2415 et
2991 2362 3236 2430 spiritum
3264 2369 3471 2415 rectum
3511 2361 3591 2414 ἰι-

2012 2453 2200 2506 novari
2232 2453 2283 2504 in
2312 2451 2607 2505 visceribus
2652 2449 2782 2504 suis.
2833 2448 2969 2514 Quid
3007 2457 3089 2503 est
3115 2456 3292 2502 autem
3319 2447 3586 2515 iniquitas,

2014 2541 2114 2594 nisi
2140 2555 2302 2608 prava
2343 2538 2663 2607 cupiditas?‘
2695 2537 2764 2590 Et
2807 2537 2931 2605 quid
2972 2544 3054 2592 est
3096 2535 3275 2592 cordis
3311 2535 3588 2604 munditia,
3635 2584 3639 2589 .

2014 2628 2114 2682 nisi
2135 2636 2318 2682 sancta
2341 2627 2433 2681 Dei
2459 2635 2514 2681 et
2539 2626 2768 2695 proximi
2795 2626 3022 2680 caritas?
3051 2626 3243 2686 Dicens
3273 2627 3432 2695 igitur
3459 2643 3588 2696 pro-

2019 2721 2179 2787 pheta
2215 2736 2227 2770 :
2261 2719 2446 2772 Averle
2473 2719 2662 2793 faciem
2693 2726 2833 2771 tuam
2861 2735 2892 2770 a
2922 2719 3142 2786 peccatis
3171 2719 3317 2784 meis,
3345 2726 3394 2770 et
3418 2734 3590 2771 omnes

2013 2809 2307 2880 iniquitates
2352 2824 2492 2861 meas
2549 2808 2680 2870 dele,
2711 2808 2998 2875 statimque
3052 2805 3377 2875 subjungens
3425 2823 3440 2859 :
3490 2805 3592 2859 Cor

2019 2897 2262 2950 mundum
2289 2913 2403 2950 crea
2431 2898 2485 2948 in
2516 2912 2593 2949 me
2610 2936 2624 2960 ,
2653 2894 2814 2957 Deus,
2846 2905 2895 2947 et
2922 2895 3158 2964 spiritum
3184 2903 3377 2947 rectum
3403 2894 3590 2948 innova

2018 2988 2071 3040 in
2099 2987 2371 3039 visceribus
2401 2987 2560 3048 meis,
2598 2984 2726 3052 quid
2754 2984 2894 3038 aliud
2920 2985 3082 3048 dixit,
3122 2984 3222 3039 nisi
3250 3001 3263 3038 :
3294 2983 3422 3039 Dele
3448 2999 3479 3038 a
3507 2999 3594 3039 me

2019 3077 2280 3132 maculam
2327 3091 2505 3146 pravae
2551 3075 2856 3152 cupiditatis
2879 3116 2893 3140 ,
2945 3082 3000 3130 et
3033 3075 3173 3130 dona
3213 3075 3342 3129 mihi
3371 3074 3593 3141 gratiam

1855 3150 1914 3243 ξς
1943 3176 1990 3243 c
2021 3164 2293 3220 caritatis?
2320 3163 2482 3222 Aufer
2511 3180 2539 3217 a
2569 3150 2663 3218 me
2680 3163 3046 3233 cupiditatem,
3072 3179 3169 3234 per
3189 3179 3349 3232 quam
3377 3180 3595 3234 possum

2019 3255 2294 3321 damnari;
2324 3267 2378 3309 et
2405 3255 2545 3309 dona
2574 3255 2703 3309 mihi
2729 3256 3006 3310 caritatem
3026 3295 3040 3319 ,
3069 3271 3166 3325 per
3193 3271 3352 3323 quam
3380 3271 3591 3310 merear

2019 3345 2285 3400 coronari.
2325 3343 2486 3398 Aufer
2511 3359 2540 3396 a
2571 3358 2656 3397 me
2684 3343 3028 3412 cupiditatem
3053 3381 3067 3405 ,
3100 3351 3321 3412 propter
3344 3359 3505 3412 quam
3537 3347 3590 3399 in

2022 3442 2290 3490 tormento
2324 3434 2439 3488 sine
2478 3433 2872 3487 intermissione
2914 3432 3127 3486 doletur
3154 3441 3208 3486 et
3247 3433 3510 3500 gemitur;
3543 3442 3599 3488 et

2020 3524 2162 3579 dona
2190 3523 2319 3576 mihi
2347 3522 2642 3586 caritatem,
2673 3536 2772 3590 per
2800 3535 2958 3590 quam
2989 3521 3042 3574 in
3071 3520 3207 3574 caelo
3235 3521 3352 3575 sine
3381 3520 3484 3575 fine
3512 3535 3599 3574 re-

2021 3624 2233 3685 gnatur.
2279 3614 2333 3668 Si
2367 3613 2507 3668 enim
2536 3613 2775 3667 habuero
2805 3611 3079 3666 caritatem
3103 3651 3116 3674 ,
3146 3625 3304 3678 quam
3353 3611 3598 3688 debendo

2022 3703 2273 3768 reddam,
2306 3711 2359 3757 et
2393 3699 2661 3756 reddendo
2697 3700 2919 3755 debeam
2940 3741 2953 3764 ,
2992 3715 3098 3754 non
3129 3699 3326 3754 timebo
3354 3699 3601 3769 iniquita-

2025 3805 2155 3860 tem,
2185 3809 2343 3863 quam
2373 3793 2488 3846 sine
2517 3791 2620 3846 ﬁne
2650 3791 3227 3860 dolendmpersolvam.
3268 3789 3408 3845 Bene
3444 3790 3604 3858 igitur

2027 3884 2266 3955 pmcipit
2294 3882 2581 3952 Apostolus
2635 3889 2693 3935 ut
2747 3881 2944 3935 nemini
2975 3880 3258 3947 quidquam
3287 3879 3599 3940 debeamus,

2030 3975 2130 4029 nisi
2162 3982 2219 4029 ut
2247 3973 2474 4027 invicem
2506 3972 2788 4039 diligamus
2817 3988 2830 4022 :
2863 3971 2966 4024 hoc
2991 3969 3130 4022 enim
3158 3968 3340 4023 debito
3367 3967 3606 4022 aufertur

2028 4082 2058 4120 a
2088 4064 2242 4120 nobis
2289 4063 2530 4118 cumulus
2575 4062 2814 4129 omnium
2861 4061 3177 4115 delictorum
3203 4099 3216 4124 ,
3259 4060 3382 4127 quia
3413 4060 3607 4112 caritas

2027 4154 2251 4224 cooperit
2301 4151 2677 4205 multitudinem
2725 4159 3046 4220 peccatorum
3104 4148 3121 4219 (
3156 4147 3184 4201 1
3215 4147 3352 4202 Petr.
3389 4165 3471 4213 tv,
3504 4147 3596 4216 8).

2029 4241 2196 4296 Nemo
2226 4248 2403 4294 autem
2434 4247 2605 4309 putet,
2635 4240 2824 4294 fratres
2843 4279 2858 4304 ,
2887 4239 2966 4294 sic
2988 4254 3018 4292 a
3048 4238 3203 4292 nobis
3231 4245 3482 4307 oportere
3510 4252 3604 4290 ca-

2029 4331 2239 4398 ritatem
2269 4327 2454 4391 reddi,
2492 4335 2548 4381 ut
2576 4327 2781 4382 reddita
2809 4326 3018 4380 desinat
3065 4324 3350 4394 aliquando
3397 4323 3605 4378 deberi.

2033 4421 2165 4476 Cum
2195 4420 2338 4475 enim
2381 4418 2640 4486 redditur,
2672 4418 2792 4487 plus
2835 4416 3093 4480 debetur;
3143 4424 3198 4468 et
3234 4430 3299 4468 eo
3329 4413 3496 4480 magis
3523 4428 3610 4467 ac-

356 4505 464 4560 est,
498 4496 828 4550 dilectissimi
855 4497 1048 4551 fratres
1069 4538 1083 4562 ,
1127 4511 1286 4564 quam
1315 4496 1541 4552 docente
1571 4499 1826 4567 Apostolo
1853 4499 1929 4553 sic
1964 4543 2011 4600 D
2034 4513 2283 4582 (μιίι-ίιυιι,
2313 4525 2419 4580 quo
2447 4509 2688 4563 redditur
2717 4524 2836 4563 cum
2860 4508 3103 4562 debetur,
3153 4505 3284 4558 Nam
3313 4503 3404 4570 qui
3430 4516 3488 4557 se
3516 4517 3608 4556 οε-

356 4586 602 4653 jubemur
628 4603 839 4658 semper
863 4588 1106 4652 reddere,
1137 4598 1194 4642 ut
1221 4603 1340 4644 eam
1373 4589 1714 4644 nihilominus
1739 4591 1930 4660 jubea-

357 4693 479 4731 mur
509 4678 625 4733 sine
655 4679 1048 4734 intermissione
1086 4679 1303 4734 debere.
1352 4679 1396 4733 0
1431 4681 1668 4734 caritatis
1695 4681 1930 4736 debitum

360 4769 578 4834 bonum,
611 4769 848 4825 debitum
876 4779 1143 4837 sanctum,
1173 4770 1409 4825 debitum
1437 4771 1744 4826 cmlestibus
1768 4771 1934 4826 refer-

359 4867 473 4911 tum
495 4859 810 4927 commodis,
840 4859 1074 4914 debitum
1103 4861 1442 4930 sempiternis
1471 4861 1684 4931 plenum
1714 4861 1932 4916 omnino

358 4947 560 5003 divitiis
585 4948 598 5000 !

429 5039 485 5094 ‘2.
529 5039 747 5110 Magna,
779 5041 1001 5108 fratres,
1036 5043 1138 5097 hoc
1167 5043 1344 5099 debito
1377 5044 1524 5099 lucra
1549 5044 1929 5114 conquirimus,

363 5132 622 5186 immensa
651 5134 932 5188 commoda
981 5134 1070 5187 tali
1123 5134 1305 5190 fenore
1350 5151 1742 5206 comparamus.
1800 5135 1933 5190 Dum

363 5222 508 5274 enim
536 5223 730 5277 caritas
754 5238 785 5277 a
814 5223 969 5278 nobis
1002 5223 1241 5278 redditur
1281 5232 1335 5279 et
1363 5223 1604 5291 debetur,
1637 5225 1809 5280 omnis
1835 5241 1933 5280 uo-

363 5319 476 5365 stra
520 5313 772 5381 iniquitas
812 5313 1096 5376 dimittitur
1140 5323 1194 5369 et
1232 5313 1457 5370 deletur.
1509 5316 1680 5386 Ipsam
1710 5317 1936 5386 denique

363 5401 646 5467 caritatem
675 5403 774 5458 sibi
810 5403 998 5459 beatus
1045 5405 1210 5459 David
1260 5406 1326 5460 ad
1355 5406 1608 5462 delendas
1637 5408 1939 5478 iniquitates

364 5493 764 5548 suasredonari
793 5497 1084 5565 poscebat,
1138 5497 1351 5566 quando
1399 5511 1498 5568 pro
1548 5507 1768 5568 peccato
1795 5500 1940 5568 gravi

369 5583 652 5638 Donninum
680 5585 1098 5656 lacrymabiliter
1126 5589 1413 5643 exorabat.
1453 5587 1582 5642 Nam
1614 5605 1732 5641 cum
1765 5589 1942 5643 illece-

445 5805 467 5830 ⁸
500 5793 576 5847 Isti
608 5810 734 5849 mss.
770 5796 853 5847 At.
889 5794 1033 5878 cdd,
1064 5795 1112 5845 in
1141 5794 1284 5844 nobis

2038 4603 2206 4658 ritatis
2235 4617 2340 4655 non
2369 4615 2580 4668 semper
2607 4600 2876 4653 existimat
2919 4597 3218 4652 debitorem
3238 4634 3252 4659 ,
3297 4608 3403 4647 non
3429 4606 3488 4647 se
3514 4591 3610 4645 de-

2038 4693 2148 4745 bito
2175 4689 2402 4758 gaudeat
2439 4687 2739 4742 absolutum
2764 4726 2778 4751 ,
2830 4686 2923 4741 sed
2971 4687 3121 4740 dono
3158 4680 3397 4739 caritatis
3436 4681 3614 4749 lugeat

2035 4778 2367 4834 destitutum.
2422 4775 2607 4844 Neque
2649 4776 2790 4830 enim
2820 4775 2982 4829 habet
3021 4773 3295 4828 caritatem
3329 4785 3490 4838 quam
3518 4769 3615 4822 ha-

2037 4870 2166 4923 bere
2194 4867 2434 4932 destitit,
2485 4867 2610 4936 quia
2655 4866 2908 4937 prodigus
2955 4865 3166 4920 debitor
3208 4877 3314 4918 non
3343 4859 3614 4916 reddendo

2038 4959 2287 5031 perdidit,
2318 4973 2479 5028 quam
2510 4967 2568 5012 ut
2595 4973 2807 5028 semper
2834 4956 3102 5021 redderet,
3132 4963 3188 5011 et
3215 4967 3427 5022 semper
3454 4951 3617 5006 habe-

1993 5095 1995 5098 ι
2041 5061 2160 5118 ret,
2205 5051 2428 5120 accepit.
2483 5049 2743 5116 Quocirca
2786 5058 2910 5105 tunc
2955 5064 3014 5105 se
3063 5047 3274 5104 noverit
3319 5043 3618 5116 perdidisse

2041 5141 2182 5212 quod
2205 5149 2507 5211 acceperat,
2533 5140 2656 5196 dum
2680 5156 2787 5195 non
2817 5138 3106 5194 reddiderit
3125 5137 3269 5209 quod
3294 5134 3543 5191 debebat.

2113 5232 2162 5285 4.
2196 5231 2300 5286 Sed
2329 5231 2456 5286 dicit
2485 5230 2719 5304 aliquis:
2748 5228 2846 5284 Cui
2875 5230 3011 5284 hanc
3037 5228 3241 5284 debeo?
3267 5226 3354 5281 vel
3374 5225 3458 5280 cui
3481 5224 3619 5277 hanc

2043 5338 2129 5377 me
2149 5328 2362 5391 oportet
2388 5319 2612 5374 reddere
2632 5305 2943 5374 caritatem?
3004 5315 3403 5387 Respondemus
3431 5311 3623 5366 carita-

2045 5423 2153 5468 tem
2182 5413 2428 5468 omnibus
2454 5411 2758 5466 hominibus
2787 5426 2905 5465 esse
2928 5409 3271 5484 reddendam,
3299 5405 3350 5460 id
3379 5412 3462 5460 est
3480 5402 3624 5457 notis

2045 5513 2099 5558 et
2130 5505 2323 5575 ignotis
2345 5545 2360 5568 ,
2411 5514 2466 5558 et
2503 5504 2658 5558 bonis
2687 5511 2743 5558 et
2769 5503 2924 5557 malis
2948 5540 2963 5566 ,
2994 5508 3047 5555 et
3075 5500 3260 5554 amicis
3287 5507 3343 5553 et
3371 5495 3619 5552 inimicis.

2048 5592 2178 5646 Nam
2210 5608 2328 5646 cum
2360 5582 2546 5646 bea'tus
2576 5591 2861 5659 Apostolus
2899 5591 3040 5644 dicat
3071 5607 3080 5640 :
3115 5587 3257 5659 Iirgo
3283 5603 3394 5640 cum
3426 5594 3623 5653 tempus

2127 5794 2149 5830 ιι
2187 5793 2388 5846 Absunt
2417 5792 2616 5860 reliqua
2654 5807 2683 5844 a
2715 5806 2837 5844 mss.
