4090 6342
389 384 396 391 ’
442 401 569 457 ~739

1505 386 1559 440 s.
1603 364 1958 440 summi“
1998 381 2298 439 muscum
2342 381 2713 439 RUSPENSIS

3618 347 3737 443 ἰἰο
3772 352 3775 353 ί

465 514 728 577 habemus,
754 504 1019 577 aperemur
1038 503 1172 574 quod
1194 501 1380 554 bonum
1407 507 1480 553 est
1503 497 1572 551 ad
1600 479 1793 559 manes,
1819 497 2039 555 maritae
2070 499 2120 557 Α
2144 510 2313 564 queus
2342 505 2424 551 est
2451 488 2665 562 diaboli,
2691 513 2794 552 non
2825 497 2997 552 solum
3028 498 3269 568 laqueus,
3301 499 3394 554 sed
3420 480 3596 555 etiani
3611 503 3743 570 διε-

463 612 637 657 autem
685 600 755 653 ad
799 596 1096 651 domesticos
1145 592 1267 662 ﬁdei
1317 580 1562 660 (Gahvr,
1599 588 1720 658 lO),
1768 588 2042 643 evidenter
2139 584 2259 639 dius
2292 603 2304 638 :
2337 602 2431 656 per
2470 588 2642 656 ipsam
2688 586 2910 641 miseros
2956 586 3137 657 rapit,
3178 603 3275 658 per
3320 590 3491 659 ipsam
3536 602 3744 661 captos

445 689 697 747 ostendit
717 688 857 756 quod
910 687 962 739 in
985 697 1147 753 opere
1171 681 1410 737 caritatis
1438 680 1507 735 sit
1532 679 1747 750 quidem
1770 678 1904 732 alius
1924 678 2042 731 aliis

466 783 561 852 (at.
594 780 721 849 alio)
760 774 1148 847 prmferendus,
1206 787 1364 827 nemo
1405 781 1581 826 tamen
1628 770 1699 825 sit
1739 785 1769 823 a
1807 771 2044 824 caritatis

448 867 739 925 beneﬁciis
786 862 1166 919 excludendus.
1221 861 1429 917 Caritas
1486 861 1667 930 itaque
1704 860 1791 914 illa
1833 867 2039 921 sancta,

456 973 599 1028 pura
624 995 641 1019 ,
684 963 739 1010 et
768 964 823 1008 ut
852 953 1068 1024 proprie
1101 953 1275 1008 dicam
1300 992 1315 1017 ,
1343 952 1540 1025 caritas
1562 950 1887 1014 Christiana,
1927 962 2045 1017 qua:

463 1048 673 1116 patiens
715 1053 833 1108 est,
877 1058 997 1114 quae
1038 1042 1265 1110 benigna
1294 1047 1375 1096 est
1399 1079 1414 1106 ,
1463 1055 1582 1109 qua:
1610 1054 1717 1094 non
1743 1038 2043 1105 aemulatur,

453 1150 583 1204 qua:
611 1151 718 1189 non
747 1135 856 1203 agit
883 1148 1164 1204 perperam
1189 1172 1203 1196 ,
1236 1145 1342 1185 non
1371 1129 1603 1195 inﬂatur,
1634 1143 1741 1182 non
1767 1134 1853 1182 est
1878 1127 2046 1180 ambi-

461 1225 599 1280 tiosa
623 1265 637 1289 ,
669 1239 776 1278 non
804 1224 993 1291 quaerit
1018 1237 1139 1291 qua:
1182 1235 1279 1275 sua
1306 1226 1463 1284 sunt,
1493 1231 1611 1287 quas
1646 1232 1755 1271 non
1783 1215 2044 1293 irritatur,

462 1328 573 1368 non
598 1312 799 1379 cogitat
824 1311 1040 1374 malum,
1071 1325 1176 1364 non
1197 1307 1392 1377 gaudet
1412 1320 1574 1376 super
1595 1304 1895 1375 iniquitate,
1918 1318 2047 1358 con-

426 1400 663 1469 ,gaudet
689 1395 864 1453 autem
892 1396 1124 1462 veritati,
1145 1409 1264 1464 qua:
1284 1394 1465 1450 omnia
1492 1391 1698 1458 suffert,
1720 1391 1898 1446 omnia
1925 1404 2046 1446 cre-

458 1491 564 1556 dit,
593 1490 768 1545 omnia
798 1495 1006 1559 sperat,
1037 1486 1216 1541 omnia
1261 1484 1510 1552 sustinet,
1538 1482 1735 1537 caritas
1765 1495 1884 1549 quae
1909 1495 2046 1533 nun-

468 1592 626 1647 quam
657 1577 800 1632 cadit
831 1575 883 1646 (Ι
912 1575 1031 1631 Cor.
1062 1589 1175 1641 xm,
1201 1572 1234 1625 4
1259 1580 1309 1627 et
1337 1572 1491 1644 seq.),
1521 1571 1567 1626 si
1596 1571 1749 1641 (forte
1770 1569 1870 1639 sic)
1901 1583 2043 1624 com-

462 1668 732 1738 plectatur
759 1664 960 1721 amicos
984 1702 999 1728 ,
1053 1671 1111 1718 ut
1153 1662 1410 1717 dilatetur
1452 1674 1623 1731 usque
1652 1659 1719 1715 ad
1746 1659 1993 1715 inimicos
2028 1675 2041 1710 :

466 1759 658 1813 amicis
685 1772 744 1812 se
770 1755 1074 1812 volentibus
1102 1753 1331 1819 reddat,
1380 1751 1609 1807 inimicis
1649 1765 1710 1805 se
1745 1747 2049 1804 nolentibus

2142 673 2412 729 interﬁcit.
2460 673 2667 730 Caritas
2700 685 2780 731 est
2809 677 2961 731 radix
2988 677 3227 745 omnium
3255 679 3542 747 bonorum,
3568 683 3738 751 cupi-

2142 764 2281 819 ditas
2331 764 2482 818 radix
2530 773 2614 820 est
2658 765 2894 820 omnium
2947 766 3206 821 malorum
3261 766 3312 837 (1
3340 767 3473 823 Tim.
3504 772 3736 840 “.10).

2134 853 2418 922 Cupiditas
2446 868 2658 924 semper
2685 855 2972 921 cruciatur,
2999 855 3125 910 dum
3151 858 3407 926 rapiendo
3436 874 3545 914 non
3570 875 3747 915 sana-

2127 950 2249 997 ‘tur.
2274 942 2482 999 Caritas
2506 950 2684 998 autem
2706 959 2919 1014 semper
2941 945 3168 1011 ltetatur,
3190 949 3441 1015 quoniam
3468 960 3746 1016 quantum

2145 1032 2552 1102 multiplicatur,
2584 1040 2791 1088 tantum
2820 1034 3019 1104 largius
3046 1047 3318 1104 erogatur.
3350 1028 3567 1093 Et‘ideo
3592 1039 3749 1093 sicut

2132 1120 2486 1192 adipiscendo
2509 1123 2851 1192 pauperascit
2869 1124 3138 1195 appetitor
3165 1116 3482 1195 iniquitatis,
3504 1128 3578 1182 ita
3607 1128 3746 1183 red-

2146 1209 2322 1264 dendo
2350 1210 2564 1265 ditescit
2587 1210 2827 1265 redditor
2854 1212 3111 1266 caritatis.
3146 1211 3497 1269 Pet-turbatur
3522 1216 3746 1286 cupidi-

2147 1307 2231 1352 tas
2259 1297 2386 1352 dum
2417 1298 2599 1353 ulcisci
2636 1292 2827 1370 quaerit
2855 1301 3129 1372 injuriam,
3163 1304 3447 1373 tranquilla
3476 1314 3561 1360 est
3587 1306 3743 1377 cari-

2138 1395 2230 1442 tas
2252 1386 2376 1441 dum
2405 1387 2612 1462 donare
2635 1387 2947 1461 delectatur.

2656 1520 2817 1591 563
2857 1519 3088 1576 διεκιιο
3133 1521 3216 1576 vr.

2509 1626 2584 1679 De
2619 1637 2797 1682 sancto
2828 1627 3088 1700 Cypriane
3124 1641 3371 1702 martyre.

2223 1741 2275 1794 1.
2316 1741 2530 1796 Clarum
2575 1736 2707 1797 tanti
2748 1744 2997 1816 martyris
3026 1746 3220 1800 natalis
3248 1746 3424 1812 diem,
3455 1748 3602 1805 beati
3628 1751 3745 1807 sci—

466 1847 702 1915 ingerat;
730 1846 863 1900 istos
891 1849 1090 1908 teneat,
1118 1841 1237 1897 illos
1259 1840 1529 1910 acquirat;
1561 1839 1693 1894 istos
1712 1837 1964 1899 oblectet,
1989 1841 2047 1888 ut
2078 1859 2125 1919 Β
2151 1831 2276 1887 licet
2302 1832 2575 1903 Cypriani,
2612 1847 2743 1903 quo,
2779 1838 3007 1893 terrenis
3035 1853 3100 1892 ac
3123 1832 3451 1897 moribundis
3478 1844 3747 1899 membris

471 1952 538 1991 ex
583 1936 769 1991 amicis
805 1950 912 1988 non
956 1931 1255 1988 efﬁciantur
1287 1928 1515 1994 inimici;
1566 1927 1686 1982 illos
1734 1926 1955 1989 invitet,
1989 1931 2048 1977 ut

472 2026 604 2080 ﬁant
630 2041 698 2080 ex
728 2024 955 2078 inimicis
982 2021 1158 2076 amici.

542 2115 598 2169 5.
646 2111 1027 2175 Recordemur,
1060 2111 1270 2174 fratres,
1303 2108 1587 2176 verborum
1614 2107 1825 2161 Domini
1868 2104 2051 2160 dicen-

470 2205 541 2258 tis
572 2220 585 2255 :
622 2202 831 2271 Diligite
858 2201 1094 2253 inimicos
1133 2206 1352 2262 vestros,
1385 2196 1666 2267 benefacite
1695 2196 1774 2248 his
1800 2197 1886 2267 qui
1923 2195 2050 2249 ode-

470 2301 591 2345 runt
617 2307 725 2353 vos,
750 2298 800 2342 et
824 2297 968 2342 orate
995 2304 1088 2357 pro
1108 2276 1521 2355 persequentibus
1551 2292 1604 2337 et
1622 2279 2051 2337 calumniantibus

297 2403 304 2417 -
366 2414 373 2419 -
470 2392 557 2432 eos
588 2376 799 2447 (Matth.
830 2392 882 2442 v,
912 2374 1025 2443 44).
1057 2373 1196 2428 Ecce
1223 2371 1479 2426 Dominus
1508 2385 1675 2439 usque
1714 2369 1781 2423 ad
1809 2369 2053 2423 inimicos

474 2466 754 2523 caritatem
776 2463 928 2530 jubet
963 2460 1219 2526 extendi,
1258 2450 1528 2527 et’usque
1571 2459 1639 2512 ad
1682 2465 2054 2528 persecutores

420 2600 429 2607 .
473 2552 759 2609 Christiani
783 2545 959 2606 cordis
980 2544 1408 2603 benevolentiam
1427 2546 1660 2600 dilatari.
1688 2545 1755 2599 Et
1775 2560 1895 2614 quae
1914 2560 2055 2599 mer-

472 2656 564 2696 ces
583 2653 804 2708 operum
833 2644 1100 2691 tantorum
1129 2635 1378 2695 dabitur?
1401 2634 1487 2688 vel
1507 2633 1648 2702 quod
1673 2634 1834 2704 565
1862 2647 2055 2688 munus

473 2736 743 2801 praecepto
772 2727 897 2781 huic
935 2723 1306 2780 obedientibus
1332 2722 1643 2778 confertur?
1688 2722 1807 2792 Ipse
1834 2722 2055 2777 demon-

476 2827 664 2875 streta
691 2832 750 2872 se
784 2825 1140 2886 praeparatam
1185 2813 1397 2869 caritati
1442 2812 1746 2867 mercedem
1772 2848 1787 2875 ,
1824 2811 1917 2880 qui
1958 2826 2055 2881 per

480 2908 739 2979 Spiritum
776 2913 1023 2961 sanctum
1071 2904 1235 2973 gratis
1280 2904 1450 2973 ipsam
1492 2903 1740 2970 dignatur
1777 2901 2055 2957 infundere

478 2998 759 3053 caritatem
794 3014 806 3047 :
834 2995 948 3064 ipse
981 2994 1134 3048 nobis
1170 2990 1467 3060 dicatquid
1497 3005 1595 3060 pro
1623 2990 1847 3045 caritate
1874 2990 2054 3045 reddi-

481 3096 635 3141 turus
692 3087 763 3140 sit
792 3085 998 3152 dignis,
1028 3083 1120 3152 qui
1151 3082 1396 3137 eamdem
1441 3083 1717 3152 caritatem
1748 3081 1949 3136 donare
1975 3081 2055 3136 di-

2154 1931 2382 1986 exutus,
2437 1923 2503 1995 ad
2548 1934 2762 1979 aeterna:
2800 1928 3015 1995 przentia
3056 1928 3177 1982 vitm
3219 1932 3648 2001 transmigravit,
3683 1943 3748 1988 et

2154 2010 2441 2065 sacerdotii
2463 2011 2578 2079 ejus
2598 2012 2895 2066 doctrinam
2946 2022 3000 2069 et
3020 2016 3257 2087 martyrii
3279 2019 3434 2073 nobis
3451 2020 3763 2088 victoriam,

2154 2099 2575 2163 commendavit,
2607 2099 2837 2168 fecitque
2866 2116 2934 2155 ex
2962 2105 3244 2174 temporali
3270 2107 3537 2175 quondam
3566 2108 3749 2162 tristi.

2154 2188 2229 2241 tia
2260 2188 2585 2242 liberiorem.
2636 2189 2770 2243 Dum
2822 2191 2965 2246 enim
3006 2193 3146 2248 inter
3176 2196 3467 2264 periculum
3496 2182 3746 2253 cruentae

2154 2276 2344 2330 mortis
2387 2284 2442 2330 et
2468 2276 2691 2345 gloriam
2720 2276 2901 2333 devoti
2929 2283 3238 2338 certaminis
3265 2285 3548 2354 episcopus
3600 2302 3748 2341 con-

2157 2362 2356 2418 ﬁtendo
2385 2365 2606 2433 patitur,
2629 2363 2865 2431 Ecclesia
2890 2368 3093 2424 orando
3113 2372 3456 2441 compatitur.
3485 2373 3614 2440 Quis
3641 2392 3746 2431 ne-

2156 2454 2319 2518 sciat,
2350 2469 2413 2508 ac
2443 2470 2550 2509 non
2578 2456 2759 2524 potius
2785 2456 3036 2526 prudenti
3062 2460 3492 2517 consideratione
3530 2478 3745 2532 cogno-

2156 2542 2296 2608 scit,
2346 2543 2487 2598 ltunc
2531 2544 2704 2613 ipsum
2742 2546 2835 2614 qui
2875 2562 3019 2602 nunc
3047 2563 3224 2603 annua
3253 2550 3748 2609 circumstitutione

2155 2631 2324 2688 festus
2358 2634 2512 2689 nobis
2540 2631 2836 2689 revolvitur
2863 2637 3007 2703 dies,
3039 2637 3353 2695 Christianis
3377 2657 3443 2697 ac
3477 2643 3750 2711 religiosis

2156 2722 2423 2777 mentibus
2459 2724 2552 2795 illo
2582 2732 2708 2780 tunc
2748 2733 2991 2796 tempore
3033 2726 3197 2784 fuisse
3234 2731 3519 2786 sollicitum
3541 2771 3557 2795 ,
3609 2734 3771 2789 dum‘

2157 2810 2411 2867 adversus
2438 2812 2711 2868 diabolum
2738 2814 2807 2868 ab
2835 2816 3074 2872 antistite
3100 2827 3350 2889 suscepto
3377 2821 3626 2887 culmine,
3650 2824 3747 2892 pia

2155 2901 2327 2972 plebis
2352 2902 2685 2972 exspectatio
2712 2904 3038 2974 trepidaret,
3071 2914 3232 2976 atque
3254 2908 3325 2962 ita
3354 2906 3488 2964 ﬁdes
3514 2912 3746 2965 resiste-

2156 2998 2241 3046 ret
2264 2993 2625 3060 persequenti,
2650 3007 2721 3047 ne
2750 3008 2878 3048 caro
2907 2997 3281 3052 succumberet
3306 2997 3591 3054 blandienti
3607 3017 3624 3065 ;
3658 3001 3745 3055 ita

2156 3091 2338 3153 pastor
2366 3084 2713 3153 praecederet,
2763 3101 2831 3139 ne
2869 3086 3009 3141 ovile
3040 3086 3334 3163 desereret,
3361 3090 3741 3161 desertumque

480 3185 674 3245 gnetur
702 3148 952 3243 indignis.
993 3148 1146 3228 Dicat
1172 3173 1334 3259 igitur
1358 3148 1827 3280 Dettn‘inus,'dicat,
1851 3181 2058 3275 'etipro-
2080 3217 2128 3280 Ο
2158 3148 2324 3244 {quod
2353 3148 2512 3274 absit)
2554 3148 2712 3276 lupus
2740 3177 3051 3280 invaderet?
3098 3148 3332 3236 Dolebat'
3351 3183 3580 3238 Ecclesia
3604 3148 3745 3240 sub?

480 3268 601 3338 prio
629 3279 878 3320 sermone
909 3256 1326 3331 magnitudinem
1373 3255 1527 3317 nobis
1553 3277 1662 3316 sum
1691 3263 2059 3331 promissionis
2081 3255 2128 3280 υ
2164 3269 2390 3317 tractum
2420 3263 2633 3318 interim
2669 3281 2768 3321 suo
2800 3268 3072 3323 consortio
3113 3277 3220 3323 tam
3259 3271 3609 3328 clarissimum
3647 3290 3773 3329 sar

481 3358 732 3415 ostendat
763 3375 775 3409 :
811 3355 879 3419 Ut
909 3355 1050 3419 sitis,
1092 3353 1295 3422 inquit,
1333 3354 1432 3423 ﬁlii
1472 3352 1651 3408 Patris
1678 3354 1830 3407 vestri
1873 3355 1957 3424 qui
2005 3350 2061 3408 in
2162 3348 2435 3405 cerdotetu
2466 3369 2479 3403 :
2509 3351 2604 3407 sed
2633 3360 2813 3408 tamen
2840 3355 3105 3423 gaudebat
3133 3367 3404 3427 prostrato
3432 3361 3746 3420 adversario

482 3450 622 3503 caelis
649 3456 724 3502 est
754 3445 944 3517 (Ibid.,
974 3443 1095 3514 65).
1146 3444 1279 3499 Cum
1296 3445 1458 3498 enim
1486 3444 1784 3512 diligendos
1807 3446 2062 3515 praecipe-
2161 3437 2359 3492 Christi
2390 3447 2678 3511 martyrem
2706 3443 2975 3498 exstitisse
2997 3443 3275 3501 victorem.
3297 3446 3426 3502 Erat
3452 3449 3508 3504 iu
3529 3466 3745 3506 mento.

482 3544 567 3591 ret
603 3534 847 3591 ininicos
869 3575 885 3601 ,
929 3549 1168 3587 amarum
1218 3532 1438 3588 forsitan
1476 3542 1593 3588 erat
1640 3535 1784 3604 quod
1826 3535 2063 3592 audienti
2162 3526 2242 3581 ria
2271 3526 2516 3583 dOCll'ina
2542 3529 2839 3610 laudabilis,
2867 3536 3179 3591 versabalur
3207 3545 3332 3593 ante
3358 3540 3546 3596 oculos
3572 3541 3747 3599 virtus

480 3624 794 3694 jubebatur:
811 3624 902 3684 sit,
926 3636 1130 3691 quzeso,
1153 3615 1306 3676 dulce
1332 3621 1476 3689 quod
1498 3621 1768 3677 obedienti
1795 3625 2062 3693 promitti-
2163 3617 2421 3672 mirabilis
2438 3658 2453 3682 .
2487 3620 2700 3689 quando
2729 3629 2909 3677 tantus
2932 3622 3073 3679 Deus
3100 3626 3348 3681 servabat
3375 3628 3515 3697 quod
3541 3629 3749 3685 docue-

485 3725 592 3768 tur.
640 3713 910 3767 Teneatur
938 3702 1067 3780 ergo
1096 3710 1393 3766 dulcedinis
1422 3710 1580 3780 hujus
1608 3712 1662 3765 in
1692 3713 1856 3768 corde
1883 3714 2062 3770 suavi-
2164 3717 2276 3771 rat.
2310 3717 2367 3763 et
2393 3710 2519 3780 quid
2546 3713 2726 3767 ueteri
2751 3712 2926 3769 facere
2952 3714 3243 3783 deberent,
3274 3706 3381 3773 non
3404 3718 3513 3787 jam
3542 3720 3746 3787 verbis,

485 3809 590 3870 tas,
617 3810 672 3857 et
699 3800 1066 3856 amaritudinis
1094 3800 1235 3854 illis
1262 3800 1601 3870 superabitur
1628 3795 1929 3857 difﬁcultas.
1962 3802 2065 3870 Qui
2165 3801 2259 3856 sed
2287 3802 2536 3871 operibus
2563 3803 2983 3874 demonstrabat,
3017 3807 3173 3862 tidem
3198 3823 3522 3876 sermonum,
3553 3827 3748 3866 exem-

487 3894 629 3948 enim
654 3893 942 3947 dilexerint
962 3891 1208 3946 inimicos
1237 3906 1383 3959 suos,
1405 3899 1461 3945 et
1480 3889 1847 3954 benefecerint
1875 3895 1953 3949 eis
1972 3896 2064 3964 qui
2166 3890 2268 3960 plis
2294 3905 2472 3945 rerum
2499 3929 2514 3955 ,
2546 3891 2718 3971 valida
2746 3893 3014 3951 soliditate
3041 3897 3364 3954 conﬁrmans
3384 3939 3398 3963 ,
3432 3898 3663 3955 credens
3690 3908 3753 3955 et

489 3999 584 4039 eos
613 3983 872 4045 oderunt,
905 3981 995 4034 ﬁlii
1026 3982 1120 4035 Dei
1148 3990 1325 4036 erunt.
2168 3980 2442 4036 conﬁdens
2467 3996 2565 4051 pro
2589 3984 2824 4059 omnium
2854 3984 3024 4039 salute
3060 3983 3325 4043 Chiistum
3359 3988 3648 4053 mortuum,
3682 4005 3753 4045 ac
3796 4048 3799 4049 ,

558 4072 612 4124 6.
642 4071 780 4136 Quid
804 4086 932 4124 vero
958 4072 1230 4139 accepturi
1258 4078 1380 4125 sunt
1407 4072 1493 4125 isti
1525 4071 1612 4127 ﬁlii
1647 4074 1739 4128 Dei
1782 4075 2067 4144 Apostolus
2167 4088 2226 4128 se
2272 4088 2371 4142 pro
2420 4074 2536 4142 ejus
2581 4065 2812 4129 nomine
2844 4091 2954 4130 non
3002 4078 3315 4133 subtrahere
3373 4080 3745 4135 occidendum.

490 4162 734 4217 enuntiat
780 4160 963 4213 dicens
1008 4177 1021 4211 :
1069 4158 1189 4228 Ipse
1234 4159 1464 4230 Spiritus
1512 4164 1849 4216 testimonium
1901 4164 2070 4217 reddit
2169 4160 2331 4230 Cujus
2355 4163 2496 4215 enim
2523 4164 2779 4231 sanguine
2802 4172 2929 4220 tunc
2956 4165 3201 4234 indignus
3222 4167 3528 4238 redemptus
3551 4168 3747 4235 fuerat,

490 4251 692 4321 spiritui
719 4257 924 4312 nostra,
955 4250 1073 4319 quia
1108 4265 1284 4302 sumus
1311 4249 1406 4319 [itii
1433 4248 1549 4303 Dei.
1582 4250 1642 4305 Si
1668 4265 1838 4305 autem
1866 4254 1992 4323 lilii,
2021 4262 2070 4307 et
2169 4250 2385 4317 dignum
2414 4266 2566 4305 suum
2594 4253 2907 4322 sanguinem
2939 4269 3037 4323 pro
3066 4255 3157 4310 illo
3185 4255 3470 4323 fundebat;
3510 4266 3569 4312 et
3592 4257 3753 4326 cujus

494 4341 721 4395 hteredes
746 4343 770 4394 :'
790 4340 1018 4394 hwredes
1045 4339 1248 4410 quidem
1273 4338 1387 4404 Dei,
1411 4340 1699 4395 cohteredes
1722 4352 1889 4396 autem
1917 4341 2069 4397 Chri-
2170 4343 2483 4410 sanguinem
2521 4343 2573 4396 in
2608 4343 2708 4397 hac
2731 4344 2839 4423 vita
2871 4343 3094 4399 ﬁdeliter
3118 4346 3327 4400 biberat
3354 4387 3368 4410 ,
3409 4348 3475 4403 ab
3502 4348 3619 4418 ipso
3644 4347 3753 4403 sibi

491 4435 557 4487 sti
589 4431 762 4501 (Rom.
795 4447 904 4494 Vlll,
932 4430 1018 4498 l6,
1051 4430 1161 4501 17).
1192 4430 1384 4486 Audite
1414 4431 1594 4499 igitur,
1622 4432 1945 4499 Christiani;
1976 4450 2072 4489 au-
2170 4439 2423 4485 aeternam
2453 4432 2614 4486 vitam
2643 4432 2791 4486 reddi
2820 4448 2978 4502 posse
3006 4434 3322 4490 crediderat.

489 4524 639 4588 dite,
682 4520 773 4577 ﬁlii
812 4521 936 4585 Dei;
986 4520 1188 4589 audite,
1240 4522 1480 4577 hanredes
1510 4522 1618 4576 Dei
1664 4532 1720 4578 et
1764 4525 2070 4586 colueredes

490 4614 710 4671 Christi.
754 4611 829 4667 Ut
864 4620 1141 4681 paternam
1172 4613 1492 4682 possideatis
1522 4613 1887 4669 hmreditatem
1910 4657 1925 4682 ,
1962 4632 2067 4671 non

494 4705 664 4761 solum
687 4704 888 4769 amicis,
909 4704 1006 4759 sed
1025 4706 1188 4759 etiam
1211 4705 1438 4759 inimicis
1461 4705 1753 4775 impendite
1770 4708 2077 4763 caritatem;

494 4798 631 4854 Nulli
663 4798 860 4852 caritas
900 4794 1196 4864 denegetur
1220 4836 1235 4861 ,
1279 4812 1397 4866 quae
1444 4797 1511 4851 ab
1548 4798 1858 4853 hominibus
1907 4800 2073 4870 (forte

496 4887 763 4955 omnibus)
808 4887 965 4941 bonis
991 4889 1346 4942 communiter
1369 4887 1692 4957 posddelur.
1730 4889 1925 4945 Omnes
1953 4907 2070 4946 eam

490 4979 653 5037 simul
692 4979 887 5033 habete
910 5020 923 5044 ,
957 4987 1013 5035 et
1040 4974 1106 5034 ut
1133 4995 1248 5035 eam
1290 4982 1459 5049 magis
1487 4983 1728 5036 habeatis
1752 5023 1766 5046 ,
1817 4991 1873 5038 et
1914 4984 2071 5039 bonis

496 5082 615 5123 eam
642 5076 697 5124 et
724 5070 877 5123 malis
906 5070 1212 5139 impendite.
1247 5069 1521 5126 Possessio
1541 5072 1782 5126 enim'est
1806 5074 2068 5127 bonorum

497 5158 598 5213 ista
626 5159 954 5225 communis,
989 5175 1095 5214 non
1124 5171 1337 5215 terrena
1367 5162 1575 5231 utique,
1605 5162 1699 5216 sed
1727 5163 1986 5229 caelestis;
2017 5174 2073 5220 et

497 5248 620 5303 ideo
649 5238 851 5303 nullum
881 5250 932 5303 in
961 5265 1025 5304 ea
1055 5249 1180 5305 facit
1208 5253 1500 5321 angustiari
1532 5268 1758 5323 persona
1788 5256 2068 5310 consortis.

499 5337 726 5394 Tantum
755 5356 883 5395 vero
914 5349 1139 5409 augetur
1173 5342 1398 5409 caritas,
1428 5351 1684 5413 quantum
1711 5342 1868 5398 fuerit
1895 5344 2070 5398 immi-

498 5438 627 5484 nuta
655 5432 945 5501 cupiditas;
979 5439 1034 5486 et
1058 5432 1204 5485 illum
1227 5431 1352 5485 facit
1372 5434 1568 5486 caritas
1594 5434 2069 5507 semperliberum,

499 5533 657 5585 quem
707 5536 815 5575 non
863 5523 1095 5577 tenuerit
1147 5521 1411 5591 cupiditas
1461 5522 1726 5590 mundana
1781 5525 2071 5595 captivum.

499 5606 707 5663 Caritas
745 5611 941 5665 donum
983 5612 1076 5665 Dei
1110 5619 1193 5666 est
1219 5653 1234 5677 ,
1274 5609 1489 5666 dicente
1539 5613 1797 5681 Apostolo
1830 5631 1842 5665 :
1873 5613 2075 5669 Caritas

503 5694 600 5749 Dei
628 5698 815 5766 diffusa
844 5709 917 5752 est
942 5701 996 5752 in
1044 5700 1284 5754 cordibus
1320 5703 1509 5755 nostris
1546 5718 1636 5772 per
1665 5702 1927 5773 Spiritum
1955 5721 2077 5757 san-

501 5793 633 5839 ctum
688 5790 770 5858 qui
799 5789 948 5842 datus
977 5798 1049 5841 est
1080 5788 1224 5843 nobis
1264 5788 1438 5860 (Rom.
1475 5808 1533 5858 v,
1561 5791 1638 5862 5).
1676 5791 1966 5863 'Cupiditas
1997 5794 2073 5850 la-

2241 4519 2294 4573 2.
2338 4520 2496 4575 Dedit
2529 4522 2674 4576 enim
2701 4521 2780 4576 eis
2807 4521 3235 4578 bEnedictioneIn
3264 4524 3354 4594 qui
3383 4524 3553 4593 legem
3580 4526 3755 4581 dede-

2172 4620 2276 4679 rat,
2307 4621 2366 4666 ut
2391 4613 2731 4668 ambularent
2754 4612 2821 4668 de
2846 4613 3041 4668 virtute
3063 4614 3114 4668 in
3144 4616 3394 4670 virtutem
3426 4634 3440 4668 :
3467 4616 3534 4671 de
3553 4617 3757 4672 virtute

2172 4702 2293 4757 tidei
2332 4703 2701 4758 sincerissima:
2738 4692 3071 4758 iu'virtutem
3110 4703 3465 4761 conﬁictionis
3490 4714 3754 4760 constan-

2172 4793 2422 4858 tissimm;
2460 4790 2529 4846 de
2564 4792 2760 4847 virtute
2788 4792 3027 4847 caritatis
3055 4792 3477 4861 ﬂagrantissima:
3504 4795 3557 4849 in
3586 4795 3757 4849 virtu-

2173 4889 2278 4936 tem
2306 4881 2567 4953 passionis
2594 4880 3008 4949 gloriosissimas.
3049 4881 3287 4937 Credidit
3314 4885 3457 4937 enim
3482 4924 3498 4949 ,
3545 4885 3758 4939 locutus

2174 4981 2285 5039 est;
2316 4972 2520 5037 dilexit,
2552 4978 2610 5026 et
2634 4979 2849 5027 secutus
2876 4981 2978 5027 est.
3009 4971 3266 5027 Audierat
3293 4974 3436 5027 enim
3468 4989 3501 5028 a
3528 4974 3758 5027 Domino

2174 5065 2370 5118 dictum
2405 5080 2416 5115 :
2464 5059 2565 5126 Qui
2592 5078 2672 5116 me
2698 5061 2896 5133 diligit,
2930 5064 3159 5133 sequitur
3186 5080 3266 5116 me
3313 5063 3490 5136 (Joan.
3523 5080 3597 5131 γι,
3623 5063 3755 5132 26);

2175 5162 2230 5209 et
2258 5154 2447 5208 iterum
2480 5171 2493 5204 :
2528 5148 2628 5215 Qui
2656 5152 2818 5206 credit
2855 5152 2907 5206 in
2938 5169 3035 5216 me,
3092 5170 3195 5206 non
3224 5156 3466 5208 morietur
3493 5155 3549 5207 iit
3600 5163 3757 5207 cter—

2178 5238 2316 5300 itum.
2340 5243 2407 5298 Et
2434 5251 2586 5314 pater
2608 5243 2703 5315 (al.
2736 5242 2959 5313 pariter)
2991 5242 3163 5297 ﬁdelis
3187 5251 3400 5299 secutus
3425 5252 3507 5299 est
3536 5244 3758 5312 vestigia

2177 5338 2488 5411 Salvatoris.
2543 5337 2820 5391 Interritus
2845 5338 3169 5406 contempsit
3205 5338 3505 5409 principum
3523 5338 3672 5407 jussa
3702 5350 3762 5395 et

2175 5428 2409 5499 judicum
2431 5428 2682 5483 edictum.
2725 5424 2949 5482 Paratus
2977 5429 3193 5498 excepit
3212 5430 3546 5500 percussoris
3567 5431 3756 5491 ictum,

2175 5530 2229 5576 et
2250 5521 2484 5574 animum
2513 5519 2613 5575 soli
2635 5518 2745 5573 Deo
2768 5517 3041 5574 subditum
3070 5519 3232 5574 etiam
3261 5521 3371 5591 ipsa
3401 5505 3548 5576 mors
3574 5534 3762 5575 serva-

2177 5614 2251 5666 vlt
2282 5612 2555 5665 invictum.
2591 5608 2830 5678 Denique
2860 5609 2990 5662 nihil
3020 5624 3141 5664 eum
3173 5612 3443 5666 revocavit
3468 5626 3499 5663 a
3529 5614 3761 5680 pastoris

2176 5702 2457 5771 gregisque
2480 5698 2741 5763 custodia,
2773 5697 2949 5752 exsilii
2980 5697 3148 5762 locus,
3180 5700 3454 5769 apparitor
3473 5699 3761 5761 violentias.

2178 5792 2564 5864 persecutionis
2594 5798 2833 5860 tempus,
2858 5788 3053 5859 judicis
3084 5798 3261 5845 metus
3284 5828 3299 5854 ,
3338 5789 3619 5845 imminens
3649 5791 3768 5857 gla-
