4064 6358
319 404 415 460 741

1781 417 2010 475 SERMO
2051 420 2177 478 V’lll.

3486 446 3588 500 7ι9

314 521 436 576 dius
463 561 477 586 ,
511 522 785 591 proximus
817 525 1001 577 mortis
1030 538 1268 578 occasus.
1326 520 1454 579 Nam
1504 536 1557 581 ct
1606 527 1656 580 in
1705 531 1895 584 exsilio
1926 546 1969 600 Α
1995 534 2161 605 568
2187 535 2433 592 conﬁxus
2474 540 2723 595 omnibus
2771 547 3044 602 membris.
3088 549 3327 608 Contine
3369 573 3578 625 manus,

317 613 660 679 constitutus,
695 623 854 683 atque
881 617 946 668 ab
977 615 1212 670 Ecclesia
1241 617 1340 670 sibi
1364 619 1646 672 commissa
1675 635 1904 690 corpore

224 737 230 741 -
315 709 525 756 tantum
551 721 654 758 non
680 714 864 759 mente
889 716 1184 774 separatus,
1214 724 1505 776 pauperum
1533 710 1818 776 alimenta;
1851 720 1906 765 et

316 795 370 847 in
417 797 629 850 occulto
673 797 1020 851 absconditus
1045 839 1058 861 ,
1104 799 1393 868 disciplinzc
1426 815 1741 864 censuram;
1782 810 1836 856 et
1873 817 1903 855 a

318 886 559 954 principe
587 887 850 952 detentus,
889 889 1146 954 virginum
1179 887 1515 956 pudicitiam;
1552 898 1606 942 et
1635 889 1702 942 ad
1733 889 1902 943 tribu-

319 976 590 1045 na1567
630 977 935 1042 exhibitus,
985 979 1302 1033 clericorum
1351 979 1604 1042 tutelam;
1655 989 1710 1034 et
1745 981 1901 1034 minis

305 1077 493 1129 actus,
532 1068 804 1121 robustam
835 1069 1254 1133 conscientiam;
1303 1079 1358 1122 et
1393 1070 1614 1125 subdole
1643 1087 1896 1125 consum-

317 1164 460 1223 ptus,
494 1158 1100 1225 spiritalem-cautelam;
1131 1167 1185 1212 et
1213 1159 1392 1227 inique
1415 1158 1706 1227 judicatus,
1738 1160 1896 1214 Chri-

315 1245 545 1298 stianam
572 1248 884 1314 patientiam
902 1248 1219 1302 custodivit.
1271 1247 1486 1303 Plebem
1534 1249 1898 1318 frequentibus

316 1336 512 1389 litteris
541 1337 854 1402 admonens,
883 1339 1069 1408 inopes
1091 1340 1406 1408 largioribus
1433 1340 1784 1412 eleemosynis
1813 1342 1896 1397 fo-

317 1425 432 1488 .vit,
486 1437 748 1497 martyres
797 1429 1146 1483 hortamentis
1194 1430 1393 1498 pariter
1434 1438 1489 1484 et
1534 1432 1792 1500 exemplis
1829 1432 1896 1486 ad
1942 1426 1947 1432 ’

315 1517 652 1572 subeundum
683 1520 920 1588 puellum
966 1521 1273 1590 promovit,
1311 1530 1366 1576 et
1392 1521 1564 1576 donec
1591 1531 1751 1592 ponat
1778 1523 1893 1576 ani-

315 1620 478 1668 mam,
508 1622 615 1660 non
643 1606 844 1662 deserit
863 1624 1071 1662 curam.

385 1693 437 1746 5.
473 1694 708 1762 Denique
746 1698 1044 1752 custoditur
1071 1708 1127 1754 et
1166 1701 1418 1768 custodit,
1451 1703 1653 1772 proprii
1689 1703 1891 1758 doloris

312 1798 537 1839 δίεμαι-υς
559 1793 916 1856 contemptor,
965 1789 1121 1868 alieni
1147 1790 1366 1859 pudoris
1387 1793 1646 1848 sollicitus
1669 1809 1887 1848 conser-

2005 628 2203 687 conﬁxi
2225 630 2406 698 pedes.
2436 632 2644 686 confixa
2667 637 2845 689 omnia
2869 641 3129 695 membra.
3163 643 3357 701 Totum
3387 665 3583 719 corpus

2008 720 2062 773 in
2090 736 2250 776 cruce
2273 721 2552 789 ligebatur,
2607 734 2663 779 et
2692 734 2868 782 tamen
2900 730 3079 799 lingua
3108 734 3322 792 Christo
3353 738 3579 796 conﬁte-

2005 809 2183 873 batur.
2218 809 2363 864 Unus
2399 819 2579 873 autem
2609 814 2758 869 locus
2787 826 2905 871 erat
2952 821 3108 875 trium
3147 827 3524 884 crucifixorum
3558 849 3574 886 :

2005 898 2057 951 in
2090 900 2267 955 medio
2298 901 2555 958 Dominus
2577 945 2591 969 ,
2641 907 2730 972 qui
2773 909 2910 962 inter.
2955 913 3158 982 iniquos
3185 915 3458 985 deputatus
3499 931 3578 991 est

2001 987 2160 1056 (Isai.
2193 1005 2300 1054 Llll,
2329 990 2416 1060 12)
2447 1009 2458 1043 :
2491 993 2626 1047 duos
2647 995 2886 1053 latrones
2913 999 3036 1054 hinc
3056 1010 3215 1070 atque
3236 1005 3357 1060 inde
3389 987 3577 1074 posue;

1999 1084 2143 1139 runt,
2173 1077 2266 1130 sed
2295 1093 2510 1132 causam
2539 1080 2766 1136 similem
2798 1101 2904 1138 non
2933 1087 3254 1144 habuerunt.
3289 1092 3574 1152 Lateribus

1998 1166 2280 1232 pendentis
2323 1167 2776 1236 adjungebantnr,
2824 1175 2917 1228 sed
2959 1176 3115 1246 longe
3162 1184 3568 1248 separabantur.

1995 1255 2122 1311 Illos
2135 1259 2759 1328 crucifixeruntfacinora
2775 1281 2891 1331 sua,
2906 1266 3175 1325 Christum
3193 1252 3572 1333 crucifixerunt

1994 1357 2211 1416 peccata
2239 1358 2441 1404 nostra.
2490 1352 2684 1406 Verum
2727 1357 2890 1410 etiam
2931 1360 2982 1412 in
3015 1376 3120 1415 uno
3160 1363 3396 1430 ipsorum
3439 1370 3570 1424 satis

1993 1441 2240 1506 apparuit
2271 1451 2525 1508 quantum
2559 1446 2760 1500 valeret
2811 1464 2916 1503 non
2960 1454 3228 1509 cruciatus
3256 1459 3561 1527 pendentis,

1991 1532 2082 1622 sed
2100 1533 2268 1601 pietas
2291 1535 2611 1592 confitentis.
2628 1538 2922 1608 Acquisivit
2945 1545 3081 1600 latro
3106 1548 3158 1601 in
3185 1549 3371 1606 dolore
3419 1556 3566 1622 quod

1991 1620 2179 1675 Petrus
2208 1624 2509 1691 perdiderat
2541 1628 2591 1681 in
2621 1629 2832 1685 timore.
2865 1633 3054 1690 Scelus
3086 1636 3321 1703 admisit,
3347 1620 3565 1698 cru—cem

1988 1713 2248 1776 ascendit,
2301 1730 2512 1770 causam
2544 1721 2797 1779 mutavit.
2849 1725 3154 1790 paradisum
3200 1733 3558 1799 comparavit.

1989 1799 2179 1854 Meruit
2217 1803 2434 1858 omnino
2459 1821 2670 1860 causam
2704 1816 2932 1875 mutare,
2981 1814 3070 1881 qui
3102 1831 3206 1868 non
3237 1822 3582 1889 contempsit

317 1884 491 1941 vator,
533 1875 651 1944 plus
675 1879 1174 1976 metuensluxurim
1199 1895 1360 1949 quam
1391 1883 1622 1937 tristitia:
1643 1925 1658 1950 ,
1693 1885 1888 1953 magis-
1917 1896 1964 1954 Β
1991 1891 2044 1944 ἱιι
2073 1890 2284 1947 Christo
2330 1894 2728 1968 similitudinem
2767 1914 2957 1966 pmme.
2999 1875 3178 1957 'Judzei
3215 1875 3560 1976 contempse-

312 1983 418 2034 que
439 1984 637 2022 cavens
657 1969 854 2023 diaboli
878 1971 1294 2037 oblectamenta,
1319 1989 1479 2043 quam
1501 1976 1885 2043 pertimescens

312 2058 481 2111 multa
507 2066 792 2113 tormenta.
819 2061 921 2114 Pro
945 2060 1047 2116 lide
1067 2063 1320 2118 adversus
1345 2064 1558 2118 leonem
1585 2065 1768 2133 vigilat
1795 2082 1888 2119 ru-

310 2145 546 2212 gientem
567 2185 582 2210 ,
613 2161 710 2215 pro
750 2148 999 2202 castitate
1028 2148 1284 2206 adversus
1313 2150 1614 2204 sibilantem
1645 2151 1882 2206 dimicat.

311 2234 491 2289 Vincit
519 2237 573 2288 in
597 2252 695 2291 suo
722 2253 950 2306 corpore
980 2239 1272 2307 nequitiam
1295 2240 1603 2304 saevientis,
1649 2240 1700 2294 in
1730 2240 1884 2309 puel-

310 2324 484 2379 larum
504 2341 665 2381 carne
685 2327 963 2381 mollitiem
979 2328 1328 2393 blandientis;
1344 2329 1556 2384 calcans
1575 2329 1746 2383 minas
1765 2345 1886 2398 per-

310 2418 596 2484 secutoris,
619 2419 752 2472 vitat
773 2418 1037 2473 fallaciam
1060 2419 1396 2489 deceptoris;
1422 2435 1520 2474 nec
1541 2423 1593 2472 in
1615 2434 1884 2488 quoquam

311 2508 506 2563 furenti
529 2511 688 2572 cedit,
719 2526 817 2565 nec
838 2511 1126 2579 quidquam
1148 2509 1313 2565 furari
1335 2511 1572 2565 violento
1597 2511 1882 2565 concessit.

311 2599 544 2654 Proinde
579 2601 978 2656 considerantes
1007 2602 1124 2671 ejus
1144 2603 1360 2666 luctam,
1408 2603 1882 2670 perseverantiam,

313 2689 588 2743 victoriam
618 2691 818 2758 pariter
855 2698 909 2744 et
937 2705 1211 2756 coronam,
1261 2700 1314 2745 et
1338 2691 1465 2760 quid
1495 2692 1746 2758 evaserit,
1777 2706 1884 2760 quo

314 2779 647 2845 pervenerit,
689 2777 834 2833 διιιεί
867 2781 1060 2834 mentis
1089 2780 1309 2848 speculo
1339 2781 1663 2844 refoventes,
1708 2795 1883 2834 annua

309 2867 596 2921 devotione
624 2877 900 2923 cantemus
934 2887 944 2921 :
984 2869 1288 2923 Benedictus
1331 2870 1605 2934 Dominus,
1652 2872 1738 2940 qui
1778 2887 1881 2924 non

313 2958 451 3010 dedit
481 2975 573 3011 nos
601 2960 652 3010 in
677 2962 996 3012 venationem
1027 2961 1264 3014 dentibus
1285 2978 1480 3014 eorum.
1502 2960 1736 3030 Laqueus
1761 2977 1884 3013 con-

307 3050 462 3100 tritus
491 3059 583 3113 est,
615 3059 664 3102 et
688 3067 781 3102 nos
812 3049 1012 3102 liberati
1043 3067 1218 3103 siinws
1245 3050 1414 3119 (Psnl.
1449 3067 1629 3114 cum,
1657 3041 1807 3116 6,⁶Ι).

914 3183 1140 3240 SERMO
1171 3182 1276 3239 VII.

601 3300 896 3354 Detatrone
921 3302 1169 3370 cruciﬁxo
1197 3317 1310 3354 cum
1340 3300 1562 3355 Christo.

388 3409 434 3460 l.
493 3408 787 3462 Mirandum
825 3423 933 3477 pne
963 3409 1184 3463 'czcteris
1237 3408 1613 3463 festivitatibus
1659 3407 1877 3471 sanctis,

307 3499 781 3566 venerandumque
811 3499 1122 3568 mysterium
1152 3498 1354 3552 Pascha
1385 3497 1598 3552 Domini
1629 3498 1874 3551 celebra-

306 3603 446 3639 mus.
492 3585 692 3641 Pascha
731 3588 874 3641 enim
921 3587 1216 3652 llebraice,
1262 3587 1450 3640 Latine
1482 3588 1881 3656 interpretatur

307 3675 608 3730 Transitus.
674 3675 826 3731 Hunc
873 3677 1154 3730 transitum
1209 3677 1461 3745 iniquitas
1508 3677 1881 3730 intercluserat

307 3777 516 3827 nostra,
549 3767 720 3821 donec
757 3768 1012 3822 clavicula
1035 3767 1209 3822 crucis
1243 3767 1557 3836 aperiretur.
1608 3766 1742 3831 Quia
1774 3767 1880 3820 Do-

305 3859 490 3909 minus
516 3865 568 3909 et
598 3856 842 3910 Salvator
869 3864 1055 3911 noster
1090 3855 1244 3911 Jesus
1271 3855 1510 3910 Christus
1549 3855 1733 3908 habuit
1763 3853 1881 3922 qui-

307 3949 435 4002 dem
467 3950 745 4003 mortalem
769 3964 1008 4012 carnem,
1041 3949 1133 4003 sed
1163 3949 1391 4001 animam
1411 3963 1515 4002 non
1545 3946 1730 4000 habuit
1757 3961 1882 4016 pec-

304 4041 583 4094 catricem.
636 4039 986 4108 Suscipiendo
1030 4053 1242 4107 poenam
1285 4039 1401 4092 sine
1447 4037 1625 4105 culpa,
1669 4036 1880 4104 culpam

306 4131 436 4185 fecit
482 4131 711 4184 transire
749 4131 868 4184 sine
897 4146 1073 4200 poma.
1123 4129 1180 4182 ln
1222 4129 1375 4198 cujus
1414 4129 1662 4198 passione
1691 4137 1882 4182 cuncta

301 4229 581 4276 commota
612 4220 737 4276 sunt
772 4222 978 4285 sidera,
1006 4230 1062 4275 ct
1099 4230 1350 4276 eventum
1371 4220 1623 4275 dominici
1649 4220 1883 4274 vulneris

303 4313 574 4367 elementa
631 4321 982 4365 tremuerunt.
1047 4309 1276 4380 Expavit
1331 4310 1445 4364 dies
1508 4324 1614 4362 non
1670 4308 1881 4364 solitam

294 4411 552 4464 noctem,
585 4411 771 4456 etnon
799 4417 922 4456 suas
953 4401 1201 4456 tenebras
1225 4400 1452 4454 mundus
1479 4399 1697 4453 invenit.
1724 4396 1886 4450 Stetit

295 4495 410 4547 sub
457 4494 667 4547 incerto
713 4493 913 4547 lumine
956 4493 1070 4546 dies
1112 4492 1380 4553 inclusus,
1411 4500 1465 4544 et
1492 4505 1628 4560 pene
1651 4490 1763 4558 ipsa
1793 4490 1882 4542 lux

1987 1981 2386 2036 runtmiracula
2417 1984 2718 2046 facientem,
2758 1988 2847 2042 ille
2875 1992 3101 2045 credidit
3128 1994 3180 2046 in
3211 1997 3554 2063 pendentem.

1985 2067 2299 2123 Consortem
2340 2072 2823 2126 crucis‘Dominum
2854 2080 3073 2142 agnovit
3097 2121 3112 2146 ,
3156 2070 3228 2134 et.
3253 2083 3306 2135 in
3337 2097 3560 2152 regnum

1985 2159 2242 2213 cmlorum
2265 2160 2403 2214 latro
2427 2162 2691 2217 violentus
2721 2165 2990 2220 credendo
3016 2169 3121 2222 vim
3153 2169 3295 2225 fecit.
3330 2171 3479 2227 Tunc
3509 2175 3562 2228 in

1963 2245 2196 2331 .Christo
2225 2247 2361 2301 latro
2394 2249 2642 2315 credidit,
2673 2255 2888 2319 quando
2920 2253 3051 2309 ﬁdes
3079 2258 3374 2324 apostolica
3400 2263 3564 2331 trepio

1984 2335 2374 2392 davit..Merito
2404 2340 2588 2394 audire
2616 2343 2816 2395 meruit
2867 2360 2880 2395 :
2931 2343 3103 2398 Hodie
3141 2363 3336 2401 merum
3367 2351 3470 2402 eris
3507 2353 3562 2404 in

1983 2426 2226 2492 paradiso
2258 2425 2408 2497 (Luc.
2434 2443 2585 2492 χχιιι,
2620 2428 2731 2498 45).
2768 2429 2879 2484 lloc
2909 2433 3049 2485 enim
3079 2435 3294 2502 quidem
3323 2437 3436 2505 ipse
3460 2439 3560 2493 sibi
3647 2449 3656 2460 '

1988 2531 2094 2569 non
2112 2518 2446 2584 promiserat.
2464 2518 2666 2587 Magnae
2685 2520 2898 2586 quidem
2928 2523 3309 2578 misericorditu
3334 2541 3392 2579 se
3412 2543 3560 2582 com-

1985 2605 2298 2669 mendabat,
2331 2607 2423 2660 sed
2452 2617 2507 2661 et
2531 2623 2624 2661 sua
2655 2610 2847 2663 merita
2876 2612 3162 2681 cogitabat.
3197 2613 3434 2681 Domine,
3469 2618 3554 2671 in-

1983 2697 2097 2765 quit
2127 2695 2320 2767 (v.42),
2345 2709 2596 2752 memento
2619 2701 2718 2753 mei
2739 2717 2852 2754 eum
2875 2705 3071 2755 veneris
3093 2705 3144 2757 in
3167 2721 3373 2774 regnum
3396 2716 3555 2761 tuum.

1985 2784 2275 2854 Quousque
2306 2787 2514 2842 veniret
2541 2787 2796 2844 Dominus
2826 2791 2878 2844 in
2909 2805 3130 2859 regnum
3172 2810 3347 2858 suum,
3383 2796 3471 2850 ille
3499 2814 3559 2852 se

1984 2875 2037 2940 in
2068 2876 2240 2943 pinnis
2264 2875 2497 2929 futurum
2526 2878 2814 2945 sperabat,
2847 2888 2900 2934 et
2922 2882 3112 2936 saltem
3143 2883 3194 2936 in
3217 2883 3333 2952 ejus
3359 2885 3560 2940 adven-

1985 2972 2097 3017 tum
2129 2965 2549 3019 misericordiam
2579 2966 2633 3020 in
2660 2982 2719 3021 se
2746 2967 2860 3022 fieri
2891 2967 3180 3037 flagitabat.

2055 3053 2111 3109 ὅ.
2129 3053 2357 3109 Proinde
2379 3053 2519 3108 latro
2539 3070 2635 3109 sua
2662 3059 2849 3111 merita
2873 3061 3114 3126 cogitans
3139 3062 3444 3129 dill'erebat;
3467 3065 3560 3121 sed

1987 3145 2246 3199 Dominus
2285 3144 2482 3198 latroni
2509 3145 2656 3215 quod
2682 3147 3063 3217 desperaverat
3107 3151 3386 3218 offerebat,
3438 3164 3559 3208 tan-

1912 3254 1958 3320 C
1988 3249 2146 3307 quam
2170 3233 2376 3293 diceret
2407 3252 2420 3291 :
2454 3234 2533 3292 Tu
2560 3237 2697 3310 petis
2726 3246 2781 3296 ut
2804 3239 3141 3298 meminerim
3197 3241 3269 3299 tui
3309 3257 3434 3300 cum
3468 3259 3562 3303 ve-

1989 3346 2121 3384 nero
2148 3331 2203 3384 in
2232 3345 2455 3398 regnum
2484 3348 2661 3386 meum
2685 3374 2700 3399 ,
2732 3342 2784 3387 et
2814 3350 2912 3402 ego
2947 3339 3041 3388 tibi
3064 3338 3182 3391 dico
3215 3359 3227 3389 :
3261 3337 3432 3392 Hodie
3454 3357 3562 3393 me-

1984 3434 2096 3470 cum
2111 3420 2213 3471 eris
2227 3420 2279 3471 in
2300 3420 2565 3489 paradiso.
2582 3420 2826 3487 Agnosce
2848 3423 2936 3476 cui
2956 3430 3009 3475 te
3022 3426 3386 3492 commendas,
3401 3442 3560 3494 quem
3582 3428 3588 3436 “

1983 3510 2158 3564 credis
2203 3519 2505 3566 venturum.
2552 3509 2856 3579 Antequam
2898 3513 3138 3578 veniam,
3190 3515 3387 3582 ubique
3416 3530 3555 3570 sum.

1983 3597 2110 3652 Ideo
2140 3599 2384 3667 quamvis
2427 3599 2478 3651 in
2529 3598 2792 3652 infernum
2821 3601 3208 3665 descensurus,
3251 3603 3462 3657 habebo
3508 3613 3562 3658 te

1982 3689 2143 3743 hodie
2172 3703 2381 3743 mecum
2410 3689 2461 3742 in
2494 3689 2760 3756 paradiso,
2794 3705 2900 3744 non
2923 3691 3079 3744 alteri
3102 3693 3554 3757 commendatum,

1983 3778 2078 3832 sed
2107 3791 2337 3832 mecum.
2369 3776 2449 3831 Ad
2478 3777 2723 3832 homines
2751 3779 2893 3832 enim
2949 3781 3203 3835 mortales
3239 3789 3292 3833 et
3320 3781 3384 3833 ad
3418 3782 3561 3849 ipsos

1983 3875 2224 3922 mortuos
2250 3866 2525 3921 descendit
2545 3865 2814 3920 humilitas
2838 3883 2988 3931 mea;
3019 3867 3087 3920 de
3109 3868 3354 3936 paradiso
3382 3878 3560 3924 autem
3623 3919 3628 3925 .

1985 3971 2258 4024 nunquam
2287 3955 2537 4010 discessit
2564 3955 2814 4009 divinitas
2843 3971 2979 4010 mea.
3011 3955 3090 4009 ita
3121 3955 3272 4010 facta:
3293 3965 3416 4011 sunt
3445 3965 3558 4012 tres

1983 4064 2202 4115 cruces,
2237 4056 2345 4104 tres
2373 4037 2548 4103 causai
2581 4065 2594 4100 :
2629 4063 2764 4101 unus
2795 4047 3059 4101 latronum
3089 4045 3301 4101 Christo
3341 4048 3560 4104 insulta-

1984 4138 2108 4203 bat;
2140 4138 2298 4203 alter,
2327 4137 2594 4205 suagmala
2622 4136 2918 4198 confessus,
2951 4135 3148 4190 Christi
3176 4151 3236 4190 se
3259 4136 3561 4211 misericor-
3585 4119 3598 4130 ’

1985 4230 2086 4284 dite
2123 4229 2550 4284 commendabat.
2582 4225 2727 4281 Crux
2770 4226 2969 4280 Christi
3027 4227 3078 4280 in
3107 4226 3285 4280 medio
3324 4242 3430 4280 non
3464 4225 3562 4279 fuit

1986 4321 2324 4390 supplicium,
2355 4320 2447 4373 sed
2478 4319 2728 4372 tribunal.
2753 4319 3103 4371 lnsultantem
3129 4317 3418 4380 damnavit,
3443 4333 3561 4370 cre-

1985 4411 2202 4466 dentem
2243 4411 2509 4464 liberavit.
2561 4409 2768 4462 Timete
2797 4407 3145 4472 insultantes,
3178 4406 3404 4473 gaudete
3443 4420 3556 4458 cre-

1986 4501 2195 4554 dentes.
2231 4499 2343 4553 Hoc
2372 4499 2532 4553 faciat
2553 4496 2795 4551 Christus
2822 4497 2874 4550 in
2896 4497 3140 4551 claritate
3176 4495 3319 4564 quod
3350 4493 3473 4548 fecit
3502 4496 3557 4549 in

299 4583 495 4636 mundi
513 4582 656 4636 'mori
679 4583 790 4651 visa
822 4591 904 4637 est
930 4597 1050 4635 cum
1077 4581 1206 4636 Deo.
1247 4581 1326 4634 Ad
1354 4580 1460 4634 hoc
1484 4581 1690 4634 scilicet
1711 4578 1884 4632 omnis

1987 4589 2305 4643 humilitate.
2339 4587 2557 4657 Munera
2582 4587 2759 4639 divina
2781 4585 2848 4639 de
2876 4583 3139 4653 profundo
3163 4583 3382 4636 veniunt
3404 4581 3553 4650 judi-

297 4673 526 4725 claritas
558 4673 802 4740 migravit
827 4673 876 4725 in
901 4679 1146 4737 noctem,
1180 4685 1250 4725 ne
1275 4670 1613 4738 sacrilegium
1658 4683 1880 4722 cernere

295 4772 611 4831 cogeretur.
643 4763 923 4817 Clauserat
951 4763 1092 4816 enim
1117 4776 1245 4816 suos
1274 4761 1460 4816 oculos
1488 4759 1702 4823 cadum,
1729 4772 1795 4812 ne
1826 4758 1877 4810 in

289 4870 466 4910 cruce
497 4856 759 4923 aspiceret
787 4854 1091 4908 Dominum.
1116 4852 1182 4906 Et
1203 4852 1314 4919 jam
1344 4849 1572 4904 mundus
1593 4850 1706 4918 ipse
1731 4849 1880 4901 testis

292 4959 425 4998 esse
449 4959 554 4997 non
577 4945 790 5009 meruit,
811 4952 870 4996 ut
889 4943 1036 4996 solus
1058 4941 1323 5010 aspiceret
1345 4941 1433 5008 qui
1457 4939 1741 5008 percussit.
1757 4935 1878 4991 Per-

289 5035 472 5088 cussit
516 5035 698 5089 lancea
723 5021 1064 5104 persecutor,
1116 5042 1171 5086 et
1217 5032 1350 5086 fudit
1376 5033 1602 5100 pretium
1635 5038 1876 5086 nostrum

287 5121 653 5196 Redemptor.
687 5123 911 5188 Quando
940 5124 1078 5177 enim
1109 5138 1297 5192 passus
1325 5133 1407 5176 est
1436 5122 1710 5188 Dominus,
1759 5136 1876 5174 om-

285 5229 400 5267 nes
421 5213 650 5282 apostoli
679 5212 948 5282 fugcrunt,
978 5228 1168 5266 omnes
1207 5212 1350 5266 enim
1395 5211 1730 5264 dimiserunt.
1778 5209 1877 5263 Ubi

281 5312 384 5358 est
407 5305 559 5356 turba
583 5302 666 5355 illa
691 5317 805 5367 qum
819 5302 1099 5356 Dominum
1123 5298 1478 5369 praecedebat,
1504 5299 1614 5362 illa,
1638 5301 1875 5366 inquam,

281 5397 606 5463 turba'qua:
630 5393 841 5448 dicebat
877 5411 888 5444 :
948 5390 1205 5446 "osanna
1225 5391 1335 5458 [ilio
1368 5387 1552 5452 David,
1581 5387 1874 5441 benedictus

276 5486 386 5554 qui
417 5485 550 5536 renit
572 5484 624 5535 in
647 5483 852 5536 nomine
878 5479 1087 5534 Domini
1114 5477 1327 5548 (Matth.
1355 5493 1392 5539 ι,
1416 5475 1507 5545 29)
1535 5478 1557 5528 ?
1747 5540 1749 5542 η

361 5571 423 5625 2.
459 5568 656 5625 PassUs
681 5557 763 5624 est
786 5569 1060 5631 Dominus,
1093 5575 1148 5620 et
1194 5581 1380 5619 omnes
1410 5563 1676 5631 fugerunt.
1724 5561 1874 5616 Facti

271 5667 423 5718 sunt
453 5675 642 5715 omnes
677 5661 837 5724 muti,
870 5673 1056 5714 amore
1086 5657 1281 5726 tepidi,
1323 5656 1517 5708 timore
1557 5652 1872 5720 compressi,

269 5752 459 5822 paulo
489 5761 610 5821 post
637 5751 860 5819 fugiunt.
906 5751 1007 5803 Alii
1051 5763 1177 5815 ergo
1216 5763 1320 5800 non
1351 5754 1682 5816 agnoverunt
1711 5744 1872 5796 mira-

266 5841 418 5896 cula
448 5843 770 5908 facientem;
817 5841 1032 5910 agnovit
1063 5840 1198 5893 latro
1242 5839 1294 5892 in
1337 5853 1495 5893 cruce
1527 5836 1867 5907 pendentem,

1983 4679 2087 4732 cio.
2143 4677 2321 4731 Mirari
2370 4691 2430 4730 ea
2483 4691 2812 4743 possumus:
2864 4674 3182 4743 investigare
3227 4680 3407 4727 autem
3449 4688 3554 4727 non

1983 4768 2246 4831 valemus,
2283 4782 2384 4820 nec
2413 4766 2701 4835 explicare.

2478 4899 2637 4970 569
2665 4894 2894 4951 SERMO
2919 4879 3052 4952 Vm.

2383 5008 2461 5062 De
2489 5017 2666 5062 sancto
2696 5007 2779 5060 die
2815 5007 3156 5059 Pentecostes.

2061 5124 2109 5177 1.
2143 5121 2514 5174 Anniversaria
2535 5119 2843 5174 solemnitas
2863 5117 3036 5185 agitur
3061 5131 3164 5184 qua
3187 5116 3272 5169 die
3304 5115 3554 5169 Dominus

1986 5223 2169 5268 noster
2189 5211 2343 5266 Jesus
2373 5212 2614 5267 Christus
2637 5210 2892 5279 Spiritum
2932 5218 3177 5262 sanctum
3221 5208 3552 5261 [’aracletnm

1985 5303 2149 5368 misit,
2180 5317 2341 5372 quem
2370 5301 2643 5369 discipulis
2672 5308 2797 5354 ante
2825 5299 3089 5368 promisit.
3121 5298 3336 5350 Dixerat
3359 5298 3498 5351 enim
3532 5316 3544 5349 :

1984 5393 2098 5447 Non
2122 5401 2298 5462 potest
2327 5391 2414 5445 ille
2441 5391 2644 5454 venire,
2667 5390 2766 5444 nisi
2794 5403 2894 5458 ego
2923 5388 3104 5442 abiero
3129 5388 3303 5456 (Joan.
3337 5401 3442 5450 xvr,
3468 5386 3546 5456 7).

1981 5481 2400 5549 Quadragesimo
2431 5480 2610 5548 itaque
2639 5478 2726 5532 die
2756 5487 2878 5549 post
2904 5477 3348 5532 resurrectionem
3375 5492 3544 5542 suam,

1977 5569 2131 5636 cujus
2152 5567 2544 5623 solemnitatem
2576 5573 2702 5620 ante
2730 5565 2916 5620 decem
2945 5565 3060 5619 dies
3088 5565 3317 5631 egimus,
3359 5579 3547 5618 ascen-

1976 5659 2054 5713 dit
2081 5658 2130 5711 in
2160 5656 2374 5720 cmlum,
2401 5670 2500 5709 nec
2522 5657 2803 5709 immemor
2830 5652 3230 5724 pollicitationis
3253 5667 3360 5705 suae
3386 5652 3545 5708 hodie

1977 5747 2119 5801 misit
2145 5745 2401 5814 Spiritum
2426 5753 2666 5799 sanctum
2695 5786 2711 5810 ,
2758 5757 2918 5812 quem
2945 5741 3190 5812 promisit
3217 5749 3430 5794 centum
3463 5742 3542 5794 vi-

1975 5837 2132 5905 ginti,
2166 5836 2255 5905 qui
2282 5836 2438 5891 simul
2471 5834 2677 5889 fuerant
2709 5833 3051 5902 congregati,
3087 5831 3406 5900 tandemque
3441 5832 3542 5883 Do-
3633 5881 3636 5884 .
