4064 6358
553 386 657 441 745

1573 371 1629 425 S.
1671 368 2022 424 FULGENTII
2061 366 2360 421 EPISCOPI
2399 365 2764 421 RUSPENSIS

3693 364 3774 420 7H

552 502 683 556 mini
723 495 1126 569 promissionem
1167 489 1392 543 ﬁdeliter
1427 485 1833 554 exspectabant.
1869 481 2124 535 Omnibus
2153 483 2201 541 Α
2228 480 2322 533 bra
2345 478 2562 532 unitatis
2591 479 2828 548 corporis
2853 477 3067 532 Christi.
3109 475 3224 532 Non
3261 477 3404 569 enim
3429 476 3624 569 frustra
3651 478 3780 532 cele-

552 592 746 659 linguis
765 588 926 644 locuti
948 591 1087 639 sunt.
1113 582 1199 635 Sic
1226 580 1424 649 quippe
1455 587 1581 631 tunc
1596 576 1706 630 Dco
1731 574 1930 644 placuit
1950 572 2121 627 sancti

551 684 780 754 Spiritus
802 675 1099 746 signiﬁcare
1137 672 1495 743 prteseutiam,
1531 677 1586 722 ut
1615 669 1706 737 qui
1734 683 1856 722 eum
1886 665 2121 734 accepis-

554 780 666 836 set,
697 767 942 824 omnibus
968 761 1162 830 linguis
1191 761 1522 828 loqueretur.
1557 756 1712 810 Prius
1740 757 1918 824 itaque
1947 754 2122 808 brevi-

555 870 640 916 ter
658 858 948 917 videamus,
967 852 1180 923 quando
1202 866 1323 905 eum
1347 848 1609 919 promisit,
1636 862 1803 915 quare
1823 847 1956 900 dixit
1975 864 1988 898 :
2006 845 2121 899 Non

552 956 730 1021 potest
756 947 940 1002 venire
968 946 1110 1014 ipse,
1143 943 1242 998 nisi
1272 955 1372 1008 ego
1413 941 1618 994 abiero.
1657 939 1841 1007 Neque
1871 939 2124 992 enimlse—

551 1039 804 1111 parabilis
841 1042 921 1092 est
950 1052 980 1090 a
1022 1035 1156 1089 Filio
1182 1032 1274 1087 Dei
1310 1032 1538 1101 Spiritus
1566 1038 1798 1092 sanctus,
1828 1037 1919 1082 aut
1950 1031 2121 1097 impo-

551 1143 671 1186 tens
694 1139 810 1184 erat
831 1143 895 1182 eo
916 1133 1177 1196 przesente
1196 1123 1400 1185 venire,
1433 1137 1461 1174 a
1484 1136 1590 1188 quo
1619 1135 1723 1172 non
1754 1126 1933 1186 potest
1959 1116 2126 1170 disce-

551 1219 700 1273 dere.
731 1215 837 1271 Sed
860 1214 1110 1284 quoniam
1139 1211 1313 1266 adhuc
1342 1209 1613 1277 discipulis
1641 1206 1864 1261 inlirmis
1894 1204 2121 1260 formam

552 1309 694 1362 servi
727 1306 980 1359 Dominus
1009 1300 1443 1363 demonstrabat,
1491 1299 1544 1351 in
1587 1312 1692 1364 qua
1723 1295 1952 1350 Verbum
1995 1310 2122 1350 caro

553 1399 751 1453 factum
781 1404 891 1459 est,
918 1403 973 1450 et
994 1393 1263 1451 habitavit
1283 1393 1334 1444 in
1365 1390 1556 1453 nobis;
1589 1403 1803 1442 causam
1832 1389 1987 1455 (forte
2014 1387 2123 1440 for-

553 1490 717 1554 mam)
748 1500 875 1539 vero
904 1483 1062 1546 servi,
1097 1481 1147 1534 id
1178 1489 1259 1534 est
1282 1494 1497 1534 carnem
1537 1476 1768 1542 Domini,
1815 1476 1974 1528 etiam
2005 1490 2124 1529 car-

553 1576 704 1629 nales
729 1579 980 1643 poterant
1005 1570 1236 1634 intueri;
1267 1567 1434 1622 forma
1459 1575 1635 1620 autem
1667 1565 1777 1629 Dei,
1807 1565 1859 1618 in
1889 1579 1991 1632 qua
2014 1578 2120 1617 non

553 1665 790 1734 rapinam
815 1660 1100 1714 arbitratus
1126 1665 1209 1712 est
1235 1670 1353 1710 esse
1380 1670 1438 1709 se
1467 1654 1725 1723 aequalem
1755 1653 1864 1706 Deo
1891 1650 2114 1723 (Philip.

553 1769 623 1820 ιι,
650 1753 738 1821 6),
787 1765 893 1803 non
919 1755 1096 1818 potest
1136 1747 1237 1800 nisi
1272 1761 1302 1799 a
1332 1745 1658 1813 spiritalibus
1685 1742 1938 1809 cogitari,
1995 1756 2122 1810 pro-

2221 569 2411 636 bratis,
2433 569 2477 624 si
2503 569 2605 624 hoc
2625 571 2753 624 estis
2775 569 2918 638 quod
2945 569 3229 624 celebratis
3272 587 3284 621 :
3334 568 3411 622 illi
3435 567 3683 624 Ecclesia:
3709 584 3784 624 co-

2221 659 2507 726 haerentes,
2555 675 2715 729 quam
2759 660 3015 714 Dominus
3060 660 3286 729 implens
3334 659 3540 728 Spiritu
3587 667 3775 726 sancto,

2222 758 2335 804 toto
2373 751 2572 805 mundo
2599 757 2877 805 crescente
2905 750 3149 819 agnoscit
3176 765 3349 815 suam,
3403 759 3458 804 et
3486 750 3777 816 agnoscitur

2221 855 2252 893 a
2282 855 2395 894 sua.
2427 835 2712 908 Tanquam,
2731 855 2958 910 sponsus
2986 854 3238 910 sponsam
3279 855 3384 893 non
3412 839 3640 908 perdidit
3665 854 3778 909 pro-

2220 928 2415 996 priam,
2445 943 2603 982 nemo
2632 929 2682 982 ei
2710 928 2963 998 supponit
2982 929 3230 1000 alienam.
3274 927 3439 982 Vobis
3459 929 3601 982 enim
3623 929 3781 983 omni-

2221 1024 2321 1078 bus
2360 1023 2608 1091 gentibus
2654 1023 2996 1089 constitutis,
3043 1022 3147 1077 hoc
3189 1031 3271 1076 est
3299 1021 3548 1076 Ecclesia:
3577 1021 3778 1085 Christi,

2221 1112 2472 1166 membris
2484 1111 2703 1176 Christi,
2728 1111 3172 1180 corporiChristi,
3198 1111 3634 1182 sponsaaCbristi,
3655 1111 3783 1180 Apo-

2221 1200 2391 1255 stolus
2413 1199 2542 1254 dicit
2567 1217 2580 1253 :
2609 1199 2927 1270 Sit/ferentes
2947 1203 3161 1255 invicem
3181 1203 3236 1254 in
3258 1201 3568 1265 dilectione,
3586 1201 3782 1253 studen-

2223 1300 2298 1344 tes
2325 1291 2542 1344 invicem
2569 1306 2770 1344 servare
2802 1293 3049 1344 unitatem
3076 1281 3303 1358 Spiritus
3339 1292 3393 1343 in
3422 1291 3621 1343 vinculo
3650 1291 3778 1359 pacis

2223 1379 2436 1450 (Ephes.
2465 1395 2539 1447 ιν,
2570 1377 2622 1443 2,
2651 1379 2729 1448 '5).
2760 1379 2958 1434 Videte.
2981 1381 3105 1449 quia
3136 1380 3223 1434 ubi
3252 1381 3501 1450 prtecepit
3551 1389 3607 1433 ut
3635 1381 3780 1434 susti-

2199 1485 2444 1524 .neamus
2483 1471 2745 1536 invicem,
2778 1470 2851 1524 ibi
2889 1471 3067 1540 posuit
3091 1471 3467 1535 dilectionem;
3510 1470 3600 1524 ubi
3641 1485 3780 1539 spem

2223 1559 2514 1612 nominavit
2535 1559 2769 1622 unitatis,
2797 1559 2867 1613 ibi
2907 1560 3139 1614 ostendit
3166 1560 3433 1615 vinculum
3462 1563 3630 1630 pacis.
3666 1559 3780 1614 Haec

2222 1655 2305 1702 est
2331 1647 2522 1701 domus
2551 1647 2645 1701 Dei
2688 1646 2756 1702 de
2799 1647 2935 1702 vivis
2962 1647 3224 1717 lapidibus
3264 1647 3558 1711 fabricata,
3591 1649 3646 1702 in
3685 1661 3776 1715 qua

2223 1737 2382 1791 talem
2405 1745 2612 1805 patrem
2639 1734 2866 1792 familias
2889 1737 3122 1792 delectet
3150 1739 3411 1805 habitare,
3437 1739 3589 1808 cujus
3608 1737 3781 1794 oculos

553 1851 736 1911 pterea
766 1839 900 1893 dixit
924 1857 935 1890 :
971 1837 1084 1891 Non
1101 1844 1280 1906 potest
1302 1835 1389 1888 ille
1417 1835 1620 1897 venire,
1653 1832 1752 1886 nisi
1783 1845 1883 1900 ego
1911 1831 2115 1893 abiero,
2155 1827 2196 1884 Β
2222 1825 2370 1881 ruina
2401 1827 2676 1882 divisionis
2705 1842 2810 1882 non
2839 1827 2999 1883 debet
3019 1827 3306 1885 offendere.

553 1941 807 2008 tanquam
852 1929 1053 2000 diceret
1087 1944 1098 1978 :
1139 1925 1386 1991 Quandiu
1417 1925 1561 1977 circa
1588 1937 1759 1976 meam
1785 1936 2001 1976 carnem
2031 1937 2122 1976 oc-

552 2030 781 2088 cupatus
809 2025 889 2073 est
933 2026 1111 2070 vester
1138 2014 1368 2069 carnalis
1415 2011 1666 2075 affectus,
1716 2011 1898 2064 tandiu
1949 2026 2121 2064 meam

551 2108 885 2162 divinitatem
932 2121 1039 2159 non
1090 2104 1312 2172 suscipit
1351 2110 1528 2155 vester
1576 2100 1829 2169 spiritalis
1883 2100 2119 2152 obtutus.

555 2197 707 2251 Dono
727 2197 867 2262 enim
888 2195 1116 2264 Spiritus
1136 2193 1305 2247 sancti
1331 2193 1646 2261 promiserat
1669 2207 1763 2245 eos
1783 2190 2144 2269 introducenﬁ

552 2286 652 2341 dos
681 2285 732 2338 in
757 2299 970 2338 omnem
1001 2284 1278 2337 veritatem
1298 2322 1311 2346 ,
1333 2282 1491 2335 .sicut
1530 2282 1785 2349 scriptum
1827 2289 1911 2334 est
1949 2297 1959 2331 :
1993 2278 2123 2332 Fide

553 2375 810 2428 mandans
826 2373 983 2427 corda
1003 2387 1178 2425 eorum
1199 2371 1332 2436 (Act.
1356 2387 1442 2433 xv,
1459 2370 1536 2440 9).
1565 2369 1708 2422 Beati
1733 2378 1908 2423 autem
1931 2369 2121 2422 mundo

555 2461 723 2525 corde,
749 2461 867 2530 quia
891 2460 990 2526 ipsi
1013 2457 1175 2510 Deum
1196 2457 1431 2509 ridebunt
1455 2441 1669 2528 (Matth:
1689 2472 1757 2520 γι,
1784 2456 1862 2516 8).
1896 2456 2122 2512 Absces~

552 2551 624 2604 sit
668 2550 845 2617 itaque
880 2547 1176 2615 corporalis
1215 2546 1384 2600 forma
1435 2545 1641 2599 Domini
1684 2561 1714 2598 a
1756 2547 2122 2615 corporalibus

551 2639 723 2694 oculis
749 2653 954 2699 eorum,
989 2645 1046 2691 ut
1071 2651 1165 2705 per
1195 2636 1449 2706 Spiritum
1472 2644 1712 2689 sanctum
1736 2635 1984 2691 divinitas
2013 2637 2119 2691 Do-

552 2727 680 2780 mini
705 2725 1061 2780 insinuaretur
1088 2725 1337 2778 cordibus
1367 2739 1576 2776 eorum.

620 2817 674 2871 2.
706 2816 857 2870 Nunc
884 2813 1074 2869 deinde
1104 2813 1378 2868 videamus
1405 2828 1570 2882 quare
1613 2821 1737 2868 tunc
1765 2815 1866 2869 hoc
1893 2825 2009 2870 erat
2046 2818 2120 2871 si-

550 2920 711 2973 gnum
733 2904 1025 2973 praesentiae
1054 2903 1283 2972 Spiritus
1305 2903 1495 2967 sancti,
1531 2913 1588 2956 ut
1614 2904 1704 2971 qui
1731 2919 1852 2958 eum
1884 2908 2122 2976 accepis-

547 3003 670 3050 sent
698 2995 888 3062 linguis
908 2994 1154 3048 omnibus
1171 2993 1543 3060 loquerentur.
1582 2993 1766 3062 Neque
1792 2997 1932 3049 enim
1958 2998 2117 3052 etiam

552 3099 694 3138 nunc
721 3099 829 3138 non
859 3082 1090 3138 donatur
1125 3082 1357 3152 Spiritus
1400 3091 1647 3149 sanctus,
1700 3092 1755 3138 et
1804 3092 1982 3139 tamen
2025 3086 2115 3155 qui

2832 1961 3057 2016 SERMO
3087 1961 3176 2016 IX.

2703 2073 2780 2128 De
2808 2084 2987 2130 sancto
3018 2073 3306 2130 Vincentio.

2294 2184 2344 2239 l.
2377 2183 2557 2252 Miror,
2592 2185 2816 2250 fratres,
2851 2187 2894 2240 si
2925 2185 3097 2240 adhuc
3135 2185 3335 2255 aliquid
3387 2185 3544 2242 vultis
3586 2185 3778 2244 audire.

2231 2274 2358 2331 Post
2383 2285 2582 2331 tantam
2609 2278 2806 2348 quippe
2856 2292 2974 2346 qute
3015 2277 3168 2332 nobis
3194 2277 3329 2332 lecta
3353 2287 3434 2331 est
3463 2278 3619 2333 modo
3646 2295 3782 2334 mar-

2225 2366 2344 2435 tyrii
2383 2365 2706 2435 passionem,
2735 2375 2790 2420 et
2816 2365 3114 2434 superﬂuus
3142 2374 3225 2420 est
3245 2366 3440 2430 dictor,
3472 2375 3527 2420 et
3551 2367 3783 2422 fastidio-

2222 2473 2311 2512 sus
2339 2458 2568 2523 auditor.
2602 2457 2900 2526 Legebatur
2923 2457 3119 2512 etenim
3150 2458 3304 2512 modo
3339 2458 3492 2512 nobis
3515 2457 3676 2528 judex
3707 2457 3778 2513 fe-

2222 2563 2339 2610 rus,
2384 2555 2558 2602 tortor
2584 2556 2869 2615 cruentus,
2915 2555 2969 2602 et
2995 2555 3197 2617 martyr
3239 2547 3512 2602 invictus:
3557 2549 3611 2602 in
3639 2548 3782 2616 cujus

2221 2636 2446 2706 corpore
2485 2638 2657 2707 ptenis
2685 2637 2844 2691 variis
2883 2645 3103 2699 exarato
3137 2637 3248 2706 jam
3280 2619 3544 2691 tormenta
3580 2638 3782 2694 defece-

2222 2736 2360 2795 rant,
2388 2737 2440 2783 et
2458 2729 2629 2782 adhuc
2651 2729 2885 2783 membra
2915 2729 3198 2782 durabant.
3225 2728 3326 2782 Tot
3353 2729 3597 2784 ceuvicta
3625 2730 3782 2783 mira-

2222 2819 2352 2873 culis
2391 2819 2711 2888 persistebat
2755 2819 3018 2888 impietas,
3065 2825 3146 2872 tot
3177 2829 3362 2872 vexata
3391 2818 3663 2887 suppliciis
3683 2832 3784 2872 non

2221 2909 2443 2964 cedebat
2485 2908 2799 2975 infirmitas,
2844 2909 3234 2976 agnoscebatur
3279 2920 3467 2978 operta
3515 2908 3782 2962 divinitas.

2221 2981 2444 3066 ρυειῆιο
2473 3001 2614 3054 enim
2652 3000 3010 3070 corruptibilis
3038 2999 3212 3068 pulvis
3241 3007 3426 3053 contra
3462 3007 3570 3051 tam
3598 2999 3786 3052 imma-

2221 3090 2306 3142 nia
2341 3098 2602 3144 tormcnta
2631 3089 2871 3158 duraret,
2901 3089 3000 3144 nisi
3031 3090 3082 3142 iu
3114 3099 3180 3143 eo
3209 3089 3452 3142 Christus
3479 3089 3788 3142 habitaret?
3814 3094 3819 3100 ’
3866 3140 3875 3148 ,

549 3188 670 3228 eum
713 3172 979 3242 accipiunt
1014 3187 1120 3226 non
1161 3172 1452 3242 loquuntur
1480 3173 1671 3241 linguis
1698 3175 1965 3239 omnibus,
2015 3192 2122 3245 quo
2152 3183 2194 3244 ρ
2228 3178 2338 3245 Ego
2368 3187 2546 3240 certe,
2580 3178 2772 3232 fratres
2797 3220 2810 3243 ,
2853 3186 2972 3247 post
3001 3186 3206 3231 tantum
3235 3179 3620 3247 spectaculum,
3651 3178 3791 3246 quod

547 3262 779 3316 evidenti
801 3261 1065 3315 miraculo
1093 3275 1151 3314 se
1181 3261 1269 3315 illo
1296 3269 1534 3330 tempore
1571 3262 1992 3317 demonstrabat.
2032 3262 2121 3318 ln-

545 3351 887 3421 telligendum
916 3359 1018 3419 est,
1050 3351 1242 3405 fratres
1263 3352 1543 3418 carissimi,
1567 3354 1709 3408 hunc
1729 3369 1846 3408 esse
1859 3354 2118 3424 Spiritum

544 3449 814 3505 sanctum,
846 3455 953 3508 quo
983 3441 1176 3494 caritas
1203 3439 1514 3494 diffunditur
1543 3442 1596 3494 in
1630 3443 1881 3497 cordibus
1902 3445 2116 3499 nostris.

476 3513 484 3521 ’
543 3531 875 3600 thuouiam
893 3531 1092 3584 caritas
1110 3530 1398 3584 Ecclesiam
1421 3530 1514 3584 Dei
1535 3540 1923 3600 congregatum
1946 3533 2119 3588 fuerat

542 3629 661 3674 toto
702 3620 833 3673 orbe
869 3627 1130 3673 terrarum
1154 3661 1170 3686 ,
1203 3621 1344 3688 quod
1386 3627 1513 3674 tunc
1567 3621 1730 3675 etiam
1777 3637 1911 3676 unus
1959 3624 2120 3680 homo

540 3719 755 3780 poterat
806 3710 1057 3780 Spiritum
1087 3718 1329 3764 sanctum
1361 3710 1626 3780 accipiens
1655 3711 1846 3780 linguis
1874 3713 2120 3769 omnibus

547 3802 730 3870 loqui,
789 3817 927 3855 nunc
957 3809 1145 3854 sancto
1175 3799 1378 3870 Spiritu
1407 3809 1727 3870 congregata
1776 3803 1889 3872 ipsa
1939 3806 2120 3859 unitas

544 3890 796 3945 Ecclesia:
825 3891 1016 3958 linguis
1041 3891 1289 3945 omnibus
1331 3891 1586 3959 loquitur.
1619 3890 1851 3947 Proinde
1881 3894 1925 3947 si
1967 3895 2116 3962 quis-

540 3999 700 4050 quam
716 3983 910 4036 dixerit
934 3982 1091 4036 alicui
1122 3990 1362 4035 nostrum
1388 4000 1400 4033 :
1423 3969 1688 4051 Accepisti
1715 3983 1972 4052 Spiritum
1994 4000 2116 4038 san-

542 4082 687 4126 ctum
707 4113 722 4137 ,
755 4087 921 4140 quare
950 4088 1055 4125 non
1080 4073 1273 4140 linguis
1300 4073 1549 4126 omnibus
1579 4073 1856 4142 loqueris?
1891 4091 2116 4144 respon-

541 4160 671 4214 dere
693 4160 881 4214 debet:
904 4160 1115 4229 Loquor
1135 4175 1266 4214 sane
1288 4161 1534 4215 omnibus
1563 4161 1755 4230 linguis
1781 4182 1793 4216 :
1819 4164 1944 4234 quia
1975 4165 2028 4217 in
2049 4180 2116 4220 eo

542 4263 660 4303 sum
688 4247 885 4302 Christi
909 4263 1156 4317 corpore,
1190 4248 1292 4303 hoc
1318 4256 1401 4302 est
1425 4249 1477 4301 in
1505 4247 1764 4315 Ecclesia,
1795 4265 1912 4318 quae
1942 4250 2115 4319 loqui-

541 4349 627 4395 tur
655 4340 901 4396 omuibus
931 4340 1140 4408 linguis.
1186 4339 1325 4405 Quid
1354 4339 1496 4394 enim
1532 4339 1674 4393 aliud
1705 4348 1832 4395 tunc
1869 4341 2009 4396 Deus
2037 4341 2111 4394 si-

537 4433 809 4501 gnificavit
833 4448 932 4502 per
958 4433 1126 4487 Sancti
1153 4431 1382 4501 Spiritus
1405 4433 1762 4502 praesentiam,
1808 4432 1908 4486 nisi
1937 4431 2114 4487 Eccle-

2223 3267 2489 3322 mentibus
2530 3268 2726 3322 nostris
2773 3267 2940 3321 series
2983 3267 3209 3321 decursa
3237 3267 3483 3320 lectionis
3529 3267 3788 3331 exhibuit,

2223 3372 2330 3410 non
2359 3356 2748 3410 committerem
2779 3356 2972 3410 vestris
3000 3356 3216 3410 auribus
3244 3370 3546 3409 sermonem
3570 3371 3748 3408 meum
3774 3397 3790 3422 ,

2224 3448 2324 3501 nisi
2353 3447 2476 3515 quia
2509 3446 2719 3500 laudem
2751 3445 2960 3499 Domini
3009 3445 3244 3513 loquitur
3281 3461 3343 3499 os
3379 3459 3553 3497 meum
3604 3443 3786 3512 (Psal.

2222 3552 2394 3600 eam,
2419 3535 2527 3603 2|).
2554 3534 2610 3588 In
2641 3535 2724 3589 his
2752 3547 2880 3601 ergo
2907 3534 3154 3587 omnibus
3176 3532 3264 3586 ille
3293 3531 3679 3600 agnoscendus,
3700 3531 3792 3584 ille

2220 3625 2617 3696 gloriﬁcaudus,
2646 3627 2737 3680 ille
2764 3625 3054 3679 laudandus
3082 3631 3194 3688 est,
3224 3623 3315 3691 qui
3354 3631 3409 3676 et
3437 3623 3606 3691 prima
3634 3637 3797 3677 voca-

2223 3717 2367 3771 tione
2392 3715 2537 3770 dedit
2563 3715 2718 3770 lidem
2736 3752 2751 3778 ,
2797 3722 2852 3768 et
2890 3715 2941 3766 in
2968 3727 3214 3782 suprema
3241 3713 3490 3780 passione
3518 3713 3795 3766 virtutem.

2220 3805 2394 3860 Vultis
2447 3820 2606 3860 nosse
2645 3805 2768 3872 quia
2809 3812 3092 3870 utrumque
3131 3801 3384 3856 donatum
3428 3801 3555 3855 est?
3603 3801 3797 3854 Audite

2220 3896 2521 3965 apostolum
2540 3894 2760 3948 Paulum
2787 3912 2798 3945 :
2833 3893 3007 3957 Vobis,
3029 3891 3216 3959 inquit,
3236 3891 3482 3944 donatum
3503 3900 3580 3943 est
3600 3907 3632 3942 a
3648 3890 3796 3944 Chri-

2220 3996 2298 4041 sto
2315 4029 2330 4053 ,
2360 4003 2460 4041 non
2489 3986 2652 4040 solum
2679 3994 2733 4037 ut
2756 3984 2976 4038 credatis
3002 3986 3054 4036 in
3078 3999 3214 4049 eum,
3244 3998 3415 4035 verum
3440 3984 3598 4034 etiam
3617 3991 3674 4034 ut
3703 3997 3796 4050 pa-

2218 4081 2419 4133 tiamini
2440 4095 2534 4146 pro
2563 4093 2621 4131 eo
2648 4077 2866 4144 (Philip.
2892 4092 2930 4137 ι,
2959 4073 3070 4143 29).
3095 4071 3390 4142 Acceperat
3420 4075 3534 4127 haec
3565 4081 3794 4141 utraque

2219 4169 2549 4223 Vincentius.
2585 4169 2740 4237 571
2772 4166 3086 4233 Acceperat,
3118 4163 3238 4217 ideo
3276 4163 3528 4216 habebat.
3561 4162 3621 4218 Si
3650 4162 3793 4216 enim

2221 4277 2326 4314 non
2370 4260 2660 4328 acciperet,
2705 4257 2832 4326 quid
2861 4257 3126 4311 haberet?
3173 4247 3417 4309 Habebat
3444 4256 3497 4308 in
3544 4267 3794 4308 sermone

2219 4354 2493 4419 fiduciam,
2535 4351 2768 4405 habebat
2816 4351 2869 4404 in
2917 4353 3167 4419 passione
3211 4348 3570 4402 tolerantiam.
3625 4345 3792 4401 Nemo

2217 4460 2346 4514 ergo
2375 4445 2441 4499 de
2471 4459 2568 4499 suo
2597 4443 2760 4498 corde
2788 4439 3334 4515 praesumatuquando
3358 4439 3564 4508 profert
3587 4451 3794 4492 sermo-

535 4524 668 4577 siam
697 4539 846 4578 suam
876 4524 1122 4578 omnibus
1145 4524 1338 4592 linguis
1362 4523 1699 4578 locuturam?
1729 4525 1889 4594 57o
1916 4524 2109 4594 lmple-
2139 4542 2190 4601 ι)
2215 4551 2356 4590 nem,
2406 4534 2574 4589 Nemo
2623 4535 2691 4588 de
2739 4534 2848 4589 suis
2884 4531 3084 4587 viribus
3131 4529 3290 4597 fidat,
3342 4528 3556 4597 quando
3605 4525 3792 4583 suffert

538 4623 650 4668 tum
681 4623 762 4668 est
805 4615 985 4684 itaque
1025 4616 1169 4684 quod
1213 4615 1536 4685 promiserat
1581 4615 1838 4668 Dominus
1881 4633 1892 4667 :
1940 4614 2107 4670 Nemo

533 4705 689 4757 mittit
717 4705 888 4758 vinum
909 4721 1091 4758 novum
1116 4707 1169 4758 in
1197 4715 1335 4759 utres
1358 4714 1543 4759 veteres
1561 4745 1576 4770 ,
1610 4704 1700 4758 sed
1725 4706 1896 4758 vinum
1924 4721 2107 4759 novum

531 4797 585 4848 in
606 4805 742 4849 utres
770 4813 925 4850 novos
951 4798 1180 4862 mittunt,
1209 4807 1258 4851 et
1287 4807 1499 4869 utraque
1527 4797 1862 4851 servabuntur
1891 4797 2103 4866 (Matth.

531 4902 606 4950 1x,
640 4885 752 4957 17).
785 4885 974 4941 Merito
1004 4901 1132 4956 ergo
1162 4904 1281 4942 cum
1312 4889 1622 4942 audirentur
1646 4888 1842 4956 linguis
1862 4889 2108 4943 omnibus

531 4977 697 5044 loqui,
726 4977 964 5031 nonnulli
993 4977 1241 5032 dicebant
1267 4997 1278 5030 :
1311 4977 1385 5030 Hi
1404 4988 1569 5032 musto
1591 4978 1727 5048 pleni
1749 4987 1865 5031 sunt
1890 4979 2024 5047 (Act.
2044 4996 2099 5042 η,

531 5065 644 5136 12).
677 5064 792 5119 Jam
822 5066 964 5120 enim
1009 5066 1133 5120 facti
1187 5066 1397 5122 fuerant
1427 5074 1571 5120 utres
1602 5067 1754 5131 novi,
1805 5067 2102 5122 sanctitatis

528 5155 698 5220 gratia
727 5155 988 5220 renovati,
1018 5163 1076 5209 ut
1102 5155 1227 5210 vino
1256 5169 1417 5221 novo,
1445 5154 1550 5210 hoc
1577 5163 1660 5209 est
1687 5153 1886 5225 Spiritu
1915 5164 2102 5210 sancto

528 5245 743 5316 r’epleti,
758 5247 1005 5302 omnibus
1018 5247 1210 5314 linguis
1225 5247 1490 5315 loquendo
1507 5246 1792 5314 ferverent,
1808 5235 2108 5304 Ecclesiani

527 5333 847 5392 catholicam
866 5353 964 5407 per
983 5339 1220 5393 omnium
1243 5339 1481 5407 gentium
1505 5340 1712 5407 linguas
1738 5340 1968 5395 futuram
1997 5342 2104 5396 evi-

527 5431 837 5486 dentissimo
867 5431 960 5487 illo
989 5433 1248 5488 miraculo
1291 5432 1693 5502 praesignarent.
1748 5433 1823 5488 Ac
1861 5449 1958 5503 per
1993 5433 2098 5488 hoc

528 5528 672 5574 recte
699 5520 990 5576 creduntur
1022 5521 1259 5576 breretici
1298 5520 1555 5590 Spiritum
1585 5529 1827 5577 sanctum
1854 5536 1960 5575 non
1998 5521 2097 5574 ha-

527 5608 674 5675 bere,
705 5611 793 5679 qui
821 5611 1130 5667 dividuntur
1151 5629 1180 5666 a
1208 5595 1455 5682 corpore:
1479 5612 1623 5681 quod
1650 5628 1745 5682 per
1766 5626 1952 5666 omnes
1977 5625 2100 5680 geu-

527 5705 606 5752 tes
635 5699 826 5766 linguis
854 5702 1101 5757 omnibus
1128 5703 1324 5756 meruit
1353 5718 1665 5770 personare.

596 5789 646 5841 3.
675 5789 821 5844 Hunc
851 5792 1027 5860 itaque
1055 5795 1192 5847 diem
1223 5796 1297 5848 sic
1326 5795 1612 5855 celebrate.
1644 5803 2095 5863 tanquam-mem-

2212 4624 2593 4678 tentationem.
2629 4621 2764 4688 Quia
2794 4629 2852 4675 et
2877 4627 2936 4674 ut
2967 4619 3119 4674 'bona
3159 4617 3456 4688 prudenter
3483 4616 3789 4684 loquamur,

2211 4714 2279 4768 ab
2308 4714 2399 4768 illo
2427 4723 2613 4768 nostra
2642 4720 2724 4766 est
2750 4709 3032 4780 sapientia.

2279 4803 2333 4856 2.
2380 4803 2621 4858 Recolite
2647 4801 2932 4857 Dominum
2961 4801 3230 4856 Christum
3262 4814 3387 4854 suos
3416 4799 3470 4852 in
3496 4795 3788 4866 Evangelia

2209 4890 2497 4960 discipulos
2534 4889 2930 4944 admonentem.
2974 4888 3217 4943 Recolite
3253 4895 3548 4957 martyrum
3588 4886 3785 4952 Regem

2187 4980 2460 5035 'cohortes
2498 4995 2623 5034 suas
2659 4979 2821 5034 armis
2858 4978 3183 5048 spiritalibus
3221 4978 3604 5046 instruentem,
3646 4973 3785 5030 bella

2212 5073 2596 5124 monstrantem
2607 5109 2620 5136 ,
2650 5066 2914 5137 adjutoria
2939 5068 3347 5132 ministrantem,
3379 5068 3601 5136 praemia
3627 5062 3783 5136 polli-

2209 5165 2438 5212 ceutem.
2458 5156 2559 5223 Qui
2580 5172 2700 5212 cum
2723 5157 2942 5212 dixisset
2959 5157 3232 5227 discipulis
3250 5157 3360 5213 suis
3377 5156 3467 5210 ειη
3489 5157 3584 5212 hoc
3597 5153 3785 5210 mundo

2206 5263 2500 5317 pressuram
2527 5246 2774 5300 habebitis
2803 5245 2980 5316 (Joan.
3011 5262 3120 5313 xv1,
3156 5245 3248 5318 53)
3267 5287 3281 5312 ,
3327 5262 3483 5313 mox,
3518 5255 3578 5300 ut
3603 5245 3784 5300 deter-

2207 5339 2340 5392 ritos
2365 5337 2753 5402 consolaretur,
2793 5336 3055 5405 adjunxit,
3093 5336 3200 5392 Sed
3228 5337 3503 5406 conﬁdite,
3535 5339 3654 5403 quia
3683 5349 3778 5406 ego

2203 5429 2298 5483 vici
2333 5429 2577 5482 mundum
2619 5427 2888 5498 (Ibidem).
2928 5428 3067 5494 Quid
3105 5441 3235 5496 ergo
3270 5429 3551 5506 miramur,
3595 5427 3786 5482 fratres

2203 5521 2483 5584 carissimi,
2523 5520 2569 5574 si
2610 5520 2660 5572 in
2691 5519 2783 5572 illo
2811 5519 2935 5575 vicit
2963 5518 3276 5575 Vincentius
3305 5535 3335 5573 a
3363 5534 3473 5588 quo
3504 5519 3674 5572 victus
3701 5521 3784 5570 est

2203 5609 2466 5664 mundus?
2497 5609 2560 5662 In
2589 5610 2684 5663 hoc
2711 5609 2922 5674 mundo,
2965 5611 3155 5678 inquit,
3189 5626 3480 5678 pressuram
3510 5605 3776 5661 habebitis.

2204 5698 2312 5752 Etsi
2343 5699 2556 5768 premit,
2579 5715 2684 5753 non
2714 5699 2970 5769 opprimit
2999 5718 3010 5751 :
3043 5700 3142 5755 etsi
3171 5708 3461 5769 oppugnat,
3487 5715 3591 5753 non
3619 5709 3780 5764 expu-

2202 5798 2345 5859 gnat.
2391 5787 2666 5844 Geminam
2697 5788 2928 5845 mundus
2956 5791 3126 5846 aciem
3150 5789 3608 5862 produciteontra
3635 5781 3772 5839 mili-
