4064 6358
248 370 363 428 ’745

1712 375 1942 432 SERMO
1982 376 2042 434 Χ.

3417 383 3524 439 756

259 495 341 542 tes
378 483 595 540 Christi.
646 486 922 543 Blanditur
967 489 1111 544 enim
1159 497 1220 544 ut
1264 489 1517 560 decipiat,
1568 497 1736 545 terret
1785 499 1842 545 ut
1868 495 1918 553 Α
1948 498 2441 552 transnatavit.Scd
2469 511 2580 567 ipse
2606 497 2743 550 inter
2771 495 2937 550 undas
2961 495 3274 564 gubernavit
3294 496 3523 552 cadaver

258 573 492 644 frangat.
524 574 640 630 Non
670 584 854 632 teneat
876 578 1126 633 voluntas
1154 577 1394 649 propria,
1424 585 1479 632 et
1506 593 1613 632 non
1644 586 1846 633 terreat

257 665 550 721 crudelitas
588 665 785 722 aliena.
821 665 900 720 Ad
933 675 1189 736 utrosque
1219 667 1394 722 aditus
1417 676 1666 722 occurrat
1692 666 1847 721 Chri-

260 765 396 822 stus,
427 765 484 810 et
523 773 631 811 non
664 758 897 813 vincitur
925 754 1278 814 Christianus.
1319 757 1375 812 Si
1415 758 1765 812 consideretis
1793 758 1845 812 in

261 848 363 902 ista
393 847 642 918 passione
661 848 949 902 humanam
979 848 1231 903 virtutem
1261 846 1443 912 fuisse,
1468 848 1654 918 incipit
1676 847 1848 903 incre-

261 941 444 996 dibilis
471 955 589 996 esse
621 958 634 993 :
666 941 710 996 si
740 949 1061 1009 agnoscatur
1088 939 1267 995 divina
1297 940 1459 996 fuisse
1481 981 1498 1006 ,
1541 940 1850 1007 agnoscitur

261 1030 525 1086 mirabilis
553 1045 692 1086 esse.
735 1029 908 1085 Tanta
935 1031 1279 1100 grassabatur
1305 1030 1594 1097 crudelitas
1622 1029 1677 1084 in
1706 1045 1849 1098 mar-

263 1124 400 1192 tyris
426 1138 686 1194 corpore,
725 1132 781 1180 et
815 1131 962 1179 tanta
989 1124 1350 1193 tranquillitas
1384 1124 1760 1194 proferebatur
1793 1123 1848 1177 in

263 1228 420 1267 voce.
454 1212 558 1291 Tot
587 1229 868 1286 poenarum
908 1215 1166 1284 asperitas
1191 1214 1446 1269 saeviebat
1483 1215 1535 1269 in
1571 1214 1844 1281 membris,

262 1308 324 1354 et
350 1307 498 1355 tanta
521 1301 779 1356 securitas
799 1303 1026 1356 sonabat
1052 1303 1105 1356 in
1134 1303 1332 1358 verbis.

340 1389 393 1443 5.
428 1389 618 1445 Mirum
642 1392 697 1445 in
721 1393 939 1447 modum
967 1400 1278 1462 putaremus
1302 1393 1584 1449 Vincentio
1611 1395 1848 1464 patiente

262 1477 434 1532 alium
460 1478 626 1547 loqui,
660 1487 752 1534 aut
777 1489 928 1534 certe
960 1480 1125 1534 alium
1155 1479 1438 1535 Vincentio
1465 1481 1717 1552 loquente
1739 1490 1850 1537 tor-

263 1567 445 1636 queri.
471 1565 537 1621 Et
559 1583 708 1635 vere,
732 1567 943 1637 fratres,
968 1571 1040 1624 ita
1065 1579 1200 1635 erat,
1224 1587 1443 1640 prorsus
1467 1572 1539 1626 ita
1564 1580 1698 1638 erat,
1714 1573 1848 1628 alius

266 1657 608 1734 loquebatur.
642 1657 893 1714 Promisit
921 1660 1063 1714 enim
1092 1668 1147 1714 et
1174 1661 1279 1715 hoc
1305 1662 1528 1716 testibus
1556 1662 1668 1716 suis
1695 1661 1848 1716 Chri-

264 1753 406 1802 stus.
453 1747 690 1804 Audistis
731 1749 912 1804 modo.
956 1749 1014 1804 In
1063 1750 1350 1820 Evangelio
1397 1752 1747 1820 loquebatur,
1792 1762 1848 1808 et

265 1835 485 1891 dicebat
510 1837 638 1899 suis,
669 1853 806 1908 quos
834 1839 901 1893 ad
918 1834 1303 1908 hujuscemodi
1327 1843 1618 1896 certamina
1645 1859 1850 1912 prmpa-

265 1925 428 1980 rabat
459 1943 472 1978 :
512 1925 692 1980 Nolite
720 1929 946 1998 cogitare
977 1930 1252 1998 quomodo,
1276 1939 1364 1983 aut
1383 1932 1506 2002 quid
1547 1933 1848 2002 loquamini.

264 2013 496 2069 Dabitur
521 2018 656 2070 enim
684 2017 821 2072 vobis
859 2018 912 2071 in
950 2017 1043 2071 illa
1072 2019 1200 2072 hora
1227 2021 1477 2090 quomodo
1507 2031 1594 2073 aut
1621 2023 1742 2092 quid
1769 2023 1849 2076 Io-

264 2108 520 2176 quamini.
547 2106 672 2162 Non
694 2111 829 2162 enim
849 2125 934 2163 vos
959 2111 1082 2164 estis
1104 2112 1190 2182 qui
1211 2111 1497 2182 loquimini,
1516 2112 1605 2165 sed
1627 2113 1851 2183 Spiritus

267 2195 450 2249 Patris
477 2199 629 2257 vestri
661 2199 746 2267 qui
782 2198 1006 2269 loquitur
1030 2199 1084 2252 in
1112 2200 1251 2252 vobis
1282 2199 1497 2270 (Matth.
1538 2215 1589 2264 χ,
1623 2198 1708 2264 19,
1736 2199 1848 2269 20).

265 2283 410 2339 Caro
433 2299 561 2354 ergo
581 2287 902 2356 patiebatur,
920 2287 1137 2357 spiritus
1157 2288 1496 2357 loquebatur.
1518 2287 1584 2341 Et
1599 2289 1853 2357 loquente

265 2375 462 2444 spiritu
490 2390 595 2430 non
624 2375 798 2431 solum
826 2377 1244 2432 convincebatur
1272 2378 1537 2448 impietas,
1568 2379 1660 2433 sed
1691 2380 1852 2434 etiam

265 2462 678 2520 confortabatur
711 2464 1010 2520 infimiitas.
1044 2466 1339 2522 Clariorem
1377 2468 1531 2523 nobis
1560 2479 1853 2540 martyrem

267 2562 542 2610 tormenta
594 2557 881 2612 faciebant.
939 2557 1218 2629 Multiplici
1265 2559 1546 2615 vulnerum
1596 2561 1855 2615 varietate

262 2645 572 2710 confossus,
592 2663 700 2702 non
721 2648 1004 2703 deserebat
1023 2663 1276 2719 pugnam,
1293 2649 1385 2705 sed
1407 2651 1582 2704 acrius
1605 2649 1850 2704 iterabat.

261 2733 436 2792 Putes
463 2737 605 2806 quod
631 2754 752 2792 eum
776 2738 998 2793 duraret
1023 2738 1256 2805 ﬂamma,
1283 2755 1390 2795 non
1416 2747 1632 2806 ureret;
1659 2749 1714 2795 et
1739 2749 1856 2795 tau-

259 2841 434 2896 quam
483 2824 625 2895 ﬂguli
667 2828 858 2882 fornax
906 2829 1075 2883 lutum
1118 2831 1280 2885 molle
1327 2831 1624 2900 suscipiens
1665 2831 1854 2886 duram

258 2917 525 2972 redderet
561 2926 776 2977 terram.
814 2917 1034 2974 Poterat
1071 2929 1274 2991 martyr
1310 2930 1495 2976 noster
1534 2921 1715 2978 dicere
1745 2922 1852 2976 Da.

260 3009 423 3062 tiano
455 3007 608 3063 :Jam
649 3026 756 3065 non
795 3019 948 3065 curat
985 3011 1134 3079 ignes
1179 3022 1301 3066 tuos
1341 3028 1467 3067 caro
1511 3028 1631 3068 mea
1672 3031 1683 3066 :
1728 3013 1854 3084 quia

257 3101 478 3154 exaruit
514 3101 647 3154 velut
675 3109 807 3155 testa
847 3106 1005 3157 virtus
1043 3120 1155 3156 mea
1195 3103 1367 3175 (Psal.
1410 3121 1522 3172 xxi,
1565 3104 1676 3174 16).
1718 3104 1854 3171 Quia

257 3190 540 3244 veraciter
565 3191 820 3260 scriptum
851 3201 934 3247 est
975 3211 987 3246 :
1027 3191 1163 3246 Vasa
1182 3195 1330 3264 ﬁguli
1355 3195 1536 3265 probat
1567 3197 1775 3266 fornax,
1805 3205 1854 3250 et

257 3281 508 3334 homines
534 3281 705 3351 justas
734 3283 944 3338 tentatio
980 3281 1321 3338 tribulationis
1353 3283 1539 3353 (Eccli.
1577 3301 1741 3348 xxvn,
1775 3285 1852 3353 6).

256 3367 544 3424 Probatus
570 3379 729 3440 atque
753 3371 1005 3427 decoctus
1027 3380 1109 3427 est
1133 3373 1222 3428 illo
1250 3374 1370 3442 igne
1390 3374 1719 3430 Vincentius.
1753 3375 1856 3429 Da-

254 3459 456 3513 tianus
497 3475 624 3514 vero
666 3461 797 3515 arsit
833 3470 888 3515 et
926 3463 1153 3532 crepuit.
1184 3463 1240 3517 Si
1282 3464 1426 3517 enim
1459 3479 1566 3518 non
1612 3465 1854 3533 ardebat,
1901 3481 1906 3490 ·

254 3549 419 3603 unde
447 3547 728 3604 fumabat?
756 3550 893 3619 Quid
929 3561 1084 3606 erant
1117 3552 1280 3608 verba
1321 3554 1619 3620 irascentis,
1653 3552 1753 3609 nisi
1776 3552 1858 3607 fu-

252 3657 396 3694 mus
435 3639 708 3695 ardentis?
742 3638 885 3710 Ergo
932 3641 1154 3713 martyri
1197 3653 1382 3697 nostro
1423 3642 1757 3711 refrigerium
1802 3644 1856 3698 in

249 3728 442 3785 corde
478 3729 696 3784 habenti
722 3729 965 3785 ﬂammas
1001 3731 1336 3786 extrinsecus
1371 3732 1729 3798 admovebat;
1763 3733 1858 3788 sed

249 3821 393 3892 ipse
424 3819 626 3875 facibus
647 3820 839 3876 furoris
862 3837 1136 3890 accensus,
1165 3831 1418 3891 tanquam
1446 3823 1688 3878 clibanus
1717 3825 1859 3878 intus

247 3911 593 3976 ardebat,et
613 3910 966 3966 habitatorem
986 3927 1142 3966 suum
1166 3912 1434 3967 diabolum
1457 3915 1856 3969 concremabat.

246 3999 381 4054 Per
425 3999 655 4055 furiosas
692 4001 834 4054 enim
872 4016 1007 4070 quas
1039 4001 1259 4056 audistis
1301 4002 1511 4056 Datiani
1539 4018 1720 4070 voces,
1765 4019 1861 4072 per

1947 585 2267 641 exstinctum
2285 627 2303 653 ,
2340 589 2430 656 qui
2461 589 2598 642 inter
2624 587 2845 654 ungulas
2874 587 3108 640 animum
3135 586 3355 642 donavit
3384 587 3522 642 invi-

1947 682 2109 729 ctum.
2140 676 2256 731 Non
2286 678 2435 732 ﬂexit
2459 678 2670 732 ﬂamma
2697 678 2915 732 tortoris
2944 693 3038 731 cor
3073 677 3206 744 ejus,
3238 693 3344 732 non
3375 693 3523 731 mer--

1946 765 2018 820 sit
2042 781 2180 837 aqua
2209 770 2373 824 maris
2401 784 2596 840 corpus
2621 767 2773 835 ejus;
2803 768 2897 823 sed
2928 769 2980 821 in
3009 768 3091 822 his
3121 769 3367 822 omnibus
3392 768 3522 820 nihil

1946 865 2028 909 est
2061 859 2204 926 ejus,
2248 860 2348 915 nisi
2377 860 2517 931 quod
2546 861 2768 929 pretiosa
2808 868 2883 911 est
2921 859 2973 910 in
3008 867 3280 927 conspectu
3314 858 3523 913 Domini
3607 917 3613 924 ,

1948 961 2085 1000 mors
2115 958 2408 1002 sanctorum
2437 951 2548 1019 ejus
2581 949 2749 1018 (Psat.
2781 964 2900 1012 cxv,
2928 945 3035 1014 15).

2564 1096 2796 1152 SERMO
2835 1096 2896 1149 Χ.

1948 1205 2028 1259 De
2047 1224 2106 1261 eo
2126 1207 2262 1278 quod
2280 1209 2354 1262 ait
2379 1207 2628 1262 Michazas
2649 1209 2918 1278 propheta,
2936 1207 3183 1262 Indicabo
3208 1208 3320 1272 tibi,
3336 1209 3520 1277 homo,

2510 1279 2638 1348 quid
2658 1279 2726 1331 sit
2746 1279 2966 1332 bonum.

2020 1387 2071 1440 i.
2097 1386 2174 1440 De
2203 1388 2450 1456 praesenti
2481 1389 2793 1458 prophetica
2822 1389 3073 1455 lectione,
3108 1391 3159 1444 in
3183 1406 3286 1460 qua
3313 1401 3522 1446 nostra~

1947 1491 2066 1531 rum
2091 1492 2280 1546 magna
2311 1479 2618 1534 continetur
2643 1480 2843 1534 utilitas
2872 1482 3186 1548 animarum,
3211 1490 3400 1537 vestra:
3429 1498 3521 1537 ca-

1946 1566 2092 1620 ritati
2128 1567 2274 1635 loqui
2301 1568 2685 1637 disposuimus,
2720 1569 2787 1623 ab
2817 1569 2907 1624 illo
2942 1579 3223 1639 poscentes
3260 1572 3522 1625 sermonis

1947 1671 2235 1726 congruam
2291 1659 2622 1725 facultatem,
2669 1675 2700 1714 a
2751 1675 2858 1729 quo
2906 1661 3101 1716 bonam
3155 1665 3318 1728 gratis
3365 1678 3520 1717 accc-

1945 1748 2120 1816 pimus
2167 1749 2516 1808 voluntatem.
2573 1752 2702 1817 Quis
2747 1760 2926 1806 autem
2978 1753 3117 1807 hanc
3164 1753 3362 1815 donat,
3419 1755 3522 1808 nisi

1883 1854 1924 1914 Β
1949 1837 2125 1906 Deus,
2161 1841 2252 1908 qui
2290 1850 2530 1910 operatur
2559 1843 2611 1895 in
2649 1844 2754 1896 suis
2784 1853 2833 1895 et
2873 1844 2997 1896 velle
3024 1853 3071 1896 et
3107 1845 3385 1914 per/icere,
3426 1862 3522 1914 pro

1952 1926 2086 1980 bona
2114 1928 2373 1982 voluntate
2401 1927 2654 2000 (Philipp.
2679 1946 2734 1994 ιι,
2768 1928 2896 1998 15)“2
2919 1928 3148 1985 Proinde
3171 1932 3331 1985 verba
3350 1934 3524 1986 sancti

1952 2015 2203 2082 Michteaa,
2226 2033 2345 2086 qua:
2371 2021 2571 2088 pariter
2599 2021 2913 2084 audivimus,
2945 2021 3144 2090 pariter
3169 2023 3522 2076 revolvamhs.

1953 2103 2023 2158 Et
2047 2106 2269 2170 utinam,
2295 2105 2506 2171 fratres,
2537 2112 2676 2163 sicut
2705 2125 2766 2163 ea
2798 2123 3047 2164 sermone
3076 2112 3416 2177 revolvimus,
3449 2113 3526 2166 sic

1955 2198 2206 2266 operibus
2229 2198 2576 2268 impleamus!
2603 2199 2914 2254 Audivimus
2941 2201 3082 2255 enim
3109 2201 3272 2256 verba
3297 2203 3527 2257 hominis

1954 2286 2143 2350 sancti,
2171 2287 2400 2342 hominis
2417 2287 2566 2356 justi,
2595 2289 2825 2344 hominis
2849 2291 2941 2359 pii,
2973 2291 3204 2345 hominis
3221 2291 3288 2345 de
3310 2307 3406 2346 sua
3436 2307 3526 2344 sa-

1955 2375 2068 2430 lute
2098 2377 2334 2445 solliciti,
2363 2378 2595 2432 hominis
2625 2380 2713 2446 qui
2752 2394 2811 2433 se
2839 2379 3040 2434 sciebat
3067 2389 3304 2434 creatum
3334 2398 3363 2434 a
3393 2382 3525 2445 Deo,

1955 2465 2047 2533 qui
2069 2480 2127 2520 se
2147 2466 2416 2534 cogitabat
2441 2481 2566 2521 esse
2581 2467 2677 2521 sub
2698 2468 2842 2521 Deo:
2867 2469 2956 2537 qui
2980 2484 3099 2522 cum
3125 2483 3318 2537 magno
3336 2472 3529 2525 timore

1957 2561 2012 2607 et
2040 2562 2275 2608 tremore
2300 2554 2539 2608 divinum
2567 2556 2915 2623 exspectabat
2935 2555 3190 2624 judicium
3211 2599 3226 2623 ,
3259 2559 3310 2612 in
3337 2575 3443 2627 quo
3473 2574 3530 2613 so

1956 2653 2183 2702 noverat
2220 2663 2328 2702 non
2367 2647 2541 2702 solum
2582 2646 2650 2701 de
2686 2645 2840 2702 factis
2869 2655 2923 2703 et
2951 2647 3124 2712 dictis,
3155 2665 3338 2703 verum
3373 2659 3428 2704 et
3463 2651 3530 2705 de

1957 2735 2088 2806 ipsis
2120 2736 2535 2805 cogitationibus
2568 2736 2678 2790 suis
2703 2737 2969 2792 rationem
2997 2745 3122 2790 ante
3147 2738 3378 2801 tribunal
3401 2739 3530 2806 justi

1955 2821 2155 2880 Iudicis
2178 2824 2527 2878 redditurum.
2556 2823 2810 2892 Cogitans
2833 2824 3010 2894 itaque
3026 2824 3256 2880 futurum
3272 2826 3530 2895 judicium

1957 2907 2073 2983 Dei,
2096 2917 2164 2972 de
2191 2932 2298 2986 quo
2325 2916 2584 2972 debemus
2607 2917 2769 2971 etiam
2790 2931 2888 2970 nos
2915 2918 3092 2972 cuncti
3120 2928 3379 2983 metuere,
3404 2920 3532 2972 etin

1957 3009 2209 3065 omnibus
2220 3008 2472 3078 operibus
2495 3008 2690 3062 nostris
2706 3023 2826 3062 cum
2849 3023 3042 3076 magna
3061 3007 3233 3062 cordis
3249 3007 3534 3063 formidine

1956 3100 2195 3168 cogitare
2229 3116 2241 3150 :
2284 3099 2389 3154 hoc
2416 3098 2660 3166 cogitans
2686 3098 2849 3153 homo
2879 3098 2979 3152 iste
3007 3107 3224 3152 sanctus
3253 3106 3308 3152 et
3337 3097 3532 3165 justus,

1879 3221 1924 3281 ρ
1957 3192 2231 3262 qumrebat
2265 3191 2394 3260 quid
2425 3189 2756 3281 faceret,_vel
2778 3190 2988 3281 quibus
3026 3189 3337 3281 muneribus
3368 3188 3536 3244 Deum

1952 3281 2188 3352 judicem
2215 3282 2612 3352 deprecaretur.
2650 3279 2866 3334 Sciebat
2901 3288 3078 3333 autem
3107 3280 3532 3348 omnipotentem

1957 3373 2147 3439 Deum,
2171 3373 2262 3442 qui
2292 3373 2470 3427 omnia
2497 3371 2756 3433 condidit,
2780 3371 2870 3438 qui
2893 3379 3082 3424 cuncta
3104 3386 3168 3424 ex
3195 3372 3361 3424 nihilo
3390 3371 3532 3431 fecit,

1957 3465 2051 3533 qui
2071 3463 2203 3518 nihil
2223 3478 2292 3517 ex
2313 3463 2600 3530 indigentia
2623 3461 2972 3531 paupertatis,
2990 3461 3084 3514 sed
3107 3461 3351 3514 universa
3375 3463 3535 3532 573

1959 3568 2026 3608 ex
2061 3551 2384 3608 abundantia
2426 3552 2680 3606 bonitatis
2716 3551 2963 3615 instituit,
2993 3565 3101 3605 non
3138 3551 3252 3605 sola
3297 3567 3536 3619 quaerere

1959 3658 2182 3700 munera
2213 3653 2422 3710 nostra,
2450 3642 2544 3697 sed
2571 3642 2732 3696 etiam
2762 3656 2926 3709 opera
2957 3649 3159 3695 nostra.
3190 3640 3302 3717 Imo
3331 3643 3536 3697 sciebat

1959 3735 2012 3788 in
2039 3734 2142 3788 hoc
2161 3733 2396 3787 maxime
2422 3732 2590 3786 Deum
2610 3730 2866 3785 delectari
2893 3729 3204 3784 muneribus
3232 3732 3448 3796 nostris,
3480 3742 3536 3786 ut

1959 3824 2010 3878 ei
2049 3823 2358 3892 placeamus
2405 3821 2644 3876 moribus
2687 3821 2890 3874 sanctis
2947 3828 3002 3874 et
3042 3822 3295 3890 operibus
3358 3822 3534 3878 bonis.

1960 3912 2218 3980 Qumrens
2240 3912 2401 3980 igitur
2421 3912 2582 3965 homo
2606 3911 2707 3964 iste
2727 3909 2856 3978 quid
2883 3909 2950 3963 ab
2971 3910 3186 3965 homine
3207 3909 3537 3965 oﬂerendum

1960 4003 2032 4058 sit
2051 4003 2181 4068 Deo,
2200 4003 2413 4057 dicebat
2436 4019 2449 4055 :
2481 3999 2616 4064 Quid
2643 4001 2852 4071 dignum
2875 4001 3088 4069 offeram
3106 3999 3328 4054 Domino
3353 4000 3536 4071 (Mich.

243 4098 461 4142 truces
513 4089 698 4142 oculos
739 4097 795 4143 et
844 4088 1082 4144 minaces
1126 4091 1336 4155 vultus,
1383 4105 1481 4159 per
1524 4090 1860 4146 turbulentos

240 4180 449 4235 totius
485 4180 728 4249 corporis
756 4188 964 4248 motus,
997 4181 1084 4235 ille
1112 4181 1381 4235 habitator
1408 4181 1523 4249 ejus
1553 4181 1776 4236 interior
1804 4197 1862 4237 se

240 4269 555 4333 movebat,
586 4284 682 4336 per
709 4269 823 4324 haec
849 4271 998 4338 signa
1025 4271 1271 4338 visibilia,
1301 4278 1555 4339 tanquam
1585 4273 1742 4343 572
1765 4287 1863 4341 per

234 4359 348 4413 sui
378 4359 590 4411 vasculi
614 4359 756 4426 quod
778 4359 1092 4428 impleverat
1117 4369 1397 4430 crepantes
1426 4362 1643 4418 rimulas
1668 4363 1863 4433 prode-

234 4450 460 4503 batur.
476 4447 592 4501 Non
610 4456 816 4502 tantum
840 4449 1112 4503 cruciabat
1135 4460 1424 4521 martyrem
1445 4451 1678 4516 ﬂamma,
1693 4468 1864 4521 quan-

233 4549 389 4594 tum
426 4537 574 4591 illum
603 4539 849 4591 vastabat
878 4539 1099 4594 insania.
1832 4535 1850 4548 '

325 4628 402 4682 4.
440 4627 548 4681 Sed
583 4626 715 4696 jam,
742 4628 951 4690 fratres,
980 4629 1068 4682 illa
1110 4630 1288 4682 omnia
1332 4629 1672 4692 transierunt,
1703 4639 1756 4683 et
1782 4631 1860 4684 ira

224 4717 518 4783 Datiani,
544 4725 598 4771 et
624 4732 782 4786 pcena
820 4717 1101 4773 Vincentii.
1140 4717 1318 4773 Manet
1358 4729 1536 4773 autem
1568 4735 1722 4788 pmna
1755 4719 1861 4772 Da-

219 4815 454 4872 tiano,
485 4808 998 4864 coronaVincentio.
1024 4810 1260 4879 Denique
1285 4820 1360 4876 ut,
1388 4813 1756 4881 prmtermissis
1787 4813 1868 4866 in-

222 4901 440 4956 terim
466 4895 656 4950 futura:
680 4899 1037 4954 tribulationis
1058 4897 1270 4964 finibus,
1288 4902 1446 4955 etiam
1470 4901 1522 4954 in
1544 4903 1647 4956 hoc
1666 4903 1862 4958 mundo

217 4998 584 5060 martyrum
613 4989 836 5056 gloriam
867 4989 1328 5056 demonstremus;
1360 5007 1477 5062 qua:
1506 4991 1665 5046 hodie
1695 4996 1863 5063 regio,

213 5098 385 5157 qum
428 5079 711 5150 provincia
739 5084 1112 5148 transmarina,
1144 5098 1425 5152 quousque
1451 5085 1536 5138 vel
1567 5083 1866 5140 Romanum

207 5171 596 5245 imperium,
618 5170 706 5225 vel
734 5170 1033 5226 Romanum
1062 5189 1256 5227 nomen
1285 5174 1610 5239 extenditur,
1638 5179 1868 5230 natalem

207 5281 368 5322 non
433 5261 637 5328 gaudet
675 5261 949 5316 celebrare
976 5261 1287 5318 Vincentii?
1324 5263 1453 5328 Quis
1492 5272 1670 5317 autem
1712 5266 1870 5321 hodie

203 5357 330 5413 vel
399 5366 617 5408 nomen
643 5349 851 5406 Datiani
881 5352 1135 5421 audisset,
1165 5355 1264 5408 nisi
1291 5355 1344 5409 in
1380 5355 1478 5410 ista
1517 5356 1764 5424 passione
1791 5356 1870 5409 le-

197 5443 489 5523 gisset?
515 5441 667 5509 Quod
696 5456 824 5500 vero
854 5454 1002 5500 tanta
1025 5463 1150 5502 cura
1177 5447 1409 5501 servavit
1437 5447 1709 5509 Dominus,
1734 5447 1871 5501 sicut

193 5536 528 5602 audistis,
571 5538 819 5607 martyris
853 5553 1079 5607 corpus,
1119 5539 1243 5607 quid
1285 5539 1425 5592 aliud
1462 5537 1867 5606 demonstravit,

196 5633 346 5693 nisi
381 5641 472 5683 se
493 5626 822 5694 gubernasse
843 5626 1164 5692 vincentem,
1187 5643 1348 5697 quem
1371 5644 1475 5682 non
1505 5627 1720 5694 reliquit
1745 5644 1872 5681 exa-

190 5718 529 5788 nimem?
555 5716 690 5772 Vicit
720 5731 847 5784 ergo
871 5719 1152 5773 Datianum
1182 5719 1368 5774 vivens
1395 5719 1724 5784 Vincentius,
1749 5719 1874 5773 vicit
1978 5716 2091 5772 Deo
2125 5732 2273 5770 suam
2304 5716 2584 5783 imaginem
2618 5715 2668 5768 in
2702 5715 2893 5783 teipso.
2926 5714 3109 5769 Redde
3132 5757 3145 5780 ,
3179 5717 3358 5781 homo,
3403 5735 3547 5778 crea-

190 5832 269 5879 ει
315 5821 618 5872 mortuus
643 5823 656 5860 :
679 5807 864 5863 vivens
890 5816 1153 5864 tormenta
1175 5809 1420 5876 calcavit,
1442 5817 1684 5863 mortuus
1708 5809 1873 5862 maria
1982 5808 2082 5864 tori
2107 5816 2197 5862 tuo
2221 5807 2501 5877 imaginem
2524 5821 2702 5870 suam;
2729 5805 2889 5860 redde
2907 5805 3124 5875 justam,
3151 5825 3254 5864 non
3285 5809 3548 5883 iniquam;

569 5903 838 5961 Pnnoc.
871 5901 1078 5960 LXV.
1241 5919 1254 5930 '
3059 5898 3134 5959 2’s

1961 4112 2032 4153 vt.
2065 4095 2159 4164 6)?
2188 4095 2305 4150 Hoc
2330 4103 2510 4149 autem
2541 4094 2727 4159 verbo,
2758 4109 2865 4162 quo
2894 4109 2998 4148 non
3029 4094 3120 4155 ait,
3155 4092 3291 4158 Quid
3317 4092 3538 4147 offeram

1961 4186 2224 4242 Domino?
2251 4187 2341 4242 sed
2359 4225 2373 4249 ,
2409 4185 2545 4249 Quid
2581 4185 2789 4256 dignum
2828 4185 3042 4252 offeram
3070 4183 3332 4238 Domino?
3359 4184 3540 4239 docuit

1961 4285 2157 4343 nos,ut
2184 4276 2228 4330 si
2254 4276 2466 4344 quando
2489 4291 2680 4329 munus
2701 4274 2890 4328 oﬂ‘erre
2916 4273 3025 4328 Deo
3047 4273 3309 4336 volumus,
3337 4273 3536 4341 aliquid

1963 4367 2180 4435 dignum
2205 4381 2528 4435 qumramus,
2557 4374 2611 4419 et
2640 4366 2740 4419 hoc
2767 4363 3071 4418 offeramus.
3091 4362 3228 4428 Quid
3256 4371 3430 4416 autem
3447 4380 3536 4432 po-

1962 4464 2071 4512 test
2099 4471 2216 4511 esse
2246 4457 2296 4509 in
2326 4456 2597 4510 oblatione
2633 4453 2743 4508 Deo
2777 4452 2993 4519 dignum
3015 4489 3029 4512 ,
3065 4450 3162 4503 nisi
3197 4448 3339 4517 quod
3370 4459 3452 4502 est
3481 4451 3533 4502 in

1967 4723 2091 4777 terit
2111 4738 2269 4792 quam
2302 4723 2387 4775 illa
2417 4728 2662 4775 creatura
2687 4735 2844 4788 quam
2881 4718 3020 4774 Deus
3055 4719 3120 4772 ad
3156 4735 3305 4773 suam
3348 4721 3536 4786 imagi-

1969 4829 2114 4867 nem-
2136 4812 2277 4866 fecit.
2324 4811 2449 4866 llaec
2481 4818 2659 4864 autem
2687 4818 2930 4863 creatura
2959 4810 3012 4862 in
3044 4810 3200 4863 terris
3227 4809 3389 4864 homo
3431 4821 3531 4864 est.

2038 4903 2091 4955 2.
2123 4901 2370 4970 Quisquis
2392 4900 2551 4967 igitur
2578 4898 2771 4954 oﬂerre
2800 4898 2913 4951 vult
2938 4897 3134 4967 aliquid
3159 4899 3373 4966 dignum
3399 4900 3531 4961 Deo,

1970 5009 2077 5046 non
2117 4993 2260 5062 prius
2290 4990 2431 5045 aliud
2480 4990 2608 5060 quid
2653 4989 2844 5043 offerat
2888 5004 3046 5057 quam
3087 4990 3348 5058 seipsum;
3401 4991 3540 5046 Deus

1970 5083 2134 5148 enim,
2168 5081 2257 5152 qui
2280 5081 2550 5134 hominem
2581 5079 2647 5133 ad
2675 5079 2956 5145 imaginem
2979 5093 3126 5131 suam
3154 5076 3277 5131 fecit
3303 5118 3317 5141 ,
3347 5079 3538 5147 imagi-

1973 5190 2094 5229 nem
2123 5189 2276 5228 suam
2315 5173 2414 5227 sibi
2443 5171 2737 5226 delectatur
2773 5169 2950 5223 oﬂ'erri
2979 5212 2993 5234 ,
3035 5170 3199 5238 ipsam
3227 5170 3326 5222 sibi
3358 5187 3541 5238 puram

1971 5270 2023 5316 et
2055 5261 2306 5315 mundam
2329 5259 2570 5328 prmcipit
2591 5256 3000 5311 exbiberiJnde
3024 5265 3106 5310 est
3131 5255 3272 5324 quod
3296 5255 3546 5310 Salvator

1973 5362 2158 5407 noster
2206 5349 2521 5420 quihusdam
2572 5347 2897 5401 tentantibus
2935 5361 3056 5400 eum
3105 5347 3177 5399 ita
3219 5346 3495 5414 respondit
3531 5368 3543 5400 :

1979 5441 2196 5495 Reddite
2234 5438 2432 5493 Cwsari
2475 5454 2587 5508 qua:
2615 5437 2839 5489 Cwsaris
2885 5445 3042 5501 sunt,
3087 5447 3136 5488 et
3160 5453 3271 5506 qua!
3299 5446 3415 5490 sunt
3447 5437 3546 5493 Dei

1976 5533 2086 5588 Deo
2112 5532 2321 5604 (Matt/1.
2347 5547 2478 5598 χχιι,
2499 5529 2610 5600 2|).
2643 5529 2758 5583 Hoc
2788 5539 2868 5583 est
2888 5530 3064 5584 dicere
3090 5549 3102 5582 :
3132 5528 3176 5584 Ο
3199 5532 3380 5595 homo,
3413 5535 3548 5587 sicut

1977 5624 2262 5691 imaginem
2292 5638 2439 5676 suam
2470 5621 2664 5674 Caesari
2698 5620 2872 5674 reddis
2904 5625 2956 5674 in
2988 5639 3204 5677 nummo
3230 5663 3244 5684 ,
3287 5625 3363 5679 sic
3391 5626 3549 5680 reddo

1964 4555 2207 4601 creatura
2231 4545 2592 4614 praecipuum?
2614 4542 2670 4596 In
2692 4543 2938 4595 omiibus
2959 4555 3089 4593 vero
3111 4539 3373 4593 creaturis
3399 4555 3533 4607 quas
3631 4553 3642 4572 ε

1965 4635 2090 4688 fecit
2117 4634 2370 4688 Dominus
2387 4647 2548 4700 super
2575 4630 2949 4693 terram,nulla
2979 4629 3168 4682 melior
3189 4629 3413 4682 inveniri
3439 4647 3536 4698 po-
3615 4623 3638 4651 ί
