4090 6342
578 349 676 403 767

1633 346 1688 398 S.
1732 342 2093 398 FULGENTII
2130 343 2434 401 EPISCOPI
2473 346 2841 405 RUSPENSIS

3723 351 3829 407 743

573 464 739 520 redde
767 464 1040 527 humilem,
1059 478 1167 516 non
1181 460 1495 530 superbam:
1524 474 1629 513 non
1661 460 1885 513 avaritia
1907 466 2135 527 turpem,
2173 465 2215 520 Α
2245 463 2731 532 concupiscentiam
2764 472 2926 528 tuam,
2958 463 3168 532 corrige
3188 465 3351 519 vitam
3374 473 3520 520 tuam
3543 509 3557 533 ,
3589 476 3639 521 et
3672 477 3833 523 recte

573 575 681 614 non
710 553 1449 628 rapacitatedeformem,non
1478 550 1608 605 vitio
1631 549 1917 604 iracundiae
1947 548 2143 614 levem,

574 665 681 705 non
708 655 921 703 terrena
962 642 1248 697 dilectione
1294 640 1577 696 contritam
1604 684 1618 707 ,
1646 654 1752 692 non
1780 638 1949 693 livore
1975 636 2149 693 sordi-

572 739 713 803 dam,
747 751 852 791 non
874 732 1228 788 fornicatione
1253 730 1545 802 pollutam;
1576 728 1669 784 sed
1699 727 1996 799 prudentia:
2015 742 2152 796 pon—

571 832 700 885 dere
737 830 1017 896 integram,
1050 824 1171 880 lidei
1192 824 1421 879 veritate
1450 820 1702 876 mundam
1721 861 1736 886 ,
1768 828 1825 875 et
1851 819 2007 875 bonis
2034 834 2151 873 mo-

570 923 719 978 ribus
757 928 919 988 atque
955 917 1209 989 operibus
1253 914 1606 985 splendidam.
1650 910 1931 979 Quomodo
1969 918 2151 966 autem

570 1013 684 1066 Deo
735 1009 1023 1078 imaginem
1072 1022 1224 1062 suam
1266 1005 1554 1061 reddamus
1584 1005 1636 1057 in
1666 1003 1840 1068 nobis,
1888 1002 2152 1072 propheta

568 1100 941 1156 sanctissimus
986 1098 1240 1152 admonet
1266 1097 1451 1151 dicens
1491 1113 1504 1149 :
1548 1092 1797 1148 Indicabo
1822 1093 1936 1161 tibi,
1969 1092 2144 1155 homo,

568 1191 691 1264 quid
712 1190 778 1244 sit
807 1188 993 1243 bonum
1021 1198 1070 1241 et
1107 1187 1228 1257 quid
1270 1185 1524 1239 Dominus
1561 1190 1758 1254 qureret
1785 1199 1818 1236 a
1847 1193 1913 1235 te.
1969 1180 2153 1252 Utique

570 1283 742 1351 facere
774 1278 1048 1350 judicium,
1095 1284 1146 1329 et
1185 1275 1464 1345 justitiam,
1514 1282 1563 1326 et
1605 1272 1819 1341 diligere
1858 1271 2151 1324 misericor-

570 1372 729 1437 diam,
758 1378 807 1424 et
823 1369 1096 1423 sollicitum
1115 1364 1379 1419 ambulare
1399 1379 1515 1416 cum
1537 1361 1644 1415 Deo
1665 1371 1749 1415 tuo
1773 1359 1957 1431 (Mich.
1973 1375 2045 1425 vr,
2071 1356 2148 1430 8).

639 1459 694 1512 '5.
727 1456 965 1511 Primum
1011 1455 1191 1523 itaque
1215 1451 1342 1520 quid
1385 1451 1454 1505 sit
1483 1449 1661 1503 facere
1685 1447 1960 1516 judicium,
2009 1445 2154 1515 quod

569 1549 763 1603 beatuls
805 1544 1070 1616 propheta
1111 1541 1341 1611 primum
1370 1537 1580 1608 posuit,
1624 1535 1974 1604 inquiramus.
2000 1531 2151 1589 ludi-

570 1640 713 1694 cium
759 1636 956 1692 dicitur
997 1640 1328 1696 conventus,
1361 1630 1454 1685 ubi
1483 1627 1754 1684 accusatio
1774 1666 1791 1691 ,
1820 1634 1875 1681 et
1911 1624 2153 1681 defensio

569 1726 854 1797 cujuslibet
894 1723 1128 1779 hominis
1175 1721 1455 1800 agitatur:
1501 1718 1641 1773 unde
1687 1731 1912 1772 necesse
1965 1721 2049 1770 est
2094 1722 2155 1769 ut

2247 550 2536 621 judicando
2566 553 2818 608 liberabis
2846 553 3079 607 animam
3124 561 3291 608 tuam.

2321 641 2372 696 5.
2398 642 2553 710 Ecce,
2588 645 2779 699 fratres
2796 683 2811 708 ,
2838 652 3096 713 quantum
3125 646 3383 701 Dominus
3409 645 3577 714 dedit,
3605 649 3728 718 quid
3755 649 3839 704 sit

2252 731 2427 788 facere
2468 732 2728 802 judicium
2775 733 3038 799 diximus;
3089 733 3215 803 quid
3251 734 3446 791 deinde
3474 736 3545 791 sit
3563 733 3833 804 justitiam

2252 822 2428 878 facere
2453 864 2467 886 ,
2499 838 2641 878 nunc
2666 821 2920 878 dicamus.
2964 822 3231 878 Justitiam
3263 823 3437 879 facere
3464 831 3567 888 est,
3598 833 3653 878 ut
3677 825 3839 893 quod

2250 914 2346 968 tibi
2387 913 2498 968 lieri
2524 928 2629 968 non
2653 913 2764 978 vis,
2793 913 2946 967 alteri
2978 929 3045 968 ne
3070 913 3278 980 feceris,
3325 916 3418 970 sed
3447 924 3502 970 et
3529 915 3632 970 hoc
3668 915 3838 970 alteri

2252 1002 2434 1068 facias,
2456 1002 2603 1072 quod
2636 1002 2731 1056 tibi
2754 1003 2823 1056 ab
2849 1002 3020 1057 altero
3050 1003 3164 1057 fieri
3187 1002 3490 1058 delectaris.
3520 1003 3615 1057 Vis
3642 1012 3835 1081 autem

2251 1093 2346 1147 tibi
2377 1093 2576 1147 bonum
2607 1093 2674 1147 ab
2704 1092 2850 1147 omni
2894 1091 3110 1147 homine
3140 1091 3256 1146 fieri
3286 1110 3298 1145 :
3325 1092 3428 1148 hoc
3454 1093 3595 1147 enim
3619 1092 3837 1162 justum

2234 1174 2356 1248 ‘est,
2387 1189 2447 1235 ut
2466 1181 2643 1235 omnis
2670 1181 2831 1236 homo
2858 1180 3059 1247 bonum
3089 1181 3248 1236 faciat
3275 1182 3507 1247 homini;
3537 1184 3662 1251 quia
3691 1197 3835 1237 con—

2254 1279 2334 1327 tra
2379 1272 2639 1342 justitiam
2668 1271 2795 1327 facit
2831 1271 2921 1341 qui
2957 1272 3160 1326 homini
3202 1271 3403 1327 malum
3442 1270 3587 1327 facit.
3618 1272 3833 1327 Malum

2253 1370 2433 1417 autem
2470 1361 2592 1418 dico
2638 1360 2765 1415 illud
2794 1376 2929 1431 opus
2956 1376 3064 1430 quo
3092 1373 3190 1430 per
3216 1375 3435 1431 pravam
3475 1361 3836 1430 cupiditatem

2253 1458 2508 1521 peccatur
2526 1490 2540 1516 ,
2584 1466 2690 1504 non
2717 1465 2824 1519 quo
2849 1466 2948 1520 per
2985 1450 3263 1505 caritatem
3292 1465 3450 1521 paena
3479 1452 3839 1521 peccantibus

2255 1541 2537 1606 irrogatur.
2569 1539 2765 1594 Malum
2795 1554 2934 1594 nunc
2958 1553 3058 1609 ego
3087 1538 3208 1594 dico
3231 1579 3246 1603 ,
3277 1553 3383 1593 non
3412 1555 3519 1609 quo
3547 1540 3838 1609 proximus

2255 1645 2283 1684 a
2314 1631 2469 1700 culpa
2514 1638 2819 1695 revocatur,
2867 1629 2962 1684 sed
2991 1645 3099 1699 quo
3151 1630 3292 1684 Deus
3312 1629 3489 1699 justus
3516 1630 3584 1684 ad
3602 1631 3838 1685 iracun-

2255 1721 2396 1776 diam
2423 1728 2765 1790 provocatur.
2795 1719 2926 1784 Illud
2956 1720 3158 1774 malum
3196 1718 3342 1785 dico,
3384 1736 3490 1774 non
3517 1720 3662 1789 quod
3690 1721 3838 1775 bene

566 1815 903 1886 adjudicatus
930 1821 1087 1868 exeat
1114 1812 1205 1882 qui
1236 1810 1395 1865 fuerit
1421 1823 1577 1875 rens,
1609 1814 1663 1862 et
1688 1808 1862 1863 victor
1898 1803 2150 1860 abscedat
2181 1816 2223 1874 Β
2252 1813 2392 1866 solet
2438 1810 2635 1866 inferre
2667 1810 2928 1866 severitas
2952 1850 2967 1875 ,
3012 1809 3109 1863 sed
3154 1809 3299 1878 quod
3345 1809 3486 1864 male
3512 1818 3838 1879 perpetrare

565 1908 662 1976 qui
688 1897 947 1976 probatur
974 1902 1243 1958 innoxius.
1277 1899 1568 1954 Revertere
1591 1898 1751 1966 igitur
1776 1896 1841 1951 ad
1863 1904 1936 1959 te,
1961 1896 2144 1949 homo.

570 1997 626 2052 In
649 2006 704 2052 te
729 2010 910 2066 qumre
937 1993 1335 2049 accusationem
1354 2033 1370 2058 ,
1396 1990 1448 2044 in
1474 1998 1526 2044 te
1554 2003 1735 2058 qurere
1756 1986 2147 2051 defensionem,

572 2090 625 2143 in
654 2099 709 2143 te
749 2101 928 2158 quaere
950 2084 1231 2154 judicium.
1271 2082 1385 2135 lmo
1417 2089 1473 2134 tu
1503 2087 1620 2133 esto
1656 2086 1712 2133 et
1738 2085 2022 2133 accusator
2044 2116 2059 2141 ,
2096 2085 2151 2128 et

572 2179 850 2242 defensor,
898 2183 955 2230 et
977 2174 1164 2243 judex.
1193 2171 1340 2227 Intra
1382 2170 1435 2224 in
1465 2168 1810 2224 secretarium
1840 2166 2020 2222 cordis
2050 2165 2146 2229 tui,

573 2269 665 2324 ubi
693 2268 794 2323 soli
827 2274 881 2321 te
908 2265 1089 2319 vident
1112 2262 1251 2317 oculi
1280 2260 1493 2315 Domini
1518 2259 1615 2314 Dei
1646 2258 1741 2312 tui.
1764 2257 1841 2312 lbi
1864 2264 1916 2311 te
1937 2271 2146 2317 accusa,

572 2368 632 2413 ut
676 2357 857 2412 valeas
896 2353 1238 2409 accusatione
1291 2351 1525 2405 defendi.
1557 2349 1633 2403 lbi
1671 2357 1726 2404 te
1771 2348 2060 2413 convince,
2092 2355 2152 2401 ut

571 2447 853 2503 victoriam
882 2444 1055 2515 possis
1077 2441 1318 2513 adipisci.
1343 2439 1419 2495 lbi
1441 2448 1493 2495 te
1510 2439 1831 2505 condemna,
1862 2445 1923 2493 ut
1942 2452 2150 2492 merea-

497 2555 501 2559 '
571 2542 647 2595 ris
694 2534 917 2594 absolvi.
949 2535 1026 2589 lbi
1053 2542 1106 2590 te
1129 2533 1297 2603 puni,
1326 2532 1372 2586 si
1412 2531 1492 2586 vis
1523 2531 1590 2585 ab
1617 2540 1833 2585 aeternae
1860 2528 2152 2598 punitiOnis

572 2626 836 2699 supplicio
864 2623 1103 2679 liberari.
1130 2620 1238 2677 Fac
1264 2621 1319 2675 in
1352 2628 1428 2684 te,
1459 2618 1763 2674 Christiane
1782 2656 1797 2681 ,
1820 2631 2007 2672 verum
2033 2630 2153 2671 rec-

573 2733 793 2792 tumque
816 2717 1094 2789 judicium,
1124 2714 1353 2770 sollicite
1374 2720 1581 2769 secreta
1601 2712 1678 2765 tui
1699 2709 1881 2765 cordis
1909 2707 2147 2765 attende.

572 2815 732 2869 Facta
762 2821 853 2866 tua
884 2810 1021 2864 mala
1049 2808 1145 2862 tibi
1173 2816 1299 2861 ante
1327 2806 1512 2861 oculos
1539 2811 1660 2859 tuos
1688 2817 1828 2873 pone
1860 2820 1872 2855 :
1903 2816 2153 2871 qumcun-

572 2920 678 2975 que
706 2902 984 2957 deleveras
1029 2899 1082 2952 in
1113 2897 1303 2951 intimo
1332 2896 1470 2949 libro
1503 2901 1607 2947 tute
1635 2891 2023 2948 recordationis
2062 2904 2151 2945 rc—

574 3008 737 3049 cense
773 2990 1085 3058 frequenter
1106 3002 1169 3041 ac
1189 2987 1396 3054 relege;
1423 2985 1539 3039 sine
1562 2983 1898 3039 conuivenlia
1924 2981 2152 3051 teipsum

2250 1908 2527 1963 consuevit
2579 1906 2851 1974 iniquitas.
2901 1903 3034 1958 lllnd
3070 1904 3268 1959 malum
3308 1919 3455 1957 nunc
3480 1903 3630 1968 dico,
3679 1904 3838 1973 quod

2250 2011 2521 2065 nunquam
2566 2001 2745 2065 potest
2770 2007 2888 2048 esse
2911 1992 3113 2061 justum
3138 2034 3154 2059 ,
3195 1992 3289 2047 sed
3318 2007 3530 2062 semper
3557 1992 3837 2047 invenitur

2250 2084 2522 2153 injustum.
2584 2081 2715 2137 lllud
2744 2065 2943 2136 malum
2985 2081 3144 2145 dico,
3184 2096 3291 2150 quo
3320 2081 3644 2151 delinquitur
3691 2082 3832 2148 Deo,

2252 2190 2357 2228 non
2386 2188 2493 2243 quo
2521 2172 2816 2228 consulitur
2839 2170 3103 2240 proximo.
3135 2169 3269 2224 Illud
3297 2185 3427 2240 ergo
3451 2170 3651 2225 malum
3680 2186 3835 2226 nunc

2250 2263 2371 2318 dico
2395 2304 2409 2328 ,
2439 2261 2584 2331 quod
2612 2261 2689 2316 sic
2730 2269 2814 2315 est
2857 2261 3105 2315 omnibus
3152 2260 3468 2317 facientibus
3494 2260 3693 2315 malum
3720 2302 3735 2327 ,
3768 2271 3836 2318 ut

2252 2352 2381 2407 nulli
2404 2352 2622 2422 patienti
2638 2352 2707 2406 sit
2726 2352 2945 2406 bonum.
2970 2349 3235 2405 Justitiam
3261 2352 3421 2421 igitur
3448 2351 3611 2407 homo
3640 2349 3832 2417 faciet,

2250 2443 2294 2497 si
2326 2443 2520 2496 malum
2544 2441 2674 2496 nulli
2702 2439 2885 2507 faciat,
2913 2434 2970 2495 et
2988 2439 3188 2496 bonum
3217 2440 3466 2496 omnibus
3483 2439 3835 2508 faciat;illud

2251 2542 2429 2589 autem
2468 2533 2600 2588 nulli
2627 2531 2787 2589 faciat
2805 2533 3027 2599 malum,
3056 2548 3087 2586 a
3124 2548 3231 2603 quo
3257 2550 3356 2589 nos
3374 2533 3566 2589 beatus
3596 2534 3833 2605 Aposto-

2251 2627 2335 2683 lus
2362 2625 2610 2697 prohibet
2632 2625 2814 2680 diceds
2848 2642 2861 2678 :
2889 2622 3038 2679 Nulli
3058 2625 3249 2679 malum
3276 2642 3371 2696 pro
3394 2625 3535 2679 malo
3555 2624 3833 2679 reddente:

2254 2716 2429 2789 (Rom.
2468 2733 2542 2772 xu
2565 2757 2581 2783 ,
2614 2715 2724 2786 17).
2769 2714 2975 2783 Quibus
3009 2716 3192 2786 utique
3227 2716 3406 2771 verbis
3432 2715 3645 2787 plenam
3674 2716 3835 2771 nobis

2251 2808 2683 2864 benevolentiam
2712 2806 3127 2863 commendavit.
3158 2805 3273 2861 Non
3303 2806 3445 2861 enim
3483 2805 3619 2861 dixit
3645 2823 3657 2859 :
3690 2805 3835 2861 Nulli

2252 2899 2453 2953 malum
2474 2895 2746 2963 facientes,
2768 2896 2863 2953 sed
2873 2892 3021 2952 Nulli
3052 2898 3242 2951 malum
3262 2914 3356 2968 pro
3370 2897 3507 2952 malo
3533 2897 3835 2953 recidentes.

2253 2984 2551 3041 Ostendens
2577 2999 2767 3056 parum
2788 3000 2908 3041 esse
2923 2982 3229 3040 Christiano
3250 2985 3448 3040 malum
3468 3001 3573 3041 non
3598 2983 3836 3047 inferre,

574 3084 782 3139 discute
805 3090 861 3135 tu
887 3081 1021 3151 ipse,
1050 3086 1105 3132 et
1127 3077 1511 3145 cogitationum
1536 3075 1819 3129 tormentis
1844 3072 2039 3143 alﬂige.
2072 3067 2154 3127 Tu
2254 3077 2356 3133 nisi
2381 3077 2551 3132 discat
2564 3077 2726 3132 etiam
2747 3091 2855 3132 non
2881 3076 3103 3132 referre.
3120 3075 3276 3131 Unde
3300 3076 3829 3146 cognosciturquam

574 3175 629 3228 in
659 3180 709 3227 te
729 3170 928 3240 justam
950 3166 1268 3224 sententiam
1290 3179 1497 3234 promC-
1512 3163 1777 3233 Quidquid
1798 3162 2146 3217 malifecel'as
2173 3178 2218 3240 ο
2252 3166 2541 3237 pessimum
2569 3166 2643 3220 sit
2663 3166 2708 3220 si
2730 3180 2827 3221 nos
2850 3165 3008 3221 alicui
3032 3170 3227 3219 malum
3257 3164 3528 3230 faciamus,
3552 3166 3668 3233 qui,
3699 3181 3841 3219 ma-

569 3262 845 3335 peccando
865 3302 880 3327 ,
908 3260 1038 3331 puni
1065 3258 1334 3313 veraciter
1358 3254 1699 3326 pcenitendo;
1729 3263 1784 3310 et
1800 3255 1965 3325 judex
1992 3253 2150 3311 elice-

2254 3258 2362 3312 lum
2392 3257 2710 3313 facientibus
2738 3258 2873 3324 aliis,
2904 3259 3102 3313 malum
3134 3273 3231 3328 pro
3275 3258 3423 3312 malo
3450 3255 3677 3312 reddere
3718 3274 3835 3314 non

566 3364 658 3407 tus
685 3358 1028 3423 peccatorum
1074 3355 1287 3402 tuorum
1315 3387 1328 3412 ,
1374 3344 1519 3415 quod
1548 3345 1725 3401 facere
1749 3346 1924 3401 solent
1944 3345 2176 3427 judices.
2252 3347 2529 3403 debemus.

564 3442 887 3514 capitalibus
906 3440 1011 3495 reis
1024 3439 1129 3494 hoc
1150 3438 1263 3509 ipse
1284 3436 1367 3493 fac
1385 3437 1754 3507 iniquitatibus
1775 3437 1897 3493 tuis.
1918 3438 2034 3492 Noli
2058 3453 2150 3494 ac-

564 3534 746 3602 cipere
758 3544 1041 3602 personam
1053 3526 1215 3600 574
1223 3535 1388 3593 tuam,
1407 3542 1525 3582 cum
1533 3526 1741 3596 judicas
1751 3543 1964 3582 causam
1982 3535 2144 3584 tuam.

566 3621 673 3677 Sed
716 3635 837 3676 cum
873 3619 1162 3675 severitate
1190 3617 1331 3671 mala
1378 3625 1468 3671 tua
1503 3618 1743 3681 discute,
1801 3632 1921 3672 cum
1965 3619 2148 3689 rigore

568 3713 645 3784 (at
666 3711 871 3781 vigore)
896 3710 948 3764 in
967 3715 1189 3780 peccata
1217 3716 1308 3763 tua
1337 3698 1800 3764 condemnationis
1825 3710 2147 3765 sententiam

565 3816 772 3872 prome,
804 3810 860 3856 et
887 3807 1107 3870 peccata
1135 3812 1254 3868 qua:
1275 3798 1328 3852 in
1354 3805 1407 3853 te
1434 3794 1780 3867 condemnas,
1804 3799 2007 3855 occide.

638 3892 693 3944 4.
718 3889 836 3946 Hoc
856 3896 938 3944 est
958 3898 1138 3943 autem
1159 3895 1382 3957 peccata
1411 3888 1657 3944 occidere
1683 3928 1697 3952 ,
1729 3890 1965 3959 peccatis
1987 3889 2144 3945 dein-

565 3996 693 4050 ceps
731 3979 1036 4034 nullatenus
1062 3978 1303 4032 obedire.
1346 3976 1468 4031 Noli
1495 3991 1625 4046 ergo
1652 3993 1773 4033 esse
1800 3987 2143 4048 peccatorum

563 4069 755 4134 factor,
796 4074 852 4121 et
891 4065 999 4121 ei-is
1027 4066 1256 4121 occisor.
1284 4064 1340 4119 Si
1372 4080 1503 4121 vero
1529 4066 1693 4121 fueris
1720 4067 1773 4119 in
1801 4077 2023 4136 peccata
2050 4076 2142 4123 tua

562 4161 726 4230 judex
744 4159 941 4229 justus,
963 4157 1029 4212 de
1045 4157 1191 4226 justo
1221 4157 1313 4211 Dei
1335 4156 1537 4226 judicio
1565 4158 1715 4212 exies
1745 4158 2043 4222 absolutus.
2071 4159 2143 4213 Ut

560 4256 742 4304 autem
771 4248 824 4302 in
856 4248 1085 4317 teipsum
1109 4245 1312 4314 justum
1354 4245 1525 4315 possis
1554 4246 1827 4301 celebrare
1850 4246 2137 4317 judicium,

560 4339 685 4395 audi
711 4337 1012 4410 apostolum
1043 4336 1265 4391 Paulum
1290 4379 1306 4403 ,
1328 4352 1419 4406 qut
1447 4336 1605 4392 docet
1630 4351 1749 4405 qum
1778 4336 1830 4390 in
1860 4345 1914 4391 te
1939 4337 2140 4394 debeas

558 4446 724 4502 opera
752 4428 1109 4497 mortiﬁcare,
1137 4437 1197 4483 ut
1222 4428 1293 4482 ad
1320 4429 1484 4482 vitam
1506 4429 1688 4484 valeas
1712 4430 2013 4498 pervenire.
2041 4428 2137 4485 Di-

2323 3439 2377 3492 6.
2427 3437 2592 3493 Serva
2643 3439 2822 3507 igitur,
2874 3437 3198 3505 Christiane,
3252 3439 3545 3495 secundum
3589 3438 3833 3509 regulam

2248 3532 2528 3602 justitiam.
2572 3529 2777 3585 Bonum
2806 3530 2963 3603 575
2992 3532 3136 3585 omni
3167 3530 3372 3584 homini
3401 3529 3594 3591 facito;
3627 3528 3831 3583 malum

2250 3636 2379 3677 vero
2410 3635 2509 3676 nec
2552 3620 2718 3675 facias
2763 3620 2940 3683 alicui,
2975 3636 3077 3676 nec
3117 3620 3325 3675 reddas.
3364 3618 3422 3674 Si
3451 3620 3595 3675 enim
3624 3620 3831 3674 malum

2249 3726 2348 3781 pro
2369 3711 2511 3765 malo
2538 3710 2859 3775 reddideris,
2891 3711 3054 3765 etiam
3086 3720 3140 3764 tu
3170 3711 3284 3766 sine
3303 3700 3476 3766 'dubio
3504 3711 3679 3765 malus
3698 3714 3829 3767 eris.

2249 3798 2397 3854 Tunc
2426 3799 2515 3866 ille
2535 3799 2624 3868 qui
2648 3799 2796 3871 prior
2821 3798 2915 3853 tibi
2936 3799 3133 3854 malum
3170 3800 3311 3868 fecit,
3336 3817 3442 3856 non
3474 3802 3626 3857 solus
3650 3803 3833 3858 malus

2246 3894 2508 3963 erit,quia
2539 3894 2747 3949 socium
2773 3894 2990 3949 malitiae
3020 3903 3071 3949 te
3097 3893 3329 3948 habebit.
3354 3892 3488 3948 Cum
3501 3901 3682 3948 autem
3712 3909 3831 3949 cu:-

2244 3987 2388 4056 peris
2429 3987 2625 4041 malum
2653 4002 2752 4056 pro
2782 3987 2923 4041 malo
2951 3986 3193 4051 reddere,
3224 3987 3277 4040 in
3317 3985 3420 4041 hoc
3446 3986 3617 4054 magis
3640 3986 3830 4056 culpa-

2244 4074 2369 4130 bilis
2396 4077 2524 4144 eris,
2568 4077 2690 4147 quia
2712 4078 2911 4131 malum
2948 4076 3094 4145 quod
3124 4078 3175 4131 in
3206 4077 3325 4132 aliis
3352 4078 3658 4132 exsecraris
3677 4119 3694 4144 ,
3720 4078 3832 4132 hoc

2244 4168 2488 4223 imitaris.
2520 4167 2689 4223 Malus
2717 4176 2895 4224 autem
2926 4168 3116 4234 factus,
3146 4184 3251 4223 non
3279 4169 3448 4224 vincis
3475 4169 3700 4234 malum,
3731 4169 3831 4224 sed

2240 4257 2470 4312 vinceris
2516 4273 2546 4311 a
2588 4258 2753 4322 malo,
2803 4266 2860 4313 et
2882 4257 3025 4327 quod
3074 4258 3227 4329 pejus
3272 4266 3394 4324 est,
3443 4275 3552 4315 non
3584 4260 3832 4317 vinceris

2242 4346 2419 4402 alieno
2445 4347 2610 4417 malo,
2647 4350 2741 4404 sed
2769 4357 2879 4405 tuo.
2910 4348 3025 4405 Non
3068 4357 3150 4405 est
3189 4350 3329 4405 enim
3367 4350 3833 4419 quemadmodum

2239 4438 2412 4493 malus
2440 4438 2555 4503 tias,
2594 4439 2695 4492 nisi
2725 4454 2757 4493 a
2783 4439 3023 4495 bonitate
3052 4439 3290 4496 deficias.
3336 4439 3413 4495 lta
3441 4440 3533 4496 ﬁet
3561 4450 3621 4495 ut
3652 4443 3711 4497 in
3741 4456 3833 4498 te-

558 4526 632 4580 cit
659 4525 801 4580 enim
833 4539 848 4577 :
892 4512 1209 4593 Mortiﬁcate
1235 4521 1460 4576 membra
1487 4532 1671 4589 vestra,
1700 4541 1814 4595 qua:
1839 4532 1959 4579 sunt
1985 4542 2139 4597 super
2169 4547 2215 4607 ο
2240 4529 2355 4603 ipso
2383 4544 2663 4585 remaneas
2689 4530 3061 4587 damnabiliter
3087 4532 3257 4587 victus
3275 4573 3292 4599 ,
3314 4532 3360 4587 si
3389 4533 3553 4588 lueris
3584 4543 3693 4588 tuae
3722 4552 3830 4590 vo-

557 4627 765 4682 terram,
799 4614 1192 4687 fornicationem
1214 4653 1228 4677 ,
1259 4613 1638 4668 immunditiam
1662 4655 1676 4679 ,
1702 4615 1985 4683 libidinem,
2019 4635 2139 4672 con-

555 4706 919 4779 cupiscentiam
955 4704 1166 4779 malum,
1198 4713 1246 4756 et
1287 4703 1576 4770 avaritiam,
1623 4721 1737 4776 qua:
1765 4714 1840 4758 est
1877 4706 2132 4760 idolorum

554 4776 766 4853 servitus
791 4814 807 4849 :
837 4806 1046 4866 propter
1081 4776 1195 4865 qua:
1222 4796 1356 4849 venit
1396 4796 1478 4848 ira
1509 4794 1603 4849 Dei
1634 4796 1689 4850 in
1733 4797 1870 4867 ﬁlios
1892 4797 2129 4852 incredu-

553 4890 715 4942 litatis
746 4885 967 4957 (Coloss.
1006 4902 1081 4953 tu,
1110 4885 1164 4951 5,
1196 4885 1274 4956 6).
1307 4884 1445 4941 Ecce
1486 4885 1672 4952 habes,
1723 4887 1904 4953 homo,
1928 4903 2045 4957 quae
2076 4888 2130 4943 in

437 4978 443 4985 '
514 5038 521 5045 δ
552 4985 607 5032 te
629 4977 859 5046 judices,
897 4975 1063 5031 babes
1079 4988 1198 5044 qua:
1226 4973 1578 5037 condemnes,
1602 4989 1722 5043 quae
1759 4974 1813 5029 in
1842 4983 1897 5029 te
1940 4976 2128 5031 morti-

552 5063 701 5120 ﬁces.
726 5063 831 5120 Ista
859 5063 1062 5134 judica,
1092 5074 1147 5119 et
1167 5078 1274 5118 non
1299 5061 1644 5132 judicaberis.
1675 5062 1780 5119 lsta
1807 5065 2123 5133 condemna,

538 5163 606 5229 et
626 5169 736 5210 non
763 5153 1224 5210 condemnaberis.
1252 5151 1357 5208 lsta
1384 5152 1646 5231 mortifica
1665 5193 1681 5219 ,
1714 5162 1769 5209 et
1793 5170 1899 5210 non
1928 5157 2127 5211 morie-

549 5247 643 5303 ris.
683 5246 781 5303 Hic
801 5254 919 5303 esto
945 5245 1316 5302 severissimus
1333 5247 1499 5317 jndex
1522 5287 1537 5313 ,
1577 5248 1666 5317 hic
1692 5257 1808 5303 esto
1835 5247 2127 5302 vehemen-

550 5337 788 5394 tissimus
815 5335 1075 5393 carnifex.
1095 5334 1201 5390 lsta
1223 5344 1371 5391 recte
1398 5337 1787 5392 considerando
1804 5336 2005 5405 judica,
2029 5335 2127 5392 ab-

547 5427 778 5498 jiciendo
800 5426 1082 5484 mortiﬁca.
1108 5424 1166 5481 Si
1188 5425 1329 5480 enim
1352 5434 1572 5496 peccata
1596 5436 1685 5480 tua
1708 5435 1853 5482 recte
1873 5424 2125 5481 conside-

549 5518 774 5581 raveris,
794 5516 1045 5586 judicasti
1065 5534 1078 5582 ;
1100 5515 1144 5573 si
1170 5515 1452 5586 abjeceris,
1485 5516 1745 5573 occidisti.
1778 5515 1847 5572 Ut
1873 5529 2001 5584 ergo
2028 5515 2126 5571 de-

546 5604 739 5662 lendas
764 5614 842 5672 te,
871 5622 1066 5664 accusa
1099 5615 1178 5673 te;
1212 5614 1270 5661 ut
1296 5606 1544 5664 absolvas
1574 5617 1647 5677 te,
1670 5608 1849 5678 judica
1878 5615 1959 5674 te;
1990 5614 2126 5662 etut

548 5698 615 5754 ad
643 5700 925 5754 victoriam
961 5700 1224 5772 perducas
1250 5715 1466 5756 causam
1496 5708 1663 5770 tuam,
1684 5701 1962 5756 considera
1992 5715 2123 5755 con-

541 5788 821 5852 scientiam
841 5796 1009 5843 tnam.
1039 5788 1281 5856 Agnosce
1310 5790 1641 5858 iniquitatem
1666 5799 1829 5857 tuam,
1854 5789 2119 5845 mortifica

2235 4622 2454 4677 luntatis
2475 4622 2605 4677 vitio
2629 4621 2969 4692 depravatus.
3001 4622 3151 4679 Tunc
3188 4624 3369 4692 itaque
3390 4624 3666 4680 hominem
3703 4642 3830 4681 ma-

2235 4710 2344 4765 lum
2373 4711 2670 4767 certissime
2692 4712 2990 4781 superabis,
3013 4713 3058 4768 si
3085 4714 3257 4769 bonus
3286 4714 3401 4784 ipse
3428 4719 3831 4784 permanseris,

2233 4800 2279 4854 si
2320 4816 2426 4856 non
2466 4817 2564 4871 pro
2594 4802 2747 4856 malis
2772 4803 2911 4857 mala
2931 4844 2945 4868 ,
2970 4803 3067 4858 sed
3095 4819 3193 4874 pro
3212 4804 3368 4859 malis
3395 4804 3534 4859 bona
3560 4805 3831 4861 reddide-

2232 4888 2325 4942 ris.
2360 4887 2587 4958 Propter
2613 4888 2756 4958 qqu
2786 4889 3096 4959 Apostolus,
3140 4892 3231 4960 qui
3259 4892 3335 4946 ait
3374 4909 3389 4944 :
3437 4890 3589 4947 Nulli
3616 4896 3833 4949 malum

2229 4996 2323 5047 pro
2374 4980 2510 5033 malo
2549 4980 2850 5045 recidentes;
2887 4982 3047 5051 paulo
3074 4991 3197 5052 post
3217 4983 3345 5038 dicit
3378 5002 3393 5037 :
3426 4982 3553 5038 Noli
3598 4985 3742 5040 vinci
3790 5004 3832 5041 α

2232 5071 2388 5132 malo,
2420 5070 2509 5123 sed
2537 5070 2679 5124 vince
2713 5073 2766 5124 in
2796 5072 2927 5127 bono
2971 5074 3162 5127 malum
3192 5073 3381 5146 (Ibid.,
3408 5077 3518 5146 2|).

2306 5159 2356 5213 7.
2405 5158 2544 5216 Ecce
2594 5170 2649 5215 ut
2689 5161 2820 5216 nulli
2866 5161 3064 5217 malum
3105 5180 3203 5233 pro
3231 5165 3373 5220 malo
3400 5165 3717 5231 reddamus,
3751 5170 3835 5224 ab

2233 5249 2492 5321 Apostolo
2534 5252 2692 5307 simul
2721 5252 3018 5308 audivimus
3050 5272 3062 5307 :
3114 5264 3168 5309 ut
3198 5256 3358 5310 etiam
3389 5257 3636 5312 omnibus
3666 5259 3833 5315 bona

2233 5338 2490 5395 faciamus
2512 5381 2526 5405 ,
2552 5342 2619 5396 ab
2647 5342 2765 5411 ipso
2794 5358 2976 5397 rursus
3000 5346 3246 5413 apostolo
3275 5346 3476 5414 pariter
3502 5347 3830 5415 audiamus,

2231 5433 2322 5501 qui
2351 5433 2424 5487 ait
2452 5451 2464 5486 :
2497 5433 2636 5505 Ergo
2665 5435 2785 5487 dum
2813 5444 3008 5504 tempus
3038 5435 3295 5501 habemus,
3329 5455 3593 5508 operemur
3615 5438 3835 5496 bonum

2219 5523 2297 5575 'ad
2322 5540 2497 5579 omnes
2525 5523 2722 5595 (Galat.
2753 5541 2825 5590 vr,
2859 5526 2967 5595 10).
2998 5526 3148 5583 Tunc
3177 5530 3355 5599 itaque
3401 5529 3621 5585 facimus
3637 5530 3829 5599 justi-

2228 5616 2375 5676 t‘am,
2420 5629 2540 5668 cum
2586 5613 2676 5669 illa
2699 5615 3003 5670 hominibus
3032 5618 3253 5673 facimus
3299 5634 3418 5688 qua:
3439 5620 3595 5675 nobis
3640 5626 3831 5679 volu-

2226 5716 2342 5754 mus
2386 5701 2452 5755 ab
2502 5703 2808 5759 hominibus
2861 5704 2994 5758 fieri.
3053 5705 3199 5762 llanc
3249 5706 3511 5776 justitiam
3551 5710 3835 5769 Salvator

2224 5791 2337 5860 ipse
2365 5793 2745 5850 commendans
2771 5795 2843 5848 ait
2871 5814 2882 5848 :
2916 5794 3105 5849 Omnia
3134 5813 3248 5868 qua:
3279 5800 3428 5854 vultis
3465 5808 3520 5853 ut
3548 5799 3695 5856 vobis
3732 5807 3833 5874 fa.
