4090 6342
239 403 342 458 τιυθ

1303 396 1574 454 CONTRA
1618 392 1966 453 FABIANUM
2011 395 2452 454 FRAGMENTA.

3402 401 3503 455 750

238 521 380 571 ciant
403 516 654 580 liontines,
678 527 856 565 caaem
877 520 924 564 et
951 527 1034 564 vos
1057 511 1212 582 facite
1235 510 1336 564 illis
1365 511 1578 581 (Matth.
1599 509 1814 579 ΝΛΞ).
1849 518 1896 576 Α
1925 519 2161 581 ρταεειρῑ.
2193 510 2259 564 Et
2285 512 2452 565 nescit
2486 511 2610 580 quia
2651 526 2772 565 cum
2803 527 3090 580 pauperem
3117 514 3314 582 premit
3341 555 3354 577 ,
3407 515 3507 569 sibi

240 604 373 670 Ome
421 611 602 658 autem
656 601 815 655 vultis
860 609 917 654 ut
960 600 1112 654 vobis
1168 599 1412 655 homines
1449 598 1670 665 faciant,
1725 599 1827 654 nisi

239 696 420 749 bona?
448 693 507 749 Si
552 702 731 748 autem
762 692 898 746 mala
930 690 1081 744 vobis
1120 690 1350 756 faciant,
1383 706 1491 745 non
1519 705 1638 759 quae
1669 690 1831 743 vultis

239 784 464 839 faciunt.
519 783 660 852 Ergo
691 791 746 835 et
775 797 888 846 vos,
934 780 978 834 si
1007 780 1204 833 malum
1256 795 1355 850 pro
1385 780 1526 834 malo
1571 778 1827 843 reddatis,

238 877 368 944 quia
417 892 526 931 non
570 891 633 930 ea
665 873 838 930 facitis
867 873 1174 928 hominibus
1201 888 1322 942 qua:
1362 873 1523 928 vultis
1551 880 1609 926 ut
1635 871 1834 926 faciant

239 968 426 1035 vobis,
454 983 561 1022 non
584 967 766 1036 utique
795 957 969 1020 facitis
996 963 1139 1032 quod
1163 962 1406 1019 Christus
1434 963 1708 1032 praecepit,
1739 963 1832 1016 sed

240 1061 389 1130 quod
415 1059 661 1114 diabolus
686 1057 974 1128 persuasit.
1019 1055 1362 1126 Quapropter
1390 1063 1448 1110 ut
1464 1055 1728 1124 justitiam
1750 1054 1832 1107 la-

242 1147 403 1205 ciatis
427 1165 585 1219 quam
614 1146 874 1218 praecepit
891 1145 1153 1211 Christus,
1179 1145 1284 1201 hoc
1310 1145 1601 1216 impendite
1627 1144 1834 1199 unicui-

244 1254 358 1307 que
383 1238 608 1303 homini,
635 1237 778 1306 quod
801 1237 955 1293 vobis
986 1236 1052 1290 ab
1081 1237 1328 1290 omnibus
1357 1235 1664 1290 hominibus
1692 1235 1835 1290 desi-

242 1330 451 1385 deratis
480 1329 736 1399 impendi.
786 1329 876 1385 Sic
924 1328 1129 1384 facietis
1155 1327 1416 1397 judicium
1451 1336 1507 1382 et
1530 1327 1790 1397 justitiam
1816 1367 1830 1391 ,

242 1422 312 1477 de
367 1422 562 1492 quibus
611 1437 710 1476 nos
752 1421 1019 1492 propheta
1065 1421 1255 1475 beatus
1282 1419 1576 1476 admonuit.
1606 1419 1836 1475 Facietis

241 1517 395 1571 enim
431 1515 712 1585 judicium,
739 1515 783 1569 si
812 1522 1036 1584 peccata
1067 1521 1243 1568 vestra
1274 1512 1586 1582 paenitendo
1615 1511 1836 1566 damne-

243 1609 339 1675 tis,
375 1616 432 1662 et
460 1606 762 1666 damnando
790 1613 1010 1676 peccata
1054 1605 1190 1659 bene
1211 1605 1423 1658 vivatis.
1456 1603 1691 1658 Facietis
1743 1618 1839 1656 au-

243 1707 362 1753 tem
387 1697 670 1766 justitiam,
699 1698 746 1751 si
773 1697 902 1751 nulli
932 1696 1131 1750 malum
1161 1711 1260 1765 pro
1288 1695 1430 1749 malo
1459 1693 1716 1758 reddatis,
1740 1692 1838 1747 sed

252 1788 508 1841 omnibus
537 1785 846 1841 hominibus
873 1786 1014 1839 bona
1062 1784 1288 1838 faciatis.
1340 1783 1454 1838 lloc
1481 1784 1663 1851 utique
1690 1797 1839 1838 com-

1931 600 2302 669 gravissimum
2351 602 2558 672 pondus
2599 601 2841 672 imponit,
2894 617 2994 657 nec
3022 604 3249 658 attendit
3297 606 3420 672 quia
3464 609 3512 662 si

1932 691 2058 759 quid
2085 691 2154 745 de
2182 705 2420 761 paupere
2447 690 2666 758 cogitat,
2691 691 2758 744 de
2773 691 2949 760 seipso
2977 693 3197 760 cogitat.
3231 691 3343 746 Sibi
3368 695 3513 747 enim

1931 781 2136 836 bonum
2179 782 2474 851 impendit,
2507 781 2725 850 quando
2754 783 2975 851 pauperi
3024 783 3223 836 bonum
3267 784 3409 838 iacit.
3456 785 3514 838 Si

1937 880 2117 927 autem
2169 872 2369 926 malum
2400 873 2598 940 cogitat
2651 872 2824 927 facere
2873 873 3123 941 pauperi,
3155 873 3274 942 plus
3304 876 3516 929 nocebit

1934 963 2035 1017 sibi
2063 979 2224 1033 quam
2251 965 2493 1033 pauperi.

2005 1075 2057 1127 9.
2114 1075 2320 1130 Bonum
2353 1075 2515 1142 igitur
2541 1075 2700 1129 faciat
2733 1075 2882 1129 dives
2911 1076 3162 1146 pauperi,
3195 1085 3250 1131 et
3278 1077 3519 1147 proderit

1935 1165 2057 1219 sibi.
2088 1165 2281 1233 Diligat
2309 1165 2763 1230 misericordiam,
2796 1172 2849 1219 et
2891 1181 3010 1220 eam
3057 1168 3280 1237 pauperi
3305 1184 3518 1239 semper

1936 1255 2240 1326 impendat,
2269 1265 2329 1310 ut
2367 1257 2480 1326 ipse
2510 1258 2932 1314 misericordiam
2964 1259 3018 1312 in
3041 1259 3127 1314 die
3158 1261 3520 1316 tribulationis

1939 1348 2096 1418 (forte
2141 1350 2534 1418 retributionis)
2586 1351 2844 1404 inveniat.
2895 1349 2985 1406 Sic
3025 1366 3082 1406 se
3129 1353 3330 1422 cogitet
3357 1370 3520 1423 super

1937 1439 2210 1494 hominem
2254 1455 2546 1509 pauperem
2586 1439 2818 1508 positum
2846 1481 2860 1506 ,
2893 1447 2950 1493 ut
2977 1441 3286 1495 meminerit
3332 1457 3390 1496 se
3421 1443 3518 1495 sub

1939 1529 2049 1584 Deo
2095 1531 2260 1585 divite
2303 1531 2674 1586 constitutum.
2727 1531 2845 1585 Non
2900 1545 3028 1598 ergo
3073 1531 3280 1586 dubitet
3319 1534 3519 1587 homini

1940 1621 2162 1690 pauperi
2185 1621 2605 1676 misericordiam
2634 1621 2829 1684 facere,
2859 1638 3017 1692 quam
3041 1639 3070 1676 a
3097 1623 3208 1678 Deo
3231 1625 3392 1679 divite
3421 1625 3519 1680 de-

1940 1711 2168 1767 lectatur
2212 1714 2478 1783 accipere.
2525 1714 2859 1769 Recordetur
2907 1731 3024 1770 esse
3054 1717 3219 1771 Deum
3260 1718 3516 1785 judicent,

1928 1802 2031 1869 qui
2060 1802 2222 1856 habet
2248 1811 2501 1856 :eternam
2525 1803 2578 1856 in
2609 1805 2858 1858 omnibus
2884 1814 3226 1874 potestatem.
3250 1807 3342 1862 llle
3373 1808 3517 1862 enim

246 1878 474 1932 mendat
502 1876 790 1946 Apostolus
817 1875 1001 1929 dicens
1030 1891 1042 1926 :
1082 1873 1261 1927 Videte
1289 1890 1352 1926 ne
1381 1874 1493 1944 quis
1515 1874 1708 1926 malum
1744 1889 1838 1943 pro

1948 1891 2087 1946 videt
2113 1893 2352 1945 omnium
2383 1892 2521 1947 facta
2547 1935 2560 1957 ,
2596 1894 2709 1962 ipse
2734 1896 2910 1948 reddet
2938 1898 3211 1966 unicuique
3249 1901 3521 1952 secundum

251 1967 396 2020 malo
419 1968 576 2020 alicui
602 1965 804 2030 reddat,
831 1965 920 2017 sed
949 1980 1144 2034 semper
1168 1963 1305 2033 quod
1344 1963 1532 2017 bonum
1561 1973 1636 2017 cst
1667 1973 1837 2016 secta-

252 2059 386 2110 mini
405 2059 642 2123 invicem,
672 2057 792 2108 etin
815 2071 986 2108 omnes
1010 2053 1063 2120 (Ι
1095 2052 1272 2106 Thess.
1295 2067 1348 2116 v,
1374 2051 1460 2119 15)

330 2151 386 2198 8.
438 2143 574 2210 Quia
626 2158 752 2197 vero
796 2143 934 2196 bona
979 2157 1142 2212 opera
1198 2150 1325 2194 tunc
1374 2142 1512 2196 bene
1560 2149 1616 2195 et
1641 2142 1844 2197 utiliter

249 2235 391 2288 ﬁunt
419 2277 434 2302 ,
468 2249 590 2288 cum
620 2233 687 2287 de
716 2232 856 2285 bona
903 2231 1180 2284 voluntate
1207 2230 1523 2299 procedunt,
1558 2239 1843 2300 pr0pterea

248 2342 376 2382 cum
424 2323 688 2395 propheta
719 2322 942 2377 dixisset
984 2321 1181 2374 debere
1226 2335 1323 2374 nos
1367 2319 1543 2374 facere
1587 2319 1842 2388 judicium

249 2428 308 2473 et
332 2417 622 2487 justitiam,
656 2414 891 2469 addidit:
913 2411 982 2466 Et
1009 2412 1223 2482 diligere
1252 2412 1678 2464 misericordiam.
1711 2409 1844 2476 Quia

249 2506 686 2564 misericordiam
733 2503 967 2557 maxime
1013 2501 1213 2556 debent
1259 2501 1513 2554 sublimes
1558 2500 1846 2554 humilibus

252 2599 596 2669 impendere,
650 2604 704 2650 et
751 2594 943 2649 divites
979 2591 1305 2662 pauperibus
1350 2603 1670 2659 prmrogare.
1724 2588 1848 2644 Haac

187 2709 190 2711 λ
253 2700 442 2744 autem
476 2686 843 2743 misericordia
871 2685 1081 2740 duobus
1103 2681 1435 2751 impenditur
1463 2681 1636 2735 modis
1670 2697 1682 2732 :
1723 2695 1846 2735 cum

251 2779 505 2850 peccanti
546 2785 600 2832 et
628 2776 1019 2831 correctionem
1050 2772 1328 2842 pollicenti
1356 2771 1513 2826 venia
1544 2769 1701 2824 datur
1724 2810 1738 2836 ,
1794 2775 1849 2823 et

252 2885 377 2925 cum
407 2867 662 2935 indigenti
684 2865 827 2934 quod
854 2871 936 2919 est
961 2863 1323 2918 necessarium
1356 2875 1463 2914 non
1493 2866 1736 2925 negatur.
1764 2857 1847 2910 Ad

255 2957 422 3025 hujus
451 2953 830 3011 misericordize
859 2952 1095 3022 pertinet
1123 2964 1323 3020 partes,
1353 2957 1411 3002 ut
1441 2948 1689 3018 superior
1717 2945 1850 3001 infe-

255 3049 461 3102 riorem
513 3061 619 3101 non
649 3043 953 3113 opprimat,
995 3040 1090 3095 sed
1115 3056 1236 3094 cum
1260 3039 1468 3107 justitia
1496 3037 1767 3100 defendat,
1798 3043 1852 3091 et

257 3137 408 3192 dives
425 3134 645 3205 pauperi
661 3133 790 3187 nihil
807 3129 1142 3197 auferat,sed
1154 3144 1445 3199 pauperem
1474 3135 1654 3197 pascat
1682 3135 1736 3182 et
1769 3141 1854 3181 ve-

239 3230 421 3284 ‘sliat:
450 3234 507 3280 ut
534 3225 754 3296 pauperi
778 3240 885 3278 non
936 3222 1234 3287 insidietur,
1265 3221 1358 3276 sed
1383 3237 1502 3276 eum
1533 3222 1712 3290 potius
1743 3222 1854 3275 suis

263 3412 436 3464 homo
489 3407 690 3473 fragilis
731 3414 786 3460 et
833 3405 1107 3460 mortalis?
1161 3405 1287 3472 quid
1340 3404 1583 3474 superbit
1623 3411 1764 3457 terra
1803 3410 1860 3457 et

261 3499 438 3553 cinis?
467 3499 596 3568 quid
627 3512 685 3552 se
708 3511 868 3566 super
894 3511 1189 3565 pauperem
1219 3496 1365 3548 dives
1394 3493 1654 3564 superbus
1680 3493 1858 3548 extol-

265 3590 372 3642 lit?
403 3603 572 3658 quare
599 3601 892 3658 pauperem
922 3585 1185 3654 despicit?
1214 3599 1382 3652 quare
1411 3599 1703 3653 pauperem
1738 3599 1862 3652 pre-

265 3681 366 3734 mit
389 3682 411 3733 ?
438 3680 600 3753 576
625 3694 792 3747 quare
821 3677 1040 3747 pauperi
1074 3691 1288 3746 panem,
1321 3683 1413 3730 aut
1439 3677 1728 3730 tenacitate
1751 3691 1860 3730 non

265 3769 484 3830 tribuit,
516 3779 608 3821 aut
654 3768 952 3837 rapacitate
979 3766 1250 3830 subducit,
1283 3775 1337 3819 et
1366 3765 1444 3839 illi
1470 3766 1553 3819 cui
1592 3765 1752 3819 debet
1791 3764 1857 3818 de

266 3875 368 3914 suo
398 3859 624 3912 multum
656 3857 1073 3912 misericorditer
1117 3856 1317 3925 aliquid
1349 3866 1372 3892 δ
1401 3855 1551 3922 dare,
1591 3855 1856 3909 modicum

267 3948 418 4016 quod
473 3948 635 4002 habet
685 3947 973 4002 crudeliter
1006 3954 1232 4013 conatur
1277 3945 1524 4000 auferre?
1577 3945 1860 3999 Existimat

269 4039 398 4108 quia
426 4055 549 4094 cum
579 4054 868 4109 pauperem
898 4046 1116 4108 gravat,
1169 4037 1406 4106 seipsum
1436 4037 1640 4091 relevet
1668 4055 1681 4091 :
1715 4036 1859 4090 arbi—

299 4136 450 4182 ratur
475 4129 600 4198 quia
630 4144 749 4183 cum
773 4143 1064 4198 pauperem
1108 4123 1348 4192 tribulat,
1380 4124 1482 4181 sibi
1509 4127 1637 4180 boni
1657 4125 1860 4195 aliquid

349 4249 372 4278 ο
403 4239 531 4295 Haec
557 4257 663 4296 vox
681 4242 877 4310 aliquid
904 4244 1114 4298 videtur
1138 4243 1458 4300 redundare.

1943 1999 2101 2052 opera
2142 1999 2235 2035 sua
2266 1981 2479 2052 (Matth.
2513 2000 2620 2050 xvr,
2652 1985 2765 2055 9.7).
2826 1985 2976 2041 Unde
2999 1990 3263 2043 veraciter
3290 1991 3484 2044 dicitur
3505 2033 3520 2051 .

1945 2073 2067 2140 quia
2093 2071 2353 2126 Iudicium
2378 2075 2488 2127 sine
2527 2075 2882 2128 misericordia
2910 2078 2987 2130 illi
3018 2080 3101 2147 qui
3137 2097 3238 2132 non
3281 2082 3400 2150 fecit
3429 2085 3524 2134 mi-

1945 2163 2279 2217 sericordiam
2309 2163 2448 2235 (Jac.
2494 2181 2552 2231 tt,
2583 2165 2670 2234 15)
2696 2205 2712 2228 ,
2734 2174 2791 2231 et
2821 2165 2968 2220 Beati
2992 2169 3377 2235 misericordes,
3403 2189 3524 2239 quo-
3615 2163 3623 2171 ’

1946 2255 2086 2308 niam
2114 2256 2215 2324 ipsi
2255 2258 2661 2311 misericordiam
2706 2269 3076 2328 consequentur
3105 2261 3318 2331 (Matt/1.
3353 2281 3411 2326 v,
3446 2266 3523 2333 7}.

2019 2363 2105 2417 10.
2138 2364 2415 2420 Faciamus
2437 2379 2567 2433 ergo
2584 2366 2844 2435 judicium
2868 2370 3214 2437 etjustitiam,
3246 2374 3527 2440 diligamus

1949 2456 2389 2510 misericordiam.
2417 2456 2548 2510 Cum
2580 2465 2758 2511 autem
2783 2458 3038 2526 judicium
3071 2469 3124 2513 et
3145 2462 3402 2528 justitiam
3446 2465 3527 2516 fa-

1948 2549 2134 2609 cimus,
2167 2547 2588 2602 misericordiam
2618 2548 2902 2616 diligimus,
2933 2566 3053 2604 cum
3077 2551 3186 2605 Deo
3215 2563 3400 2606 nostro
3422 2555 3528 2608 sol-

1949 2637 2091 2690 licite
2114 2637 2467 2691 ambulamus.
2501 2636 2751 2691 Ambulat
2779 2647 2956 2693 autem
2980 2657 3100 2694 cum
3124 2640 3234 2695 Deo
3254 2643 3345 2710 qui
3376 2644 3529 2698 bonis
3610 2677 3614 2681 ι

1951 2725 2190 2779 moribus
2218 2736 2272 2780 et
2311 2726 2562 2794 operibus
2589 2726 2802 2796 prolicit
2825 2768 2840 2791 ,
2873 2729 2964 2797 qui
2993 2729 3231 2784 cmlestia
3262 2734 3490 2786 terrenis
3512 2775 3527 2794 ,

1951 2824 2004 2870 et
2037 2824 2233 2870 acterna
2290 2817 2675 2885 temporalibus
2725 2821 3023 2888 anteponit.
3073 2820 3180 2875 Sed
3219 2831 3438 2892 oportet
3478 2834 3532 2878 ut

1952 2907 2318 2974 unusquisque
2346 2906 2605 2961 sollicitus
2634 2908 2869 2963 ambulet
2899 2909 2984 2962 :id
3015 2918 3113 2975 est,
3145 2918 3202 2965 ut
3231 2928 3337 2966 non
3368 2913 3534 2966 altum

1953 2996 2147 3063 sapiat,
2179 2996 2271 3050 sed
2289 2997 2504 3061 timeat;
2536 3005 2592 3050 ut
2620 2998 2924 3066 superbiam
2956 2999 3139 3067 fugiat,
3169 3008 3222 3054 et
3247 3002 3374 3056 boni
3404 3003 3534 3058 nihil

1955 3085 2067 3138 suis
2088 3086 2292 3139 meritis
2322 3085 2540 3151 tribuat,
2565 3087 2658 3141 sed
2686 3087 2740 3140 in
2762 3089 3010 3143 omnibus
3035 3105 3153 3157 quae
3181 3090 3319 3145 bene
3342 3095 3533 3161 egerit,

1956 3171 2050 3230 Dei
2080 3177 2304 3244 gratiam
2335 3187 2708 3246 recognoscat.
2743 3179 2844 3234 Ista
2875 3181 3180 3237 sollicitudo
3207 3183 3332 3238 facit
3362 3186 3538 3239 homi-

1961 3356 2030 3410 ad
2077 3358 2227 3425 regni
2273 3358 2507 3413 cmlestis
2555 3359 2892 3414 altitudinem
2931 3363 3232 3430 pervenire.
3280 3363 3538 3419 Conversi

1962 3460 2089 3513 ergo
2125 3447 2190 3500 ad
2213 3448 2496 3501 Dominum
2522 3448 2724 3516 pariter
2752 3450 2865 3516 ejus
2894 3451 3317 3506 misericordiam
3343 3454 3540 3523 depre-

1963 3553 2175 3602 cemur,
2216 3547 2276 3591 ut
2320 3539 2473 3592 nobis
2503 3554 2650 3592 suam
2675 3541 2900 3606 gratiam
2929 3542 3202 3608 largiatur.
3233 3559 3336 3612 qua
3368 3546 3539 3613 possi-

1963 3643 2080 3682 mus
2110 3629 2161 3681 in
2194 3629 2346 3682 nobis
2371 3628 2775 3697 ipsisjudicium
2811 3639 3015 3685 rectum
3049 3639 3251 3698 tenere,
3279 3633 3539 3702 justitiam

1965 3718 2174 3773 caeteris
2199 3720 2453 3774 exhibere
2479 3763 2492 3784 ,
2518 3728 2572 3773 et
2596 3761 2609 3785 ,
2640 3721 2920 3789 diligentes
2949 3723 3368 3778 misericordiam
3388 3767 3402 3789 ,
3437 3742 3540 3780 non

1961 3809 2266 3877 opprimere
2295 3825 2558 3879 pauperes
2581 3850 2595 3875 ,
2646 3811 2736 3865 sed
2784 3811 3007 3867 fovere:
3065 3824 3124 3867 ut
3167 3815 3216 3868 in
3248 3827 3540 3884 conspectu

1962 3900 2078 3966 Dei,
2111 3901 2194 3954 cui
2221 3901 2642 3955 misericordiam
2664 3902 3028 3972 judiciumque
3057 3913 3334 3960 cantamus
3367 3905 3540 3974 (Psal.

1965 4008 2016 4054 c,
2051 3991 2102 4060 1)
2130 4033 2143 4056 ,
2177 3994 2666 4061 snperexaltantem
2701 3994 2906 4064 judicio
2945 3997 3365 4052 misericordiam
3398 3999 3541 4052 inve-

1965 4083 2080 4135 nire
2111 4084 2392 4152 possimus.

1330 4419 1661 4519 FIDEI
1739 4409 2494 4517 CATHOLICZE

823 4584 3024 4772 INSTRUMENTA,

1195 4847 1622 4912 EXCERPTA
1668 4845 1772 4904 DE
1816 4843 2070 4904 LIBRIS
2104 4842 2167 4902 S.
2213 4837 2641 4901 FULGENTII

578 4977 998 5079 Contra
1051 4973 1398 5079 Gesta
1452 5004 1700 5110 qum
1773 4964 2315 5069 adversus
2395 4992 2651 5064 eum
2724 4955 3301 5063 Fabianus

1093 5131 1682 5235 haereticus
1737 5122 2060 5260 falsa
2113 5120 2710 5263 conﬁnxit.

449 5410 546 5460 EX
580 5410 804 5458 LIBBO
859 5409 903 5457 l.
945 5409 1043 5456 DE
1079 5406 1224 5454 UNO
1263 5400 1674 5467 ALTISSIMO,
1726 5398 2186 5463 PABAOLETO,
2222 5393 2517 5454 NUNTIO,
2573 5394 2914 5445 DOG'I‘OBE
2970 5398 3062 5446 ET
3107 5400 3382 5452 JUDIGE.

709 5535 866 5605 577
896 5529 1367 5586 FRAGMENTUM
1398 5530 1438 5582 l.

288 5649 460 5704 Filius
508 5655 556 5702 et
602 5647 740 5700 Deus
770 5655 876 5712 est,
925 5655 972 5698 et
1002 5647 1316 5706 altissimus,
1359 5650 1408 5696 et
1451 5642 1551 5694 vita
1576 5638 1863 5712 util’ater:

451 5719 628 5772 eadem
658 5733 852 5788 quoque
873 5733 986 5769 cum
1009 5715 1184 5777 Patre,
1217 5724 1264 5766 et
1295 5713 1532 5766 similiter
1558 5711 1700 5779 facit.

357 5813 524 5867 Miror
550 5819 750 5875 autem,
782 5825 903 5864 eum
937 5823 1002 5862 ex
1031 5808 1132 5863 illis
1157 5804 1462 5861 nominibus
1490 5809 1650 5870 atque
1677 5799 1857 5869 operi-

1891 5526 2088 5587 Dbus,
2143 5537 2243 5592 pro
2292 5531 2385 5576 tuo
2432 5521 2607 5587 libitu,
2636 5520 2755 5575 Filii
2801 5531 2854 5578 et
2884 5525 3110 5593 Spiritus
3156 5532 3326 5586 sancti
3356 5543 3547 5590 merita

1971 5614 2227 5678 metiaris,
2260 5612 2530 5681 quomodo
2558 5628 2665 5667 non
2695 5614 2856 5668 etiam
2885 5617 3099 5671 nomina
3131 5618 3219 5673 illa
3273 5638 3547 5696 operaque

1975 5702 2296 5765 consideres,
2328 5702 2520 5770 quibus
2551 5701 2723 5756 Patris
2751 5713 2804 5758 et
2827 5705 2942 5759 Filii
2975 5723 3079 5762 una
3107 5711 3365 5767 celsitudo
3392 5726 3549 5769 natu-

1973 5793 2100 5848 ralis
2129 5791 2444 5848 ostenditur.
2486 5791 2614 5846 Nam
2645 5792 2767 5846 dum
2798 5794 2992 5851 dicitur
3017 5815 3027 5849 :
3067 5798 3130 5852 In
3159 5804 3411 5868 principio
3433 5815 3544 5858 erat
