4064 6358
585 356 674 410 751

1603 364 1658 420 S.
1700 361 2059 418 FULGENTll
2097 362 2398 418 EPISCOPI
2440 364 2806 421 RUSPENSIS

3737 363 3847 419 753

593 468 827 532 Verbum,
878 479 924 522 et
976 471 1191 525 Verbum
1233 481 1342 524 erat
1383 475 1520 542 apud
1561 473 1742 540 Deum,
1789 487 1838 529 et
1867 475 2006 530 Deus
2037 485 2147 529 erat
2180 483 2222 537 Α
2256 492 2469 545 quoque
2511 494 2734 547 operum
2769 477 2996 532 naturali
3041 475 3320 546 majestate
3350 478 3680 542 concordat;
3719 479 3846 546 ipso

483 633 490 644 1
593 559 809 612 Verbum
839 558 1016 629 (Ioan.
1052 577 1086 623 ι,
1118 559 1208 627 l);
1254 561 1304 613 in
1335 562 1512 617 nihilo:
1531 578 1725 620 nomen
1756 564 1876 618 Filii
1918 581 1948 618 a
1978 565 2152 620 nomi-

581 664 649 702 ne
677 647 850 703 Patris
878 651 1051 703 minus
1073 664 1191 704 esse
1231 653 1608 719 cognoscitur;
1640 670 1762 710 cum
1804 657 1942 710 sicut
1969 655 2148 718 Pater,

579 741 651 792 ita
677 747 732 792 et
761 737 942 799 Filius,
972 739 1063 792 Dei
1097 740 1312 794 nomine
1341 757 1449 796 non
1481 744 1746 812 privatur:
1779 744 1913 800 Item
1930 745 2152 800 Patrem

575 830 823 883 novimus
849 827 1162 883 altissimum
1192 830 1318 898 dici,
1356 833 1449 887 sed
1483 833 1672 888 Filium
1701 851 1915 906 quoque
1945 845 2151 892 certum

579 929 660 974 est
692 920 800 974 hoc
838 921 1055 974 nomine
1085 924 1399 991 nuncupari.
1442 924 1576 979 Nam
1631 925 1842 981 Patrem
1887 927 2156 981 invenitur

578 1008 792 1064 Gabriel
822 1011 1043 1078 angelus
1071 1011 1140 1064 ad
1160 1011 1381 1066 Mariam
1405 1015 1650 1083 loquens,
1673 1017 1990 1070 altissimum
2019 1032 2155 1070 nun-

577 1117 793 1170 cupare,
810 1104 970 1175 578
983 1119 1105 1158 cum
1121 1104 1276 1159 dicit:
1302 1104 1434 1160 Ecce
1449 1109 1667 1178 accipies
1684 1111 1739 1162 in
1759 1119 1902 1164 utero
1921 1119 1970 1163 et
1986 1110 2154 1180 paries

576 1194 760 1261 lilium,
791 1204 839 1246 et
868 1195 1068 1248 vocabis
1093 1212 1276 1250 nomen
1298 1199 1410 1267 ejus
1435 1197 1634 1252 Iesum.
1663 1199 1764 1253 llic
1787 1202 1885 1253 erit
1916 1216 2151 1270 magnus,

576 1291 624 1334 et
655 1281 823 1337 Filius
853 1284 1103 1338 Altissimi
1131 1286 1390 1339 vocabitur
1413 1286 1561 1356 (Luc.
1597 1304 1632 1352 ι,
1660 1288 1747 1352 5i,
1777 1288 1890 1356 5‘2).
1927 1289 2000 1343 De
2039 1290 2155 1358 ipso

578 1388 706 1429 vero
734 1373 869 1430 Filio
901 1376 1088 1430 beatus
1118 1375 1284 1429 David
1313 1377 1491 1432 divina
1528 1380 1765 1449 repletus
1801 1379 2155 1450 inspiratione

575 1467 654 1520 sic
677 1466 870 1520 cecinit
895 1485 906 1518 :
941 1465 1111 1520 Mater
1143 1467 1270 1520 Sion
1299 1468 1421 1522 dicit
1445 1485 1462 1521 :
1490 1468 1661 1524 Homo
1691 1471 1858 1540 factus
1884 1480 1959 1522 est
1987 1471 2041 1522 in
2069 1485 2150 1533 ea,

577 1563 626 1609 et
670 1559 780 1626 ipse
827 1558 1060 1628 fundavit
1109 1574 1224 1611 eam
1263 1558 1557 1614 Altissimus
1605 1559 1775 1630 (Psal.
1811 1575 2029 1623 LXXXVI,
2074 1558 2151 1628 5).

577 1647 709 1713 Quis
739 1655 918 1701 autem
940 1662 1162 1716 operum
1188 1648 1446 1702 unitatem
1477 1648 1531 1702 in
1563 1647 1720 1702 Patre
1749 1656 1804 1703 et
1828 1649 1962 1703 Filio
1988 1649 2154 1702 dene-

576 1754 704 1808 gare
751 1740 964 1803 audeat,
1013 1755 1134 1794 cum
1184 1741 1297 1809 ipse
1325 1739 1491 1794 Filius
1522 1739 1709 1794 eadem
1759 1755 1922 1810 opera
1952 1754 2071 1793 esse
2099 1748 2155 1792 et

2256 566 2391 621 Filio
2419 568 2668 623 dicente:
2722 569 2866 621 Sicut
2917 568 3053 621 enim
3089 567 3248 622 Pater
3287 567 3500 621 suscitat
3529 578 3763 621 mortuos
3793 579 3845 620 et

2254 660 2493 729 viviﬁcat,
2527 661 2600 713 sic
2626 670 2674 714 et
2702 659 2872 714 Filius
2892 677 3018 731 quos
3040 661 3143 715 vult
3169 662 3394 731 viviﬁcat
3438 659 3616 732 (Ioan.
3647 677 3697 724 v,
3722 659 3782 711 2|
3799 659 3843 729 ).

2257 748 2369 804 Hoc
2398 757 2575 804 autem
2615 749 2819 817 dicens,
2850 757 2907 805 et
2943 750 3225 815 unitatem,
3277 757 3333 804 et
3359 749 3649 820 perfectam
3678 757 3842 818 pote-

2254 847 2448 894 statem
2477 847 2713 908 paterna:
2754 855 2819 894 ac
2846 856 2954 895 sua:
2999 841 3293 896 voluntatis
3320 839 3572 896 ostendit.
3605 839 3722 893 Non
3754 846 3842 891 est

2255 931 2342 986 hic
2366 944 2494 1009 ergo
2526 932 2772 986 voluntas
2801 931 3015 997 inﬁrmi,
3049 949 3155 988 non
3185 940 3268 986 est
3297 947 3432 1001 opus
3461 930 3633 984 inviti.
3669 928 3840 982 Filius

2256 1022 2399 1076 enim
2425 1037 2560 1090 quos
2583 1022 2695 1075 vult
2720 1021 2955 1076 viviﬁcat
2981 1040 2996 1086 ;
3029 1023 3124 1077 sed
3146 1023 3265 1077 illos
3288 1021 3472 1091 procul
3500 1021 3665 1074 dubio
3695 1017 3836 1072 vivi-

2259 1115 2382 1168 licat
2431 1111 2595 1166 Filius
2633 1125 2769 1182 quos
2809 1111 3043 1166 viviﬁcat
3083 1110 3278 1166 Pater:
3325 1124 3661 1180 quascunque
3691 1109 3837 1162 enim

2257 1201 2417 1256 Pater
2448 1202 2593 1268 lacit,
2627 1202 2737 1256 lucc
2766 1211 2820 1255 et
2848 1199 3013 1254 Filius
3040 1201 3185 1256 facit.
3233 1199 3320 1255 Sic
3351 1200 3512 1254 etiam
3557 1213 3699 1267 quos
3725 1197 3839 1250 vult

2257 1293 2420 1348 Filius
2447 1292 2705 1358 viviﬁcat,
2731 1294 2893 1365 579
2918 1293 3058 1347 sicut
3088 1293 3244 1346 Pater
3268 1306 3404 1360 quos
3426 1291 3537 1344 vult
3557 1290 3836 1344 vivilicat:

2255 1398 2589 1451 qumcunque
2623 1384 2764 1437 enim
2795 1381 2955 1436 Pater
2983 1383 3130 1448 facit,
3158 1396 3263 1436 non
3293 1380 3463 1435 solum
3489 1379 3681 1434 eadem
3713 1377 3839 1431 facit

2256 1473 2438 1538 Filius,
2471 1475 2564 1528 sed
2593 1483 2647 1528 et
2692 1475 2936 1528 similiter
2971 1473 3117 1528 facit.
3162 1473 3217 1526 ln
3245 1474 3345 1527 hac
3386 1473 3590 1526 unitate
3631 1473 3836 1540 operis,

2258 1581 2363 1621 una
2393 1567 2640 1621 voluntas
2669 1574 2752 1618 est
2780 1565 3054 1618 naturalis.
3082 1563 3213 1616 Nam
3243 1563 3287 1616 si
3310 1577 3372 1616 ea
3403 1577 3520 1631 qua:
3543 1559 3709 1614 Pater
3740 1575 3832 1614 vo—

2255 1657 2373 1712 lens
2399 1656 2544 1720 facit,
2578 1655 2778 1709 invitus
2820 1654 2994 1708 facere
3032 1653 3226 1708 dicitur
3253 1651 3417 1705 Filius
3441 1690 3456 1716 ,
3499 1649 3688 1704 eadem
3721 1650 3837 1717 qui-

2256 1749 2378 1804 dem
2402 1747 2550 1814 facit,
2567 1747 2658 1802 sed
2677 1763 2780 1802 non
2797 1746 3041 1800 similiter
3060 1744 3214 1798 facit:
3238 1743 3333 1798 sed
3345 1743 3550 1797 Veritas
3568 1741 3703 1796 dicit
3715 1741 3836 1810 quia

576 1845 669 1883 sua
699 1830 857 1884 simul
885 1837 939 1884 et
969 1829 1141 1884 Patris
1169 1831 1459 1884 ostendat?
1489 1830 1578 1883 Ait
1605 1830 1747 1883 enim
1774 1847 1785 1881 :
1823 1828 2147 1898 Qutecunque

2263 1837 2511 1893 eteadem
2532 1846 2586 1890 ct
2616 1823 2860 1890 similiter
2889 1834 3034 1890 facit.
3077 1835 3408 1902 Agnoscatur
3425 1845 3552 1900 ergo
3575 1831 3838 1885 naturalis

576 1920 737 1974 Pater
765 1923 909 1990 facit,
935 1920 1046 1973 ἠως
1075 1921 1252 1974 eadem
1282 1930 1329 1973 et
1350 1919 1397 1972 F
1401 1917 1520 1974 ilius
1551 1921 1676 1990 facit
1699 1919 1936 1973 similiter
1966 1918 2154 1991 (Ioan.

574 2027 628 2072 ν,
662 2011 771 2081 l9).
817 2011 917 2065 Ubi
945 2011 1180 2065 ostendit
1226 2013 1368 2064 inter
1409 2009 1624 2064 Patrem
1653 2019 1709 2064 et
1734 2009 1926 2064 Filium
1954 2009 2147 2064 divinae

578 2103 906 2172 operationis
946 2101 1140 2165 omcia,
1188 2117 1288 2156 nec
1337 2102 1614 2156 dissimilia
1645 2117 1762 2157 esse
1789 2102 2144 2170 aliquatenus,

578 2208 676 2246 nec
704 2192 892 2246 divisa.
935 2192 1036 2257 Qui
1065 2193 1207 2246 enim
1236 2190 1422 2246 eadem
1477 2199 1530 2246 et
1557 2192 1801 2246 similiter
1835 2190 1983 2259 facit,
2014 2191 2150 2245 sicut

577 2298 683 2336 non
707 2283 836 2348 alia,
866 2282 945 2336 sic
975 2296 1080 2336 non
1109 2282 1266 2336 aliter
1292 2280 1417 2336 facit
1443 2299 1457 2347 ;
1505 2281 1630 2336 dum
1661 2297 1792 2337 vero
1817 2294 2150 2351 qumcunquc

577 2371 738 2425 Pater
758 2371 902 2432 facit,
935 2372 1050 2426 bmc
1071 2371 1260 2426 eadem
1285 2380 1340 2426 et
1365 2371 1530 2426 Filius
1550 2370 1679 2426 facit
1705 2372 1949 2426 similiter
1972 2390 1986 2437 ;
2014 2373 2151 2427 sicut

577 2461 708 2514 nihil
733 2470 818 2514 est
844 2460 897 2513 in
920 2461 1236 2529 operatione
1264 2460 1511 2524 divisum,
1537 2462 1614 2516 sic
1635 2461 1764 2515 nihil
1789 2469 1870 2516 est
1890 2462 1942 2516 in
1958 2462 2152 2515 virtute

577 2552 861 2608 diversum.
890 2551 1194 2608 Concordat
1217 2565 1346 2621 ergo
1370 2551 1544 2607 Patris
1563 2561 1618 2607 et
1633 2552 1750 2606 Filii
1773 2568 1874 2606 una
1896 2561 2084 2607 natura
2100 2554 2152 2605 in

578 2642 781 2697 unitate
805 2644 1002 2713 operis,
1022 2651 1076 2698 et
1097 2644 1150 2699 in
1171 2643 1501 2713 operationis
1516 2643 1860 2699 similitudine
1876 2658 1979 2696 una
1997 2641 2154 2696 reful-

578 2741 664 2801 get
685 2735 1075 2804 omnipotentia
1098 2734 1331 2789 deitatis.
1356 2732 1508 2799 Quod
1525 2734 1570 2788 si
1594 2735 1730 2788 alter
1750 2733 1891 2788 Deus
1911 2740 2054 2788 esset
2073 2731 2156 2785 Fi-

579 2824 699 2890 lius,
724 2841 831 2880 non
857 2825 1042 2881 eadem
1064 2841 1182 2894 qua:
1199 2825 1360 2881 Pater
1380 2826 1508 2881 facit
1528 2833 1583 2880 et
1605 2826 1717 2894 ipse
1739 2824 1968 2888 faceret;
1990 2823 2032 2878 si
2058 2838 2148 2877 ve-

572 2930 644 2969 ro
665 2915 842 2970 minor
867 2924 1010 2970 esset
1032 2914 1203 2969 (leitas
1228 2915 1366 2977 Filii,
1383 2930 1501 2984 qua:
1524 2915 1650 2968 facit
1673 2914 1885 2978 eadem,
1910 2914 2156 2967 similiter

579 3021 686 3059 non
713 3005 963 3060 fecisset:
1015 3005 1109 3058 sed
1155 3005 1280 3060 dum
1311 3005 1499 3060 eadem
1547 3011 1672 3057 sunt
1719 3002 1894 3057 Patris
1939 3011 1994 3057 et
2035 3003 2153 3056 Filii

581 3111 765 3164 opera,
796 3111 824 3148 a
857 3094 1015 3149 Patre
1044 3103 1098 3148 et
1127 3094 1261 3148 Filio
1310 3095 1556 3148 similiter
1586 3093 1744 3158 facta,
1796 3093 2157 3147 indubitanter

2250 1929 2448 1995 unitas,
2471 1937 2523 1981 et
2544 1927 2837 1995 majestatis
2850 1925 3146 1993 :equalitas,
3160 1925 3248 1978 ubi
3261 1933 3360 1978 nec
3382 1922 3434 1976 in
3454 1937 3640 1992 opere,
3664 1935 3768 1974 nec
3789 1921 3836 1972 in

2250 2019 2528 2074 voluntate
2557 2025 2736 2086 potest
2779 2031 2897 2070 esse
2942 2015 3239 2069 diversitas.
3279 2013 3387 2068 Cur
3420 2013 3580 2082 igitur
3609 2010 3836 2065 diversi-

2255 2116 2419 2162 tatem
2449 2115 2678 2173 naturaa,
2723 2115 2778 2160 et
2808 2106 2986 2160 nescio
3015 2120 3177 2174 quam
3213 2104 3632 2173 inaequalitatem
3664 2101 3835 2154 Patris

2254 2214 2316 2253 ac
2340 2198 2478 2261 Filii,
2503 2214 2570 2252 ex
2601 2198 2706 2252 illis
2732 2213 2851 2267 qum
2880 2197 3106 2266 posuisti
3131 2195 3435 2250 nominibus
3462 2203 3626 2264 atque
3653 2193 3832 2262 operi-

2253 2289 2350 2343 bus
2394 2289 2613 2352 asseris,
2655 2297 2709 2342 et
2737 2289 3098 2357 aequalitatem
3129 2286 3302 2341 Patris
3343 2302 3405 2341 ac
3447 2285 3566 2338 Filii
3613 2299 3681 2338 ex
3726 2282 3836 2337 istis

2253 2395 2372 2450 qua:
2416 2380 2830 2434 commemoravi
2872 2379 3174 2433 nominibus
3217 2384 3379 2444 atque
3424 2375 3680 2444 operibus
3728 2388 3832 2426 non

2255 2470 2499 2536 agnoscis
2527 2469 2550 2508 ν

2765 2595 3236 2654 FRAGMENTUM
3266 2595 3308 2650 ll

2617 2707 2754 2764 Deus
2781 2711 2939 2764 Pater
2967 2711 3122 2762 etiam
3154 2709 3480 2761 Paracletus.

2329 2823 2407 2877 Tu
2433 2823 2628 2893 quippe
2657 2821 2833 2876 dixisti
2863 2822 2988 2890 quia
3019 2821 3160 2875 Deus
3190 2818 3367 2883 Pater,
3403 2819 3494 2887 qui
3536 2809 3688 2871 nullo
3734 2817 3834 2869 mi.

2257 2929 2376 2977 nor,
2409 2913 2646 2982 nullique
2672 2912 2944 2980 subjectus
2967 2921 3066 2974 est,
3099 2911 3186 2987 illa
3209 2909 3355 2964 omni
3384 2908 3688 2962 humilitate
3718 2923 3842 2976 ope-

2259 3019 2378 3059 rum
2422 3019 2484 3057 ac
2515 3003 2786 3070 nominum
2816 3011 2982 3056 caret.
3027 3001 3103 3056 Ac
3141 3001 3368 3070 primum
3398 3014 3665 3068 cognosce
3699 2997 3845 3067 quod

2259 3095 2400 3150 Dens
2426 3093 2587 3148 Pater
2607 3109 2712 3148 non
2749 3101 2931 3148 careat
2977 3091 3239 3146 Paracleti
3285 3105 3467 3160 opere,
3515 3099 3570 3142 nt
3617 3103 3684 3141 ex
3735 3089 3847 3140 hoc

579 3185 883 3255 agnoscitur
927 3200 1032 3238 una
1083 3183 1256 3239 Patris
1284 3183 1512 3255 Filiique
1559 3192 1771 3238 natura.
1811 3182 1947 3238 Audi
1984 3183 2158 3238 adhuc
2187 3200 2231 3262 ρ
2262 3183 2436 3240 discas
2468 3200 2572 3238 non
2615 3193 2824 3239 certare
2862 3183 2930 3237 de
2962 3182 3196 3236 nomine.
3231 3179 3438 3235 Etenim
3479 3179 3522 3232 si
3573 3179 3627 3232 in
3679 3175 3847 3230 Patre

580 3277 887 3338 naturalem.
908 3274 1081 3330 Patris
1102 3286 1156 3332 et
1177 3277 1316 3342 Filii,
1350 3285 1462 3332 tam
1491 3277 1544 3332 in
1576 3277 1880 3332 nominibus
1907 3291 2068 3347 quam
2100 3277 2154 3331 in

573 3369 834 3438 operibus
879 3370 1158 3423 unitatem.
1200 3368 1338 3424 Dicit
1380 3370 1523 3424 enim
1550 3369 1758 3424 Filius:
1811 3367 1960 3422 Sicut
2006 3364 2159 3419 habet

579 3460 741 3514 Pater
770 3461 926 3514 vitam
951 3462 1004 3514 in
1032 3462 1327 3528 semetipso,
1359 3463 1432 3514 sic
1461 3461 1600 3514 dedit
1624 3471 1672 3514 et
1704 3459 1842 3514 Filio
1871 3461 2026 3514 vitam
2061 3458 2157 3512 ha-

531 3623 539 3636 .
579 3557 696 3608 bere
723 3555 776 3606 in
799 3555 1070 3623 semetipso
1101 3553 1286 3624 (Ibid.,
1321 3553 1434 3625 26).
1482 3553 1596 3610 Hoc
1626 3562 1806 3610 autem
1833 3563 1916 3608 est
1942 3553 2158 3608 Patrem

579 3646 716 3700 Filio
743 3646 906 3700 vitam
929 3646 1158 3710 dedisse,
1191 3647 1334 3715 quod
1360 3656 1442 3701 est
1478 3647 1640 3701 vitam
1667 3647 1856 3701 Filium
1877 3647 2154 3718 genuisse.

579 3743 738 3797 Dedit
782 3742 925 3796 enim
971 3739 1130 3794 Pater
1158 3741 1293 3795 Filio
1321 3742 1483 3795 vitam
1516 3742 1716 3796 habere
1764 3743 1816 3796 in
1846 3741 2157 3809 semetipso,

579 3831 673 3886 sed
696 3831 833 3886 sicut
865 3829 1038 3895 Pater,
1081 3829 1201 3898 jure
1225 3832 1605 3898 generationis,
1641 3847 1748 3886 non
1795 3845 2018 3885 munere
2045 3830 2157 3900 la_r-~

579 3924 780 3992 gitatis.
823 3922 890 3977 Et
933 3923 1051 3978 vide
1080 3923 1310 3991 qualiter
1351 3923 1498 3977 dedit
1525 3922 1660 3977 Filio
1691 3922 1854 3976 vitam
1885 3922 2083 3975 habere
2108 3920 2161 3974 in

581 4016 897 4083 semetipso,
931 4015 1069 4068 sicut
1111 4014 1272 4068 habet
1302 4015 1485 4082 utique
1514 4011 1674 4068 Pater
1699 4013 1862 4068 vitam
1888 4013 1940 4066 in
1965 4020 2164 4067 semet-

583 4104 720 4172 ipso.
763 4101 937 4156 Habet
983 4111 1160 4155 autem
1207 4099 1363 4154 Pater
1413 4102 1574 4155 vitam
1604 4103 1654 4156 in
1685 4103 1991 4172 semetipso,
2039 4101 2164 4169 quia

583 4201 667 4246 est
695 4191 1009 4245 naturaliter
1037 4191 1145 4243 vita
1172 4208 1184 4243 :
1229 4191 1454 4260 proinde
1483 4201 1537 4246 et
1582 4193 1718 4247 Filio
1772 4192 1970 4246 habere
1999 4192 2163 4244 vitam

583 4286 637 4339 in
667 4283 957 4351 semetipso
987 4282 1150 4348 dedit,
1183 4283 1306 4351 quia
1329 4282 1518 4336 Filium
1547 4283 1710 4336 vitam
1736 4283 2050 4336 naturaliter
2068 4294 2164 4348 ge-

585 4375 722 4429 nuit.
765 4371 895 4430 ldeo
921 4373 1110 4427 beatus
1136 4371 1371 4428 Joannes
1399 4373 1566 4427 vitam
1598 4373 1788 4427 Filium
1820 4389 1927 4426 non
1964 4372 2164 4428 desinit

583 4465 897 4536 prtedicare,
923 4463 1109 4518 dicens
1137 4464 1203 4518 de
1229 4463 1320 4518 illo
1346 4482 1357 4515 :
1396 4463 1498 4518 Hic
1524 4475 1600 4517 est
1623 4479 1766 4517 verus
1796 4462 1954 4526 Deus,
1983 4472 2035 4516 et
2061 4464 2164 4517 iita

2262 3290 2397 3344 opus
2418 3274 2574 3343 hujus
2605 3273 2835 3328 nominis
2864 3272 3248 3337 invenerimus,
3276 3284 3492 3325 necesse
3520 3283 3632 3323 non
3655 3268 3760 3322 erit
3788 3274 3847 3319 ut

2259 3367 2326 3422 de
2357 3367 2572 3420 nomine
2600 3363 3017 3420 demonstrando
3049 3358 3248 3431 aliquid
3278 3362 3638 3431 disputemus.
3691 3359 3846 3412 Para-

2260 3458 2431 3513 cletus
2458 3458 2509 3511 in
2544 3455 2731 3509 Latina
2754 3457 2953 3521 lingua,
2980 3469 3084 3508 non
3107 3454 3278 3507 solum
3304 3453 3631 3516 Advocatus,
3656 3466 3844 3505 verum

2261 3548 2424 3602 etiam
2448 3545 2772 3600 Consolator
2797 3545 3011 3599 dicitur.
3054 3533 3197 3597 Audi
3221 3555 3349 3610 ergo
3377 3535 3505 3609 quid
3550 3540 3845 3610 Apostolus

2245 3638 2327 3693 'de
2358 3639 2467 3692 Deo
2499 3635 2657 3690 Patre
2701 3635 2864 3696 dicat,
2912 3642 2966 3688 et
2993 3649 3060 3688 ex
3090 3646 3217 3687 vero
3259 3631 3652 3686 consolationis
3683 3644 3850 3700 opere

2260 3730 2543 3784 veritatem
2574 3727 2668 3782 Dei
2696 3724 3054 3781 consolatoris
3084 3737 3335 3792 agnosce.
3385 3721 3680 3791 Apostolus
3707 3734 3850 3774 nem-

2261 3837 2330 3892 pe
2357 3821 2597 3876 scribens
2626 3818 2692 3872 ad
2714 3817 3024 3872 Corinthios
3050 3816 3121 3869 ita
3147 3814 3275 3868 dicit
3302 3832 3314 3864 :
3367 3812 3678 3866 Benedictus
3708 3811 3850 3864 Deus

2263 3924 2311 3966 et
2340 3910 2499 3964 Pater
2531 3909 2738 3963 Domini
2762 3907 2926 3960 nostri
2955 3904 3080 3959 Iesu
3103 3900 3316 3966 Christi,
3355 3900 3518 3954 Pater
3547 3901 3850 3953 misericor-

2264 4004 2489 4066 diarum,
2543 4011 2591 4056 et
2632 3999 2771 4054 Deus
2811 3999 2964 4052 totius
3013 3994 3404 4056 consolationis,
3434 3992 3521 4063 qui
3550 3992 3853 4045 consolatur

2263 4111 2357 4150 nos
2394 4095 2448 4147 in
2479 4093 2617 4147 omni
2650 4089 2980 4151 tribulatione
3022 4095 3203 4140 nostra
3235 4083 3323 4156 (II
3358 4083 3478 4137 Cor.
3511 4099 3547 4147 t,
3582 4082 3660 4152 5).
3695 4081 3854 4147 Quod

2265 4184 2317 4237 in
2340 4182 2528 4236 Graeco
2555 4180 2631 4236 sic
2652 4179 2879 4232 habetur
2905 4195 2915 4228 :
2948 4173 3271 4246 Εὐλογητὸςὸ
3301 4175 3426 4232 Θεὸς
3445 4175 3532 4225 καὶ
3559 4177 3736 4245 Πατήρ
3763 4176 3857 4224 τοῦ

2265 4277 2459 4346 Κυρίου
2498 4275 2635 4342 ἡμῶν
2661 4276 2820 4329 Ἰησοῦ
2855 4273 3108 4337 Χριστοῦ,
3153 4265 3177 4319 ὁ
3229 4270 3399 4337 Πατήρ
3437 4271 3538 4318 τῶν
3577 4265 3859 4336 οἰκτιρμῶν

2264 4364 2493 4422 καὶΘεός
2534 4363 2707 4420 πάσης
2751 4360 3140 4435 παρακλήσεως.
3184 4355 3209 4410 ὁ
3259 4356 3567 4430 παρακαλῶν
3593 4357 3736 4422 ἡμᾶς
3775 4357 3860 4408 ἐπὶ

2266 4457 2408 4527 πάσῃ
2429 4462 2491 4523 τῇ
2515 4452 2684 4523 aut“
2709 4453 2804 4521 ἡμᾶ
2821 4473 2847 4503 ν
2875 4450 2950 4520 (in
2975 4447 3112 4502 Bibl.
3142 4446 3327 4516 ὑμῶν).
3363 4444 3462 4499 Ubi
3492 4443 3859 4498 consolationi

584 4535 780 4610 teter-na
810 4553 862 4626 (I
889 4554 1047 4610 Ioan.
1073 4571 1126 4620 v,
1153 4553 1264 4624 20),
1301 4554 1418 4609 Alio
1447 4571 1661 4624 quoque
1691 4555 1810 4623 loco
1839 4554 1976 4608 sicut
2004 4555 2159 4608 vitam

2272 4545 2446 4600 Patris
2474 4543 2901 4599 consolationem
2931 4554 3147 4608 quoque
3177 4538 3294 4592 Filii
3335 4535 3689 4605 conjungens,
3737 4541 3864 4603 post

585 4649 716 4702 dicit
765 4645 1001 4710 Patrem,
1051 4646 1128 4699 sic
1156 4645 1319 4698 vitam
1348 4644 1478 4700 dicit
1517 4654 1571 4699 et
1599 4643 1790 4699 Filium
1824 4664 1837 4707 ;
1870 4647 1945 4699 ait
1973 4647 2114 4701 enim
2147 4665 2158 4698 :

587 4737 740 4802 Quod
768 4747 878 4791 erat
916 4737 979 4790 ab
1014 4737 1189 4802 initio,
1229 4738 1366 4808 quod
1407 4739 1714 4802 audivimus,
1765 4738 1900 4807 quod
1946 4739 2164 4791 vidimus

586 4830 746 4884 oculis
772 4831 983 4896 nostris,
1015 4830 1150 4899 quod
1174 4830 1509 4901 inspeximus,
1539 4840 1586 4884 et
1615 4847 1799 4884 manus
1829 4841 2021 4886 nostrte
2045 4847 2166 4883 con-

589 4929 931 4978 trectaverunt
962 4920 1023 4973 de
1061 4919 1224 4973 Verbo
1252 4921 1366 4975 vita:
1396 4919 1446 4990 (1
1477 4920 1632 4974 Ioan.
1667 4937 1702 4985 ι,
1735 4921 1809 4991 1).
1841 4921 2051 4976 Scimus
2071 4937 2166 4975 au-

589 5023 698 5068 tem
747 5011 976 5066 Verbum
1008 5011 1178 5064 Patris
1199 5026 1316 5065 esse
1345 5009 1557 5065 Filium.
1602 5009 1736 5064 Cum
1769 5025 1899 5080 ergo
1929 5011 2164 5066 Verbum

589 5105 712 5158 vitm
755 5102 950 5156 dicitur
993 5101 1175 5165 Filius,
1227 5099 1440 5154 Patrem
1490 5099 1733 5154 videmus
1782 5101 1904 5154 vita:
1951 5103 2169 5158 nomine

589 5195 885 5268 pnedicari.
918 5194 1093 5264 Ipsum
1124 5209 1253 5248 vero
1275 5193 1508 5248 Verbum
1531 5193 1670 5258 vitm,
1705 5192 1867 5246 vitam
1896 5192 1949 5245 in
1979 5192 2170 5246 subse-

590 5287 880 5358 quentibus
921 5286 1162 5340 nominat
1201 5285 1421 5340 dicens:
1470 5283 1541 5336 Et
1570 5285 1673 5338 vita
1702 5284 1877 5354 palam
1901 5285 2043 5354 facta
2072 5292 2170 5351 est,

591 5388 642 5434 et
670 5379 910 5442 vidimus,
957 5385 1002 5430 et
1055 5385 1319 5438 testamur,
1351 5386 1400 5428 ct
1442 5375 1810 5428 aununtiamus
1840 5373 1980 5427 vobis
2022 5374 2174 5426 ritum

592 5483 841 5528 (sternam
869 5485 982 5541 qua:
1021 5477 1132 5522 erat
1177 5467 1314 5537 apud
1360 5465 1588 5530 Patrem,
1637 5475 1687 5518 et
1715 5465 1890 5534 palam
1930 5465 2071 5534 facta
2099 5472 2174 5515 est

593 5564 740 5620 nobis
773 5562 960 5634 (Ibid.,
980 5560 1058 5632 2).
1089 5558 1226 5614 Ecce
1255 5559 1362 5612 vita
1391 5557 1570 5621 Pater,
1607 5557 1715 5610 vita
1744 5556 1910 5609 Filius
1938 5553 2132 5608 dicitur
2157 5571 2168 5605 :

595 5655 719 5726 quia
752 5662 807 5707 et
828 5652 1059 5707 Verbum
1089 5651 1232 5717 vitm,
1282 5656 1336 5704 et
1371 5650 1478 5702 vita
1509 5648 1674 5704 Filius
1703 5646 2062 5715 praedicatur:
2109 5658 2173 5697 ac

595 5762 693 5818 per
723 5745 828 5799 hoc
850 5745 1024 5799 unitas
1055 5744 1286 5799 nominis
1317 5742 1368 5796 in
1400 5741 1560 5795 Patre
1590 5739 1832 5807 Filioque
1855 5735 2172 5790 naturaliter
2224 5809 2230 5814 .

596 5853 706 5899 non
755 5834 1060 5905 discrepat;
1121 5833 1257 5888 unde
1308 5833 1490 5900 utique
1543 5837 1942 5896 consequenter
1989 5825 2166 5880 unitas

2272 4637 2548 4709 paululum
2593 4634 2724 4690 dicit
2756 4651 2770 4688 :
2799 4630 3055 4696 Quoniam
3106 4630 3236 4683 sicut
3275 4627 3542 4681 abundant
3581 4627 3865 4696 passiones

2273 4727 2464 4782 Christi
2491 4728 2545 4780 in
2572 4724 2738 4790 nobis,
2767 4725 2840 4776 ita
2868 4731 2915 4776 et
2949 4739 3040 4793 per
3066 4719 3323 4773 Christum
3354 4716 3584 4793 abundat
3616 4720 3868 4770 consola-

2276 4818 2344 4870 tio
2367 4824 2542 4870 nostra
2575 4787 2760 4886 (Ibid.,
2791 4812 2865 4882 5).
2907 4787 2983 4866 Ne
3011 4827 3140 4865 vero
3170 4809 3342 4862 Patris
3370 4816 3426 4861 et
3445 4787 3565 4859 Filii
3596 4807 3866 4860 consolao

2275 4907 2477 4960 tionem
2505 4905 2769 4960 diversam
2799 4903 2852 4956 in
2881 4895 3036 4957 nobis
3064 4900 3147 4954 vel
3171 4899 3392 4953 divisam
3412 4897 3710 4961 existimes,
3736 4895 3870 4951 audi

2275 4999 2402 5068 quid
2427 5000 2537 5068 ipse
2557 4997 2656 5051 bea
2663 5005 2746 5051 tus
2757 4995 3042 5066 Apostolus
3057 4990 3623 5047 Thessalonicensibns
3635 4989 3868 5043 scribat.

2277 5088 2415 5144 Dicit
2442 5089 2586 5142 enim
2624 5105 2635 5140 :
2683 5087 2804 5157 Ipse
2833 5097 3000 5139 autem
3036 5083 3288 5137 Dominus
3330 5091 3503 5136 noster
3525 5079 3679 5134 Iesus
3715 5081 3873 5134 Chri-

2278 5187 2404 5244 stus,
2436 5189 2485 5231 et
2514 5177 2652 5230 Deus
2682 5186 2730 5230 et
2764 5177 2925 5228 Pater
2947 5185 3140 5240 noster,
3171 5175 3255 5244 qui
3283 5173 3464 5226 dilexit
3490 5189 3604 5235 nos,
3636 5183 3691 5225 et
3725 5174 3876 5226 dedit

2281 5271 2681 5324 consolationem
2710 5277 2974 5331 retentam,
2998 5275 3046 5318 et
3067 5281 3204 5333 spem
3228 5264 3414 5318 bonam
3434 5264 3488 5316 in
3513 5265 3714 5334 gratia,
3747 5280 3877 5317 con-

2283 5362 2473 5416 soletur
2501 5360 2658 5413 corda
2689 5369 2874 5422 vestra,
2907 5365 2956 5411 et
2983 5355 3255 5424 conﬁrmet
3274 5355 3328 5406 in
3357 5354 3496 5428 omni
3518 5369 3675 5421 opere
3696 5363 3754 5405 et
3775 5370 3879 5406 ser-

2283 5468 2431 5506 mone
2461 5450 2590 5504 bono
2622 5448 2709 5518 (II
2742 5449 2918 5502 Thess.
2953 5463 3007 5512 ll,
3042 5446 3152 5515 16).
3185 5444 3338 5511 Quod
3359 5452 3540 5498 autem
3566 5443 3655 5496 hic
3689 5445 3879 5513 posui,

2283 5551 2588 5609 consoletur,
2612 5543 2852 5599 nonnulli
2873 5541 3085 5596 codices
3103 5536 3280 5590 Latini
3299 5535 3598 5590 exhortatur
3622 5532 3880 5596 habent;

2281 5640 2375 5694 sed
2403 5639 2517 5692 sive
2541 5635 2644 5690 hoc
2674 5634 2763 5698 sit,
2795 5633 2906 5686 sive
2933 5629 3084 5696 illud,
3115 5628 3240 5696 quia
3270 5634 3326 5681 et
3353 5623 3655 5680 consolatio
3690 5634 3759 5677 et
3784 5639 3884 5678 ex-

2281 5731 2515 5786 hortatio
2545 5727 2683 5797 apud
2726 5725 2941 5782 Graecos
2970 5723 3289 5797 παράκ).ησις
3331 5717 3548 5780 dicitur,
3590 5713 3729 5770 ideo
3784 5730 3886 5769 nos

2281 5823 2400 5878 hoc.
2410 5823 2688 5887 posuimus
2720 5827 2777 5874 ut
2807 5830 2965 5875 unam
2996 5814 3420 5874 consolationem
3450 5811 3565 5868 sive
3601 5809 3882 5865 exhorta-
