4090 6342
260 464 365 523 733

1322 458 1591 517 CONTRA
1630 455 1972 514 FABIANUM
2011 455 2439 512 FRAGMENTA.

3400 455 3502 510 πει

260 581 463 632 tionem
490 575 660 632 Patris
681 572 906 644 Filiiquc
927 582 1302 630 monstremus.
1327 573 1458 628 Nam
1481 581 1536 628 et
1563 573 1701 644 apud
1723 571 1827 626 La-
1857 576 1904 635 Α
1933 571 2161 627 salutem
2193 579 2426 626 nostram
2451 575 2740 638 pertinent,
2769 568 3082 621 annuntiata
3116 576 3499 622 monstrantur.

259 670 400 723 tinos
430 676 655 736 uterque
695 681 874 721 sermo
915 665 966 718 in
1003 680 1138 720 sono
1181 663 1397 734 quidem
1424 664 1606 727 distat,
1649 662 1742 719 sed
1775 663 1828 718 in

256 777 416 816 sensu
443 758 754 817 concordat.
785 757 994 828 Quippe
1016 758 1191 814 omnis
1214 754 1522 812 consolator
1547 772 1654 810 non
1686 753 1830 809 aliud

258 854 367 920 agit
391 865 556 920 quam
583 856 640 905 ut
660 852 890 903 animam
916 845 1032 916 ejus
1054 864 1215 918 quem
1236 845 1542 902 consolatur
1569 845 1635 900 ad
1677 860 1826 914 spem

258 949 552 1012 proventus
593 939 828 994 melioris
865 938 1125 992 hortetur.
1173 935 1370 1004 Itaque.
1395 935 1638 1003 quamvis
1669 934 1829 1006 580

254 1035 328 1089 sit
354 1031 658 1088 exhortatio
686 1044 804 1099 qua:
834 1043 940 1082 non
966 1027 1208 1081 videatur
1231 1024 1616 1082 consolationis
1647 1038 1828 1092 egere,

257 1139 367 1178 non
400 1129 574 1176 tamen
597 1126 680 1174 est
705 1118 1002 1174 consolatio
1023 1133 1142 1187 qua:
1171 1107 1560 1171 eshortatibnis
1579 1129 1829 1169 sermone

256 1229 366 1269 non
392 1219 567 1282 egeat.
598 1209 692 1264 Ille
720 1209 880 1277 igitur
924 1208 1074 1263 locus
1102 1208 1156 1261 in
1185 1205 1373 1262 Graeco
1403 1207 1481 1262 sic
1523 1205 1830 1260 continetur

255 1303 474 1372 eloquio
509 1320 521 1356 :
554 1303 709 1361 Αὐτὸς
765 1299 817 1354 δὲ
859 1300 884 1354 ὁ
933 1301 1111 1374 Κύριος
1152 1300 1292 1369 ὑμῶν
1341 1297 1425 1366 (in
1473 1295 1608 1349 Bibl.
1659 1297 1829 1365 ἡμῶν)

256 1397 456 1455 Ἰησοῦς
483 1394 721 1471 Χριστὸς,
751 1395 836 1445 καὶ
868 1389 893 1444 ὁ
922 1391 1044 1449 Θεὸς
1069 1391 1152 1443 καὶ
1179 1393 1348 1462 Πατὴρ
1375 1389 1534 1458 ἡμῶν,
1572 1385 1598 1440 ὁ
1631 1388 1830 1456 ἀγαπή-

258 1506 358 1546 σας
375 1486 534 1553 ἡμᾶς,
556 1484 638 1535 καὶ
658 1479 827 1541 διδοὺς
850 1479 927 1551 (in
949 1477 1086 1532 Bibl.
1112 1476 1249 1544 δοὺς)
1266 1476 1582 1550 παράκλησιν
1603 1474 1826 1538 αἰωνίαν,

258 1578 339 1630 καὶ
377 1571 556 1627 ὶλπίδα
599 1573 787 1642 ἀγαθήν
832 1573 882 1624 ἐν
931 1570 1139 1645 χάριτι,
1182 1565 1539 1636 παρακαλέσαι
1566 1566 1704 1634 ὑμῶν
1734 1565 1829 1622 τὰς

258 1663 492 1737 καρδίας,
541 1666 623 1716 καὶ
668 1662 900 1737 στηρίξαι
948 1660 1086 1730 ὑμᾶς
1131 1658 1178 1710 ἐν
1219 1658 1372 1710 πάντι
1410 1655 1539 1726 λογῷ
1580 1657 1664 1708 καὶ
1695 1651 1830 1728 ἔργῳ

256 1757 450 1826 ἀγαθῷ.
503 1751 655 1807 Illum
685 1765 900 1819 quoque
946 1749 1124 1804 locum
1172 1746 1455 1815 diligenter
1490 1743 1730 1811 attende,
1777 1745 1831 1797 in

257 1860 366 1914 quo
397 1843 830 1913 Philippensibus
871 1840 1111 1895 scribens
1145 1837 1457 1909 Apostolus,
1488 1835 1601 1890 ait:
1641 1835 1704 1889 Si
1729 1852 1831 1906 qua

256 1953 384 2007 ergo
412 1934 695 1989 consolatio
722 1935 777 1988 in
807 1931 1010 1987 Christo
1038 1931 1257 2003 (Philip.
1284 1947 1340 1997 η,
1371 1930 1423 2001 1)
1449 1947 1463 1996 ;

259 2030 332 2081 ita
357 2026 586 2096 positum
618 2043 630 2077 :
662 2029 731 2079 ‘Ei
752 2046 830 2084 τις
851 2020 937 2078 οὖν
962 2025 1279 2098 παράκλησις
1313 2026 1361 2078 ἓν
1389 2032 1612 2095 Χριστῷ.
1646 2021 1830 2076 Sancti

256 2131 474 2186 quoque
521 2114 753 2185 Spiritus
812 2113 1274 2181 consolationem,
1336 2121 1534 2168 sanctae
1577 2112 1828 2167 collatam

258 2205 534 2271 Ecclesiae,
575 2202 753 2257 divina
801 2200 1076 2270 Scriptura
1105 2215 1213 2255 non
1258 2201 1442 2258 tacuit.
1493 2201 1701 2254 Dictum
1749 2207 1832 2254 est

257 2299 399 2351 enim
427 2297 480 2350 in
509 2295 646 2350 libro
672 2295 900 2349 Actuum
930 2294 1296 2362 apostolorum
1321 2312 1334 2347 :
1367 2292 1600 2348 Ecclesia
1626 2296 1829 2366 quidem

257 2405 349 2457 per
377 2396 535 2440 totam
563 2384 599 2438 ,1
602 2385 824 2449 udteam,
853 2393 902 2437 et
921 2381 1233 2451 'Calilwam,
1253 2393 1304 2438 et
1336 2385 1653 2450 Samariam,
1685 2383 1831 2439 habe-

257 2479 348 2530 bat
375 2493 553 2548 pacem
587 2492 606 2539 ;
647 2486 697 2528 et
727 2473 1088 2544 aediﬁcabatur
1122 2473 1392 2529 ambulans
1427 2477 1480 2528 in
1509 2477 1690 2530 timore
1713 2474 1826 2530 Do-

258 2570 408 2632 mini,
438 2577 487 2620 et
517 2566 868 2620 consolatione
896 2565 1064 2618 sancti
1101 2565 1332 2635 Spiritus
1369 2565 1659 2635 replebatur
1688 2567 1824 2636 (Act.

258 2677 334 2727 Ix,
383 2658 494 2728 5|).
543 2657 696 2724 Quod
726 2656 779 2712 in
817 2655 1004 2711 Grazeo
1031 2656 1109 2710 sic
1144 2655 1450 2710 continetur
1482 2673 1494 2708 :
1521 2658 1578 2710 Ai
1621 2660 1709 2726 μὲν
1746 2652 1832 2710 οὖν

253 2753 534 2810 Ἐκκλησίαι
552 2749 662 2804 καθ’
684 2748 797 2810 ὅλης
817 2757 908 2810 τῆς
929 2745 1177 2824 Ιουδαίας,
1204 2751 1286 2802 καὶ
1305 2749 1605 2810 Ταλιλαίας,
1631 2752 1712 2802 καὶ
1735 2759 1831 2802 Σα-

261 2846 474 2919 μαρείας
510 2837 656 2911 εἶχον
693 2843 918 2913 εἰρήνην,
951 2838 1356 2910 οἰκοδομούμιναι
1387 2841 1469 2893 καὶ
1496 2838 1833 2914 πορευόμεναι

260 2943 334 3004 τῷ
355 2933 491 3007 φόϐῳ
513 2939 603 2987 τοῦ
632 2935 834 3008 Κυρίου,
862 2935 946 2985 καὶ
969 2939 1031 3002 τῇ
1060 2931 1376 3002 παρακλήσει
1399 2937 1488 2984 τοῦ
1516 2930 1657 3001 ἁγίου
1683 2933 1834 2984 [Iasii-

259 3045 416 3095 ματος
439 3024 786 3080 ἐπληθύνοντο.
837 3019 1118 3086 Quomodo
1155 3035 1285 3090 ergo
1325 3020 1633 3075 consolator
1673 3019 1834 3076 Pater

257 3123 503 3183 negatur,
553 3113 644 3183 qui
689 3128 844 3168 suum
889 3111 1146 3182 populum
1193 3113 1544 3167 consolatur?
1591 3111 1708 3182 Ipse
1749 3121 1834 3168 est

256 3208 420 3272 enim,
451 3207 588 3261 sicut
612 3219 772 3275 supra
797 3205 996 3260 dictum
1024 3213 1125 3269 est,
1155 3204 1314 3259 Pater
1335 3205 1827 3273 misericordiarum,

257 3306 304 3349 et
333 3295 477 3349 Deus
525 3297 676 3350 totius
723 3296 1116 3361 consolationis,
1167 3297 1252 3366 qui
1300 3295 1597 3350 consolatur
1642 3312 1734 3350 nos
1772 3297 1827 3350 in
1857 3304 1901 3366 ε

256 3387 398 3440 omni
426 3387 755 3440 tribulatione
775 3394 952 3440 nostra
985 3384 1068 3454 (11
1100 3384 1220 3440 Cor.
1253 3402 1292 3452 ι,
1323 3385 1400 3455 3).
1428 3385 1675 3454 Agnosce
1699 3401 1827 3456 ergo

257 3475 423 3530 Deum
465 3474 678 3548 Patrem
724 3475 1118 3530 consolatorem
1159 3482 1402 3530 nostrum
1443 3476 1501 3529 in
1548 3491 1732 3546 opere,
1773 3485 1829 3532 et

255 3568 401 3622 disce
429 3583 537 3621 non
565 3567 793 3620 inaniter
826 3575 1037 3620 certare
1066 3565 1132 3619 de
1162 3565 1396 3619 nomine.
1425 3563 1580 3631 Quod
1599 3565 1643 3618 si
1662 3567 1829 3634 perti-

256 3659 464 3714 naciter
509 3672 706 3726 negare
746 3673 853 3715 non
893 3656 1114 3723 desinis,
1163 3657 1258 3710 tibi
1305 3657 1688 3711 consolationis
1713 3657 1829 3726 ejus

256 3747 576 3804 beneﬁcium
603 3748 909 3816 denegabis.
943 3746 1044 3801 Sed
1073 3763 1202 3801 cave
1233 3763 1299 3801 ne
1335 3763 1492 3816 quem
1521 3749 1827 3804 consolato-

255 3856 369 3896 rem
398 3855 586 3909 negas,
607 3839 902 3910 experiaris
934 3839 1180 3892 ultorem.

733 3989 1212 4046 FBAGMENTUM
1241 3989 1327 4044 III.

254 4108 323 4161 Et
352 4107 525 4174 angeli
552 4122 638 4158 seu
669 4105 855 4168 nuntii,
886 4112 936 4157 et
960 4102 1205 4163 doctoris,
1229 4111 1277 4174 et
1291 4100 1482 4170 jutlicis
1499 4099 1688 4174 ρθῖξὶα,
1715 4098 1828 4174 Pa-

323 4178 390 4229 tri
428 4167 478 4228 ἐι
506 4175 727 4244 Spiritui
766 4167 943 4226 sancto
966 4173 1274 4244 communia
1293 4167 1440 4222 sunt.
1488 4167 1682 4236 Di/fert
1707 4167 1828 4221 sub-

323 4243 636 4299 ministratio
667 4261 698 4296 a
723 4243 1025 4295 ministerio.

321 4380 488 4433 Miror
515 4385 694 4431 autem
718 4374 988 4444 quomodo
1016 4373 1151 4427 Filio
1181 4381 1235 4428 et
1263 4372 1483 4442 Spiritui
1525 4381 1713 4427 sancto
1741 4386 1830 4426 ve-

252 4471 315 4523 lis
360 4466 707 4537 praescribere
744 4465 812 4518 de
853 4463 1068 4518 nomine
1097 4462 1267 4516 nuntii
1295 4504 1310 4526 ,
1352 4462 1513 4529 quasi
1543 4478 1609 4516 ex
1638 4463 1740 4516 hoc
1766 4477 1825 4522 se

251 4559 535 4632 quisquam
580 4553 828 4608 ostendat
873 4553 1155 4616 minorem,
1207 4552 1252 4604 si
1300 4565 1448 4604 suam
1490 4551 1543 4604 in
1581 4550 1824 4618 quolibet

1506 1937 1560 1984 et
1593 1929 1830 1984 invenies
1860 1940 1906 2000 Β

1934 659 2070 725 Quid
2097 659 2237 714 enim
2266 657 2466 712 mundo
2489 658 2662 728 potuit
2690 672 2807 711 esse
2834 656 3099 711 salubrius
3126 672 3284 726 quam
3307 656 3505 712 Christi

1934 748 2227 804 Salvatoris
2256 748 2549 803 adventus?
2573 762 2734 817 quem
2766 755 2943 800 tamen
2969 761 3028 802 se
3057 744 3218 801 Pater
3247 748 3298 800 in
3329 748 3506 803 homi-

1934 839 2088 894 nibus
2142 840 2484 894 annuntiasse
2527 846 2751 894 testatur
2789 855 2800 890 :
2837 838 2966 893 dicit
3004 838 3148 893 enim
3201 853 3300 907 per
3343 839 3507 894 Annos

1933 931 2251 1002 prophetam
2297 949 2309 982 :
2353 928 2487 993 Quia
2543 946 2656 982 ecce
2709 946 2802 1000 ego
2849 930 3068 998 ﬁrmans
3111 929 3388 991 tonitrum,
3457 938 3506 980 et

1933 1039 2114 1077 creans
2145 1021 2398 1092 Spiritum
2443 1032 2492 1074 et
2521 1023 2836 1074 annuntians
2853 1022 2907 1074 in
2936 1017 3224 1073 hominibus
3247 1018 3506 1072 Christum

1932 1129 2079 1166 suum
2131 1114 2308 1181 (Amos
2349 1128 2421 1179 ιν,
2465 1111 2575 1183 15).
2609 1111 2802 1179 Utique
2847 1126 2951 1164 non
2994 1110 3092 1164 nisi
3132 1124 3360 1179 persona
3410 1109 3504 1163 Dei

1934 1201 2107 1256 Patris
2135 1203 2393 1270 accipitur
2419 1219 2429 1252 :
2461 1201 2604 1253 unde
2657 1200 2784 1254 dicit
2814 1208 3030 1254 sanctus
3056 1199 3228 1252 Lucas
3270 1213 3504 1266 evange-

1933 1289 2053 1343 lista
2081 1290 2205 1358 quia
2231 1305 2351 1344 cum
2381 1289 2476 1342 Dei
2506 1288 2670 1342 Filius
2697 1288 2920 1342 dixisset
2953 1305 2964 1339 :
3006 1286 3110 1340 Vos
3163 1297 3331 1339 autem
3360 1301 3513 1356 quem

1933 1397 2014 1432 me
2040 1395 2148 1432 esse
2175 1358 2382 1431 dicitis?
2404 1377 2714 1447 respondens
2742 1375 2921 1430 Simon
2946 1375 3131 1428 Petrus
3152 1374 3304 1436 dixit,
3330 1373 3507 1428 Chris-

1935 1476 2039 1521 tum
2063 1466 2162 1520 Dei
2183 1466 2334 1537 (Luc.
2360 1482 2434 1528 1x,
2459 1465 2571 1535 20).
2596 1465 2673 1519 Ne
2689 1465 2812 1533 quis
2841 1479 2968 1518 vero
2997 1463 3218 1517 audiens
3237 1463 3404 1517 Deum
3432 1463 3505 1518 di-

1933 1543 2145 1610 centem
2177 1573 2190 1606 :
2221 1554 2355 1617 Quia
2377 1570 2489 1606 ecce
2530 1569 2621 1623 ego
2664 1554 2884 1622 ﬁrmans
2926 1553 3173 1605 tonitrum
3195 1594 3210 1618 ,
3232 1561 3280 1604 et
3323 1568 3505 1604 creans

1933 1647 2187 1716 spiritum,
2238 1660 2304 1699 ex
2351 1645 2453 1699 hoc
2495 1652 2733 1698 creatum
2783 1657 3026 1697 asserere
3080 1641 3210 1695 velit
3247 1640 3504 1710 Spiritum

1933 1745 2198 1801 sanctum,
2220 1752 2377 1805 quem
2415 1743 2628 1790 constat
2673 1748 2790 1790 esse
2817 1750 2994 1788 rerum
3024 1735 3264 1789 omnium
3293 1741 3503 1788 creato-

1931 1843 2076 1902 rem;
2109 1826 2237 1880 illud
2285 1827 2544 1889 attendat,
2586 1827 2711 1894 quia
2765 1826 2808 1880 si
2864 1828 2931 1880 de
2975 1833 3161 1880 sancto
3206 1825 3407 1894 Spiritu
3450 1824 3503 1878 in

1933 1915 2036 1970 hoc
2064 1915 2185 1970 loco
2209 1915 2407 1984 aliquid
2435 1923 2578 1970 esset
2607 1915 2996 1985 accipiendum,
3019 1931 3124 1970 non
3154 1917 3336 1985 utique
3364 1915 3500 1969 toni-

1933 2014 2072 2059 trum
2119 2005 2306 2060 fuisset
2356 2005 2602 2074 primitus
2649 2004 2999 2058 nominatum.
3029 2003 3233 2057 Dicitur
3278 2012 3500 2058 autem:

1932 2096 2066 2150 Ecce
2109 2114 2202 2168 ego
2244 2098 2463 2167 ﬁrmans
2493 2097 2737 2150 tonitrum
2774 2107 2824 2150 et
2847 2113 3026 2150 creans
3055 2098 3332 2165 spiritum:
3363 2096 3504 2163 quod

1931 2186 1975 2239 si
2022 2186 2312 2240 secundum
2352 2185 2586 2240 litteram
2625 2175 2855 2241 volue'rit
2894 2188 3174 2257 quisquam
3205 2185 3522 2255 percipere,

1932 2293 2039 2330 non
2063 2285 2144 2331 est
2173 2277 2316 2331 aliud
2343 2276 2483 2346 quod
2507 2277 2594 2332 hic
2617 2279 2833 2332 nomine
2862 2277 3083 2346 spiritus
3107 2277 3342 2346 accipiat
3361 2276 3504 2346 ι)οεὶ-

1931 2377 2043 2422 tum
2073 2384 2211 2429 esse,
2240 2383 2400 2437 quam
2425 2376 2665 2431 ventum,
2691 2367 2783 2436 qui
2812 2368 2975 2421 etiam
3025 2367 3079 2420 in
3123 2365 3330 2435 psalmo
3369 2365 3503 2419 dic.-

1935 2468 2021 2514 tur
2065 2459 2273 2527 spiritus
2313 2458 2625 2527 tempestatis
2651 2456 2820 2527 (Psal.
2854 2471 2909 2519 v,
2940 2454 3027 2525 7):
3059 2454 3352 2524 prmsertim
3377 2453 3502 2521 quia

1932 2552 2185 2621 praemisit
2239 2551 2514 2616 tonitrum,
2544 2549 2686 2618 quod
2737 2549 2919 2616 utique
2967 2555 3092 2601 tunc
3133 2545 3332 2600 assolet
3366 2542 3501 2607 ﬁeri,

1933 2643 2146 2716 quando
2175 2642 2343 2697 nubes
2369 2641 2545 2696 ventis
2569 2639 2820 2694 ﬂantibus
2841 2644 3253 2708 congregantur.
3277 2634 3501 2690 Verum-

1936 2747 2111 2790 tamen
2141 2736 2264 2804 quia
2290 2736 2414 2789 huic
2457 2733 2772 2803 prophetico
2817 2731 2938 2786 loco
2987 2729 3155 2798 magis
3201 2727 3502 2782 intellectus

1935 2825 2196 2880 convenit.
2213 2823 2465 2896 spiritalis
2492 2823 2745 2893 (maxime
2772 2820 2896 2889 quia
2919 2833 3040 2875 cum
3060 2817 3282 2874 dixisset
3319 2834 3332 2868 :
3365 2815 3501 2869 Ecce

1933 2934 2025 2986 ego
2071 2917 2294 2985 ﬁrmans
2340 2915 2605 2978 tonitrum,
2635 2920 2684 2966 et
2737 2928 2914 2965 creans
2951 2911 3214 2980 spiritum;
3243 2909 3501 2962 continuo

1934 3007 2150 3073 addidit,
2182 3017 2230 3061 et
2253 3007 2581 3060 annuntians.
2608 3006 2660 3057 in
2710 3002 2996 3057 hominibus
3026 3001 3284 3055 Christum
3307 2999 3500 3067 suum),

1933 3096 2092 3166 digne
2119 3096 2205 3152 hic
2225 3096 2548 3165 accipiamus
2598 3094 2978 3164 prophetatum
3033 3091 3342 3161 apostolicae
3363 3105 3501 3160 pra:-

1933 3186 2215 3242 dicationis
2243 3183 2494 3240 ofﬁcium.
2528 3184 2702 3253 Ipsam
2731 3183 2928 3252 quippe
2957 3181 3395 3252 praedicationem
3419 3186 3502 3234 to-

1935 3279 2131 3333 nitrum
2183 3277 2496 3340 nominavit,
2527 3275 2596 3329 de
2647 3290 2751 3345 qua
2802 3283 2856 3328 et
2911 3273 3101 3328 beatus
3142 3270 3313 3325 David
3336 3271 3500 3326 dicit:

1940 3371 2054 3426 Vox
2101 3370 2311 3425 tonitrui
2356 3369 2427 3421 tui
2467 3368 2521 3421 in
2567 3376 2680 3420 rota
2717 3365 2887 3437 (Psat;
2928 3380 3104 3427 Lxxw,
3140 3359 3227 3432 19)
3273 3379 3286 3414 :
3319 3361 3372 3416 id
3401 3370 3502 3424 est,

1934 3461 2045 3517 Vox
2092 3459 2484 3531 praedicationis
2535 3465 2638 3510 tua:
2693 3456 2748 3510 in
2798 3456 2982 3510 orbem
3037 3464 3318 3509 terrarum.
3353 3453 3502 3508 Rotai

1929 3551 2126 3621 quippe
2180 3549 2396 3604 nomine
2421 3547 2608 3602 orbem
2634 3545 2953 3614 signiﬁcavit
2985 3545 3154 3598 :'nam
3179 3551 3235 3597 et
3263 3550 3382 3597 rota
3409 3557 3503 3597 or-

1928 3643 2010 3697 bis
2055 3648 2158 3704 est,
2207 3637 2348 3693 unde
2371 3643 2503 3691 rota:
2544 3635 2780 3705 parvula:
2801 3632 3027 3688 orbiculi
3049 3632 3419 3702 appellantur;
3449 3639 3503 3685 et

1929 3734 2013 3787 via
2042 3740 2174 3788 rotae
2195 3729 2390 3784 dicitur
2417 3727 2618 3793 orbita,
2635 3725 2689 3780 id
2717 3733 2806 3780 est
2827 3724 2972 3778 orbis
3001 3723 3210 3778 semita.
3242 3721 3503 3776 Firma’vit

1928 3837 2056 3896 ergo
2078 3823 2220 3876 Deus
2242 3820 2522 3882 tonitrum,
2547 3817 2764 3870 ﬁrmans
2783 3814 3143 3882 evangelicam
3169 3810 3502 3882 praedicatio-

1928 3928 2050 3970 nem
2089 3929 2102 3965 :
2144 3910 2348 3966 creavit
2385 3908 2652 3978 spiritum,
2687 3906 2888 3960 faciens
2933 3903 3199 3975 spiritales
3227 3901 3501 3971 Evangelii

1928 4005 2305 4076 przedicatores
2328 4019 2342 4067 ;
2375 4009 2430 4056 et
2455 3999 2792 4076 annuntiavit
2820 3999 2874 4051 in
2897 3996 3201 4051 hominibus
3222 3992 3498 4048 Christum

1927 4075 2102 4160 suum,
2135 4109 2232 4165 per
2251 4091 2704 4161 diSpensationem
2741 4075 2954 4144 scilicet
2983 4085 3314 4140 Testamenti
3342 4084 3497 4140 Novi.

1928 4192 2061 4246 Cum
2089 4203 2219 4257 ergo
2266 4195 2322 4241 et
2365 4183 2512 4238 Patri
2553 4191 2608 4238 et
2648 4182 2784 4236 Filio
2809 4189 2865 4236 et
2891 4179 3113 4250 Spiritui
3153 4187 3341 4234 sancto
3367 4193 3503 4247 Opus
3588 4187 3590 4189 ’

1928 4277 2350 4335 annuntiationis
2370 4275 2553 4329 videas
2573 4273 2881 4335 convenire,
2909 4270 3037 4338 quid
3062 4276 3144 4323 est
3169 4267 3313 4337 quod
3341 4283 3502 4321 voca-

1926 4372 2066 4427 bulis
2116 4369 2307 4439 quteris
2335 4365 2686 4421 diﬁ'erentiam
2721 4363 3124 4426 demonstrare,
3155 4375 3278 4415 cum
3321 4365 3502 4412 tamen

1926 4463 2101 4519 solum
2143 4459 2334 4513 Filium
2382 4455 2624 4510 invenias
2652 4443 2896 4521 an‘gelum
2942 4451 3093 4506 dici?
3141 4448 3404 4504 Caeterum
3445 4450 3498 4502 in

1926 4567 2157 4622 persona
2205 4548 2438 4618 Spiritus
2485 4545 2655 4600 sancti
2709 4557 2818 4598 non
2866 4540 3022 4596 facile
3067 4541 3348 4608 quisquam
3393 4539 3501 4596 hoc

249 4629 416 4718 opere
465 4645 673 4700 nuntiet
712 4643 1080 4711 ignorantibus
1121 4640 1469 4694 voluntatem.
1506 4639 1821 4708 Quanquam
1852 4666 1906 4725 Ι)
1929 4644 2100 4716 possit
2140 4639 2380 4695 invenire
2414 4635 2756 4690 vocabulum.
2788 4631 2846 4686 Si
2872 4645 3000 4699 ergo
3023 4629 3091 4684 de
3117 4629 3333 4683 nomine
3354 4643 3520 4696 quaex

250 4753 448 4793 nomen
498 4735 708 4802 nuntii,
749 4733 840 4802 qui
879 4730 1065 4786 Graace
1113 4729 1332 4798 angelus
1360 4729 1576 4795 dicitur,
1622 4729 1673 4782 in
1705 4729 1822 4782 solo

250 4835 385 4888 Filio
413 4832 594 4886 valeat
614 4827 860 4884 inveniri.
885 4825 1004 4896 Ipse
1031 4825 1175 4890 enim
1197 4823 1390 4878 dicitur
1416 4823 1592 4892 magni
1623 4821 1826 4874 consilii

249 4924 475 4996 Angelus
524 4919 658 4993 (Isa.
702 4935 776 4982 ιχ,
823 4916 899 4985 5).
967 4913 1232 4968 Cmterum
1286 4913 1339 4966 in
1385 4911 1586 4980 Spiritu
1635 4921 1824 4965 sancto

248 5015 493 5090 quamvis
535 5025 671 5082 opus
698 5005 1119 5063 annuntiationis
1159 5001 1421 5067 invenias,
1458 5001 1705 5069 angelum
1737 5008 1822 5053 ta-

251 5124 383 5165 men
421 5105 528 5161 dici
571 5102 827 5172 Spiritum
866 5105 1108 5153 sanctum
1156 5103 1286 5164 puto
1336 5103 1389 5148 te
1428 5093 1666 5161 reperire
1717 5107 1823 5146 non

242 5213 426 5270 posse.
459 5194 625 5250 Filius
653 5205 781 5258 ergo
810 5189 984 5244 dictus
1012 5194 1095 5241 est
1124 5185 1298 5256 magni
1328 5184 1528 5270 consilii
1557 5183 1781 5252 Angelus
1805 5197 1821 5235 :

244 5269 396 5362 quod
434 5294 616 5339 tamen
664 5279 943 5337 consilium
991 5291 1098 5331 non
1144 5275 1240 5328 fuit
1285 5273 1452 5327 solius
1482 5269 1674 5336 Patris,
1726 5271 1821 5325 sed

242 5387 365 5441 erat
393 5370 1001 5431 consilium'Trinitatis.
1047 5367 1177 5432 Nam
1219 5365 1332 5433 ipse
1360 5363 1546 5426 Filius,
1577 5362 1714 5416 sicut
1742 5362 1824 5414 di-

240 5479 365 5524 ctus
393 5465 666 5535 estmagni
688 5461 888 5515 consilii
903 5459 1147 5528 Angelus,
1176 5455 1247 5508 ita
1270 5454 1464 5508 dicitur
1481 5451 1822 5516 admirabilis,

239 5557 598 5614 consiliarius.
622 5551 850 5622 Spiritus
871 5563 1081 5619 quoque
1121 5555 1336 5602 sanctus
1359 5545 1473 5614 ipse
1493 5552 1575 5598 est
1598 5543 1825 5612 Spiritus

243 5651 519 5722 sapientia:
540 5657 588 5702 et
607 5647 912 5709 intellectus,
942 5643 1143 5697 consilii
1161 5651 1208 5694 et
1236 5639 1554 5710 fortitudinis
1586 5635 1721 5706 (lsa.
1749 5652 1822 5700 ιι,

238 5745 321 5812 9.).
343 5741 517 5809 Magni
535 5753 663 5806 ergo
683 5737 887 5793 consilii
903 5735 1132 5804 Angelus
1149 5731 1294 5787 solus
1309 5731 1502 5786 dicitur
1516 5729 1707 5790 Filius;
1730 5727 1824 5781 sed

240 5849 386 5902 opus
408 5829 834 5885 annuntiationis
859 5841 956 5880 nec
972 5841 1000 5878 a
1016 5825 1170 5877 Patre
1182 5823 1411 5878 alienum
1436 5827 1535 5885 est,
1553 5815 1824 5886 necaSpi-

247 5930 366 5983 ritu
399 5929 553 5998 581
584 5933 790 5991 sancto,
826 5923 866 5977 A
897 5923 1006 5977 Deo
1037 5933 1274 5988 namque
1317 5916 1468 5970 Patre
1508 5929 1570 5970 ca
1609 5927 1726 5983 qua)
1757 5910 1823 5968 ad

1926 4735 2158 4791 stionem
2186 4743 2400 4792 moves,
2433 4740 2541 4780 non
2590 4724 2760 4779 habes
2811 4721 2956 4792 quod
3011 4719 3235 4789 objicias
3277 4717 3523 4792 Spiritui;

1916 4829 2132 4887 sancto,
2165 4829 2222 4875 ut
2249 4834 2370 4873 eum
2425 4815 2686 4870 minorem
2734 4826 2941 4867 asseras
2979 4811 3141 4875 Filio,
3188 4823 3307 4864 eum
3329 4809 3524 4878 angeli

1928 4913 2145 4969 nomine
2189 4909 2359 4975 magis
2411 4904 2715 4961 inveniatur
2761 4902 3035 4971 Scriptura
3086 4906 3272 4954 saneta
3308 4897 3501 4952 Filium
3593 4927 3610 4942 ς

1929 5015 2259 5071 nuncupare.
2289 4997 2397 5052 Sed
2425 4998 2469 5052 si
2500 4995 2672 5064 angeli
2694 4993 3030 5057 vocabulum,
3060 5006 3168 5046 non
3209 4989 3499 5045 secundum

1928 5096 2279 5158 divinitatem,
2301 5089 2397 5146 sed
2419 5087 2711 5144 secundum
2734 5098 2952 5140 carnem
2983 5083 3118 5137 Filio
3138 5081 3335 5136 asseris
3365 5079 3499 5133 assi-

1929 5185 2221 5255 gnandum,
2271 5181 2380 5236 noli
2429 5192 2555 5247 ergo
2604 5193 2634 5231 a
2683 5171 3178 5245 divinitateantris
3228 5171 3520 5226 diversam~

1931 5277 2110 5331 dicere
2147 5272 2474 5330 divinitatem
2514 5267 2652 5332 Filii,
2686 5281 2804 5320 eum
2852 5265 3025 5332 angeli
3054 5261 3371 5317 vocabulum
3394 5276 3525 5316 non.

1931 5365 2063 5421 dicis
2113 5360 2376 5418 divinitati
2419 5357 2534 5427 ejus
2577 5355 2888 5421 convenire,
2919 5353 3011 5407 sed
3064 5352 3231 5407 carni.
3263 5350 3320 5404 Si
3352 5365 3498 5412 vero,

1930 5453 2074 5524 quod
2122 5465 2416 5519 congruum
2455 5448 2624 5516 magis
2672 5453 2772 5508 est,
2805 5461 2910 5498 non
2957 5458 3150 5497 nomen
3180 5441 3380 5510 operis,
3409 5441 3522 5493 sed'

1934 5545 2104 5613 ipsum
2153 5555 2286 5609 opus
2317 5537 2569 5599 attendis,
2599 5533 2898 5589 communis
2921 5529 3189 5585 invenitur
3215 5528 3499 5581 annuntia—

1931 5635 2006 5689 tio
2029 5630 2323 5686 Trinitatis.
2359 5625 2586 5681 Attende
2615 5625 2774 5692 igitur
2797 5623 2944 5676 illum
2966 5632 3268 5674 sermonem
3292 5616 3511 5670 Domini

1929 5723 2240 5786 Salvatoris,
2275 5715 2431 5789 quem
2483 5717 2548 5770 ad
2599 5715 2888 5784 discipulos
2937 5710 3146 5776 habuit,
3173 5707 3386 5777 quando
3425 5708 3508 5763 eis.

1931 5813 2194 5869 Paracleti
2245 5808 2488 5879 promisit
2538 5805 2857 5867 adventurm;
2892 5812 2945 5856 ct
2992 5801 3174 5855 hocin
3205 5813 3270 5854 eo
3294 5795 3500 5864 accipe,

1928 5907 1992 5962 ad
2013 5903 2155 5976 quod
2178 5917 2299 5959 eum
2321 5898 2636 5969 cognoveris
2652 5895 2945 5951 advenisse.
2976 5891 3109 5948 Ante
3131 5905 3280 5947 suam
3301 5889 3500 5959 quippe
