  <div class='ocr_page' id='page_1' title='image "/cluster/home/n/w/nwhite01/storage/ocr_20150623/65/hvd.32044054128558/383.png"; bbox 0 0 4090 6342; ppageno 0'>
   <div class='ocr_carea' id='block_1_1' title="bbox 527 398 632 453">
    <p class='ocr_par' dir='ltr' id='par_1_1' title="bbox 527 398 632 453">
     <span class='ocr_line' id='line_1_1' title="bbox 527 398 632 453; baseline 0 0"><span class='ocrx_word' id='word_1_1' title='bbox 527 398 632 453; x_wconf 70' lang='grc'><strong>735</strong></span> 
     </span>
    </p>
   </div>
   <div class='ocr_carea' id='block_1_2' title="bbox 1586 383 2778 449">
    <p class='ocr_par' dir='ltr' id='par_1_2' title="bbox 1586 383 2778 449">
     <span class='ocr_line' id='line_1_2' title="bbox 1586 383 2778 449; baseline -0.005 -3"><span class='ocrx_word' id='word_1_2' title='bbox 1586 390 1640 446; x_wconf 89' lang='lat' dir='ltr'><strong>S.</strong></span> <span class='ocrx_word' id='word_1_3' title='bbox 1682 388 2044 449; x_wconf 79' lang='lat' dir='ltr'><strong>FULGEN&#39;I‘II</strong></span> <span class='ocrx_word' id='word_1_4' title='bbox 2076 386 2377 444; x_wconf 85' lang='lat' dir='ltr'><strong>EPISCOPI</strong></span> <span class='ocrx_word' id='word_1_5' title='bbox 2410 383 2778 441; x_wconf 79' lang='lat' dir='ltr'><strong>RUSPENSIS</strong></span> 
     </span>
    </p>
   </div>
   <div class='ocr_carea' id='block_1_3' title="bbox 3683 374 3787 429">
    <p class='ocr_par' dir='ltr' id='par_1_3' title="bbox 3683 374 3787 429">
     <span class='ocr_line' id='line_1_3' title="bbox 3683 374 3787 429; baseline -0.01 0"><span class='ocrx_word' id='word_1_6' title='bbox 3683 374 3787 429; x_wconf 68' lang='lat'><strong>755</strong></span> 
     </span>
    </p>
   </div>
   <div class='ocr_carea' id='block_1_4' title="bbox 528 491 3792 584">
    <p class='ocr_par' dir='ltr' id='par_1_4' title="bbox 528 491 3792 584">
     <span class='ocr_line' id='line_1_4' title="bbox 528 491 3792 584; baseline -0.008 -17"><span class='ocrx_word' id='word_1_7' title='bbox 528 513 784 570; x_wconf 78' lang='lat' dir='ltr'><strong>Dominus</strong></span> <span class='ocrx_word' id='word_1_8' title='bbox 824 513 1148 584; x_wconf 85' lang='lat' dir='ltr'><strong>passionem,</strong></span> <span class='ocrx_word' id='word_1_9' title='bbox 1177 509 1244 563; x_wconf 89' lang='lat' dir='ltr'><strong>ad</strong></span> <span class='ocrx_word' id='word_1_10' title='bbox 1271 506 1571 564; x_wconf 90' lang='lat' dir='ltr'><strong>docendum</strong></span> <span class='ocrx_word' id='word_1_11' title='bbox 1616 514 1899 561; x_wconf 88' lang='lat' dir='ltr'><strong>venturum</strong></span> <span class='ocrx_word' id='word_1_12' title='bbox 1941 502 2102 558; x_wconf 88' lang='lat' dir='ltr'><strong>disci—</strong></span> <span class='ocrx_word' id='word_1_13' title='bbox 2130 504 2184 564; x_wconf 79' lang='grc' dir='ltr'><strong>Α</strong></span> <span class='ocrx_word' id='word_1_14' title='bbox 2206 502 2301 555; x_wconf 83' lang='lat' dir='ltr'><strong>hoc</strong></span> <span class='ocrx_word' id='word_1_15' title='bbox 2330 500 2455 554; x_wconf 87' lang='lat' dir='ltr'><strong>mihi</strong></span> <span class='ocrx_word' id='word_1_16' title='bbox 2489 498 2749 568; x_wconf 73' lang='lat' dir='ltr'><strong>proveniet</strong></span> <span class='ocrx_word' id='word_1_17' title='bbox 2784 499 2840 551; x_wconf 91' lang='lat' dir='ltr'><strong>in</strong></span> <span class='ocrx_word' id='word_1_18' title='bbox 2871 496 3107 564; x_wconf 86' lang='lat' dir='ltr'><strong>salutem,</strong></span> <span class='ocrx_word' id='word_1_19' title='bbox 3135 511 3229 565; x_wconf 84' lang='lat' dir='ltr'><strong>per</strong></span> <span class='ocrx_word' id='word_1_20' title='bbox 3250 501 3472 548; x_wconf 87' lang='lat' dir='ltr'><strong>vestram</strong></span> <span class='ocrx_word' id='word_1_21' title='bbox 3501 491 3792 545; x_wconf 87' lang='lat' dir='ltr'><strong>orationem</strong></span> 
     </span>
    </p>
   </div>
   <div class='ocr_carea' id='block_1_5' title="bbox 529 594 2102 675">
    <p class='ocr_par' dir='ltr' id='par_1_5' title="bbox 529 594 2102 675">
     <span class='ocr_line' id='line_1_5' title="bbox 529 594 2102 675; baseline -0.006 -18"><span class='ocrx_word' id='word_1_22' title='bbox 529 604 670 675; x_wconf 84' lang='lat' dir='ltr'><strong>palis</strong></span> <span class='ocrx_word' id='word_1_23' title='bbox 723 601 1057 658; x_wconf 88' lang='lat' dir='ltr'><strong>Paracletum</strong></span> <span class='ocrx_word' id='word_1_24' title='bbox 1092 599 1350 670; x_wconf 78' lang='lat' dir='ltr'><strong>Spiritum</strong></span> <span class='ocrx_word' id='word_1_25' title='bbox 1393 612 1460 652; x_wconf 91' lang='lat' dir='ltr'><strong>eo</strong></span> <span class='ocrx_word' id='word_1_26' title='bbox 1489 597 1610 652; x_wconf 91' lang='lat' dir='ltr'><strong>loco</strong></span> <span class='ocrx_word' id='word_1_27' title='bbox 1647 596 1910 666; x_wconf 67' lang='lat' dir='ltr'><strong>praedixit,</strong></span> <span class='ocrx_word' id='word_1_28' title='bbox 1943 594 2032 648; x_wconf 90' lang='lat' dir='ltr'><strong>ubi</strong></span> <span class='ocrx_word' id='word_1_29' title='bbox 2070 608 2102 647; x_wconf 88' lang='lat' dir='ltr'><strong>a</strong></span> 
     </span>
    </p>
   </div>
   <div class='ocr_carea' id='block_1_6' title="bbox 529 684 2101 762">
    <p class='ocr_par' dir='ltr' id='par_1_6' title="bbox 529 684 2101 762">
     <span class='ocr_line' id='line_1_6' title="bbox 529 684 2101 762; baseline -0.007 -15"><span class='ocrx_word' id='word_1_30' title='bbox 529 691 692 747; x_wconf 91' lang='lat' dir='ltr'><strong>Patre</strong></span> <span class='ocrx_word' id='word_1_31' title='bbox 721 692 881 762; x_wconf 73' lang='lat'><strong>582</strong></span> <span class='ocrx_word' id='word_1_32' title='bbox 908 688 1067 744; x_wconf 87' lang='lat' dir='ltr'><strong>simul</strong></span> <span class='ocrx_word' id='word_1_33' title='bbox 1089 697 1145 743; x_wconf 90' lang='lat' dir='ltr'><strong>et</strong></span> <span class='ocrx_word' id='word_1_34' title='bbox 1172 703 1203 741; x_wconf 86' lang='lat' dir='ltr'><strong>a</strong></span> <span class='ocrx_word' id='word_1_35' title='bbox 1230 687 1368 742; x_wconf 91' lang='lat' dir='ltr'><strong>Filio</strong></span> <span class='ocrx_word' id='word_1_36' title='bbox 1413 687 1583 757; x_wconf 88' lang='lat' dir='ltr'><strong>ipsum</strong></span> <span class='ocrx_word' id='word_1_37' title='bbox 1612 685 1948 740; x_wconf 85' lang='lat' dir='ltr'><strong>Paracletum</strong></span> <span class='ocrx_word' id='word_1_38' title='bbox 1974 684 2101 737; x_wconf 87' lang='lat' dir='ltr'><strong>mit-</strong></span> 
     </span>
    </p>
   </div>
   <div class='ocr_carea' id='block_1_7' title="bbox 533 775 2105 850">
    <p class='ocr_par' dir='ltr' id='par_1_7' title="bbox 533 775 2105 850">
     <span class='ocr_line' id='line_1_7' title="bbox 533 775 2105 850; baseline -0.008 -12"><span class='ocrx_word' id='word_1_39' title='bbox 533 783 751 838; x_wconf 83' lang='lat' dir='ltr'><strong>tendum</strong></span> <span class='ocrx_word' id='word_1_40' title='bbox 784 796 902 836; x_wconf 91' lang='lat' dir='ltr'><strong>esse</strong></span> <span class='ocrx_word' id='word_1_41' title='bbox 926 779 1190 850; x_wconf 81' lang='lat' dir='ltr'><strong>promisit.</strong></span> <span class='ocrx_word' id='word_1_42' title='bbox 1218 778 1308 831; x_wconf 83' lang='lat' dir='ltr'><strong>Ait</strong></span> <span class='ocrx_word' id='word_1_43' title='bbox 1354 778 1499 832; x_wconf 87' lang='lat' dir='ltr'><strong>enim</strong></span> <span class='ocrx_word' id='word_1_44' title='bbox 1551 796 1564 829; x_wconf 90' lang='lat'><strong>:</strong></span> <span class='ocrx_word' id='word_1_45' title='bbox 1611 775 1912 830; x_wconf 85' lang='lat' dir='ltr'><strong>Paraclelus</strong></span> <span class='ocrx_word' id='word_1_46' title='bbox 1966 775 2105 827; x_wconf 86' lang='lat' dir='ltr'><strong>enim</strong></span> 
     </span>
    </p>
   </div>
   <div class='ocr_carea' id='block_1_8' title="bbox 533 867 2104 943">
    <p class='ocr_par' dir='ltr' id='par_1_8' title="bbox 533 867 2104 943">
     <span class='ocr_line' id='line_1_8' title="bbox 533 867 2104 943; baseline -0.005 -17"><span class='ocrx_word' id='word_1_47' title='bbox 533 872 761 943; x_wconf 77' lang='lat' dir='ltr'><strong>Spiritus</strong></span> <span class='ocrx_word' id='word_1_48' title='bbox 798 880 1028 935; x_wconf 87' lang='lat' dir='ltr'><strong>sanctus,</strong></span> <span class='ocrx_word' id='word_1_49' title='bbox 1052 887 1200 941; x_wconf 84' lang='lat' dir='ltr'><strong><em>quem</em></strong></span> <span class='ocrx_word' id='word_1_50' title='bbox 1228 871 1394 922; x_wconf 89' lang='lat' dir='ltr'><strong>mittet</strong></span> <span class='ocrx_word' id='word_1_51' title='bbox 1433 867 1592 921; x_wconf 86' lang='lat' dir='ltr'><strong>Pater</strong></span> <span class='ocrx_word' id='word_1_52' title='bbox 1631 868 1685 920; x_wconf 90' lang='lat' dir='ltr'><strong>in</strong></span> <span class='ocrx_word' id='word_1_53' title='bbox 1728 868 1934 920; x_wconf 89' lang='lat' dir='ltr'><strong>nomine</strong></span> <span class='ocrx_word' id='word_1_54' title='bbox 1969 881 2104 932; x_wconf 86' lang='lat' dir='ltr'><strong>meo,</strong></span> 
     </span>
    </p>
   </div>
   <div class='ocr_carea' id='block_1_9' title="bbox 534 951 2103 1032">
    <p class='ocr_par' dir='ltr' id='par_1_9' title="bbox 534 951 2103 1032">
     <span class='ocr_line' id='line_1_9' title="bbox 534 951 2103 1032; baseline -0.004 -16"><span class='ocrx_word' id='word_1_55' title='bbox 534 965 620 1017; x_wconf 90' lang='lat' dir='ltr'><strong>ille</strong></span> <span class='ocrx_word' id='word_1_56' title='bbox 640 979 724 1017; x_wconf 84' lang='lat' dir='ltr'><strong>vos</strong></span> <span class='ocrx_word' id='word_1_57' title='bbox 746 960 945 1015; x_wconf 75' lang='lat' dir='ltr'><strong>docebit</strong></span> <span class='ocrx_word' id='word_1_58' title='bbox 982 963 1160 1016; x_wconf 80' lang='lat' dir='ltr'><strong>omnia</strong></span> <span class='ocrx_word' id='word_1_59' title='bbox 1185 976 1497 1032; x_wconf 76' lang='lat' dir='ltr'><strong>quwcunque</strong></span> <span class='ocrx_word' id='word_1_60' title='bbox 1534 959 1714 1013; x_wconf 75' lang='lat' dir='ltr'><strong>dixero</strong></span> <span class='ocrx_word' id='word_1_61' title='bbox 1755 951 1893 1011; x_wconf 88' lang='lat' dir='ltr'><strong>vobis</strong></span> <span class='ocrx_word' id='word_1_62' title='bbox 1924 955 2103 1026; x_wconf 77' lang='lat' dir='ltr'><strong>(Joan.</strong></span> 
     </span>
    </p>
   </div>
   <div class='ocr_carea' id='block_1_10' title="bbox 434 1042 2107 1125">
    <p class='ocr_par' dir='ltr' id='par_1_10' title="bbox 434 1042 2107 1125">
     <span class='ocr_line' id='line_1_10' title="bbox 434 1042 2107 1125; baseline -0.005 -15"><span class='ocrx_word' id='word_1_63' title='bbox 434 1056 439 1063; x_wconf 89' lang='grc'><em>’</em></span> <span class='ocrx_word' id='word_1_64' title='bbox 534 1072 640 1120; x_wconf 81' lang='lat' dir='ltr'><strong>xiv,</strong></span> <span class='ocrx_word' id='word_1_65' title='bbox 671 1052 785 1125; x_wconf 71' lang='lat'><strong>26.)</strong></span> <span class='ocrx_word' id='word_1_66' title='bbox 813 1053 1036 1109; x_wconf 91' lang='lat' dir='ltr'><strong>Docebit</strong></span> <span class='ocrx_word' id='word_1_67' title='bbox 1065 1070 1160 1108; x_wconf 88' lang='lat' dir='ltr'><strong>vos</strong></span> <span class='ocrx_word' id='word_1_68' title='bbox 1183 1054 1385 1121; x_wconf 89' lang='lat' dir='ltr'><strong>utique,</strong></span> <span class='ocrx_word' id='word_1_69' title='bbox 1414 1042 1507 1115; x_wconf 85' lang='lat' dir='ltr'><strong>ait,</strong></span> <span class='ocrx_word' id='word_1_70' title='bbox 1540 1067 1648 1105; x_wconf 91' lang='lat' dir='ltr'><strong>non</strong></span> <span class='ocrx_word' id='word_1_71' title='bbox 1693 1048 1984 1119; x_wconf 90' lang='lat' dir='ltr'><strong>postulabit</strong></span> <span class='ocrx_word' id='word_1_72' title='bbox 2010 1061 2107 1116; x_wconf 88' lang='lat' dir='ltr'><strong>pro</strong></span> 
     </span>
    </p>
   </div>
   <div class='ocr_carea' id='block_1_11' title="bbox 533 1137 2110 1207">
    <p class='ocr_par' dir='ltr' id='par_1_11' title="bbox 533 1137 2110 1207">
     <span class='ocr_line' id='line_1_11' title="bbox 533 1137 2110 1207; baseline -0.006 -11"><span class='ocrx_word' id='word_1_73' title='bbox 533 1144 707 1207; x_wconf 81' lang='lat' dir='ltr'><strong>vobis.</strong></span> <span class='ocrx_word' id='word_1_74' title='bbox 739 1142 872 1198; x_wconf 87' lang='lat' dir='ltr'><strong>Item</strong></span> <span class='ocrx_word' id='word_1_75' title='bbox 896 1144 948 1198; x_wconf 93' lang='lat' dir='ltr'><strong>in</strong></span> <span class='ocrx_word' id='word_1_76' title='bbox 975 1143 1165 1199; x_wconf 88' lang='lat' dir='ltr'><strong>eodem</strong></span> <span class='ocrx_word' id='word_1_77' title='bbox 1210 1156 1460 1197; x_wconf 85' lang='lat' dir='ltr'><strong>sermone</strong></span> <span class='ocrx_word' id='word_1_78' title='bbox 1493 1139 1656 1194; x_wconf 84' lang='lat' dir='ltr'><strong>:Cum</strong></span> <span class='ocrx_word' id='word_1_79' title='bbox 1704 1148 1874 1192; x_wconf 88' lang='lat' dir='ltr'><strong>autem</strong></span> <span class='ocrx_word' id='word_1_80' title='bbox 1916 1137 2110 1191; x_wconf 84' lang='lat' dir='ltr'><strong>venerit</strong></span> 
     </span>
    </p>
   </div>
   <div class='ocr_carea' id='block_1_12' title="bbox 535 1226 2109 1305">
    <p class='ocr_par' dir='ltr' id='par_1_12' title="bbox 535 1226 2109 1305">
     <span class='ocr_line' id='line_1_12' title="bbox 535 1226 2109 1305; baseline -0.008 -15"><span class='ocrx_word' id='word_1_81' title='bbox 535 1233 841 1290; x_wconf 84' lang='lat' dir='ltr'><strong>Paracletus</strong></span> <span class='ocrx_word' id='word_1_82' title='bbox 860 1249 1008 1305; x_wconf 85' lang='lat' dir='ltr'><strong>quem</strong></span> <span class='ocrx_word' id='word_1_83' title='bbox 1033 1250 1126 1304; x_wconf 85' lang='lat' dir='ltr'><strong>ego</strong></span> <span class='ocrx_word' id='word_1_84' title='bbox 1154 1236 1356 1287; x_wconf 85' lang='lat' dir='ltr'><strong>mittam</strong></span> <span class='ocrx_word' id='word_1_85' title='bbox 1398 1232 1453 1285; x_wconf 88' lang='lat' dir='ltr'><strong>in</strong></span> <span class='ocrx_word' id='word_1_86' title='bbox 1481 1247 1568 1284; x_wconf 90' lang='lat' dir='ltr'><strong>vos</strong></span> <span class='ocrx_word' id='word_1_87' title='bbox 1597 1247 1627 1282; x_wconf 89' lang='lat' dir='ltr'><strong>a</strong></span> <span class='ocrx_word' id='word_1_88' title='bbox 1650 1227 1829 1293; x_wconf 87' lang='lat' dir='ltr'><strong>Patre,</strong></span> <span class='ocrx_word' id='word_1_89' title='bbox 1855 1226 2109 1296; x_wconf 84' lang='lat' dir='ltr'><strong>Spiritum</strong></span> 
     </span>
    </p>
   </div>
   <div class='ocr_carea' id='block_1_13' title="bbox 538 1315 2111 1395">
    <p class='ocr_par' dir='ltr' id='par_1_13' title="bbox 538 1315 2111 1395">
     <span class='ocr_line' id='line_1_13' title="bbox 538 1315 2111 1395; baseline -0.006 -17"><span class='ocrx_word' id='word_1_90' title='bbox 538 1324 762 1378; x_wconf 78' lang='lat' dir='ltr'><strong>veritatis</strong></span> <span class='ocrx_word' id='word_1_91' title='bbox 788 1324 925 1395; x_wconf 90' lang='lat' dir='ltr'><strong>quia</strong></span> <span class='ocrx_word' id='word_1_92' title='bbox 946 1323 1106 1378; x_wconf 89' lang='lat' dir='ltr'><strong>Patre</strong></span> <span class='ocrx_word' id='word_1_93' title='bbox 1124 1322 1374 1393; x_wconf 87' lang='lat' dir='ltr'><strong>procedit,</strong></span> <span class='ocrx_word' id='word_1_94' title='bbox 1393 1321 1482 1375; x_wconf 91' lang='lat' dir='ltr'><strong>ille</strong></span> <span class='ocrx_word' id='word_1_95' title='bbox 1516 1318 1855 1374; x_wconf 85' lang='lat' dir='ltr'><strong>testimonium</strong></span> <span class='ocrx_word' id='word_1_96' title='bbox 1878 1315 2111 1386; x_wconf 87' lang='lat' dir='ltr'><strong>perhibe-</strong></span> 
     </span>
    </p>
   </div>
   <div class='ocr_carea' id='block_1_14' title="bbox 538 1406 2108 1484">
    <p class='ocr_par' dir='ltr' id='par_1_14' title="bbox 538 1406 2108 1484">
     <span class='ocr_line' id='line_1_14' title="bbox 538 1406 2108 1484; baseline -0.005 -18"><span class='ocrx_word' id='word_1_97' title='bbox 538 1413 609 1467; x_wconf 91' lang='lat' dir='ltr'><strong>bit</strong></span> <span class='ocrx_word' id='word_1_98' title='bbox 630 1415 693 1468; x_wconf 92' lang='lat' dir='ltr'><strong>de</strong></span> <span class='ocrx_word' id='word_1_99' title='bbox 711 1431 791 1469; x_wconf 90' lang='lat' dir='ltr'><strong>me</strong></span> <span class='ocrx_word' id='word_1_100' title='bbox 818 1413 998 1484; x_wconf 83' lang='lat' dir='ltr'><strong>(Joan.</strong></span> <span class='ocrx_word' id='word_1_101' title='bbox 1023 1430 1109 1478; x_wconf 80' lang='lat' dir='ltr'><strong>xv,</strong></span> <span class='ocrx_word' id='word_1_102' title='bbox 1128 1411 1248 1483; x_wconf 72' lang='lat'><strong>26);</strong></span> <span class='ocrx_word' id='word_1_103' title='bbox 1280 1420 1336 1467; x_wconf 89' lang='lat' dir='ltr'><strong>et</strong></span> <span class='ocrx_word' id='word_1_104' title='bbox 1364 1412 1557 1466; x_wconf 85' lang='lat' dir='ltr'><strong>iterum</strong></span> <span class='ocrx_word' id='word_1_105' title='bbox 1585 1409 1798 1462; x_wconf 86' lang='lat' dir='ltr'><strong>:Adhuc</strong></span> <span class='ocrx_word' id='word_1_106' title='bbox 1818 1407 1985 1460; x_wconf 92' lang='lat' dir='ltr'><strong>multa</strong></span> <span class='ocrx_word' id='word_1_107' title='bbox 2013 1406 2108 1459; x_wconf 88' lang='lat' dir='ltr'><strong>ha-</strong></span> 
     </span>
    </p>
   </div>
   <div class='ocr_carea' id='block_1_15' title="bbox 539 1493 2112 1572">
    <p class='ocr_par' dir='ltr' id='par_1_15' title="bbox 539 1493 2112 1572">
     <span class='ocr_line' id='line_1_15' title="bbox 539 1493 2112 1572; baseline -0.004 -17"><span class='ocrx_word' id='word_1_108' title='bbox 539 1503 628 1558; x_wconf 88' lang='lat' dir='ltr'><strong>beo</strong></span> <span class='ocrx_word' id='word_1_109' title='bbox 653 1503 791 1559; x_wconf 86' lang='lat' dir='ltr'><strong>vobis</strong></span> <span class='ocrx_word' id='word_1_110' title='bbox 820 1505 1010 1572; x_wconf 88' lang='lat' dir='ltr'><strong>dicere,</strong></span> <span class='ocrx_word' id='word_1_111' title='bbox 1036 1504 1128 1559; x_wconf 86' lang='lat' dir='ltr'><strong>sed</strong></span> <span class='ocrx_word' id='word_1_112' title='bbox 1170 1520 1275 1557; x_wconf 89' lang='lat' dir='ltr'><strong>non</strong></span> <span class='ocrx_word' id='word_1_113' title='bbox 1312 1502 1523 1572; x_wconf 78' lang='lat' dir='ltr'><strong>potestis</strong></span> <span class='ocrx_word' id='word_1_114' title='bbox 1547 1509 1753 1570; x_wconf 88' lang='lat' dir='ltr'><strong>portare</strong></span> <span class='ocrx_word' id='word_1_115' title='bbox 1788 1497 1959 1551; x_wconf 90' lang='lat' dir='ltr'><strong>modo.</strong></span> <span class='ocrx_word' id='word_1_116' title='bbox 1986 1493 2112 1549; x_wconf 89' lang='lat' dir='ltr'><strong>Cum</strong></span> 
     </span>
    </p>
   </div>
   <div class='ocr_carea' id='block_1_16' title="bbox 539 1590 2113 1665">
    <p class='ocr_par' dir='ltr' id='par_1_16' title="bbox 539 1590 2113 1665">
     <span class='ocr_line' id='line_1_16' title="bbox 539 1590 2113 1665; baseline -0.004 -16"><span class='ocrx_word' id='word_1_117' title='bbox 539 1605 710 1649; x_wconf 88' lang='lat' dir='ltr'><strong>autem</strong></span> <span class='ocrx_word' id='word_1_118' title='bbox 737 1597 929 1650; x_wconf 82' lang='lat' dir='ltr'><strong>venerit</strong></span> <span class='ocrx_word' id='word_1_119' title='bbox 954 1596 1042 1650; x_wconf 92' lang='lat' dir='ltr'><strong>ille</strong></span> <span class='ocrx_word' id='word_1_120' title='bbox 1057 1594 1284 1665; x_wconf 85' lang='lat' dir='ltr'><strong>Spiritus</strong></span> <span class='ocrx_word' id='word_1_121' title='bbox 1307 1593 1558 1658; x_wconf 86' lang='lat' dir='ltr'><strong>veritatis,</strong></span> <span class='ocrx_word' id='word_1_122' title='bbox 1580 1590 1779 1645; x_wconf 86' lang='lat' dir='ltr'><strong>docebit</strong></span> <span class='ocrx_word' id='word_1_123' title='bbox 1800 1606 1884 1643; x_wconf 79' lang='lat' dir='ltr'><strong>vos</strong></span> <span class='ocrx_word' id='word_1_124' title='bbox 1912 1604 2113 1643; x_wconf 89' lang='lat' dir='ltr'><strong>omnem</strong></span> 
     </span>
    </p>
   </div>
   <div class='ocr_carea' id='block_1_17' title="bbox 538 1681 2115 1757">
    <p class='ocr_par' dir='ltr' id='par_1_17' title="bbox 538 1681 2115 1757">
     <span class='ocr_line' id='line_1_17' title="bbox 538 1681 2115 1757; baseline -0.004 -16"><span class='ocrx_word' id='word_1_125' title='bbox 538 1689 799 1741; x_wconf 84' lang='lat' dir='ltr'><strong>veritatem</strong></span> <span class='ocrx_word' id='word_1_126' title='bbox 842 1688 1021 1757; x_wconf 82' lang='lat' dir='ltr'><strong>(Joan.</strong></span> <span class='ocrx_word' id='word_1_127' title='bbox 1055 1702 1167 1754; x_wconf 76' lang='lat' dir='ltr'><strong>xvr,</strong></span> <span class='ocrx_word' id='word_1_128' title='bbox 1196 1686 1307 1752; x_wconf 75' lang='lat'><strong>1‘2).</strong></span> <span class='ocrx_word' id='word_1_129' title='bbox 1350 1684 1450 1739; x_wconf 89' lang='lat' dir='ltr'><strong>Ubi</strong></span> <span class='ocrx_word' id='word_1_130' title='bbox 1502 1701 1569 1739; x_wconf 83' lang='lat' dir='ltr'><strong>ex</strong></span> <span class='ocrx_word' id='word_1_131' title='bbox 1615 1685 1730 1754; x_wconf 87' lang='lat' dir='ltr'><strong>ipsa</strong></span> <span class='ocrx_word' id='word_1_132' title='bbox 1768 1681 2115 1738; x_wconf 87' lang='lat' dir='ltr'><strong>similitudine</strong></span> 
     </span>
    </p>
   </div>
   <div class='ocr_carea' id='block_1_18' title="bbox 539 1771 2114 1846">
    <p class='ocr_par' dir='ltr' id='par_1_18' title="bbox 539 1771 2114 1846">
     <span class='ocr_line' id='line_1_18' title="bbox 539 1771 2114 1846; baseline -0.004 -15"><span class='ocrx_word' id='word_1_133' title='bbox 539 1777 720 1846; x_wconf 87' lang='lat' dir='ltr'><strong>operis</strong></span> <span class='ocrx_word' id='word_1_134' title='bbox 772 1785 986 1833; x_wconf 90' lang='lat' dir='ltr'><strong>ostensa</strong></span> <span class='ocrx_word' id='word_1_135' title='bbox 1035 1784 1117 1832; x_wconf 92' lang='lat' dir='ltr'><strong>est</strong></span> <span class='ocrx_word' id='word_1_136' title='bbox 1162 1776 1468 1832; x_wconf 89' lang='lat' dir='ltr'><strong>communio</strong></span> <span class='ocrx_word' id='word_1_137' title='bbox 1508 1774 1742 1829; x_wconf 85' lang='lat' dir='ltr'><strong>deitatis.</strong></span> <span class='ocrx_word' id='word_1_138' title='bbox 1774 1773 1936 1828; x_wconf 85' lang='lat' dir='ltr'><strong>Docet</strong></span> <span class='ocrx_word' id='word_1_139' title='bbox 1972 1771 2114 1826; x_wconf 86' lang='lat' dir='ltr'><strong>enim</strong></span> 
     </span>
    </p>
   </div>
   <div class='ocr_carea' id='block_1_19' title="bbox 2203 582 3787 679">
    <p class='ocr_par' dir='ltr' id='par_1_19' title="bbox 2203 582 3787 679">
     <span class='ocr_line' id='line_1_19' title="bbox 2203 582 3787 679; baseline -0.008 -33"><span class='ocrx_word' id='word_1_140' title='bbox 2203 600 2254 646; x_wconf 89' lang='lat' dir='ltr'><strong>et</strong></span> <span class='ocrx_word' id='word_1_141' title='bbox 2280 590 2803 679; x_wconf 76' lang='lat' dir='ltr'><strong>subministrationem</strong></span> <span class='ocrx_word' id='word_1_142' title='bbox 2832 586 3058 658; x_wconf 82' lang='lat' dir='ltr'><strong>Spiritus</strong></span> <span class='ocrx_word' id='word_1_143' title='bbox 3096 585 3223 649; x_wconf 73' lang='lat' dir='ltr'><strong>Iesu</strong></span> <span class='ocrx_word' id='word_1_144' title='bbox 3257 583 3449 639; x_wconf 83' lang='lat' dir='ltr'><strong>Christi</strong></span> <span class='ocrx_word' id='word_1_145' title='bbox 3493 582 3719 654; x_wconf 85' lang='lat' dir='ltr'><strong>(Philip.</strong></span> <span class='ocrx_word' id='word_1_146' title='bbox 3752 597 3787 644; x_wconf 83' lang='grc' dir='ltr'><strong>ι,</strong></span> 
     </span>
    </p>
   </div>
   <div class='ocr_carea' id='block_1_20' title="bbox 2205 675 3795 751">
    <p class='ocr_par' dir='ltr' id='par_1_20' title="bbox 2205 675 3795 751">
     <span class='ocr_line' id='line_1_20' title="bbox 2205 675 3795 751; baseline -0.005 -16"><span class='ocrx_word' id='word_1_147' title='bbox 2205 680 2319 751; x_wconf 85' lang='grc'><strong>19).</strong></span> <span class='ocrx_word' id='word_1_148' title='bbox 2340 682 2474 737; x_wconf 89' lang='lat' dir='ltr'><strong>Puto</strong></span> <span class='ocrx_word' id='word_1_149' title='bbox 2494 675 2637 749; x_wconf 86' lang='lat' dir='ltr'><strong>quod</strong></span> <span class='ocrx_word' id='word_1_150' title='bbox 2659 680 2845 746; x_wconf 89' lang='lat' dir='ltr'><strong>homo,</strong></span> <span class='ocrx_word' id='word_1_151' title='bbox 2861 678 2953 748; x_wconf 86' lang='lat' dir='ltr'><strong>qui</strong></span> <span class='ocrx_word' id='word_1_152' title='bbox 2982 686 3038 734; x_wconf 90' lang='lat' dir='ltr'><strong>te</strong></span> <span class='ocrx_word' id='word_1_153' title='bbox 3076 675 3383 732; x_wconf 85' lang='lat' dir='ltr'><strong>Latinitatis</strong></span> <span class='ocrx_word' id='word_1_154' title='bbox 3408 676 3642 746; x_wconf 91' lang='lat' dir='ltr'><strong>peritum</strong></span> <span class='ocrx_word' id='word_1_155' title='bbox 3673 688 3795 728; x_wconf 85' lang='lat' dir='ltr'><strong>esse</strong></span> 
     </span>
    </p>
   </div>
   <div class='ocr_carea' id='block_1_21' title="bbox 2191 764 3792 841">
    <p class='ocr_par' dir='ltr' id='par_1_21' title="bbox 2191 764 3792 841">
     <span class='ocr_line' id='line_1_21' title="bbox 2191 764 3792 841; baseline -0.007 -13"><span class='ocrx_word' id='word_1_156' title='bbox 2191 768 2614 836; x_wconf 81' lang='lat' dir='ltr'><strong>commemoras,</strong></span> <span class='ocrx_word' id='word_1_157' title='bbox 2634 782 2857 841; x_wconf 86' lang='lat' dir='ltr'><strong>prorsus</strong></span> <span class='ocrx_word' id='word_1_158' title='bbox 2877 766 3093 826; x_wconf 79' lang='lat' dir='ltr'><strong>noveris</strong></span> <span class='ocrx_word' id='word_1_159' title='bbox 3121 782 3230 825; x_wconf 90' lang='lat' dir='ltr'><strong>non</strong></span> <span class='ocrx_word' id='word_1_160' title='bbox 3260 768 3364 823; x_wconf 86' lang='lat' dir='ltr'><strong>hoc</strong></span> <span class='ocrx_word' id='word_1_161' title='bbox 3383 780 3504 821; x_wconf 87' lang='lat' dir='ltr'><strong>esse</strong></span> <span class='ocrx_word' id='word_1_162' title='bbox 3530 764 3792 820; x_wconf 88' lang='lat' dir='ltr'><strong>submini-</strong></span> 
     </span>
    </p>
   </div>
   <div class='ocr_carea' id='block_1_22' title="bbox 2205 852 3796 931">
    <p class='ocr_par' dir='ltr' id='par_1_22' title="bbox 2205 852 3796 931">
     <span class='ocr_line' id='line_1_22' title="bbox 2205 852 3796 931; baseline -0.004 -14"><span class='ocrx_word' id='word_1_163' title='bbox 2205 874 2402 928; x_wconf 86' lang='lat' dir='ltr'><strong>strare,</strong></span> <span class='ocrx_word' id='word_1_164' title='bbox 2418 852 2561 931; x_wconf 71' lang='lat' dir='ltr'><strong>quod</strong></span> <span class='ocrx_word' id='word_1_165' title='bbox 2585 867 2667 917; x_wconf 90' lang='lat' dir='ltr'><strong>est</strong></span> <span class='ocrx_word' id='word_1_166' title='bbox 2689 861 3015 916; x_wconf 89' lang='lat' dir='ltr'><strong>ministrare.</strong></span> <span class='ocrx_word' id='word_1_167' title='bbox 3041 858 3176 927; x_wconf 87' lang='lat' dir='ltr'><strong>Quia</strong></span> <span class='ocrx_word' id='word_1_168' title='bbox 3201 859 3256 914; x_wconf 91' lang='lat' dir='ltr'><strong>in</strong></span> <span class='ocrx_word' id='word_1_169' title='bbox 3278 874 3387 914; x_wconf 89' lang='lat' dir='ltr'><strong>uno</strong></span> <span class='ocrx_word' id='word_1_170' title='bbox 3412 858 3607 913; x_wconf 90' lang='lat' dir='ltr'><strong>borum</strong></span> <span class='ocrx_word' id='word_1_171' title='bbox 3629 856 3796 912; x_wconf 84' lang='lat' dir='ltr'><strong>obse-</strong></span> 
     </span>
    </p>
   </div>
   <div class='ocr_carea' id='block_1_23' title="bbox 2207 945 3795 1020">
    <p class='ocr_par' dir='ltr' id='par_1_23' title="bbox 2207 945 3795 1020">
     <span class='ocr_line' id='line_1_23' title="bbox 2207 945 3795 1020; baseline -0.005 -14"><span class='ocrx_word' id='word_1_172' title='bbox 2207 953 2393 1020; x_wconf 87' lang='lat' dir='ltr'><strong>quium</strong></span> <span class='ocrx_word' id='word_1_173' title='bbox 2416 951 2756 1014; x_wconf 85' lang='lat' dir='ltr'><strong>humilitatis,</strong></span> <span class='ocrx_word' id='word_1_174' title='bbox 2770 950 2825 1005; x_wconf 89' lang='lat' dir='ltr'><strong>in</strong></span> <span class='ocrx_word' id='word_1_175' title='bbox 2853 950 3026 1006; x_wconf 88' lang='lat' dir='ltr'><strong>altero</strong></span> <span class='ocrx_word' id='word_1_176' title='bbox 3041 958 3219 1004; x_wconf 91' lang='lat' dir='ltr'><strong>autem</strong></span> <span class='ocrx_word' id='word_1_177' title='bbox 3241 948 3497 1003; x_wconf 84' lang='lat' dir='ltr'><strong>indicium</strong></span> <span class='ocrx_word' id='word_1_178' title='bbox 3508 945 3762 1002; x_wconf 87' lang='lat' dir='ltr'><strong>abundan</strong></span> <span class='ocrx_word' id='word_1_179' title='bbox 3777 976 3795 987; x_wconf 85' lang='lat'><strong>-</strong></span> 
     </span>
    </p>
   </div>
   <div class='ocr_carea' id='block_1_24' title="bbox 2208 1036 3801 1113">
    <p class='ocr_par' dir='ltr' id='par_1_24' title="bbox 2208 1036 3801 1113">
     <span class='ocr_line' id='line_1_24' title="bbox 2208 1036 3801 1113; baseline -0.005 -17"><span class='ocrx_word' id='word_1_180' title='bbox 2208 1044 2295 1096; x_wconf 80' lang='lat' dir='ltr'><strong>tiae</strong></span> <span class='ocrx_word' id='word_1_181' title='bbox 2315 1041 2473 1113; x_wconf 77' lang='lat'><strong>583</strong></span> <span class='ocrx_word' id='word_1_182' title='bbox 2484 1056 2547 1097; x_wconf 88' lang='lat' dir='ltr'><strong>ac</strong></span> <span class='ocrx_word' id='word_1_183' title='bbox 2560 1041 2841 1111; x_wconf 87' lang='lat' dir='ltr'><strong>potestatis</strong></span> <span class='ocrx_word' id='word_1_184' title='bbox 2852 1038 3168 1096; x_wconf 85' lang='lat' dir='ltr'><strong>ostenditur.</strong></span> <span class='ocrx_word' id='word_1_185' title='bbox 3185 1037 3231 1092; x_wconf 77' lang='grc' dir='ltr'>Ἀ</span> <span class='ocrx_word' id='word_1_186' title='bbox 3249 1038 3584 1093; x_wconf 85' lang='lat' dir='ltr'><strong>ministrante</strong></span> <span class='ocrx_word' id='word_1_187' title='bbox 3594 1036 3801 1106; x_wconf 85' lang='lat' dir='ltr'><strong>quippe</strong></span> 
     </span>
    </p>
   </div>
   <div class='ocr_carea' id='block_1_25' title="bbox 2209 1127 3800 1204">
    <p class='ocr_par' dir='ltr' id='par_1_25' title="bbox 2209 1127 3800 1204">
     <span class='ocr_line' id='line_1_25' title="bbox 2209 1127 3800 1204; baseline -0.006 -13"><span class='ocrx_word' id='word_1_188' title='bbox 2209 1135 2525 1204; x_wconf 87' lang='lat' dir='ltr'><strong>obsequium</strong></span> <span class='ocrx_word' id='word_1_189' title='bbox 2547 1132 2812 1201; x_wconf 89' lang='lat' dir='ltr'><strong>redditur,</strong></span> <span class='ocrx_word' id='word_1_190' title='bbox 2838 1149 2871 1187; x_wconf 91' lang='lat' dir='ltr'><strong>a</strong></span> <span class='ocrx_word' id='word_1_191' title='bbox 2890 1131 3332 1188; x_wconf 81' lang='lat' dir='ltr'><strong>subministrante</strong></span> <span class='ocrx_word' id='word_1_192' title='bbox 3354 1144 3480 1185; x_wconf 86' lang='lat' dir='ltr'><strong>vero</strong></span> <span class='ocrx_word' id='word_1_193' title='bbox 3500 1127 3800 1183; x_wconf 87' lang='lat' dir='ltr'><strong>subsidium</strong></span> 
     </span>
    </p>
   </div>
   <div class='ocr_carea' id='block_1_26' title="bbox 2210 1206 3804 1294">
    <p class='ocr_par' dir='ltr' id='par_1_26' title="bbox 2210 1206 3804 1294">
     <span class='ocr_line' id='line_1_26' title="bbox 2210 1206 3804 1294; baseline -0.004 -16"><span class='ocrx_word' id='word_1_194' title='bbox 2210 1231 2560 1294; x_wconf 65' lang='lat' dir='ltr'><strong>prasrogatur.</strong></span> <span class='ocrx_word' id='word_1_195' title='bbox 2600 1206 2751 1276; x_wconf 84' lang='lat' dir='ltr'><strong>Nam</strong></span> <span class='ocrx_word' id='word_1_196' title='bbox 2778 1221 2867 1276; x_wconf 92' lang='lat' dir='ltr'><strong>dic</strong></span> <span class='ocrx_word' id='word_1_197' title='bbox 2911 1220 3063 1284; x_wconf 87' lang='lat' dir='ltr'><strong>mihi,</strong></span> <span class='ocrx_word' id='word_1_198' title='bbox 3099 1234 3301 1288; x_wconf 72' lang='lat' dir='ltr'><strong>quaeso,</strong></span> <span class='ocrx_word' id='word_1_199' title='bbox 3339 1233 3459 1273; x_wconf 89' lang='lat' dir='ltr'><strong>cum</strong></span> <span class='ocrx_word' id='word_1_200' title='bbox 3505 1216 3804 1287; x_wconf 80' lang='lat' dir='ltr'><strong>Apostolus</strong></span> 
     </span>
    </p>
   </div>
   <div class='ocr_carea' id='block_1_27' title="bbox 2211 1312 3803 1384">
    <p class='ocr_par' dir='ltr' id='par_1_27' title="bbox 2211 1312 3803 1384">
     <span class='ocr_line' id='line_1_27' title="bbox 2211 1312 3803 1384; baseline -0.005 -12"><span class='ocrx_word' id='word_1_201' title='bbox 2211 1318 2436 1373; x_wconf 75' lang='lat' dir='ltr'><strong>dixisset</strong></span> <span class='ocrx_word' id='word_1_202' title='bbox 2472 1316 2779 1371; x_wconf 89' lang='lat' dir='ltr'><strong>hominibus</strong></span> <span class='ocrx_word' id='word_1_203' title='bbox 2811 1333 2824 1367; x_wconf 91' lang='lat'>:</span> <span class='ocrx_word' id='word_1_204' title='bbox 2857 1314 2981 1370; x_wconf 87' lang='lat' dir='ltr'><strong>Scio</strong></span> <span class='ocrx_word' id='word_1_205' title='bbox 3018 1316 3137 1384; x_wconf 87' lang='lat' dir='ltr'><strong>quia</strong></span> <span class='ocrx_word' id='word_1_206' title='bbox 3175 1313 3270 1365; x_wconf 88' lang='lat' dir='ltr'><strong>hoc</strong></span> <span class='ocrx_word' id='word_1_207' title='bbox 3303 1312 3432 1365; x_wconf 88' lang='lat' dir='ltr'><strong>mihi</strong></span> <span class='ocrx_word' id='word_1_208' title='bbox 3455 1312 3716 1381; x_wconf 86' lang='lat' dir='ltr'><strong>proveniet</strong></span> <span class='ocrx_word' id='word_1_209' title='bbox 3745 1312 3803 1364; x_wconf 81' lang='lat' dir='ltr'><strong>in</strong></span> 
     </span>
    </p>
   </div>
   <div class='ocr_carea' id='block_1_28' title="bbox 2212 1401 3805 1476">
    <p class='ocr_par' dir='ltr' id='par_1_28' title="bbox 2212 1401 3805 1476">
     <span class='ocr_line' id='line_1_28' title="bbox 2212 1401 3805 1476; baseline -0.004 -16"><span class='ocrx_word' id='word_1_210' title='bbox 2212 1407 2451 1472; x_wconf 90' lang='lat' dir='ltr'><strong>salutem,</strong></span> <span class='ocrx_word' id='word_1_211' title='bbox 2482 1421 2572 1476; x_wconf 92' lang='lat' dir='ltr'><strong>per</strong></span> <span class='ocrx_word' id='word_1_212' title='bbox 2599 1413 2819 1459; x_wconf 84' lang='lat' dir='ltr'><strong>vestram</strong></span> <span class='ocrx_word' id='word_1_213' title='bbox 2845 1405 3169 1467; x_wconf 81' lang='lat' dir='ltr'><strong>orationem;</strong></span> <span class='ocrx_word' id='word_1_214' title='bbox 3211 1404 3264 1456; x_wconf 91' lang='lat' dir='ltr'><strong>in</strong></span> <span class='ocrx_word' id='word_1_215' title='bbox 3288 1415 3393 1469; x_wconf 82' lang='lat' dir='ltr'><strong>qua</strong></span> <span class='ocrx_word' id='word_1_216' title='bbox 3421 1401 3669 1456; x_wconf 87' lang='lat' dir='ltr'><strong>oratione</strong></span> <span class='ocrx_word' id='word_1_217' title='bbox 3693 1401 3805 1454; x_wconf 90' lang='lat' dir='ltr'><strong>uti-</strong></span> 
     </span>
    </p>
   </div>
   <div class='ocr_carea' id='block_1_29' title="bbox 2213 1494 3801 1569">
    <p class='ocr_par' dir='ltr' id='par_1_29' title="bbox 2213 1494 3801 1569">
     <span class='ocr_line' id='line_1_29' title="bbox 2213 1494 3801 1569; baseline -0.004 -16"><span class='ocrx_word' id='word_1_218' title='bbox 2213 1515 2320 1569; x_wconf 90' lang='lat' dir='ltr'><strong>que</strong></span> <span class='ocrx_word' id='word_1_219' title='bbox 2348 1514 2454 1553; x_wconf 90' lang='lat' dir='ltr'><strong>non</strong></span> <span class='ocrx_word' id='word_1_220' title='bbox 2480 1497 2690 1552; x_wconf 92' lang='lat' dir='ltr'><strong>illorum</strong></span> <span class='ocrx_word' id='word_1_221' title='bbox 2721 1498 3095 1562; x_wconf 76' lang='lat' dir='ltr'><strong>ministerium,</strong></span> <span class='ocrx_word' id='word_1_222' title='bbox 3127 1496 3222 1551; x_wconf 89' lang='lat' dir='ltr'><strong>sed</strong></span> <span class='ocrx_word' id='word_1_223' title='bbox 3251 1494 3572 1565; x_wconf 76' lang='lat' dir='ltr'><strong>adiutorium</strong></span> <span class='ocrx_word' id='word_1_224' title='bbox 3601 1508 3801 1563; x_wconf 78' lang='lat' dir='ltr'><strong>exspe-</strong></span> 
     </span>
    </p>
   </div>
   <div class='ocr_carea' id='block_1_30' title="bbox 2215 1582 3808 1658">
    <p class='ocr_par' dir='ltr' id='par_1_30' title="bbox 2215 1582 3808 1658">
     <span class='ocr_line' id='line_1_30' title="bbox 2215 1582 3808 1658; baseline -0.007 -10"><span class='ocrx_word' id='word_1_225' title='bbox 2215 1594 2430 1658; x_wconf 88' lang='lat' dir='ltr'><strong>ctabat,</strong></span> <span class='ocrx_word' id='word_1_226' title='bbox 2463 1591 2602 1646; x_wconf 88' lang='lat' dir='ltr'><strong>sicut</strong></span> <span class='ocrx_word' id='word_1_227' title='bbox 2636 1590 2764 1644; x_wconf 92' lang='lat' dir='ltr'><strong>alibi</strong></span> <span class='ocrx_word' id='word_1_228' title='bbox 2800 1582 3068 1654; x_wconf 83' lang='lat' dir='ltr'><strong>ostendit,</strong></span> <span class='ocrx_word' id='word_1_229' title='bbox 3116 1587 3303 1642; x_wconf 90' lang='lat' dir='ltr'><strong>dicens</strong></span> <span class='ocrx_word' id='word_1_230' title='bbox 3333 1605 3347 1639; x_wconf 90' lang='lat'><strong>:</strong></span> <span class='ocrx_word' id='word_1_231' title='bbox 3381 1585 3604 1641; x_wconf 84' lang='lat' dir='ltr'><strong>Obsecro</strong></span> <span class='ocrx_word' id='word_1_232' title='bbox 3644 1586 3808 1656; x_wconf 81' lang='lat' dir='ltr'><strong>igitur</strong></span> 
     </span>
    </p>
   </div>
   <div class='ocr_carea' id='block_1_31' title="bbox 2215 1676 3807 1754">
    <p class='ocr_par' dir='ltr' id='par_1_31' title="bbox 2215 1676 3807 1754">
     <span class='ocr_line' id='line_1_31' title="bbox 2215 1676 3807 1754; baseline -0.007 -15"><span class='ocrx_word' id='word_1_233' title='bbox 2215 1702 2321 1747; x_wconf 87' lang='lat' dir='ltr'><strong>vos,</strong></span> <span class='ocrx_word' id='word_1_234' title='bbox 2349 1685 2555 1754; x_wconf 79' lang='lat' dir='ltr'><strong>fratres,</strong></span> <span class='ocrx_word' id='word_1_235' title='bbox 2586 1699 2676 1753; x_wconf 90' lang='lat' dir='ltr'><strong>per</strong></span> <span class='ocrx_word' id='word_1_236' title='bbox 2704 1681 2972 1735; x_wconf 87' lang='lat' dir='ltr'><strong>caritatem</strong></span> <span class='ocrx_word' id='word_1_237' title='bbox 3003 1680 3252 1747; x_wconf 82' lang='lat' dir='ltr'><strong>Spiritus,</strong></span> <span class='ocrx_word' id='word_1_238' title='bbox 3274 1686 3328 1731; x_wconf 88' lang='lat' dir='ltr'><strong>ut</strong></span> <span class='ocrx_word' id='word_1_239' title='bbox 3356 1677 3608 1747; x_wconf 86' lang='lat' dir='ltr'><strong>adjuvetis</strong></span> <span class='ocrx_word' id='word_1_240' title='bbox 3636 1692 3720 1729; x_wconf 87' lang='lat' dir='ltr'><strong>me</strong></span> <span class='ocrx_word' id='word_1_241' title='bbox 3747 1676 3807 1729; x_wconf 88' lang='lat' dir='ltr'><strong>in</strong></span> 
     </span>
    </p>
   </div>
   <div class='ocr_carea' id='block_1_32' title="bbox 2216 1768 3808 1846">
    <p class='ocr_par' dir='ltr' id='par_1_32' title="bbox 2216 1768 3808 1846">
     <span class='ocr_line' id='line_1_32' title="bbox 2216 1768 3808 1846; baseline -0.007 -14"><span class='ocrx_word' id='word_1_242' title='bbox 2216 1777 2532 1833; x_wconf 86' lang='lat' dir='ltr'><strong>orationibus</strong></span> <span class='ocrx_word' id='word_1_243' title='bbox 2570 1792 2664 1846; x_wconf 91' lang='lat' dir='ltr'><strong>pro</strong></span> <span class='ocrx_word' id='word_1_244' title='bbox 2706 1791 2786 1828; x_wconf 91' lang='lat' dir='ltr'><strong>me</strong></span> <span class='ocrx_word' id='word_1_245' title='bbox 2828 1772 2897 1827; x_wconf 91' lang='lat' dir='ltr'><strong>ad</strong></span> <span class='ocrx_word' id='word_1_246' title='bbox 2941 1771 3107 1826; x_wconf 86' lang='lat' dir='ltr'><strong>Deum</strong></span> <span class='ocrx_word' id='word_1_247' title='bbox 3152 1770 3328 1839; x_wconf 85' lang='lat' dir='ltr'><strong>(Rom.</strong></span> <span class='ocrx_word' id='word_1_248' title='bbox 3372 1786 3464 1837; x_wconf 81' lang='lat' dir='ltr'><strong>xv,</strong></span> <span class='ocrx_word' id='word_1_249' title='bbox 3502 1768 3636 1839; x_wconf 77' lang='lat'><strong>50);</strong></span> <span class='ocrx_word' id='word_1_250' title='bbox 3680 1783 3808 1822; x_wconf 88' lang='lat' dir='ltr'><strong>cum</strong></span> 
     </span>
    </p>
   </div>
   <div class='ocr_carea' id='block_1_33' title="bbox 540 1857 3809 1937">
    <p class='ocr_par' dir='ltr' id='par_1_33' title="bbox 540 1857 3809 1937">
     <span class='ocr_line' id='line_1_33' title="bbox 540 1857 3809 1937; baseline -0.005 -9"><span class='ocrx_word' id='word_1_251' title='bbox 540 1883 641 1921; x_wconf 78' lang='lat' dir='ltr'><strong>nos</strong></span> <span class='ocrx_word' id='word_1_252' title='bbox 660 1865 836 1929; x_wconf 81' lang='lat' dir='ltr'><strong>Pater.</strong></span> <span class='ocrx_word' id='word_1_253' title='bbox 865 1867 1091 1922; x_wconf 85' lang='lat' dir='ltr'><strong>Domino</strong></span> <span class='ocrx_word' id='word_1_254' title='bbox 1122 1866 1335 1921; x_wconf 78' lang='lat' dir='ltr'><strong>dicente</strong></span> <span class='ocrx_word' id='word_1_255' title='bbox 1363 1882 1375 1917; x_wconf 90' lang='lat'>:</span> <span class='ocrx_word' id='word_1_256' title='bbox 1400 1864 1496 1918; x_wconf 75' lang='lat' dir='ltr'><strong>Est</strong></span> <span class='ocrx_word' id='word_1_257' title='bbox 1525 1864 1773 1933; x_wconf 77' lang='lat' dir='ltr'><strong>scriptum</strong></span> <span class='ocrx_word' id='word_1_258' title='bbox 1801 1864 1853 1915; x_wconf 80' lang='lat' dir='ltr'><strong>in</strong></span> <span class='ocrx_word' id='word_1_259' title='bbox 1887 1860 2111 1932; x_wconf 79' lang='lat' dir='ltr'><strong>prophe-</strong></span> <span class='ocrx_word' id='word_1_260' title='bbox 2147 1869 2192 1930; x_wconf 85' lang='grc' dir='ltr'><strong>Β</strong></span> <span class='ocrx_word' id='word_1_261' title='bbox 2217 1882 2365 1937; x_wconf 86' lang='lat' dir='ltr'><strong>ergo,</strong></span> <span class='ocrx_word' id='word_1_262' title='bbox 2396 1867 2533 1922; x_wconf 82' lang='lat' dir='ltr'><strong>sicut</strong></span> <span class='ocrx_word' id='word_1_263' title='bbox 2555 1865 2688 1934; x_wconf 79' lang='lat' dir='ltr'><strong>dixi,</strong></span> <span class='ocrx_word' id='word_1_264' title='bbox 2717 1865 3020 1919; x_wconf 88' lang='lat' dir='ltr'><strong>orationem</strong></span> <span class='ocrx_word' id='word_1_265' title='bbox 3051 1861 3283 1917; x_wconf 84' lang='lat' dir='ltr'><strong>ﬁdelium</strong></span> <span class='ocrx_word' id='word_1_266' title='bbox 3312 1860 3501 1917; x_wconf 86' lang='lat' dir='ltr'><strong>beatus</strong></span> <span class='ocrx_word' id='word_1_267' title='bbox 3521 1857 3723 1912; x_wconf 86' lang='lat' dir='ltr'><strong>Paulus</strong></span> <span class='ocrx_word' id='word_1_268' title='bbox 3751 1859 3809 1912; x_wconf 89' lang='lat' dir='ltr'><strong>in</strong></span> 
     </span>
    </p>
   </div>
   <div class='ocr_carea' id='block_1_34' title="bbox 542 1951 2119 2022">
    <p class='ocr_par' dir='ltr' id='par_1_34' title="bbox 542 1951 2119 2022">
     <span class='ocr_line' id='line_1_34' title="bbox 542 1951 2119 2022; baseline -0.003 -14"><span class='ocrx_word' id='word_1_269' title='bbox 542 1957 605 2008; x_wconf 87' lang='lat' dir='ltr'><strong>tis</strong></span> <span class='ocrx_word' id='word_1_270' title='bbox 637 1973 654 2009; x_wconf 92' lang='lat'><strong><em>:</em></strong></span> <span class='ocrx_word' id='word_1_271' title='bbox 684 1954 754 2009; x_wconf 85' lang='lat' dir='ltr'><strong>Et</strong></span> <span class='ocrx_word' id='word_1_272' title='bbox 786 1965 935 2010; x_wconf 76' lang='lat' dir='ltr'><strong>erunt</strong></span> <span class='ocrx_word' id='word_1_273' title='bbox 991 1973 1166 2010; x_wconf 88' lang='lat' dir='ltr'><strong>omnes</strong></span> <span class='ocrx_word' id='word_1_274' title='bbox 1192 1954 1434 2009; x_wconf 87' lang='lat' dir='ltr'><strong>docibiles</strong></span> <span class='ocrx_word' id='word_1_275' title='bbox 1458 1953 1574 2006; x_wconf 88' lang='lat' dir='ltr'><strong>Dei.</strong></span> <span class='ocrx_word' id='word_1_276' title='bbox 1602 1953 1782 2005; x_wconf 83' lang='lat' dir='ltr'><strong>Omnis</strong></span> <span class='ocrx_word' id='word_1_277' title='bbox 1807 1954 1892 2022; x_wconf 85' lang='lat' dir='ltr'><strong>qui</strong></span> <span class='ocrx_word' id='word_1_278' title='bbox 1922 1951 2119 2005; x_wconf 85' lang='lat' dir='ltr'><strong>audivit</strong></span> 
     </span>
    </p>
   </div>
   <div class='ocr_carea' id='block_1_35' title="bbox 542 2039 2119 2113">
    <p class='ocr_par' dir='ltr' id='par_1_35' title="bbox 542 2039 2119 2113">
     <span class='ocr_line' id='line_1_35' title="bbox 542 2039 2119 2113; baseline -0.003 -16"><span class='ocrx_word' id='word_1_279' title='bbox 542 2063 576 2097; x_wconf 82' lang='grc' dir='ltr'><em>α</em></span> <span class='ocrx_word' id='word_1_280' title='bbox 608 2045 766 2100; x_wconf 82' lang='lat' dir='ltr'><strong>Patre</strong></span> <span class='ocrx_word' id='word_1_281' title='bbox 808 2056 857 2098; x_wconf 91' lang='lat' dir='ltr'><strong>et</strong></span> <span class='ocrx_word' id='word_1_282' title='bbox 895 2047 1092 2110; x_wconf 88' lang='lat' dir='ltr'><strong>didicit,</strong></span> <span class='ocrx_word' id='word_1_283' title='bbox 1139 2045 1272 2098; x_wconf 87' lang='lat' dir='ltr'><strong>venit</strong></span> <span class='ocrx_word' id='word_1_284' title='bbox 1293 2044 1360 2097; x_wconf 91' lang='lat' dir='ltr'><strong>ad</strong></span> <span class='ocrx_word' id='word_1_285' title='bbox 1388 2060 1470 2096; x_wconf 88' lang='lat' dir='ltr'><strong>me</strong></span> <span class='ocrx_word' id='word_1_286' title='bbox 1501 2042 1637 2113; x_wconf 86' lang='lat' dir='ltr'><strong>(lsa.</strong></span> <span class='ocrx_word' id='word_1_287' title='bbox 1672 2059 1777 2105; x_wconf 84' lang='lat' dir='ltr'><strong>Liv,</strong></span> <span class='ocrx_word' id='word_1_288' title='bbox 1808 2040 1917 2111; x_wconf 77' lang='grc'><strong>15).</strong></span> <span class='ocrx_word' id='word_1_289' title='bbox 1953 2039 2119 2094; x_wconf 88' lang='lat' dir='ltr'><strong>Docet</strong></span> 
     </span>
    </p>
   </div>
   <div class='ocr_carea' id='block_1_36' title="bbox 543 2132 2119 2208">
    <p class='ocr_par' dir='ltr' id='par_1_36' title="bbox 543 2132 2119 2208">
     <span class='ocr_line' id='line_1_36' title="bbox 543 2132 2119 2208; baseline -0.005 -17"><span class='ocrx_word' id='word_1_290' title='bbox 543 2147 599 2192; x_wconf 90' lang='lat' dir='ltr'><strong>et</strong></span> <span class='ocrx_word' id='word_1_291' title='bbox 629 2137 791 2193; x_wconf 88' lang='lat' dir='ltr'><strong>Filius</strong></span> <span class='ocrx_word' id='word_1_292' title='bbox 827 2139 894 2193; x_wconf 91' lang='lat' dir='ltr'><strong>de</strong></span> <span class='ocrx_word' id='word_1_293' title='bbox 924 2155 1032 2208; x_wconf 88' lang='lat' dir='ltr'><strong>quo</strong></span> <span class='ocrx_word' id='word_1_294' title='bbox 1072 2139 1329 2206; x_wconf 72' lang='lat' dir='ltr'><strong>scripturn</strong></span> <span class='ocrx_word' id='word_1_295' title='bbox 1371 2145 1475 2200; x_wconf 88' lang='lat' dir='ltr'><strong>est,</strong></span> <span class='ocrx_word' id='word_1_296' title='bbox 1506 2136 1631 2205; x_wconf 89' lang='lat' dir='ltr'><strong>quia</strong></span> <span class='ocrx_word' id='word_1_297' title='bbox 1686 2140 2007 2187; x_wconf 88' lang='lat' dir='ltr'><strong>accesserunt</strong></span> <span class='ocrx_word' id='word_1_298' title='bbox 2048 2132 2119 2184; x_wconf 89' lang='lat' dir='ltr'><strong>ad</strong></span> 
     </span>
    </p>
   </div>
   <div class='ocr_carea' id='block_1_37' title="bbox 544 2225 2117 2301">
    <p class='ocr_par' dir='ltr' id='par_1_37' title="bbox 544 2225 2117 2301">
     <span class='ocr_line' id='line_1_37' title="bbox 544 2225 2117 2301; baseline -0.004 -18"><span class='ocrx_word' id='word_1_299' title='bbox 544 2247 659 2285; x_wconf 86' lang='lat' dir='ltr'><strong>eum</strong></span> <span class='ocrx_word' id='word_1_300' title='bbox 710 2231 949 2301; x_wconf 79' lang='lat' dir='ltr'><strong>discipuli</strong></span> <span class='ocrx_word' id='word_1_301' title='bbox 996 2230 1126 2299; x_wconf 86' lang='lat' dir='ltr'><strong>ejus,</strong></span> <span class='ocrx_word' id='word_1_302' title='bbox 1150 2240 1199 2284; x_wconf 92' lang='lat' dir='ltr'><strong>et</strong></span> <span class='ocrx_word' id='word_1_303' title='bbox 1238 2231 1471 2300; x_wconf 88' lang='lat' dir='ltr'><strong>aperiens</strong></span> <span class='ocrx_word' id='word_1_304' title='bbox 1519 2245 1576 2282; x_wconf 89' lang='lat' dir='ltr'><strong>os</strong></span> <span class='ocrx_word' id='word_1_305' title='bbox 1602 2245 1751 2282; x_wconf 85' lang='lat' dir='ltr'><strong>suum</strong></span> <span class='ocrx_word' id='word_1_306' title='bbox 1792 2225 1999 2280; x_wconf 88' lang='lat' dir='ltr'><strong>docebat</strong></span> <span class='ocrx_word' id='word_1_307' title='bbox 2033 2240 2117 2278; x_wconf 89' lang='lat' dir='ltr'><strong>eos</strong></span> 
     </span>
    </p>
   </div>
   <div class='ocr_carea' id='block_1_38' title="bbox 545 2310 2115 2391">
    <p class='ocr_par' dir='ltr' id='par_1_38' title="bbox 545 2310 2115 2391">
     <span class='ocr_line' id='line_1_38' title="bbox 545 2310 2115 2391; baseline -0.006 -16"><span class='ocrx_word' id='word_1_308' title='bbox 545 2310 769 2391; x_wconf 59' lang='lat' dir='ltr'><strong>(Matth:</strong></span> <span class='ocrx_word' id='word_1_309' title='bbox 785 2338 836 2387; x_wconf 88' lang='lat' dir='ltr'><strong>v,</strong></span> <span class='ocrx_word' id='word_1_310' title='bbox 864 2321 917 2389; x_wconf 88' lang='grc'><strong>1,</strong></span> <span class='ocrx_word' id='word_1_311' title='bbox 945 2321 1024 2391; x_wconf 77' lang='grc'><strong>2).</strong></span> <span class='ocrx_word' id='word_1_312' title='bbox 1066 2321 1233 2377; x_wconf 83' lang='lat' dir='ltr'><strong>Docet</strong></span> <span class='ocrx_word' id='word_1_313' title='bbox 1280 2336 1378 2375; x_wconf 90' lang='lat' dir='ltr'><strong>nos</strong></span> <span class='ocrx_word' id='word_1_314' title='bbox 1419 2320 1579 2373; x_wconf 89' lang='lat' dir='ltr'><strong>etiam</strong></span> <span class='ocrx_word' id='word_1_315' title='bbox 1610 2318 1842 2386; x_wconf 91' lang='lat' dir='ltr'><strong>Spiritus</strong></span> <span class='ocrx_word' id='word_1_316' title='bbox 1879 2321 2115 2378; x_wconf 85' lang='lat' dir='ltr'><strong>sanctus,</strong></span> 
     </span>
    </p>
   </div>
   <div class='ocr_carea' id='block_1_39' title="bbox 544 2405 2115 2482">
    <p class='ocr_par' dir='ltr' id='par_1_39' title="bbox 544 2405 2115 2482">
     <span class='ocr_line' id='line_1_39' title="bbox 544 2405 2115 2482; baseline -0.006 -16"><span class='ocrx_word' id='word_1_317' title='bbox 544 2413 687 2467; x_wconf 88' lang='lat' dir='ltr'><strong>sicut</strong></span> <span class='ocrx_word' id='word_1_318' title='bbox 732 2412 977 2482; x_wconf 88' lang='lat' dir='ltr'><strong>superius</strong></span> <span class='ocrx_word' id='word_1_319' title='bbox 1029 2426 1097 2464; x_wconf 78' lang='lat' dir='ltr'><strong>ex</strong></span> <span class='ocrx_word' id='word_1_320' title='bbox 1146 2410 1321 2464; x_wconf 86' lang='lat' dir='ltr'><strong>verbis</strong></span> <span class='ocrx_word' id='word_1_321' title='bbox 1360 2410 1526 2478; x_wconf 89' lang='lat' dir='ltr'><strong>ipsius</strong></span> <span class='ocrx_word' id='word_1_322' title='bbox 1550 2406 1668 2460; x_wconf 88' lang='lat' dir='ltr'><strong>Filii</strong></span> <span class='ocrx_word' id='word_1_323' title='bbox 1700 2407 1791 2461; x_wconf 91' lang='lat' dir='ltr'><strong>Dei</strong></span> <span class='ocrx_word' id='word_1_324' title='bbox 1817 2405 2115 2460; x_wconf 90' lang='lat' dir='ltr'><strong>docuimus.</strong></span> 
     </span>
    </p>
   </div>
   <div class='ocr_carea' id='block_1_40' title="bbox 544 2492 2120 2570">
    <p class='ocr_par' dir='ltr' id='par_1_40' title="bbox 544 2492 2120 2570">
     <span class='ocr_line' id='line_1_40' title="bbox 544 2492 2120 2570; baseline -0.008 -13"><span class='ocrx_word' id='word_1_325' title='bbox 544 2501 674 2557; x_wconf 89' lang='lat' dir='ltr'><strong>Inde</strong></span> <span class='ocrx_word' id='word_1_326' title='bbox 726 2510 809 2557; x_wconf 91' lang='lat' dir='ltr'><strong>est</strong></span> <span class='ocrx_word' id='word_1_327' title='bbox 850 2501 994 2570; x_wconf 87' lang='lat' dir='ltr'><strong>quod</strong></span> <span class='ocrx_word' id='word_1_328' title='bbox 1024 2500 1187 2554; x_wconf 89' lang='lat' dir='ltr'><strong>etiam</strong></span> <span class='ocrx_word' id='word_1_329' title='bbox 1214 2499 1402 2553; x_wconf 86' lang='lat' dir='ltr'><strong>beatus</strong></span> <span class='ocrx_word' id='word_1_330' title='bbox 1432 2496 1626 2550; x_wconf 85' lang='lat' dir='ltr'><strong>Paulus</strong></span> <span class='ocrx_word' id='word_1_331' title='bbox 1655 2495 1913 2550; x_wconf 70' lang='lat' dir='ltr'><strong>doctrina:</strong></span> <span class='ocrx_word' id='word_1_332' title='bbox 1950 2492 2120 2547; x_wconf 84' lang='lat' dir='ltr'><strong>sancti</strong></span> 
     </span>
    </p>
   </div>
   <div class='ocr_carea' id='block_1_41' title="bbox 543 2584 2119 2663">
    <p class='ocr_par' dir='ltr' id='par_1_41' title="bbox 543 2584 2119 2663">
     <span class='ocr_line' id='line_1_41' title="bbox 543 2584 2119 2663; baseline -0.006 -15"><span class='ocrx_word' id='word_1_333' title='bbox 543 2594 777 2663; x_wconf 82' lang='lat' dir='ltr'><strong>Spiritus</strong></span> <span class='ocrx_word' id='word_1_334' title='bbox 807 2608 966 2647; x_wconf 87' lang='lat' dir='ltr'><strong>omne</strong></span> <span class='ocrx_word' id='word_1_335' title='bbox 993 2607 1130 2661; x_wconf 87' lang='lat' dir='ltr'><strong>opus</strong></span> <span class='ocrx_word' id='word_1_336' title='bbox 1169 2605 1278 2645; x_wconf 61' lang='lat' dir='ltr'><strong>suae</strong></span> <span class='ocrx_word' id='word_1_337' title='bbox 1324 2588 1717 2660; x_wconf 72' lang='lat' dir='ltr'><strong>pnedicationis</strong></span> <span class='ocrx_word' id='word_1_338' title='bbox 1745 2587 2002 2654; x_wconf 79' lang='lat' dir='ltr'><strong>assignat,</strong></span> <span class='ocrx_word' id='word_1_339' title='bbox 2032 2584 2119 2639; x_wconf 86' lang='lat' dir='ltr'><strong>di-</strong></span> 
     </span>
    </p>
   </div>
   <div class='ocr_carea' id='block_1_42' title="bbox 544 2677 2119 2752">
    <p class='ocr_par' dir='ltr' id='par_1_42' title="bbox 544 2677 2119 2752">
     <span class='ocr_line' id='line_1_42' title="bbox 544 2677 2119 2752; baseline -0.008 -12"><span class='ocrx_word' id='word_1_340' title='bbox 544 2701 675 2741; x_wconf 86' lang='lat' dir='ltr'><strong>cens</strong></span> <span class='ocrx_word' id='word_1_341' title='bbox 704 2704 717 2738; x_wconf 89' lang='lat'><strong>:</strong></span> <span class='ocrx_word' id='word_1_342' title='bbox 752 2682 877 2749; x_wconf 83' lang='lat' dir='ltr'><strong>Quis</strong></span> <span class='ocrx_word' id='word_1_343' title='bbox 904 2687 1039 2738; x_wconf 87' lang='lat' dir='ltr'><strong>enim</strong></span> <span class='ocrx_word' id='word_1_344' title='bbox 1066 2685 1162 2736; x_wconf 84' lang='lat' dir='ltr'><strong>scit</strong></span> <span class='ocrx_word' id='word_1_345' title='bbox 1182 2683 1445 2737; x_wconf 83' lang='lat' dir='ltr'><strong>hominum</strong></span> <span class='ocrx_word' id='word_1_346' title='bbox 1471 2697 1583 2752; x_wconf 77' lang='lat' dir='ltr'><strong>qua:</strong></span> <span class='ocrx_word' id='word_1_347' title='bbox 1607 2688 1727 2734; x_wconf 85' lang='lat' dir='ltr'><strong>sunt</strong></span> <span class='ocrx_word' id='word_1_348' title='bbox 1752 2678 1994 2740; x_wconf 86' lang='lat' dir='ltr'><strong>hominis,</strong></span> <span class='ocrx_word' id='word_1_349' title='bbox 2015 2677 2119 2728; x_wconf 85' lang='lat' dir='ltr'><strong>nisi</strong></span> 
     </span>
    </p>
   </div>
   <div class='ocr_carea' id='block_1_43' title="bbox 545 2766 2120 2845">
    <p class='ocr_par' dir='ltr' id='par_1_43' title="bbox 545 2766 2120 2845">
     <span class='ocr_line' id='line_1_43' title="bbox 545 2766 2120 2845; baseline -0.008 -15"><span class='ocrx_word' id='word_1_350' title='bbox 545 2777 759 2844; x_wconf 62' lang='lat' dir='ltr'><strong>spiritus</strong></span> <span class='ocrx_word' id='word_1_351' title='bbox 798 2776 1017 2829; x_wconf 80' lang='lat' dir='ltr'><strong>hominis</strong></span> <span class='ocrx_word' id='word_1_352' title='bbox 1044 2776 1129 2845; x_wconf 85' lang='lat' dir='ltr'><strong>qui</strong></span> <span class='ocrx_word' id='word_1_353' title='bbox 1158 2774 1211 2827; x_wconf 89' lang='lat' dir='ltr'><strong>in</strong></span> <span class='ocrx_word' id='word_1_354' title='bbox 1241 2776 1352 2839; x_wconf 85' lang='lat' dir='ltr'><strong>ipso</strong></span> <span class='ocrx_word' id='word_1_355' title='bbox 1379 2774 1487 2825; x_wconf 84' lang='lat' dir='ltr'><strong>est?</strong></span> <span class='ocrx_word' id='word_1_356' title='bbox 1525 2770 1612 2824; x_wconf 90' lang='lat' dir='ltr'><strong>Ita</strong></span> <span class='ocrx_word' id='word_1_357' title='bbox 1648 2779 1697 2823; x_wconf 90' lang='lat' dir='ltr'><strong>et</strong></span> <span class='ocrx_word' id='word_1_358' title='bbox 1724 2785 1837 2839; x_wconf 75' lang='lat' dir='ltr'><strong>qua:</strong></span> <span class='ocrx_word' id='word_1_359' title='bbox 1865 2766 1964 2820; x_wconf 89' lang='lat' dir='ltr'><strong>Dei</strong></span> <span class='ocrx_word' id='word_1_360' title='bbox 2002 2775 2120 2820; x_wconf 89' lang='lat' dir='ltr'><strong>sunt</strong></span> 
     </span>
    </p>
   </div>
   <div class='ocr_carea' id='block_1_44' title="bbox 546 2860 2121 2937">
    <p class='ocr_par' dir='ltr' id='par_1_44' title="bbox 546 2860 2121 2937">
     <span class='ocr_line' id='line_1_44' title="bbox 546 2860 2121 2937; baseline -0.006 -16"><span class='ocrx_word' id='word_1_361' title='bbox 546 2883 695 2921; x_wconf 89' lang='lat' dir='ltr'><strong>nemo</strong></span> <span class='ocrx_word' id='word_1_362' title='bbox 741 2867 1005 2937; x_wconf 87' lang='lat' dir='ltr'><strong>cognovit,</strong></span> <span class='ocrx_word' id='word_1_363' title='bbox 1056 2865 1157 2918; x_wconf 84' lang='lat' dir='ltr'><strong>nisi</strong></span> <span class='ocrx_word' id='word_1_364' title='bbox 1204 2864 1431 2934; x_wconf 84' lang='lat' dir='ltr'><strong>Spiritus</strong></span> <span class='ocrx_word' id='word_1_365' title='bbox 1488 2865 1604 2915; x_wconf 82' lang='lat' dir='ltr'><strong>Dei.</strong></span> <span class='ocrx_word' id='word_1_366' title='bbox 1635 2860 1749 2914; x_wconf 89' lang='lat' dir='ltr'><strong>Nos</strong></span> <span class='ocrx_word' id='word_1_367' title='bbox 1798 2870 1968 2912; x_wconf 88' lang='lat' dir='ltr'><strong>autem</strong></span> <span class='ocrx_word' id='word_1_368' title='bbox 2016 2874 2121 2913; x_wconf 86' lang='lat' dir='ltr'><strong>non</strong></span> 
     </span>
    </p>
   </div>
   <div class='ocr_carea' id='block_1_45' title="bbox 547 2949 2121 3025">
    <p class='ocr_par' dir='ltr' id='par_1_45' title="bbox 547 2949 2121 3025">
     <span class='ocr_line' id='line_1_45' title="bbox 547 2949 2121 3025; baseline -0.004 -16"><span class='ocrx_word' id='word_1_369' title='bbox 547 2956 783 3025; x_wconf 87' lang='lat' dir='ltr'><strong>spiritum</strong></span> <span class='ocrx_word' id='word_1_370' title='bbox 838 2956 1015 3008; x_wconf 87' lang='lat' dir='ltr'><strong>mundi</strong></span> <span class='ocrx_word' id='word_1_371' title='bbox 1053 2955 1358 3023; x_wconf 86' lang='lat' dir='ltr'><strong>accepimus,</strong></span> <span class='ocrx_word' id='word_1_372' title='bbox 1393 2953 1480 3007; x_wconf 89' lang='lat' dir='ltr'><strong>sed</strong></span> <span class='ocrx_word' id='word_1_373' title='bbox 1510 2952 1762 3021; x_wconf 87' lang='lat' dir='ltr'><strong>Spiritum</strong></span> <span class='ocrx_word' id='word_1_374' title='bbox 1784 2951 1868 3021; x_wconf 88' lang='lat' dir='ltr'><strong>qui</strong></span> <span class='ocrx_word' id='word_1_375' title='bbox 1907 2966 1971 3004; x_wconf 75' lang='lat' dir='ltr'><strong>ea;</strong></span> <span class='ocrx_word' id='word_1_376' title='bbox 2011 2949 2121 3003; x_wconf 88' lang='lat' dir='ltr'><strong>Deo</strong></span> 
     </span>
    </p>
   </div>
   <div class='ocr_carea' id='block_1_46' title="bbox 547 3041 2123 3115">
    <p class='ocr_par' dir='ltr' id='par_1_46' title="bbox 547 3041 2123 3115">
     <span class='ocr_line' id='line_1_46' title="bbox 547 3041 2123 3115; baseline -0.003 -16"><span class='ocrx_word' id='word_1_377' title='bbox 547 3055 642 3110; x_wconf 85' lang='lat' dir='ltr'><strong>est,</strong></span> <span class='ocrx_word' id='word_1_378' title='bbox 673 3054 729 3098; x_wconf 90' lang='lat' dir='ltr'><strong>ut</strong></span> <span class='ocrx_word' id='word_1_379' title='bbox 748 3047 969 3099; x_wconf 88' lang='lat' dir='ltr'><strong>sciamus</strong></span> <span class='ocrx_word' id='word_1_380' title='bbox 999 3060 1112 3115; x_wconf 83' lang='lat' dir='ltr'><strong>qua:</strong></span> <span class='ocrx_word' id='word_1_381' title='bbox 1144 3062 1176 3097; x_wconf 91' lang='lat' dir='ltr'><strong>a</strong></span> <span class='ocrx_word' id='word_1_382' title='bbox 1204 3043 1314 3097; x_wconf 89' lang='lat' dir='ltr'><strong>Deo</strong></span> <span class='ocrx_word' id='word_1_383' title='bbox 1361 3045 1556 3097; x_wconf 88' lang='lat' dir='ltr'><strong>donata</strong></span> <span class='ocrx_word' id='word_1_384' title='bbox 1586 3052 1703 3095; x_wconf 86' lang='lat' dir='ltr'><strong>sunt</strong></span> <span class='ocrx_word' id='word_1_385' title='bbox 1733 3041 1894 3096; x_wconf 88' lang='lat' dir='ltr'><strong>nobis.</strong></span> <span class='ocrx_word' id='word_1_386' title='bbox 1925 3041 2053 3107; x_wconf 73' lang='lat' dir='ltr'><strong>Qua!</strong></span> <span class='ocrx_word' id='word_1_387' title='bbox 2073 3050 2123 3095; x_wconf 88' lang='lat' dir='ltr'><strong>et</strong></span> 
     </span>
    </p>
   </div>
   <div class='ocr_carea' id='block_1_47' title="bbox 549 3130 2120 3205">
    <p class='ocr_par' dir='ltr' id='par_1_47' title="bbox 549 3130 2120 3205">
     <span class='ocr_line' id='line_1_47' title="bbox 549 3130 2120 3205; baseline -0.003 -16"><span class='ocrx_word' id='word_1_388' title='bbox 549 3135 825 3205; x_wconf 90' lang='lat' dir='ltr'><strong>loquimur,</strong></span> <span class='ocrx_word' id='word_1_389' title='bbox 855 3151 957 3189; x_wconf 87' lang='lat' dir='ltr'><strong>non</strong></span> <span class='ocrx_word' id='word_1_390' title='bbox 1009 3136 1062 3188; x_wconf 88' lang='lat' dir='ltr'><strong>in</strong></span> <span class='ocrx_word' id='word_1_391' title='bbox 1111 3134 1275 3188; x_wconf 86' lang='lat' dir='ltr'><strong>doctis</strong></span> <span class='ocrx_word' id='word_1_392' title='bbox 1323 3134 1563 3186; x_wconf 75' lang='lat' dir='ltr'><strong>humana:</strong></span> <span class='ocrx_word' id='word_1_393' title='bbox 1616 3133 1887 3200; x_wconf 73' lang='lat' dir='ltr'><strong>sapientia:</strong></span> <span class='ocrx_word' id='word_1_394' title='bbox 1936 3130 2120 3197; x_wconf 86' lang='lat' dir='ltr'><strong>verbis,</strong></span> 
     </span>
    </p>
   </div>
   <div class='ocr_carea' id='block_1_48' title="bbox 550 3210 2195 3293">
    <p class='ocr_par' dir='ltr' id='par_1_48' title="bbox 550 3210 2195 3293">
     <span class='ocr_line' id='line_1_48' title="bbox 550 3210 2195 3293; baseline -0.004 -15"><span class='ocrx_word' id='word_1_395' title='bbox 550 3224 641 3278; x_wconf 81' lang='lat' dir='ltr'><strong>sed</strong></span> <span class='ocrx_word' id='word_1_396' title='bbox 662 3225 715 3276; x_wconf 90' lang='lat' dir='ltr'><strong>in</strong></span> <span class='ocrx_word' id='word_1_397' title='bbox 745 3224 982 3279; x_wconf 86' lang='lat' dir='ltr'><strong>doctrina</strong></span> <span class='ocrx_word' id='word_1_398' title='bbox 1012 3224 1238 3293; x_wconf 87' lang='lat' dir='ltr'><strong>Spiritus</strong></span> <span class='ocrx_word' id='word_1_399' title='bbox 1270 3221 1324 3293; x_wconf 91' lang='grc' dir='ltr'><strong>(Ι</strong></span> <span class='ocrx_word' id='word_1_400' title='bbox 1354 3220 1472 3275; x_wconf 89' lang='lat' dir='ltr'><strong>Cor.</strong></span> <span class='ocrx_word' id='word_1_401' title='bbox 1501 3237 1557 3283; x_wconf 87' lang='lat' dir='ltr'><strong>lt,</strong></span> <span class='ocrx_word' id='word_1_402' title='bbox 1591 3220 1676 3283; x_wconf 88' lang='grc'><strong>11,</strong></span> <span class='ocrx_word' id='word_1_403' title='bbox 1710 3219 1799 3287; x_wconf 76' lang='grc'><strong>12,</strong></span> <span class='ocrx_word' id='word_1_404' title='bbox 1836 3220 1945 3289; x_wconf 73' lang='grc'><strong>15).</strong></span> <span class='ocrx_word' id='word_1_405' title='bbox 1972 3218 2121 3274; x_wconf 89' lang='lat' dir='ltr'><strong>Hanc</strong></span> <span class='ocrx_word' id='word_1_406' title='bbox 2150 3210 2195 3271; x_wconf 86' lang='lat' dir='ltr'><strong>C</strong></span> 
     </span>
    </p>
   </div>
   <div class='ocr_carea' id='block_1_49' title="bbox 550 3308 2115 3382">
    <p class='ocr_par' dir='ltr' id='par_1_49' title="bbox 550 3308 2115 3382">
     <span class='ocr_line' id='line_1_49' title="bbox 550 3308 2115 3382; baseline -0.004 -14"><span class='ocrx_word' id='word_1_407' title='bbox 550 3313 779 3382; x_wconf 86' lang='lat' dir='ltr'><strong>Spiritus</strong></span> <span class='ocrx_word' id='word_1_408' title='bbox 807 3314 976 3367; x_wconf 87' lang='lat' dir='ltr'><strong>sancti</strong></span> <span class='ocrx_word' id='word_1_409' title='bbox 996 3312 1297 3367; x_wconf 87' lang='lat' dir='ltr'><strong>doctrinam</strong></span> <span class='ocrx_word' id='word_1_410' title='bbox 1318 3313 1507 3366; x_wconf 83' lang='lat' dir='ltr'><strong>beatus</strong></span> <span class='ocrx_word' id='word_1_411' title='bbox 1532 3325 1748 3378; x_wconf 89' lang='lat' dir='ltr'><strong>quoque</strong></span> <span class='ocrx_word' id='word_1_412' title='bbox 1778 3310 1931 3364; x_wconf 88' lang='lat' dir='ltr'><strong>nobis</strong></span> <span class='ocrx_word' id='word_1_413' title='bbox 1953 3308 2115 3364; x_wconf 83' lang='lat' dir='ltr'><strong>Joan-</strong></span> 
     </span>
    </p>
   </div>
   <div class='ocr_carea' id='block_1_50' title="bbox 549 3401 2125 3477">
    <p class='ocr_par' dir='ltr' id='par_1_50' title="bbox 549 3401 2125 3477">
     <span class='ocr_line' id='line_1_50' title="bbox 549 3401 2125 3477; baseline -0.004 -17"><span class='ocrx_word' id='word_1_414' title='bbox 549 3420 650 3461; x_wconf 85' lang='lat' dir='ltr'><strong>nes</strong></span> <span class='ocrx_word' id='word_1_415' title='bbox 677 3404 928 3477; x_wconf 84' lang='lat' dir='ltr'><strong>insinuat,</strong></span> <span class='ocrx_word' id='word_1_416' title='bbox 954 3405 1128 3474; x_wconf 90' lang='lat' dir='ltr'><strong>ipsum</strong></span> <span class='ocrx_word' id='word_1_417' title='bbox 1157 3401 1416 3472; x_wconf 89' lang='lat' dir='ltr'><strong>Spiritum</strong></span> <span class='ocrx_word' id='word_1_418' title='bbox 1445 3410 1686 3455; x_wconf 88' lang='lat' dir='ltr'><strong>sanctum</strong></span> <span class='ocrx_word' id='word_1_419' title='bbox 1717 3402 1933 3456; x_wconf 86' lang='lat' dir='ltr'><strong>nomine</strong></span> <span class='ocrx_word' id='word_1_420' title='bbox 1960 3401 2125 3468; x_wconf 82' lang='lat' dir='ltr'><strong>signi-</strong></span> 
     </span>
    </p>
   </div>
   <div class='ocr_carea' id='block_1_51' title="bbox 551 3492 2126 3551">
    <p class='ocr_par' dir='ltr' id='par_1_51' title="bbox 551 3492 2126 3551">
     <span class='ocr_line' id='line_1_51' title="bbox 551 3492 2126 3551; baseline -0.001 -3"><span class='ocrx_word' id='word_1_421' title='bbox 551 3495 717 3551; x_wconf 82' lang='lat' dir='ltr'><strong>ticans</strong></span> <span class='ocrx_word' id='word_1_422' title='bbox 742 3496 1023 3550; x_wconf 86' lang='lat' dir='ltr'><strong>unctionis.</strong></span> <span class='ocrx_word' id='word_1_423' title='bbox 1056 3494 1146 3550; x_wconf 92' lang='lat' dir='ltr'><strong>Sic</strong></span> <span class='ocrx_word' id='word_1_424' title='bbox 1189 3494 1331 3548; x_wconf 78' lang='lat' dir='ltr'><strong>enim</strong></span> <span class='ocrx_word' id='word_1_425' title='bbox 1380 3495 1491 3548; x_wconf 89' lang='lat' dir='ltr'><strong>ait:</strong></span> <span class='ocrx_word' id='word_1_426' title='bbox 1523 3492 1653 3548; x_wconf 78' lang='lat' dir='ltr'><strong>Htec</strong></span> <span class='ocrx_word' id='word_1_427' title='bbox 1683 3493 1848 3547; x_wconf 85' lang='lat' dir='ltr'><strong>scribo</strong></span> <span class='ocrx_word' id='word_1_428' title='bbox 1884 3492 2023 3548; x_wconf 83' lang='lat' dir='ltr'><strong>vobis</strong></span> <span class='ocrx_word' id='word_1_429' title='bbox 2063 3494 2126 3547; x_wconf 93' lang='lat' dir='ltr'><strong>de</strong></span> 
     </span>
    </p>
   </div>
   <div class='ocr_carea' id='block_1_52' title="bbox 551 3585 2125 3659">
    <p class='ocr_par' dir='ltr' id='par_1_52' title="bbox 551 3585 2125 3659">
     <span class='ocr_line' id='line_1_52' title="bbox 551 3585 2125 3659; baseline -0.001 -20"><span class='ocrx_word' id='word_1_430' title='bbox 551 3589 630 3641; x_wconf 83' lang='lat' dir='ltr'><strong>his</strong></span> <span class='ocrx_word' id='word_1_431' title='bbox 651 3590 734 3659; x_wconf 87' lang='lat' dir='ltr'><strong>qui</strong></span> <span class='ocrx_word' id='word_1_432' title='bbox 754 3588 1000 3641; x_wconf 85' lang='lat' dir='ltr'><strong>seducunt</strong></span> <span class='ocrx_word' id='word_1_433' title='bbox 1027 3605 1134 3642; x_wconf 89' lang='lat' dir='ltr'><strong>vos.</strong></span> <span class='ocrx_word' id='word_1_434' title='bbox 1154 3585 1223 3640; x_wconf 84' lang='lat' dir='ltr'><strong>Et</strong></span> <span class='ocrx_word' id='word_1_435' title='bbox 1242 3603 1328 3641; x_wconf 88' lang='lat' dir='ltr'><strong>vos</strong></span> <span class='ocrx_word' id='word_1_436' title='bbox 1358 3588 1649 3640; x_wconf 89' lang='lat' dir='ltr'><strong>unctionem</strong></span> <span class='ocrx_word' id='word_1_437' title='bbox 1669 3602 1821 3656; x_wconf 88' lang='lat' dir='ltr'><strong>quam</strong></span> <span class='ocrx_word' id='word_1_438' title='bbox 1852 3587 2125 3655; x_wconf 85' lang='lat' dir='ltr'><strong>accepistis</strong></span> 
     </span>
    </p>
   </div>
   <div class='ocr_carea' id='block_1_53' title="bbox 551 3675 2123 3739">
    <p class='ocr_par' dir='ltr' id='par_1_53' title="bbox 551 3675 2123 3739">
     <span class='ocr_line' id='line_1_53' title="bbox 551 3675 2123 3739; baseline -0.002 -9"><span class='ocrx_word' id='word_1_439' title='bbox 551 3677 615 3730; x_wconf 88' lang='lat' dir='ltr'><strong>ab</strong></span> <span class='ocrx_word' id='word_1_440' title='bbox 635 3695 714 3739; x_wconf 91' lang='lat' dir='ltr'><strong>eo,</strong></span> <span class='ocrx_word' id='word_1_441' title='bbox 746 3688 953 3731; x_wconf 86' lang='lat' dir='ltr'><strong>maneat</strong></span> <span class='ocrx_word' id='word_1_442' title='bbox 977 3678 1032 3730; x_wconf 89' lang='lat' dir='ltr'><strong>in</strong></span> <span class='ocrx_word' id='word_1_443' title='bbox 1054 3677 1212 3732; x_wconf 88' lang='lat' dir='ltr'><strong>vobis.</strong></span> <span class='ocrx_word' id='word_1_444' title='bbox 1251 3676 1320 3730; x_wconf 85' lang='lat' dir='ltr'><strong>Et</strong></span> <span class='ocrx_word' id='word_1_445' title='bbox 1343 3693 1444 3732; x_wconf 87' lang='lat' dir='ltr'><strong>non</strong></span> <span class='ocrx_word' id='word_1_446' title='bbox 1485 3692 1687 3730; x_wconf 87' lang='lat' dir='ltr'><strong>necesse</strong></span> <span class='ocrx_word' id='word_1_447' title='bbox 1714 3675 1912 3728; x_wconf 85' lang='lat' dir='ltr'><strong>habetis</strong></span> <span class='ocrx_word' id='word_1_448' title='bbox 1940 3685 1996 3728; x_wconf 90' lang='lat' dir='ltr'><strong>ut</strong></span> <span class='ocrx_word' id='word_1_449' title='bbox 2022 3676 2123 3728; x_wconf 87' lang='lat' dir='ltr'><strong>ali-</strong></span> 
     </span>
    </p>
   </div>
   <div class='ocr_carea' id='block_1_54' title="bbox 551 3766 2125 3836">
    <p class='ocr_par' dir='ltr' id='par_1_54' title="bbox 551 3766 2125 3836">
     <span class='ocr_line' id='line_1_54' title="bbox 551 3766 2125 3836; baseline 0 -17"><span class='ocrx_word' id='word_1_450' title='bbox 551 3767 664 3836; x_wconf 87' lang='lat' dir='ltr'><strong>quis</strong></span> <span class='ocrx_word' id='word_1_451' title='bbox 692 3766 871 3820; x_wconf 88' lang='lat' dir='ltr'><strong>doceat</strong></span> <span class='ocrx_word' id='word_1_452' title='bbox 890 3782 1006 3830; x_wconf 88' lang='lat' dir='ltr'><strong>vos;</strong></span> <span class='ocrx_word' id='word_1_453' title='bbox 1037 3766 1128 3821; x_wconf 87' lang='lat' dir='ltr'><strong>sed</strong></span> <span class='ocrx_word' id='word_1_454' title='bbox 1149 3766 1282 3819; x_wconf 88' lang='lat' dir='ltr'><strong>sicut</strong></span> <span class='ocrx_word' id='word_1_455' title='bbox 1308 3767 1481 3819; x_wconf 89' lang='lat' dir='ltr'><strong>unctio</strong></span> <span class='ocrx_word' id='word_1_456' title='bbox 1517 3766 1627 3835; x_wconf 87' lang='lat' dir='ltr'><strong>ejus</strong></span> <span class='ocrx_word' id='word_1_457' title='bbox 1650 3766 1796 3819; x_wconf 87' lang='lat' dir='ltr'><strong>docet</strong></span> <span class='ocrx_word' id='word_1_458' title='bbox 1819 3782 1902 3820; x_wconf 88' lang='lat' dir='ltr'><strong>vos</strong></span> <span class='ocrx_word' id='word_1_459' title='bbox 1932 3766 1995 3819; x_wconf 89' lang='lat' dir='ltr'><strong>de</strong></span> <span class='ocrx_word' id='word_1_460' title='bbox 2014 3783 2125 3820; x_wconf 92' lang='lat' dir='ltr'><strong>om-</strong></span> 
     </span>
    </p>
   </div>
   <div class='ocr_carea' id='block_1_55' title="bbox 551 3854 2123 3927">
    <p class='ocr_par' dir='ltr' id='par_1_55' title="bbox 551 3854 2123 3927">
     <span class='ocr_line' id='line_1_55' title="bbox 551 3854 2123 3927; baseline 0.002 -19"><span class='ocrx_word' id='word_1_461' title='bbox 551 3854 722 3922; x_wconf 84' lang='lat' dir='ltr'><strong>nibus,</strong></span> <span class='ocrx_word' id='word_1_462' title='bbox 750 3865 797 3910; x_wconf 91' lang='lat' dir='ltr'><strong>et</strong></span> <span class='ocrx_word' id='word_1_463' title='bbox 836 3872 1008 3909; x_wconf 90' lang='lat' dir='ltr'><strong>verum</strong></span> <span class='ocrx_word' id='word_1_464' title='bbox 1054 3865 1152 3924; x_wconf 89' lang='lat' dir='ltr'><strong>est,</strong></span> <span class='ocrx_word' id='word_1_465' title='bbox 1172 3866 1221 3910; x_wconf 92' lang='lat' dir='ltr'><strong>et</strong></span> <span class='ocrx_word' id='word_1_466' title='bbox 1249 3873 1349 3910; x_wconf 90' lang='lat' dir='ltr'><strong>non</strong></span> <span class='ocrx_word' id='word_1_467' title='bbox 1395 3865 1472 3910; x_wconf 89' lang='lat' dir='ltr'><strong>est</strong></span> <span class='ocrx_word' id='word_1_468' title='bbox 1519 3857 1843 3911; x_wconf 88' lang='lat' dir='ltr'><strong>mendacium</strong></span> <span class='ocrx_word' id='word_1_469' title='bbox 1865 3854 2043 3927; x_wconf 81' lang='lat' dir='ltr'><strong>(Joan.</strong></span> <span class='ocrx_word' id='word_1_470' title='bbox 2066 3872 2123 3923; x_wconf 83' lang='lat' dir='ltr'><strong>ll,</strong></span> 
     </span>
    </p>
   </div>
   <div class='ocr_carea' id='block_1_56' title="bbox 552 3928 2127 4016">
    <p class='ocr_par' dir='ltr' id='par_1_56' title="bbox 552 3928 2127 4016">
     <span class='ocr_line' id='line_1_56' title="bbox 552 3928 2127 4016; baseline 0.003 -20"><span class='ocrx_word' id='word_1_471' title='bbox 552 3942 821 4014; x_wconf 66' lang='grc' dir='ltr'><strong>26).,Ηωο</strong></span> <span class='ocrx_word' id='word_1_472' title='bbox 864 3944 1007 4000; x_wconf 90' lang='lat' dir='ltr'><strong>dicta</strong></span> <span class='ocrx_word' id='word_1_473' title='bbox 1051 3946 1161 4000; x_wconf 87' lang='lat' dir='ltr'><strong>sint</strong></span> <span class='ocrx_word' id='word_1_474' title='bbox 1203 3961 1234 3999; x_wconf 91' lang='lat' dir='ltr'><strong>a</strong></span> <span class='ocrx_word' id='word_1_475' title='bbox 1274 3928 1451 4011; x_wconf 72' lang='lat' dir='ltr'><strong>nobis,</strong></span> <span class='ocrx_word' id='word_1_476' title='bbox 1475 3948 1600 4015; x_wconf 89' lang='lat' dir='ltr'><strong>quia</strong></span> <span class='ocrx_word' id='word_1_477' title='bbox 1649 3946 1863 4001; x_wconf 86' lang='lat' dir='ltr'><strong>voluisti</strong></span> <span class='ocrx_word' id='word_1_478' title='bbox 1902 3945 2127 4016; x_wconf 88' lang='lat' dir='ltr'><strong>Spiritui</strong></span> 
     </span>
    </p>
   </div>
   <div class='ocr_carea' id='block_1_57' title="bbox 552 4037 2125 4109">
    <p class='ocr_par' dir='ltr' id='par_1_57' title="bbox 552 4037 2125 4109">
     <span class='ocr_line' id='line_1_57' title="bbox 552 4037 2125 4109; baseline 0.003 -19"><span class='ocrx_word' id='word_1_479' title='bbox 552 4044 740 4092; x_wconf 89' lang='lat' dir='ltr'><strong>sancto</strong></span> <span class='ocrx_word' id='word_1_480' title='bbox 790 4037 1048 4093; x_wconf 83' lang='lat' dir='ltr'><strong>Advocati</strong></span> <span class='ocrx_word' id='word_1_481' title='bbox 1097 4054 1294 4094; x_wconf 88' lang='lat' dir='ltr'><strong>nomen</strong></span> <span class='ocrx_word' id='word_1_482' title='bbox 1339 4040 1592 4108; x_wconf 73' lang='lat' dir='ltr'><strong>obiicere,</strong></span> <span class='ocrx_word' id='word_1_483' title='bbox 1617 4056 1713 4109; x_wconf 91' lang='lat' dir='ltr'><strong>pro</strong></span> <span class='ocrx_word' id='word_1_484' title='bbox 1738 4056 1805 4095; x_wconf 92' lang='lat' dir='ltr'><strong>eo</strong></span> <span class='ocrx_word' id='word_1_485' title='bbox 1831 4040 1975 4109; x_wconf 90' lang='lat' dir='ltr'><strong>quod</strong></span> <span class='ocrx_word' id='word_1_486' title='bbox 2003 4056 2125 4096; x_wconf 90' lang='lat' dir='ltr'><strong>eum</strong></span> 
     </span>
    </p>
   </div>
   <div class='ocr_carea' id='block_1_58' title="bbox 554 4126 2125 4197">
    <p class='ocr_par' dir='ltr' id='par_1_58' title="bbox 554 4126 2125 4197">
     <span class='ocr_line' id='line_1_58' title="bbox 554 4126 2125 4197; baseline 0.005 -18"><span class='ocrx_word' id='word_1_487' title='bbox 554 4127 814 4181; x_wconf 87' lang='lat' dir='ltr'><strong>Dominus</strong></span> <span class='ocrx_word' id='word_1_488' title='bbox 837 4126 992 4183; x_wconf 79' lang='lat' dir='ltr'><strong>lesus</strong></span> <span class='ocrx_word' id='word_1_489' title='bbox 1012 4126 1351 4185; x_wconf 87' lang='lat' dir='ltr'><strong>Paracletum</strong></span> <span class='ocrx_word' id='word_1_490' title='bbox 1378 4131 1706 4197; x_wconf 85' lang='lat' dir='ltr'><strong>nominavit;</strong></span> <span class='ocrx_word' id='word_1_491' title='bbox 1733 4140 1791 4185; x_wconf 91' lang='lat' dir='ltr'><strong>ut</strong></span> <span class='ocrx_word' id='word_1_492' title='bbox 1811 4133 2125 4188; x_wconf 88' lang='lat' dir='ltr'><strong>ostendere-</strong></span> 
     </span>
    </p>
   </div>
   <div class='ocr_carea' id='block_1_59' title="bbox 554 4210 2126 4293">
    <p class='ocr_par' dir='ltr' id='par_1_59' title="bbox 554 4210 2126 4293">
     <span class='ocr_line' id='line_1_59' title="bbox 554 4210 2126 4293; baseline 0.004 -24"><span class='ocrx_word' id='word_1_493' title='bbox 554 4232 675 4272; x_wconf 90' lang='lat' dir='ltr'><strong>mus</strong></span> <span class='ocrx_word' id='word_1_494' title='bbox 696 4217 846 4286; x_wconf 87' lang='lat' dir='ltr'><strong>cujus</strong></span> <span class='ocrx_word' id='word_1_495' title='bbox 872 4220 1054 4287; x_wconf 89' lang='lat' dir='ltr'><strong>operis</strong></span> <span class='ocrx_word' id='word_1_496' title='bbox 1095 4221 1267 4289; x_wconf 88' lang='lat' dir='ltr'><strong>gratia</strong></span> <span class='ocrx_word' id='word_1_497' title='bbox 1291 4220 1488 4275; x_wconf 77' lang='lat' dir='ltr'><strong>dixerit</strong></span> <span class='ocrx_word' id='word_1_498' title='bbox 1510 4210 1765 4276; x_wconf 80' lang='lat' dir='ltr'><strong>Dominus</strong></span> <span class='ocrx_word' id='word_1_499' title='bbox 1786 4221 2126 4293; x_wconf 87' lang='lat' dir='ltr'><strong>Paracletum</strong></span> 
     </span>
    </p>
   </div>
   <div class='ocr_carea' id='block_1_60' title="bbox 553 4298 2129 4383">
    <p class='ocr_par' dir='ltr' id='par_1_60' title="bbox 553 4298 2129 4383">
     <span class='ocr_line' id='line_1_60' title="bbox 553 4298 2129 4383; baseline 0.004 -22"><span class='ocrx_word' id='word_1_500' title='bbox 553 4306 716 4361; x_wconf 85' lang='lat' dir='ltr'><strong>fuisse</strong></span> <span class='ocrx_word' id='word_1_501' title='bbox 741 4298 1194 4365; x_wconf 76' lang='lat' dir='ltr'><strong>venturum.Nam</strong></span> <span class='ocrx_word' id='word_1_502' title='bbox 1217 4312 1469 4380; x_wconf 88' lang='lat' dir='ltr'><strong>quoniam</strong></span> <span class='ocrx_word' id='word_1_503' title='bbox 1491 4312 1682 4367; x_wconf 89' lang='lat' dir='ltr'><strong>doctor</strong></span> <span class='ocrx_word' id='word_1_504' title='bbox 1702 4313 1818 4382; x_wconf 88' lang='lat' dir='ltr'><strong>ipse</strong></span> <span class='ocrx_word' id='word_1_505' title='bbox 1845 4328 1876 4366; x_wconf 90' lang='lat' dir='ltr'><strong>a</strong></span> <span class='ocrx_word' id='word_1_506' title='bbox 1900 4313 2129 4383; x_wconf 85' lang='lat' dir='ltr'><strong>discipu-</strong></span> 
     </span>
    </p>
   </div>
   <div class='ocr_carea' id='block_1_61' title="bbox 555 4402 2130 4476">
    <p class='ocr_par' dir='ltr' id='par_1_61' title="bbox 555 4402 2130 4476">
     <span class='ocr_line' id='line_1_61' title="bbox 555 4402 2130 4476; baseline 0.004 -21"><span class='ocrx_word' id='word_1_507' title='bbox 555 4402 621 4456; x_wconf 91' lang='lat' dir='ltr'><strong>lis</strong></span> <span class='ocrx_word' id='word_1_508' title='bbox 640 4403 996 4471; x_wconf 88' lang='lat' dir='ltr'><strong>corporaliter</strong></span> <span class='ocrx_word' id='word_1_509' title='bbox 1023 4403 1643 4469; x_wconf 52' lang='lat' dir='ltr'><strong>discedebatydoctorem</strong></span> <span class='ocrx_word' id='word_1_510' title='bbox 1667 4406 1771 4460; x_wconf 88' lang='lat' dir='ltr'><strong>illis</strong></span> <span class='ocrx_word' id='word_1_511' title='bbox 1792 4407 1975 4474; x_wconf 90' lang='lat' dir='ltr'><strong>utique</strong></span> <span class='ocrx_word' id='word_1_512' title='bbox 1999 4420 2130 4476; x_wconf 89' lang='lat' dir='ltr'><strong>pro-</strong></span> 
     </span>
    </p>
   </div>
   <div class='ocr_carea' id='block_1_62' title="bbox 553 4492 2128 4564">
    <p class='ocr_par' dir='ltr' id='par_1_62' title="bbox 553 4492 2128 4564">
     <span class='ocr_line' id='line_1_62' title="bbox 553 4492 2128 4564; baseline 0.003 -19"><span class='ocrx_word' id='word_1_513' title='bbox 553 4492 801 4546; x_wconf 86' lang='lat' dir='ltr'><strong>mittebat</strong></span> <span class='ocrx_word' id='word_1_514' title='bbox 826 4511 837 4546; x_wconf 88' lang='lat'>:</span> <span class='ocrx_word' id='word_1_515' title='bbox 871 4501 926 4547; x_wconf 90' lang='lat' dir='ltr'><strong>et</strong></span> <span class='ocrx_word' id='word_1_516' title='bbox 953 4493 1070 4548; x_wconf 90' lang='lat' dir='ltr'><strong>vide</strong></span> <span class='ocrx_word' id='word_1_517' title='bbox 1088 4493 1302 4562; x_wconf 90' lang='lat' dir='ltr'><strong>qualem</strong></span> <span class='ocrx_word' id='word_1_518' title='bbox 1328 4493 1604 4549; x_wconf 89' lang='lat' dir='ltr'><strong>doctorem</strong></span> <span class='ocrx_word' id='word_1_519' title='bbox 1624 4535 1637 4559; x_wconf 91' lang='lat'><strong>,</strong></span> <span class='ocrx_word' id='word_1_520' title='bbox 1668 4496 1760 4564; x_wconf 92' lang='lat' dir='ltr'><strong>qui</strong></span> <span class='ocrx_word' id='word_1_521' title='bbox 1778 4495 1855 4549; x_wconf 87' lang='lat' dir='ltr'><strong>eis</strong></span> <span class='ocrx_word' id='word_1_522' title='bbox 1877 4505 1933 4551; x_wconf 91' lang='lat' dir='ltr'><strong>et</strong></span> <span class='ocrx_word' id='word_1_523' title='bbox 1955 4496 2128 4551; x_wconf 90' lang='lat' dir='ltr'><strong>scien-</strong></span> 
     </span>
    </p>
   </div>
   <div class='ocr_carea' id='block_1_63' title="bbox 2220 1948 3811 2031">
    <p class='ocr_par' dir='ltr' id='par_1_63' title="bbox 2220 1948 3811 2031">
     <span class='ocr_line' id='line_1_63' title="bbox 2220 1948 3811 2031; baseline -0.008 -14"><span class='ocrx_word' id='word_1_524' title='bbox 2220 1961 2546 2031; x_wconf 87' lang='lat' dir='ltr'><strong>adjutorium</strong></span> <span class='ocrx_word' id='word_1_525' title='bbox 2572 1964 2933 2030; x_wconf 57' lang='lat' dir='ltr'><strong>expectaret,</strong></span> <span class='ocrx_word' id='word_1_526' title='bbox 2954 1954 3087 2025; x_wconf 90' lang='lat' dir='ltr'><strong>quid</strong></span> <span class='ocrx_word' id='word_1_527' title='bbox 3106 1970 3243 2025; x_wconf 90' lang='lat' dir='ltr'><strong>opus</strong></span> <span class='ocrx_word' id='word_1_528' title='bbox 3264 1952 3441 2009; x_wconf 85' lang='lat' dir='ltr'><strong>fuitut</strong></span> <span class='ocrx_word' id='word_1_529' title='bbox 3464 1948 3811 2022; x_wconf 85' lang='lat' dir='ltr'><strong>adjungeret,</strong></span> 
     </span>
    </p>
   </div>
   <div class='ocr_carea' id='block_1_64' title="bbox 2221 2042 3810 2120">
    <p class='ocr_par' dir='ltr' id='par_1_64' title="bbox 2221 2042 3810 2120">
     <span class='ocr_line' id='line_1_64' title="bbox 2221 2042 3810 2120; baseline -0.007 -12"><span class='ocrx_word' id='word_1_530' title='bbox 2221 2054 2291 2108; x_wconf 84' lang='lat' dir='ltr'><strong>Et</strong></span> <span class='ocrx_word' id='word_1_531' title='bbox 2320 2052 2847 2108; x_wconf 85' lang='lat' dir='ltr'><strong>subministrationem</strong></span> <span class='ocrx_word' id='word_1_532' title='bbox 2875 2047 3102 2120; x_wconf 88' lang='lat' dir='ltr'><strong>Spiritus</strong></span> <span class='ocrx_word' id='word_1_533' title='bbox 3131 2046 3255 2100; x_wconf 85' lang='lat' dir='ltr'><strong>Jesu</strong></span> <span class='ocrx_word' id='word_1_534' title='bbox 3283 2044 3519 2099; x_wconf 86' lang='lat' dir='ltr'><strong>Christi?</strong></span> <span class='ocrx_word' id='word_1_535' title='bbox 3546 2044 3650 2098; x_wconf 91' lang='lat' dir='ltr'><strong>nisi</strong></span> <span class='ocrx_word' id='word_1_536' title='bbox 3679 2042 3810 2112; x_wconf 84' lang='lat' dir='ltr'><strong>quia</strong></span> 
     </span>
    </p>
   </div>
   <div class='ocr_carea' id='block_1_65' title="bbox 2218 2135 3813 2210">
    <p class='ocr_par' dir='ltr' id='par_1_65' title="bbox 2218 2135 3813 2210">
     <span class='ocr_line' id='line_1_65' title="bbox 2218 2135 3813 2210; baseline -0.008 -10"><span class='ocrx_word' id='word_1_537' title='bbox 2218 2145 2390 2200; x_wconf 91' lang='lat' dir='ltr'><strong>voluit</strong></span> <span class='ocrx_word' id='word_1_538' title='bbox 2418 2142 2702 2203; x_wconf 85' lang='lat' dir='ltr'><strong>ostendere</strong></span> <span class='ocrx_word' id='word_1_539' title='bbox 2727 2139 2869 2210; x_wconf 92' lang='lat' dir='ltr'><strong>quod</strong></span> <span class='ocrx_word' id='word_1_540' title='bbox 2899 2138 3132 2194; x_wconf 89' lang='lat' dir='ltr'><strong>orationi</strong></span> <span class='ocrx_word' id='word_1_541' title='bbox 3157 2136 3393 2192; x_wconf 89' lang='lat' dir='ltr'><strong>ﬁdelium</strong></span> <span class='ocrx_word' id='word_1_542' title='bbox 3414 2135 3647 2205; x_wconf 90' lang='lat' dir='ltr'><strong>Spiritus</strong></span> <span class='ocrx_word' id='word_1_543' title='bbox 3675 2150 3813 2188; x_wconf 85' lang='lat' dir='ltr'><strong>san-</strong></span> 
     </span>
    </p>
   </div>
   <div class='ocr_carea' id='block_1_66' title="bbox 2221 2225 3813 2302">
    <p class='ocr_par' dir='ltr' id='par_1_66' title="bbox 2221 2225 3813 2302">
     <span class='ocr_line' id='line_1_66' title="bbox 2221 2225 3813 2302; baseline -0.009 -12"><span class='ocrx_word' id='word_1_544' title='bbox 2221 2242 2337 2290; x_wconf 88' lang='lat' dir='ltr'><strong>ctus</strong></span> <span class='ocrx_word' id='word_1_545' title='bbox 2358 2234 2612 2302; x_wconf 82' lang='lat' dir='ltr'><strong>largiatur</strong></span> <span class='ocrx_word' id='word_1_546' title='bbox 2632 2229 2879 2286; x_wconf 73' lang='lat' dir='ltr'><strong>ellectum</strong></span> <span class='ocrx_word' id='word_1_547' title='bbox 2898 2271 2913 2296; x_wconf 92' lang='lat'><strong>,</strong></span> <span class='ocrx_word' id='word_1_548' title='bbox 2935 2227 3058 2283; x_wconf 88' lang='lat' dir='ltr'><strong>dum</strong></span> <span class='ocrx_word' id='word_1_549' title='bbox 3087 2226 3169 2281; x_wconf 86' lang='lat' dir='ltr'><strong>his</strong></span> <span class='ocrx_word' id='word_1_550' title='bbox 3190 2241 3219 2279; x_wconf 92' lang='lat' dir='ltr'><strong>a</strong></span> <span class='ocrx_word' id='word_1_551' title='bbox 3240 2225 3432 2295; x_wconf 92' lang='lat' dir='ltr'><strong>quibus</strong></span> <span class='ocrx_word' id='word_1_552' title='bbox 3453 2225 3539 2279; x_wconf 88' lang='lat' dir='ltr'><strong>vel</strong></span> <span class='ocrx_word' id='word_1_553' title='bbox 3564 2238 3665 2294; x_wconf 90' lang='lat' dir='ltr'><strong>pro</strong></span> <span class='ocrx_word' id='word_1_554' title='bbox 3689 2226 3813 2294; x_wconf 82' lang='lat' dir='ltr'><strong>qui-</strong></span> 
     </span>
    </p>
   </div>
   <div class='ocr_carea' id='block_1_67' title="bbox 2220 2313 3815 2383">
    <p class='ocr_par' dir='ltr' id='par_1_67' title="bbox 2220 2313 3815 2383">
     <span class='ocr_line' id='line_1_67' title="bbox 2220 2313 3815 2383; baseline -0.008 -1"><span class='ocrx_word' id='word_1_555' title='bbox 2220 2329 2322 2383; x_wconf 91' lang='lat' dir='ltr'><strong>bus</strong></span> <span class='ocrx_word' id='word_1_556' title='bbox 2372 2334 2558 2382; x_wconf 90' lang='lat' dir='ltr'><strong>oratur</strong></span> <span class='ocrx_word' id='word_1_557' title='bbox 2594 2321 2964 2378; x_wconf 86' lang='lat' dir='ltr'><strong>subministrat</strong></span> <span class='ocrx_word' id='word_1_558' title='bbox 2988 2317 3243 2374; x_wconf 81' lang='lat' dir='ltr'><strong>auxilium</strong></span> <span class='ocrx_word' id='word_1_559' title='bbox 3276 2335 3288 2370; x_wconf 91' lang='lat'>:</span> <span class='ocrx_word' id='word_1_560' title='bbox 3336 2332 3444 2371; x_wconf 89' lang='lat' dir='ltr'><strong>non</strong></span> <span class='ocrx_word' id='word_1_561' title='bbox 3473 2315 3576 2371; x_wconf 79' lang='lat' dir='ltr'><strong>hoc</strong></span> <span class='ocrx_word' id='word_1_562' title='bbox 3603 2313 3815 2371; x_wconf 77' lang='lat' dir='ltr'><strong>faciens</strong></span> 
     </span>
    </p>
   </div>
   <div class='ocr_carea' id='block_1_68' title="bbox 2222 2408 3814 2480">
    <p class='ocr_par' dir='ltr' id='par_1_68' title="bbox 2222 2408 3814 2480">
     <span class='ocr_line' id='line_1_68' title="bbox 2222 2408 3814 2480; baseline -0.006 -8"><span class='ocrx_word' id='word_1_563' title='bbox 2222 2417 2432 2472; x_wconf 89' lang='lat' dir='ltr'><strong>servilis</strong></span> <span class='ocrx_word' id='word_1_564' title='bbox 2461 2414 2786 2470; x_wconf 86' lang='lat' dir='ltr'><strong>conditionis</strong></span> <span class='ocrx_word' id='word_1_565' title='bbox 2814 2411 3096 2480; x_wconf 89' lang='lat' dir='ltr'><strong>obsequio,</strong></span> <span class='ocrx_word' id='word_1_566' title='bbox 3127 2408 3223 2464; x_wconf 86' lang='lat' dir='ltr'><strong>sed</strong></span> <span class='ocrx_word' id='word_1_567' title='bbox 3251 2408 3466 2475; x_wconf 64' lang='lat' dir='ltr'><strong>divinae,</strong></span> <span class='ocrx_word' id='word_1_568' title='bbox 3495 2422 3655 2477; x_wconf 86' lang='lat' dir='ltr'><strong>quam</strong></span> <span class='ocrx_word' id='word_1_569' title='bbox 3686 2423 3814 2463; x_wconf 84' lang='lat' dir='ltr'><strong>cum</strong></span> 
     </span>
    </p>
   </div>
   <div class='ocr_carea' id='block_1_69' title="bbox 2224 2498 3816 2567">
    <p class='ocr_par' dir='ltr' id='par_1_69' title="bbox 2224 2498 3816 2567">
     <span class='ocr_line' id='line_1_69' title="bbox 2224 2498 3816 2567; baseline -0.004 -8"><span class='ocrx_word' id='word_1_570' title='bbox 2224 2506 2384 2560; x_wconf 90' lang='lat' dir='ltr'><strong>Patre</strong></span> <span class='ocrx_word' id='word_1_571' title='bbox 2413 2514 2468 2559; x_wconf 91' lang='lat' dir='ltr'><strong>et</strong></span> <span class='ocrx_word' id='word_1_572' title='bbox 2495 2503 2629 2559; x_wconf 89' lang='lat' dir='ltr'><strong>Filio</strong></span> <span class='ocrx_word' id='word_1_573' title='bbox 2656 2518 2816 2556; x_wconf 91' lang='lat' dir='ltr'><strong>unam</strong></span> <span class='ocrx_word' id='word_1_574' title='bbox 2847 2499 3164 2556; x_wconf 87' lang='lat' dir='ltr'><strong>naturaliter</strong></span> <span class='ocrx_word' id='word_1_575' title='bbox 3184 2499 3365 2563; x_wconf 82' lang='lat' dir='ltr'><strong>habet,</strong></span> <span class='ocrx_word' id='word_1_576' title='bbox 3396 2498 3621 2567; x_wconf 89' lang='lat' dir='ltr'><strong>imperio</strong></span> <span class='ocrx_word' id='word_1_577' title='bbox 3650 2506 3816 2567; x_wconf 84' lang='lat' dir='ltr'><strong>pote-</strong></span> 
     </span>
    </p>
   </div>
   <div class='ocr_carea' id='block_1_70' title="bbox 2223 2588 3817 2659">
    <p class='ocr_par' dir='ltr' id='par_1_70' title="bbox 2223 2588 3817 2659">
     <span class='ocr_line' id='line_1_70' title="bbox 2223 2588 3817 2659; baseline -0.003 -10"><span class='ocrx_word' id='word_1_578' title='bbox 2223 2596 2398 2649; x_wconf 88' lang='lat' dir='ltr'><strong>statis.</strong></span> <span class='ocrx_word' id='word_1_579' title='bbox 2457 2592 2611 2659; x_wconf 85' lang='lat' dir='ltr'><strong>Quod</strong></span> <span class='ocrx_word' id='word_1_580' title='bbox 2650 2601 2708 2647; x_wconf 88' lang='lat' dir='ltr'><strong>ut</strong></span> <span class='ocrx_word' id='word_1_581' title='bbox 2746 2589 3079 2645; x_wconf 84' lang='lat' dir='ltr'><strong>manifestius</strong></span> <span class='ocrx_word' id='word_1_582' title='bbox 3117 2589 3355 2656; x_wconf 90' lang='lat' dir='ltr'><strong>noveris,</strong></span> <span class='ocrx_word' id='word_1_583' title='bbox 3391 2588 3675 2642; x_wconf 86' lang='lat' dir='ltr'><strong>veritatem</strong></span> <span class='ocrx_word' id='word_1_584' title='bbox 3713 2588 3817 2645; x_wconf 87' lang='lat' dir='ltr'><strong>tibi</strong></span> 
     </span>
    </p>
   </div>
   <div class='ocr_carea' id='block_1_71' title="bbox 2222 2677 3817 2748">
    <p class='ocr_par' dir='ltr' id='par_1_71' title="bbox 2222 2677 3817 2748">
     <span class='ocr_line' id='line_1_71' title="bbox 2222 2677 3817 2748; baseline -0.004 -10"><span class='ocrx_word' id='word_1_585' title='bbox 2222 2685 2384 2739; x_wconf 90' lang='lat' dir='ltr'><strong>etiam</strong></span> <span class='ocrx_word' id='word_1_586' title='bbox 2411 2684 2463 2737; x_wconf 93' lang='lat' dir='ltr'><strong>in</strong></span> <span class='ocrx_word' id='word_1_587' title='bbox 2495 2683 2599 2737; x_wconf 85' lang='lat' dir='ltr'><strong>hoc</strong></span> <span class='ocrx_word' id='word_1_588' title='bbox 2629 2682 2747 2736; x_wconf 92' lang='lat' dir='ltr'><strong>loco</strong></span> <span class='ocrx_word' id='word_1_589' title='bbox 2770 2678 2967 2735; x_wconf 71' lang='lat' dir='ltr'><strong>Gricca:</strong></span> <span class='ocrx_word' id='word_1_590' title='bbox 2993 2679 3230 2748; x_wconf 79' lang='lat' dir='ltr'><strong>ingeram</strong></span> <span class='ocrx_word' id='word_1_591' title='bbox 3252 2677 3522 2733; x_wconf 85' lang='lat' dir='ltr'><strong>lectionis.</strong></span> <span class='ocrx_word' id='word_1_592' title='bbox 3555 2677 3817 2733; x_wconf 78' lang='lat' dir='ltr'><strong>Scriberis</strong></span> 
     </span>
    </p>
   </div>
   <div class='ocr_carea' id='block_1_72' title="bbox 2223 2760 3815 2835">
    <p class='ocr_par' dir='ltr' id='par_1_72' title="bbox 2223 2760 3815 2835">
     <span class='ocr_line' id='line_1_72' title="bbox 2223 2760 3815 2835; baseline -0.006 -4"><span class='ocrx_word' id='word_1_593' title='bbox 2223 2760 2363 2831; x_wconf 83' lang='lat' dir='ltr'><strong>enim</strong></span> <span class='ocrx_word' id='word_1_594' title='bbox 2392 2775 2579 2829; x_wconf 87' lang='lat' dir='ltr'><strong>beatus</strong></span> <span class='ocrx_word' id='word_1_595' title='bbox 2609 2769 2804 2825; x_wconf 78' lang='lat' dir='ltr'><strong>Paulus</strong></span> <span class='ocrx_word' id='word_1_596' title='bbox 2829 2770 2896 2824; x_wconf 92' lang='lat' dir='ltr'><strong>ad</strong></span> <span class='ocrx_word' id='word_1_597' title='bbox 2925 2769 3297 2835; x_wconf 74' lang='lat' dir='ltr'><strong>Timotheum,</strong></span> <span class='ocrx_word' id='word_1_598' title='bbox 3330 2760 3471 2822; x_wconf 82' lang='lat' dir='ltr'><strong>inter</strong></span> <span class='ocrx_word' id='word_1_599' title='bbox 3496 2768 3600 2823; x_wconf 87' lang='lat' dir='ltr'><strong>alia</strong></span> <span class='ocrx_word' id='word_1_600' title='bbox 3630 2768 3768 2825; x_wconf 82' lang='lat' dir='ltr'><strong>dicit</strong></span> <span class='ocrx_word' id='word_1_601' title='bbox 3800 2786 3815 2821; x_wconf 86' lang='grc'>;</span> 
     </span>
    </p>
   </div>
   <div class='ocr_carea' id='block_1_73' title="bbox 2223 2861 3820 2927">
    <p class='ocr_par' dir='ltr' id='par_1_73' title="bbox 2223 2861 3820 2927">
     <span class='ocr_line' id='line_1_73' title="bbox 2223 2861 3820 2927; baseline -0.003 -7"><span class='ocrx_word' id='word_1_602' title='bbox 2223 2866 2461 2921; x_wconf 78' lang='lat' dir='ltr'><strong>Marcum</strong></span> <span class='ocrx_word' id='word_1_603' title='bbox 2499 2881 2722 2927; x_wconf 86' lang='lat' dir='ltr'><strong>assume,</strong></span> <span class='ocrx_word' id='word_1_604' title='bbox 2754 2872 2802 2916; x_wconf 90' lang='lat' dir='ltr'><strong>et</strong></span> <span class='ocrx_word' id='word_1_605' title='bbox 2829 2863 2995 2915; x_wconf 87' lang='lat' dir='ltr'><strong>adduc</strong></span> <span class='ocrx_word' id='word_1_606' title='bbox 3016 2870 3179 2916; x_wconf 88' lang='lat' dir='ltr'><strong>tecum</strong></span> <span class='ocrx_word' id='word_1_607' title='bbox 3205 2879 3223 2915; x_wconf 91' lang='lat'><strong><em>:</em></strong></span> <span class='ocrx_word' id='word_1_608' title='bbox 3254 2872 3329 2916; x_wconf 88' lang='lat' dir='ltr'><strong>est</strong></span> <span class='ocrx_word' id='word_1_609' title='bbox 3351 2861 3486 2915; x_wconf 89' lang='lat' dir='ltr'><strong>enim</strong></span> <span class='ocrx_word' id='word_1_610' title='bbox 3516 2862 3641 2915; x_wconf 89' lang='lat' dir='ltr'><strong>mihi</strong></span> <span class='ocrx_word' id='word_1_611' title='bbox 3665 2861 3820 2916; x_wconf 85' lang='lat' dir='ltr'><strong>utilis</strong></span> 
     </span>
    </p>
   </div>
   <div class='ocr_carea' id='block_1_74' title="bbox 2222 2949 3818 3025">
    <p class='ocr_par' dir='ltr' id='par_1_74' title="bbox 2222 2949 3818 3025">
     <span class='ocr_line' id='line_1_74' title="bbox 2222 2949 3818 3025; baseline -0.003 -16"><span class='ocrx_word' id='word_1_612' title='bbox 2222 2957 2274 3025; x_wconf 84' lang='lat' dir='ltr'><strong>in</strong></span> <span class='ocrx_word' id='word_1_613' title='bbox 2306 2955 2641 3009; x_wconf 85' lang='lat' dir='ltr'><strong>ministerium</strong></span> <span class='ocrx_word' id='word_1_614' title='bbox 2667 2970 2684 3007; x_wconf 89' lang='lat'><strong><em>:</em></strong></span> <span class='ocrx_word' id='word_1_615' title='bbox 2716 2951 2860 3022; x_wconf 90' lang='lat' dir='ltr'><strong>quod</strong></span> <span class='ocrx_word' id='word_1_616' title='bbox 2888 2952 2941 3005; x_wconf 88' lang='lat' dir='ltr'><strong>in</strong></span> <span class='ocrx_word' id='word_1_617' title='bbox 2970 2949 3157 3006; x_wconf 66' lang='lat' dir='ltr'><strong>Graeco</strong></span> <span class='ocrx_word' id='word_1_618' title='bbox 3180 2951 3258 3007; x_wconf 91' lang='lat' dir='ltr'><strong>sic</strong></span> <span class='ocrx_word' id='word_1_619' title='bbox 3297 2951 3525 3006; x_wconf 86' lang='lat' dir='ltr'><strong>habetur</strong></span> <span class='ocrx_word' id='word_1_620' title='bbox 3554 2969 3567 3004; x_wconf 90' lang='lat'><strong>:</strong></span> <span class='ocrx_word' id='word_1_621' title='bbox 3604 2957 3818 3025; x_wconf 72' lang='grc' dir='ltr'><strong>Μάρκον</strong></span> 
     </span>
    </p>
   </div>
   <div class='ocr_carea' id='block_1_75' title="bbox 2225 3038 3819 3119">
    <p class='ocr_par' dir='ltr' id='par_1_75' title="bbox 2225 3038 3819 3119">
     <span class='ocr_line' id='line_1_75' title="bbox 2225 3038 3819 3119; baseline -0.003 -19"><span class='ocrx_word' id='word_1_622' title='bbox 2225 3045 2484 3100; x_wconf 74' lang='grc' dir='ltr'><strong>ἀναλαϐὼν</strong></span> <span class='ocrx_word' id='word_1_623' title='bbox 2519 3041 2676 3116; x_wconf 68' lang='grc' dir='ltr'><strong>ἄγαγε</strong></span> <span class='ocrx_word' id='word_1_624' title='bbox 2710 3042 2785 3110; x_wconf 87' lang='lat' dir='ltr'><strong>(in</strong></span> <span class='ocrx_word' id='word_1_625' title='bbox 2812 3039 2946 3095; x_wconf 83' lang='lat' dir='ltr'><strong>Bibl.</strong></span> <span class='ocrx_word' id='word_1_626' title='bbox 2985 3038 3099 3115; x_wconf 64' lang='grc' dir='ltr'><strong>ἆγε)</strong></span> <span class='ocrx_word' id='word_1_627' title='bbox 3132 3045 3258 3105; x_wconf 78' lang='grc' dir='ltr'><strong>μετὰ</strong></span> <span class='ocrx_word' id='word_1_628' title='bbox 3288 3050 3522 3096; x_wconf 76' lang='grc' dir='ltr'><strong>σεαυτοῦ⁶</strong></span> <span class='ocrx_word' id='word_1_629' title='bbox 3551 3040 3663 3095; x_wconf 74' lang='grc' dir='ltr'><strong>ἔστι</strong></span> <span class='ocrx_word' id='word_1_630' title='bbox 3703 3047 3819 3119; x_wconf 69' lang='grc' dir='ltr'><strong>γὰρ</strong></span> 
     </span>
    </p>
   </div>
   <div class='ocr_carea' id='block_1_76' title="bbox 2226 3129 3819 3207">
    <p class='ocr_par' dir='ltr' id='par_1_76' title="bbox 2226 3129 3819 3207">
     <span class='ocr_line' id='line_1_76' title="bbox 2226 3129 3819 3207; baseline -0.003 -16"><span class='ocrx_word' id='word_1_631' title='bbox 2226 3158 2309 3207; x_wconf 82' lang='grc' dir='ltr'><strong>μοι</strong></span> <span class='ocrx_word' id='word_1_632' title='bbox 2346 3136 2641 3206; x_wconf 66' lang='grc' dir='ltr'><strong>ε”χρηστος</strong></span> <span class='ocrx_word' id='word_1_633' title='bbox 2682 3139 2753 3194; x_wconf 82' lang='grc' dir='ltr'><strong>εἰς</strong></span> <span class='ocrx_word' id='word_1_634' title='bbox 2793 3133 3036 3188; x_wconf 77' lang='grc' dir='ltr'><strong>διακονίαν</strong></span> <span class='ocrx_word' id='word_1_635' title='bbox 3079 3130 3167 3204; x_wconf 83' lang='grc' dir='ltr'><strong>(ΙΙ</strong></span> <span class='ocrx_word' id='word_1_636' title='bbox 3208 3130 3341 3185; x_wconf 85' lang='lat' dir='ltr'><strong>Tim.</strong></span> <span class='ocrx_word' id='word_1_637' title='bbox 3380 3147 3447 3199; x_wconf 73' lang='grc' dir='ltr'><strong>Ν,</strong></span> <span class='ocrx_word' id='word_1_638' title='bbox 3480 3129 3584 3200; x_wconf 81' lang='grc' dir='ltr'><strong>Η).</strong></span> <span class='ocrx_word' id='word_1_639' title='bbox 3638 3129 3819 3187; x_wconf 73' lang='lat' dir='ltr'><strong>Vides</strong></span> 
     </span>
    </p>
   </div>
   <div class='ocr_carea' id='block_1_77' title="bbox 2225 3221 3818 3298">
    <p class='ocr_par' dir='ltr' id='par_1_77' title="bbox 2225 3221 3818 3298">
     <span class='ocr_line' id='line_1_77' title="bbox 2225 3221 3818 3298; baseline -0.003 -16"><span class='ocrx_word' id='word_1_640' title='bbox 2225 3242 2418 3298; x_wconf 83' lang='lat' dir='ltr'><strong>nempe</strong></span> <span class='ocrx_word' id='word_1_641' title='bbox 2442 3227 2528 3280; x_wconf 92' lang='lat' dir='ltr'><strong>hic</strong></span> <span class='ocrx_word' id='word_1_642' title='bbox 2554 3226 2622 3280; x_wconf 89' lang='lat' dir='ltr'><strong>ab</strong></span> <span class='ocrx_word' id='word_1_643' title='bbox 2652 3225 2909 3295; x_wconf 81' lang='lat' dir='ltr'><strong>Apostolo</strong></span> <span class='ocrx_word' id='word_1_644' title='bbox 2938 3223 3293 3278; x_wconf 88' lang='lat' dir='ltr'><strong>ministerium</strong></span> <span class='ocrx_word' id='word_1_645' title='bbox 3323 3223 3567 3279; x_wconf 67' lang='grc' dir='ltr'><strong>διακονίαν</strong></span> <span class='ocrx_word' id='word_1_646' title='bbox 3592 3221 3721 3277; x_wconf 85' lang='lat' dir='ltr'><strong>dici.</strong></span> <span class='ocrx_word' id='word_1_647' title='bbox 3748 3223 3818 3278; x_wconf 77' lang='lat' dir='ltr'><strong>In</strong></span> 
     </span>
    </p>
   </div>
   <div class='ocr_carea' id='block_1_78' title="bbox 2225 3312 3818 3374">
    <p class='ocr_par' dir='ltr' id='par_1_78' title="bbox 2225 3312 3818 3374">
     <span class='ocr_line' id='line_1_78' title="bbox 2225 3312 3818 3374; baseline -0.004 -1"><span class='ocrx_word' id='word_1_648' title='bbox 2225 3319 2319 3374; x_wconf 88' lang='lat' dir='ltr'><strong>illo</strong></span> <span class='ocrx_word' id='word_1_649' title='bbox 2347 3326 2524 3372; x_wconf 85' lang='lat' dir='ltr'><strong>autem</strong></span> <span class='ocrx_word' id='word_1_650' title='bbox 2553 3317 2671 3371; x_wconf 90' lang='lat' dir='ltr'><strong>loco</strong></span> <span class='ocrx_word' id='word_1_651' title='bbox 2700 3317 2775 3370; x_wconf 86' lang='lat' dir='ltr'><strong>ait</strong></span> <span class='ocrx_word' id='word_1_652' title='bbox 2808 3334 2819 3367; x_wconf 89' lang='lat'>:</span> <span class='ocrx_word' id='word_1_653' title='bbox 2853 3315 2958 3368; x_wconf 90' lang='lat' dir='ltr'><strong>Per</strong></span> <span class='ocrx_word' id='word_1_654' title='bbox 2990 3324 3208 3368; x_wconf 81' lang='lat' dir='ltr'><strong>vestram</strong></span> <span class='ocrx_word' id='word_1_655' title='bbox 3233 3315 3514 3368; x_wconf 85' lang='lat' dir='ltr'><strong>orationem</strong></span> <span class='ocrx_word' id='word_1_656' title='bbox 3544 3324 3593 3366; x_wconf 89' lang='lat' dir='ltr'><strong>et</strong></span> <span class='ocrx_word' id='word_1_657' title='bbox 3612 3312 3818 3367; x_wconf 79' lang='lat' dir='ltr'><strong>submi-</strong></span> 
     </span>
    </p>
   </div>
   <div class='ocr_carea' id='block_1_79' title="bbox 2226 3402 3817 3474">
    <p class='ocr_par' dir='ltr' id='par_1_79' title="bbox 2226 3402 3817 3474">
     <span class='ocr_line' id='line_1_79' title="bbox 2226 3402 3817 3474; baseline -0.004 -11"><span class='ocrx_word' id='word_1_658' title='bbox 2226 3409 2583 3463; x_wconf 84' lang='lat' dir='ltr'><strong>nistrationem</strong></span> <span class='ocrx_word' id='word_1_659' title='bbox 2613 3406 2841 3474; x_wconf 89' lang='lat' dir='ltr'><strong>Spiritus</strong></span> <span class='ocrx_word' id='word_1_660' title='bbox 2869 3404 2992 3458; x_wconf 83' lang='lat' dir='ltr'><strong>Jesu</strong></span> <span class='ocrx_word' id='word_1_661' title='bbox 3022 3402 3242 3469; x_wconf 87' lang='lat' dir='ltr'><strong>Christi,</strong></span> <span class='ocrx_word' id='word_1_662' title='bbox 3275 3404 3329 3456; x_wconf 91' lang='lat' dir='ltr'><strong>in</strong></span> <span class='ocrx_word' id='word_1_663' title='bbox 3357 3402 3544 3457; x_wconf 67' lang='lat' dir='ltr'><strong>Grazco</strong></span> <span class='ocrx_word' id='word_1_664' title='bbox 3568 3403 3817 3472; x_wconf 85' lang='lat' dir='ltr'><strong>positum</strong></span> 
     </span>
    </p>
   </div>
   <div class='ocr_carea' id='block_1_80' title="bbox 2226 3497 3817 3570">
    <p class='ocr_par' dir='ltr' id='par_1_80' title="bbox 2226 3497 3817 3570">
     <span class='ocr_line' id='line_1_80' title="bbox 2226 3497 3817 3570; baseline -0.005 -14"><span class='ocrx_word' id='word_1_665' title='bbox 2226 3509 2326 3567; x_wconf 91' lang='lat' dir='ltr'><strong>est,</strong></span> <span class='ocrx_word' id='word_1_666' title='bbox 2359 3500 2442 3556; x_wconf 81' lang='grc' dir='ltr'><strong>διὰ</strong></span> <span class='ocrx_word' id='word_1_667' title='bbox 2464 3509 2553 3560; x_wconf 76' lang='grc' dir='ltr'><strong>τῆς</strong></span> <span class='ocrx_word' id='word_1_668' title='bbox 2592 3501 2735 3570; x_wconf 77' lang='grc' dir='ltr'><strong>ὑμῶν</strong></span> <span class='ocrx_word' id='word_1_669' title='bbox 2775 3498 3014 3560; x_wconf 75' lang='grc' dir='ltr'><strong>δεήσεως.</strong></span> <span class='ocrx_word' id='word_1_670' title='bbox 3054 3500 3135 3550; x_wconf 73' lang='grc' dir='ltr'><strong>καὶ</strong></span> <span class='ocrx_word' id='word_1_671' title='bbox 3173 3497 3512 3568; x_wconf 69' lang='grc' dir='ltr'><strong>ἐπιχορηγίας</strong></span> <span class='ocrx_word' id='word_1_672' title='bbox 3535 3503 3625 3549; x_wconf 80' lang='grc' dir='ltr'><strong>τοῦ</strong></span> <span class='ocrx_word' id='word_1_673' title='bbox 3654 3498 3817 3548; x_wconf 66' lang='grc' dir='ltr'><strong>πνεύ-</strong></span> 
     </span>
    </p>
   </div>
   <div class='ocr_carea' id='block_1_81' title="bbox 2227 3586 3823 3664">
    <p class='ocr_par' dir='ltr' id='par_1_81' title="bbox 2227 3586 3823 3664">
     <span class='ocr_line' id='line_1_81' title="bbox 2227 3586 3823 3664; baseline -0.003 -17"><span class='ocrx_word' id='word_1_674' title='bbox 2227 3615 2386 3663; x_wconf 79' lang='grc' dir='ltr'><strong>ματος</strong></span> <span class='ocrx_word' id='word_1_675' title='bbox 2410 3593 2576 3650; x_wconf 78' lang='grc' dir='ltr'><strong>Ἰησοῦ</strong></span> <span class='ocrx_word' id='word_1_676' title='bbox 2617 3597 2843 3664; x_wconf 64' lang='grc' dir='ltr'><strong>Χριστοῦ</strong></span> <span class='ocrx_word' id='word_1_677' title='bbox 2873 3587 3091 3660; x_wconf 89' lang='lat' dir='ltr'><strong>(Philip.</strong></span> <span class='ocrx_word' id='word_1_678' title='bbox 3134 3604 3172 3655; x_wconf 82' lang='grc' dir='ltr'><strong>ι,</strong></span> <span class='ocrx_word' id='word_1_679' title='bbox 3211 3586 3320 3657; x_wconf 89' lang='grc'><strong>19).</strong></span> <span class='ocrx_word' id='word_1_680' title='bbox 3367 3586 3556 3642; x_wconf 84' lang='lat' dir='ltr'><strong>Nonne</strong></span> <span class='ocrx_word' id='word_1_681' title='bbox 3582 3586 3823 3643; x_wconf 80' lang='lat' dir='ltr'><strong>manife-</strong></span> 
     </span>
    </p>
   </div>
   <div class='ocr_carea' id='block_1_82' title="bbox 2226 3665 3819 3754">
    <p class='ocr_par' dir='ltr' id='par_1_82' title="bbox 2226 3665 3819 3754">
     <span class='ocr_line' id='line_1_82' title="bbox 2226 3665 3819 3754; baseline -0.004 -15"><span class='ocrx_word' id='word_1_682' title='bbox 2226 3695 2367 3740; x_wconf 90' lang='lat' dir='ltr'><strong>stum</strong></span> <span class='ocrx_word' id='word_1_683' title='bbox 2392 3693 2494 3749; x_wconf 88' lang='lat' dir='ltr'><strong>est,</strong></span> <span class='ocrx_word' id='word_1_684' title='bbox 2520 3665 2624 3739; x_wconf 84' lang='lat' dir='ltr'><strong>non</strong></span> <span class='ocrx_word' id='word_1_685' title='bbox 2651 3683 2755 3737; x_wconf 91' lang='lat' dir='ltr'><strong>hoc</strong></span> <span class='ocrx_word' id='word_1_686' title='bbox 2783 3696 2903 3737; x_wconf 90' lang='lat' dir='ltr'><strong>esse</strong></span> <span class='ocrx_word' id='word_1_687' title='bbox 2936 3681 3206 3747; x_wconf 75' lang='grc' dir='ltr'><strong>διακονίαν,</strong></span> <span class='ocrx_word' id='word_1_688' title='bbox 3234 3679 3380 3749; x_wconf 89' lang='lat' dir='ltr'><strong>quod</strong></span> <span class='ocrx_word' id='word_1_689' title='bbox 3408 3688 3489 3734; x_wconf 89' lang='lat' dir='ltr'><strong>est</strong></span> <span class='ocrx_word' id='word_1_690' title='bbox 3516 3684 3773 3754; x_wconf 55' lang='lat' dir='ltr'><strong>xum-7i»</strong></span> <span class='ocrx_word' id='word_1_691' title='bbox 3793 3683 3819 3733; x_wconf 79' lang='lat'><strong>1’</strong></span> 
     </span>
    </p>
   </div>
   <div class='ocr_carea' id='block_1_83' title="bbox 2228 3770 3817 3841">
    <p class='ocr_par' dir='ltr' id='par_1_83' title="bbox 2228 3770 3817 3841">
     <span class='ocr_line' id='line_1_83' title="bbox 2228 3770 3817 3841; baseline -0.003 -11"><span class='ocrx_word' id='word_1_692' title='bbox 2228 3775 2366 3830; x_wconf 87' lang='lat' dir='ltr'><strong>Audi</strong></span> <span class='ocrx_word' id='word_1_693' title='bbox 2394 3782 2449 3830; x_wconf 89' lang='lat' dir='ltr'><strong>et</strong></span> <span class='ocrx_word' id='word_1_694' title='bbox 2477 3774 2620 3828; x_wconf 88' lang='lat' dir='ltr'><strong>aliud</strong></span> <span class='ocrx_word' id='word_1_695' title='bbox 2647 3774 2714 3828; x_wconf 91' lang='lat' dir='ltr'><strong>de</strong></span> <span class='ocrx_word' id='word_1_696' title='bbox 2743 3774 2887 3828; x_wconf 90' lang='lat' dir='ltr'><strong>beati</strong></span> <span class='ocrx_word' id='word_1_697' title='bbox 2917 3771 3058 3827; x_wconf 90' lang='lat' dir='ltr'><strong>Petri</strong></span> <span class='ocrx_word' id='word_1_698' title='bbox 3077 3770 3317 3841; x_wconf 87' lang='lat' dir='ltr'><strong>Epistola</strong></span> <span class='ocrx_word' id='word_1_699' title='bbox 3347 3772 3681 3826; x_wconf 81' lang='lat' dir='ltr'><strong>manifestius</strong></span> <span class='ocrx_word' id='word_1_700' title='bbox 3708 3772 3817 3826; x_wconf 83' lang='lat' dir='ltr'><strong>do-</strong></span> 
     </span>
    </p>
   </div>
   <div class='ocr_carea' id='block_1_84' title="bbox 2229 3861 3819 3937">
    <p class='ocr_par' dir='ltr' id='par_1_84' title="bbox 2229 3861 3819 3937">
     <span class='ocr_line' id='line_1_84' title="bbox 2229 3861 3819 3937; baseline -0.001 -17"><span class='ocrx_word' id='word_1_701' title='bbox 2229 3872 2555 3929; x_wconf 91' lang='lat' dir='ltr'><strong>cumentum,</strong></span> <span class='ocrx_word' id='word_1_702' title='bbox 2574 3879 2681 3933; x_wconf 92' lang='lat' dir='ltr'><strong>quo</strong></span> <span class='ocrx_word' id='word_1_703' title='bbox 2711 3871 2768 3918; x_wconf 90' lang='lat' dir='ltr'><strong>et</strong></span> <span class='ocrx_word' id='word_1_704' title='bbox 2794 3862 3331 3925; x_wconf 84' lang='lat' dir='ltr'><strong>administrationem,</strong></span> <span class='ocrx_word' id='word_1_705' title='bbox 3356 3861 3407 3916; x_wconf 91' lang='lat' dir='ltr'><strong>id</strong></span> <span class='ocrx_word' id='word_1_706' title='bbox 3428 3871 3510 3916; x_wconf 90' lang='lat' dir='ltr'><strong>est</strong></span> <span class='ocrx_word' id='word_1_707' title='bbox 3531 3867 3819 3937; x_wconf 67' lang='grc' dir='ltr'><strong>χορηγίαν.</strong></span> 
     </span>
    </p>
   </div>
   <div class='ocr_carea' id='block_1_85' title="bbox 2229 3949 3823 4020">
    <p class='ocr_par' dir='ltr' id='par_1_85' title="bbox 2229 3949 3823 4020">
     <span class='ocr_line' id='line_1_85' title="bbox 2229 3949 3823 4020; baseline -0.002 -9"><span class='ocrx_word' id='word_1_708' title='bbox 2229 3972 2337 4012; x_wconf 93' lang='lat' dir='ltr'><strong>non</strong></span> <span class='ocrx_word' id='word_1_709' title='bbox 2370 3970 2491 4011; x_wconf 89' lang='lat' dir='ltr'><strong>esse</strong></span> <span class='ocrx_word' id='word_1_710' title='bbox 2534 3961 2827 4018; x_wconf 61' lang='lat' dir='ltr'><strong>creaturas,</strong></span> <span class='ocrx_word' id='word_1_711' title='bbox 2864 3952 2961 4009; x_wconf 89' lang='lat' dir='ltr'><strong>sed</strong></span> <span class='ocrx_word' id='word_1_712' title='bbox 2997 3949 3273 4008; x_wconf 88' lang='lat' dir='ltr'><strong>Creatoris</strong></span> <span class='ocrx_word' id='word_1_713' title='bbox 3308 3966 3603 4020; x_wconf 77' lang='lat' dir='ltr'><strong>agnoscas;</strong></span> <span class='ocrx_word' id='word_1_714' title='bbox 3646 3961 3703 4007; x_wconf 89' lang='lat' dir='ltr'><strong>et</strong></span> <span class='ocrx_word' id='word_1_715' title='bbox 3745 3970 3823 4008; x_wconf 76' lang='lat' dir='ltr'><strong>ex</strong></span> 
     </span>
    </p>
   </div>
   <div class='ocr_carea' id='block_1_86' title="bbox 2229 4040 3824 4112">
    <p class='ocr_par' dir='ltr' id='par_1_86' title="bbox 2229 4040 3824 4112">
     <span class='ocr_line' id='line_1_86' title="bbox 2229 4040 3824 4112; baseline -0.003 -10"><span class='ocrx_word' id='word_1_716' title='bbox 2229 4044 2705 4102; x_wconf 89' lang='lat' dir='ltr'><strong>administrationis</strong></span> <span class='ocrx_word' id='word_1_717' title='bbox 2731 4043 2964 4107; x_wconf 89' lang='lat' dir='ltr'><strong>nomine,</strong></span> <span class='ocrx_word' id='word_1_718' title='bbox 2979 4040 3239 4112; x_wconf 89' lang='lat' dir='ltr'><strong>Spiritum</strong></span> <span class='ocrx_word' id='word_1_719' title='bbox 3259 4050 3501 4096; x_wconf 88' lang='lat' dir='ltr'><strong>sanctum</strong></span> <span class='ocrx_word' id='word_1_720' title='bbox 3532 4057 3640 4096; x_wconf 90' lang='lat' dir='ltr'><strong>non</strong></span> <span class='ocrx_word' id='word_1_721' title='bbox 3666 4043 3824 4097; x_wconf 86' lang='lat' dir='ltr'><strong>aliud</strong></span> 
     </span>
    </p>
   </div>
   <div class='ocr_carea' id='block_1_87' title="bbox 2229 4131 3825 4206">
    <p class='ocr_par' dir='ltr' id='par_1_87' title="bbox 2229 4131 3825 4206">
     <span class='ocr_line' id='line_1_87' title="bbox 2229 4131 3825 4206; baseline -0.004 -14"><span class='ocrx_word' id='word_1_722' title='bbox 2229 4151 2348 4192; x_wconf 88' lang='lat' dir='ltr'><strong>esse</strong></span> <span class='ocrx_word' id='word_1_723' title='bbox 2372 4150 2532 4206; x_wconf 91' lang='lat' dir='ltr'><strong>quam</strong></span> <span class='ocrx_word' id='word_1_724' title='bbox 2552 4134 2742 4196; x_wconf 87' lang='lat' dir='ltr'><strong>Deum.</strong></span> <span class='ocrx_word' id='word_1_725' title='bbox 2766 4133 2883 4188; x_wconf 89' lang='lat' dir='ltr'><strong>sine</strong></span> <span class='ocrx_word' id='word_1_726' title='bbox 2902 4131 3080 4200; x_wconf 88' lang='lat' dir='ltr'><strong>aliqua</strong></span> <span class='ocrx_word' id='word_1_727' title='bbox 3102 4131 3329 4200; x_wconf 86' lang='lat' dir='ltr'><strong>caligine</strong></span> <span class='ocrx_word' id='word_1_728' title='bbox 3353 4131 3708 4187; x_wconf 86' lang='lat' dir='ltr'><strong>dubitationis</strong></span> <span class='ocrx_word' id='word_1_729' title='bbox 3733 4133 3825 4186; x_wconf 84' lang='lat' dir='ltr'><strong>in-</strong></span> 
     </span>
    </p>
   </div>
   <div class='ocr_carea' id='block_1_88' title="bbox 2229 4218 3826 4297">
    <p class='ocr_par' dir='ltr' id='par_1_88' title="bbox 2229 4218 3826 4297">
     <span class='ocr_line' id='line_1_88' title="bbox 2229 4218 3826 4297; baseline -0.003 -18"><span class='ocrx_word' id='word_1_730' title='bbox 2229 4226 2460 4294; x_wconf 87' lang='lat' dir='ltr'><strong>telligas.</strong></span> <span class='ocrx_word' id='word_1_731' title='bbox 2507 4223 2644 4278; x_wconf 90' lang='lat' dir='ltr'><strong>Dicit</strong></span> <span class='ocrx_word' id='word_1_732' title='bbox 2681 4223 2823 4277; x_wconf 90' lang='lat' dir='ltr'><strong>enim</strong></span> <span class='ocrx_word' id='word_1_733' title='bbox 2854 4223 3041 4275; x_wconf 89' lang='lat' dir='ltr'><strong>beatus</strong></span> <span class='ocrx_word' id='word_1_734' title='bbox 3080 4219 3269 4275; x_wconf 88' lang='lat' dir='ltr'><strong>Petrus</strong></span> <span class='ocrx_word' id='word_1_735' title='bbox 3298 4238 3314 4297; x_wconf 87' lang='lat'><strong>_:</strong></span> <span class='ocrx_word' id='word_1_736' title='bbox 3348 4218 3649 4290; x_wconf 78' lang='lat' dir='ltr'><strong>Hospitales</strong></span> <span class='ocrx_word' id='word_1_737' title='bbox 3680 4224 3826 4275; x_wconf 76' lang='lat' dir='ltr'><strong>inter</strong></span> 
     </span>
    </p>
   </div>
   <div class='ocr_carea' id='block_1_89' title="bbox 2228 4304 3827 4383">
    <p class='ocr_par' dir='ltr' id='par_1_89' title="bbox 2228 4304 3827 4383">
     <span class='ocr_line' id='line_1_89' title="bbox 2228 4304 3827 4383; baseline -0.003 -11"><span class='ocrx_word' id='word_1_738' title='bbox 2228 4334 2314 4372; x_wconf 86' lang='lat' dir='ltr'><strong>vos</strong></span> <span class='ocrx_word' id='word_1_739' title='bbox 2353 4318 2464 4371; x_wconf 86' lang='lat' dir='ltr'><strong>sine</strong></span> <span class='ocrx_word' id='word_1_740' title='bbox 2505 4315 2906 4370; x_wconf 88' lang='lat' dir='ltr'><strong>murmuratione</strong></span> <span class='ocrx_word' id='word_1_741' title='bbox 2943 4330 2959 4366; x_wconf 91' lang='lat'><strong><em>:</em></strong></span> <span class='ocrx_word' id='word_1_742' title='bbox 2998 4313 3339 4383; x_wconf 84' lang='lat' dir='ltr'><strong>unusquisque</strong></span> <span class='ocrx_word' id='word_1_743' title='bbox 3375 4313 3575 4383; x_wconf 89' lang='lat' dir='ltr'><strong>qualem</strong></span> <span class='ocrx_word' id='word_1_744' title='bbox 3614 4304 3827 4382; x_wconf 51' lang='lat' dir='ltr'><strong>accipit</strong></span> 
     </span>
    </p>
   </div>
   <div class='ocr_carea' id='block_1_90' title="bbox 2230 4400 3823 4477">
    <p class='ocr_par' dir='ltr' id='par_1_90' title="bbox 2230 4400 3823 4477">
     <span class='ocr_line' id='line_1_90' title="bbox 2230 4400 3823 4477; baseline -0.002 -18"><span class='ocrx_word' id='word_1_745' title='bbox 2230 4407 2474 4477; x_wconf 89' lang='lat' dir='ltr'><strong>gratiam,</strong></span> <span class='ocrx_word' id='word_1_746' title='bbox 2505 4406 2639 4459; x_wconf 91' lang='lat' dir='ltr'><strong>inter</strong></span> <span class='ocrx_word' id='word_1_747' title='bbox 2673 4420 2758 4458; x_wconf 88' lang='lat' dir='ltr'><strong>vos</strong></span> <span class='ocrx_word' id='word_1_748' title='bbox 2787 4403 2932 4456; x_wconf 86' lang='lat' dir='ltr'><strong>illam</strong></span> <span class='ocrx_word' id='word_1_749' title='bbox 2956 4403 3323 4465; x_wconf 85' lang='lat' dir='ltr'><strong>ministrantes,</strong></span> <span class='ocrx_word' id='word_1_750' title='bbox 3366 4412 3421 4453; x_wconf 92' lang='lat' dir='ltr'><strong>ut</strong></span> <span class='ocrx_word' id='word_1_751' title='bbox 3449 4400 3569 4455; x_wconf 89' lang='lat' dir='ltr'><strong>boni</strong></span> <span class='ocrx_word' id='word_1_752' title='bbox 3594 4402 3823 4473; x_wconf 81' lang='lat' dir='ltr'><strong>dispen-</strong></span> 
     </span>
    </p>
   </div>
   <div class='ocr_carea' id='block_1_91' title="bbox 2232 4491 3828 4567">
    <p class='ocr_par' dir='ltr' id='par_1_91' title="bbox 2232 4491 3828 4567">
     <span class='ocr_line' id='line_1_91' title="bbox 2232 4491 3828 4567; baseline -0.004 -15"><span class='ocrx_word' id='word_1_753' title='bbox 2232 4507 2428 4551; x_wconf 87' lang='lat' dir='ltr'><strong>satores</strong></span> <span class='ocrx_word' id='word_1_754' title='bbox 2465 4495 2793 4567; x_wconf 73' lang='lat' dir='ltr'><strong>multiformis</strong></span> <span class='ocrx_word' id='word_1_755' title='bbox 2822 4494 3005 4565; x_wconf 71' lang='lat' dir='ltr'><strong>gratiae</strong></span> <span class='ocrx_word' id='word_1_756' title='bbox 3032 4491 3149 4546; x_wconf 89' lang='lat' dir='ltr'><strong>Dei.</strong></span> <span class='ocrx_word' id='word_1_757' title='bbox 3180 4492 3241 4547; x_wconf 91' lang='lat' dir='ltr'><strong>Si</strong></span> <span class='ocrx_word' id='word_1_758' title='bbox 3271 4493 3382 4562; x_wconf 89' lang='lat' dir='ltr'><strong>quis</strong></span> <span class='ocrx_word' id='word_1_759' title='bbox 3410 4492 3657 4561; x_wconf 86' lang='lat' dir='ltr'><strong>loquitur,</strong></span> <span class='ocrx_word' id='word_1_760' title='bbox 3697 4502 3828 4545; x_wconf 76' lang='lat' dir='ltr'><strong>tan-</strong></span> 
     </span>
    </p>
   </div>
   <div class='ocr_carea' id='block_1_92' title="bbox 554 4576 3829 4660">
    <p class='ocr_par' dir='ltr' id='par_1_92' title="bbox 554 4576 3829 4660">
     <span class='ocr_line' id='line_1_92' title="bbox 554 4576 3829 4660; baseline 0.001 -24"><span class='ocrx_word' id='word_1_761' title='bbox 554 4584 685 4637; x_wconf 86' lang='lat' dir='ltr'><strong>tiam</strong></span> <span class='ocrx_word' id='word_1_762' title='bbox 724 4584 1002 4647; x_wconf 90' lang='lat' dir='ltr'><strong>tribueret,</strong></span> <span class='ocrx_word' id='word_1_763' title='bbox 1025 4592 1081 4639; x_wconf 92' lang='lat' dir='ltr'><strong>et</strong></span> <span class='ocrx_word' id='word_1_764' title='bbox 1117 4585 1389 4639; x_wconf 88' lang='lat' dir='ltr'><strong>virtutem.</strong></span> <span class='ocrx_word' id='word_1_765' title='bbox 1414 4584 1491 4639; x_wconf 91' lang='lat' dir='ltr'><strong>De</strong></span> <span class='ocrx_word' id='word_1_766' title='bbox 1520 4585 1638 4654; x_wconf 89' lang='lat' dir='ltr'><strong>ipso</strong></span> <span class='ocrx_word' id='word_1_767' title='bbox 1684 4586 1881 4655; x_wconf 87' lang='lat' dir='ltr'><strong>quippe</strong></span> <span class='ocrx_word' id='word_1_768' title='bbox 1909 4586 1986 4641; x_wconf 88' lang='lat' dir='ltr'><strong>ait</strong></span> <span class='ocrx_word' id='word_1_769' title='bbox 2017 4584 2128 4641; x_wconf 89' lang='lat' dir='ltr'><strong>dis-</strong></span> <span class='ocrx_word' id='word_1_770' title='bbox 2156 4576 2202 4634; x_wconf 83' lang='lat' dir='ltr'><strong>D</strong></span> <span class='ocrx_word' id='word_1_771' title='bbox 2231 4605 2384 4660; x_wconf 88' lang='lat' dir='ltr'><strong>quam</strong></span> <span class='ocrx_word' id='word_1_772' title='bbox 2424 4603 2681 4642; x_wconf 88' lang='lat' dir='ltr'><strong>sermones</strong></span> <span class='ocrx_word' id='word_1_773' title='bbox 2719 4584 2818 4639; x_wconf 88' lang='lat' dir='ltr'><strong>Dei</strong></span> <span class='ocrx_word' id='word_1_774' title='bbox 2856 4602 2874 4639; x_wconf 91' lang='lat'><strong><em>:</em></strong></span> <span class='ocrx_word' id='word_1_775' title='bbox 2914 4586 2957 4638; x_wconf 87' lang='lat' dir='ltr'><strong>si</strong></span> <span class='ocrx_word' id='word_1_776' title='bbox 2992 4585 3105 4655; x_wconf 86' lang='lat' dir='ltr'><strong>quis</strong></span> <span class='ocrx_word' id='word_1_777' title='bbox 3143 4584 3425 4657; x_wconf 84' lang='lat' dir='ltr'><strong>ministrat,</strong></span> <span class='ocrx_word' id='word_1_778' title='bbox 3466 4593 3716 4654; x_wconf 83' lang='lat' dir='ltr'><strong>tanquam</strong></span> <span class='ocrx_word' id='word_1_779' title='bbox 3753 4602 3829 4639; x_wconf 70' lang='lat' dir='ltr'><strong>ex</strong></span> 
     </span>
    </p>
   </div>
   <div class='ocr_carea' id='block_1_93' title="bbox 555 4673 2127 4742">
    <p class='ocr_par' dir='ltr' id='par_1_93' title="bbox 555 4673 2127 4742">
     <span class='ocr_line' id='line_1_93' title="bbox 555 4673 2127 4742; baseline 0.001 -15"><span class='ocrx_word' id='word_1_780' title='bbox 555 4673 744 4742; x_wconf 90' lang='lat' dir='ltr'><strong>cipulis</strong></span> <span class='ocrx_word' id='word_1_781' title='bbox 776 4692 788 4727; x_wconf 89' lang='lat'><strong>:</strong></span> <span class='ocrx_word' id='word_1_782' title='bbox 826 4673 925 4727; x_wconf 82' lang='lat' dir='ltr'><strong>Vos</strong></span> <span class='ocrx_word' id='word_1_783' title='bbox 947 4702 961 4721; x_wconf 65' lang='grc' dir='ltr'><strong>ε</strong></span> <span class='ocrx_word' id='word_1_784' title='bbox 981 4684 1151 4728; x_wconf 87' lang='lat' dir='ltr'><strong>autem</strong></span> <span class='ocrx_word' id='word_1_785' title='bbox 1193 4675 1367 4728; x_wconf 88' lang='lat' dir='ltr'><strong>sedete</strong></span> <span class='ocrx_word' id='word_1_786' title='bbox 1396 4676 1451 4728; x_wconf 87' lang='lat' dir='ltr'><strong>in</strong></span> <span class='ocrx_word' id='word_1_787' title='bbox 1497 4676 1725 4742; x_wconf 87' lang='lat' dir='ltr'><strong>civitate,</strong></span> <span class='ocrx_word' id='word_1_788' title='bbox 1756 4676 1916 4729; x_wconf 84' lang='lat' dir='ltr'><strong>donec</strong></span> <span class='ocrx_word' id='word_1_789' title='bbox 1944 4675 2127 4728; x_wconf 88' lang='lat' dir='ltr'><strong>indua-</strong></span> 
     </span>
    </p>
   </div>
   <div class='ocr_carea' id='block_1_94' title="bbox 553 4764 2120 4837">
    <p class='ocr_par' dir='ltr' id='par_1_94' title="bbox 553 4764 2120 4837">
     <span class='ocr_line' id='line_1_94' title="bbox 553 4764 2120 4837; baseline 0 -18"><span class='ocrx_word' id='word_1_790' title='bbox 553 4766 681 4819; x_wconf 91' lang='lat' dir='ltr'><strong>mini</strong></span> <span class='ocrx_word' id='word_1_791' title='bbox 707 4767 890 4820; x_wconf 87' lang='lat' dir='ltr'><strong>virtute</strong></span> <span class='ocrx_word' id='word_1_792' title='bbox 911 4782 975 4819; x_wconf 74' lang='lat' dir='ltr'><strong>ex</strong></span> <span class='ocrx_word' id='word_1_793' title='bbox 998 4767 1103 4820; x_wconf 89' lang='lat' dir='ltr'><strong>alto</strong></span> <span class='ocrx_word' id='word_1_794' title='bbox 1135 4765 1284 4837; x_wconf 90' lang='lat' dir='ltr'><strong>(Luc.</strong></span> <span class='ocrx_word' id='word_1_795' title='bbox 1316 4782 1458 4831; x_wconf 78' lang='lat' dir='ltr'><strong>xxrv,</strong></span> <span class='ocrx_word' id='word_1_796' title='bbox 1491 4764 1617 4835; x_wconf 70' lang='lat'><strong>49);</strong></span> <span class='ocrx_word' id='word_1_797' title='bbox 1648 4776 1702 4820; x_wconf 88' lang='lat' dir='ltr'><strong>et</strong></span> <span class='ocrx_word' id='word_1_798' title='bbox 1731 4767 1923 4822; x_wconf 88' lang='lat' dir='ltr'><strong>iterum</strong></span> <span class='ocrx_word' id='word_1_799' title='bbox 1954 4765 2080 4821; x_wconf 90' lang='lat' dir='ltr'><strong>dicit</strong></span> <span class='ocrx_word' id='word_1_800' title='bbox 2107 4784 2120 4819; x_wconf 92' lang='lat'>:</span> 
     </span>
    </p>
   </div>
   <div class='ocr_carea' id='block_1_95' title="bbox 470 4857 2126 4928">
    <p class='ocr_par' dir='ltr' id='par_1_95' title="bbox 470 4857 2126 4928">
     <span class='ocr_line' id='line_1_95' title="bbox 470 4857 2126 4928; baseline 0.002 -20"><span class='ocrx_word' id='word_1_801' title='bbox 470 4910 486 4925; x_wconf 62' lang='grc'><em>,</em></span> <span class='ocrx_word' id='word_1_802' title='bbox 554 4858 827 4927; x_wconf 80' lang='lat' dir='ltr'><strong>Accipietis</strong></span> <span class='ocrx_word' id='word_1_803' title='bbox 865 4859 1101 4912; x_wconf 86' lang='lat' dir='ltr'><strong>virtutem</strong></span> <span class='ocrx_word' id='word_1_804' title='bbox 1146 4860 1546 4928; x_wconf 85' lang='lat' dir='ltr'><strong>supervenienlis</strong></span> <span class='ocrx_word' id='word_1_805' title='bbox 1602 4857 1831 4927; x_wconf 87' lang='lat' dir='ltr'><strong>Spiritus</strong></span> <span class='ocrx_word' id='word_1_806' title='bbox 1862 4858 2032 4911; x_wconf 86' lang='lat' dir='ltr'><strong>sancti</strong></span> <span class='ocrx_word' id='word_1_807' title='bbox 2072 4860 2126 4912; x_wconf 88' lang='lat' dir='ltr'><strong>in</strong></span> 
     </span>
    </p>
   </div>
   <div class='ocr_carea' id='block_1_96' title="bbox 552 4946 2121 5017">
    <p class='ocr_par' dir='ltr' id='par_1_96' title="bbox 552 4946 2121 5017">
     <span class='ocr_line' id='line_1_96' title="bbox 552 4946 2121 5017; baseline 0.004 -19"><span class='ocrx_word' id='word_1_808' title='bbox 552 4962 642 4999; x_wconf 89' lang='lat' dir='ltr'><strong>vos</strong></span> <span class='ocrx_word' id='word_1_809' title='bbox 672 4946 807 5015; x_wconf 88' lang='lat' dir='ltr'><strong>(Act.</strong></span> <span class='ocrx_word' id='word_1_810' title='bbox 830 4962 868 5011; x_wconf 84' lang='grc' dir='ltr'><strong>ι,</strong></span> <span class='ocrx_word' id='word_1_811' title='bbox 891 4946 968 5017; x_wconf 91' lang='grc'><strong>8).</strong></span> <span class='ocrx_word' id='word_1_812' title='bbox 995 4946 1112 5017; x_wconf 90' lang='lat' dir='ltr'><strong>lpse</strong></span> <span class='ocrx_word' id='word_1_813' title='bbox 1134 4957 1313 5017; x_wconf 84' lang='lat' dir='ltr'><strong>itaque</strong></span> <span class='ocrx_word' id='word_1_814' title='bbox 1341 4946 1571 5016; x_wconf 89' lang='lat' dir='ltr'><strong>Spiritus</strong></span> <span class='ocrx_word' id='word_1_815' title='bbox 1594 4948 1834 5011; x_wconf 89' lang='lat' dir='ltr'><strong>veniens,</strong></span> <span class='ocrx_word' id='word_1_816' title='bbox 1858 4948 1997 5002; x_wconf 91' lang='lat' dir='ltr'><strong>sicut</strong></span> <span class='ocrx_word' id='word_1_817' title='bbox 2026 4949 2121 5004; x_wconf 92' lang='lat' dir='ltr'><strong>tri-</strong></span> 
     </span>
    </p>
   </div>
   <div class='ocr_carea' id='block_1_97' title="bbox 552 5037 2127 5108">
    <p class='ocr_par' dir='ltr' id='par_1_97' title="bbox 552 5037 2127 5108">
     <span class='ocr_line' id='line_1_97' title="bbox 552 5037 2127 5108; baseline 0.001 -17"><span class='ocrx_word' id='word_1_818' title='bbox 552 5038 670 5091; x_wconf 89' lang='lat' dir='ltr'><strong>buit</strong></span> <span class='ocrx_word' id='word_1_819' title='bbox 689 5039 1073 5105; x_wconf 83' lang='lat' dir='ltr'><strong>cognitionem,</strong></span> <span class='ocrx_word' id='word_1_820' title='bbox 1104 5040 1176 5093; x_wconf 90' lang='lat' dir='ltr'><strong>ita</strong></span> <span class='ocrx_word' id='word_1_821' title='bbox 1214 5040 1442 5094; x_wconf 88' lang='lat' dir='ltr'><strong>contulit</strong></span> <span class='ocrx_word' id='word_1_822' title='bbox 1482 5037 1809 5093; x_wconf 87' lang='lat' dir='ltr'><strong>ﬁrmitatem.</strong></span> <span class='ocrx_word' id='word_1_823' title='bbox 1837 5039 2127 5108; x_wconf 81' lang='lat' dir='ltr'><strong>PrOpterea</strong></span> 
     </span>
    </p>
   </div>
   <div class='ocr_carea' id='block_1_98' title="bbox 553 5128 2129 5198">
    <p class='ocr_par' dir='ltr' id='par_1_98' title="bbox 553 5128 2129 5198">
     <span class='ocr_line' id='line_1_98' title="bbox 553 5128 2129 5198; baseline -0.001 -16"><span class='ocrx_word' id='word_1_824' title='bbox 553 5128 812 5196; x_wconf 83' lang='lat' dir='ltr'><strong>scriptum</strong></span> <span class='ocrx_word' id='word_1_825' title='bbox 862 5138 946 5183; x_wconf 87' lang='lat' dir='ltr'><strong>est</strong></span> <span class='ocrx_word' id='word_1_826' title='bbox 996 5129 1067 5183; x_wconf 90' lang='lat' dir='ltr'><strong>de</strong></span> <span class='ocrx_word' id='word_1_827' title='bbox 1108 5129 1378 5198; x_wconf 87' lang='lat' dir='ltr'><strong>discipulis</strong></span> <span class='ocrx_word' id='word_1_828' title='bbox 1411 5147 1423 5182; x_wconf 91' lang='lat'><strong>:</strong></span> <span class='ocrx_word' id='word_1_829' title='bbox 1456 5128 1525 5181; x_wconf 84' lang='lat' dir='ltr'><strong>Et</strong></span> <span class='ocrx_word' id='word_1_830' title='bbox 1567 5128 1747 5197; x_wconf 88' lang='lat' dir='ltr'><strong>repleti</strong></span> <span class='ocrx_word' id='word_1_831' title='bbox 1792 5137 1911 5181; x_wconf 85' lang='lat' dir='ltr'><strong>sunt</strong></span> <span class='ocrx_word' id='word_1_832' title='bbox 1953 5145 2129 5182; x_wconf 87' lang='lat' dir='ltr'><strong>omnes</strong></span> 
     </span>
    </p>
   </div>
   <div class='ocr_carea' id='block_1_99' title="bbox 554 5216 2129 5290">
    <p class='ocr_par' dir='ltr' id='par_1_99' title="bbox 554 5216 2129 5290">
     <span class='ocr_line' id='line_1_99' title="bbox 554 5216 2129 5290; baseline -0.001 -18"><span class='ocrx_word' id='word_1_833' title='bbox 554 5218 755 5287; x_wconf 85' lang='lat' dir='ltr'><strong>Spiritu</strong></span> <span class='ocrx_word' id='word_1_834' title='bbox 784 5226 983 5282; x_wconf 89' lang='lat' dir='ltr'><strong>sancto,</strong></span> <span class='ocrx_word' id='word_1_835' title='bbox 1007 5228 1057 5272; x_wconf 92' lang='lat' dir='ltr'><strong>et</strong></span> <span class='ocrx_word' id='word_1_836' title='bbox 1080 5219 1416 5290; x_wconf 85' lang='lat' dir='ltr'><strong>loquebantur</strong></span> <span class='ocrx_word' id='word_1_837' title='bbox 1443 5219 1647 5272; x_wconf 86' lang='lat' dir='ltr'><strong>verbum</strong></span> <span class='ocrx_word' id='word_1_838' title='bbox 1670 5216 1765 5270; x_wconf 89' lang='lat' dir='ltr'><strong>Dei</strong></span> <span class='ocrx_word' id='word_1_839' title='bbox 1797 5234 1912 5270; x_wconf 90' lang='lat' dir='ltr'><strong>cum</strong></span> <span class='ocrx_word' id='word_1_840' title='bbox 1932 5217 2129 5287; x_wconf 80' lang='lat' dir='ltr'><strong>ﬁducia</strong></span> 
     </span>
    </p>
   </div>
   <div class='ocr_carea' id='block_1_100' title="bbox 555 5306 2129 5378">
    <p class='ocr_par' dir='ltr' id='par_1_100' title="bbox 555 5306 2129 5378">
     <span class='ocr_line' id='line_1_100' title="bbox 555 5306 2129 5378; baseline 0.001 -19"><span class='ocrx_word' id='word_1_841' title='bbox 555 5307 691 5376; x_wconf 81' lang='lat' dir='ltr'><strong>(Act.</strong></span> <span class='ocrx_word' id='word_1_842' title='bbox 721 5322 796 5373; x_wconf 82' lang='lat' dir='ltr'><strong>iv,</strong></span> <span class='ocrx_word' id='word_1_843' title='bbox 827 5306 942 5378; x_wconf 80' lang='grc'><strong>51).</strong></span> <span class='ocrx_word' id='word_1_844' title='bbox 976 5308 1071 5361; x_wconf 91' lang='lat' dir='ltr'><strong>Dic</strong></span> <span class='ocrx_word' id='word_1_845' title='bbox 1115 5308 1375 5363; x_wconf 91' lang='lat' dir='ltr'><strong>minorem</strong></span> <span class='ocrx_word' id='word_1_846' title='bbox 1404 5308 1700 5369; x_wconf 87' lang='lat' dir='ltr'><strong>doctorem,</strong></span> <span class='ocrx_word' id='word_1_847' title='bbox 1739 5307 1785 5361; x_wconf 91' lang='lat' dir='ltr'><strong>si</strong></span> <span class='ocrx_word' id='word_1_848' title='bbox 1828 5307 2129 5361; x_wconf 87' lang='lat' dir='ltr'><strong>doctrinam</strong></span> 
     </span>
    </p>
   </div>
   <div class='ocr_carea' id='block_1_101' title="bbox 553 5396 2130 5468">
    <p class='ocr_par' dir='ltr' id='par_1_101' title="bbox 553 5396 2130 5468">
     <span class='ocr_line' id='line_1_101' title="bbox 553 5396 2130 5468; baseline 0.003 -19"><span class='ocrx_word' id='word_1_849' title='bbox 553 5396 671 5464; x_wconf 87' lang='lat' dir='ltr'><strong>ejus</strong></span> <span class='ocrx_word' id='word_1_850' title='bbox 697 5398 948 5467; x_wconf 63' lang='lat' dir='ltr'><strong>quaelibet</strong></span> <span class='ocrx_word' id='word_1_851' title='bbox 989 5398 1324 5468; x_wconf 86' lang='lat' dir='ltr'><strong>philosophia</strong></span> <span class='ocrx_word' id='word_1_852' title='bbox 1352 5399 1516 5453; x_wconf 89' lang='lat' dir='ltr'><strong>vicit:</strong></span> <span class='ocrx_word' id='word_1_853' title='bbox 1540 5397 1625 5453; x_wconf 91' lang='lat' dir='ltr'><strong>dic</strong></span> <span class='ocrx_word' id='word_1_854' title='bbox 1653 5398 1914 5455; x_wconf 90' lang='lat' dir='ltr'><strong>minorem</strong></span> <span class='ocrx_word' id='word_1_855' title='bbox 1943 5398 2130 5453; x_wconf 91' lang='lat' dir='ltr'><strong>docto-</strong></span> 
     </span>
    </p>
   </div>
   <div class='ocr_carea' id='block_1_102' title="bbox 557 5490 2128 5560">
    <p class='ocr_par' dir='ltr' id='par_1_102' title="bbox 557 5490 2128 5560">
     <span class='ocr_line' id='line_1_102' title="bbox 557 5490 2128 5560; baseline -0.001 -14"><span class='ocrx_word' id='word_1_856' title='bbox 557 5508 695 5558; x_wconf 89' lang='lat' dir='ltr'><strong>rem,</strong></span> <span class='ocrx_word' id='word_1_857' title='bbox 718 5491 763 5549; x_wconf 91' lang='lat' dir='ltr'><strong>si</strong></span> <span class='ocrx_word' id='word_1_858' title='bbox 796 5491 976 5547; x_wconf 88' lang='lat' dir='ltr'><strong>abillo</strong></span> <span class='ocrx_word' id='word_1_859' title='bbox 1002 5490 1241 5547; x_wconf 86' lang='lat' dir='ltr'><strong>ﬁrmatos</strong></span> <span class='ocrx_word' id='word_1_860' title='bbox 1268 5504 1449 5559; x_wconf 85' lang='lat' dir='ltr'><strong>regum</strong></span> <span class='ocrx_word' id='word_1_861' title='bbox 1476 5491 1679 5545; x_wconf 80' lang='lat' dir='ltr'><strong>saevitia</strong></span> <span class='ocrx_word' id='word_1_862' title='bbox 1702 5490 1991 5560; x_wconf 87' lang='lat' dir='ltr'><strong>superavit.</strong></span> <span class='ocrx_word' id='word_1_863' title='bbox 2025 5490 2128 5544; x_wconf 83' lang='lat' dir='ltr'><strong>Mi-</strong></span> 
     </span>
    </p>
   </div>
   <div class='ocr_carea' id='block_1_103' title="bbox 557 5580 2131 5638">
    <p class='ocr_par' dir='ltr' id='par_1_103' title="bbox 557 5580 2131 5638">
     <span class='ocr_line' id='line_1_103' title="bbox 557 5580 2131 5638; baseline -0.002 -2"><span class='ocrx_word' id='word_1_864' title='bbox 557 5584 780 5638; x_wconf 88' lang='lat' dir='ltr'><strong>nistrum</strong></span> <span class='ocrx_word' id='word_1_865' title='bbox 826 5598 955 5638; x_wconf 89' lang='lat' dir='ltr'><strong>vero</strong></span> <span class='ocrx_word' id='word_1_866' title='bbox 1002 5582 1184 5637; x_wconf 88' lang='lat' dir='ltr'><strong>nescio</strong></span> <span class='ocrx_word' id='word_1_867' title='bbox 1214 5590 1390 5635; x_wconf 90' lang='lat' dir='ltr'><strong>utrum</strong></span> <span class='ocrx_word' id='word_1_868' title='bbox 1423 5581 1618 5636; x_wconf 87' lang='lat' dir='ltr'><strong>alicubi</strong></span> <span class='ocrx_word' id='word_1_869' title='bbox 1646 5580 1845 5636; x_wconf 91' lang='lat' dir='ltr'><strong>dictum</strong></span> <span class='ocrx_word' id='word_1_870' title='bbox 1887 5581 2131 5634; x_wconf 88' lang='lat' dir='ltr'><strong>invenire</strong></span> 
     </span>
    </p>
   </div>
   <div class='ocr_carea' id='block_1_104' title="bbox 558 5667 2128 5740">
    <p class='ocr_par' dir='ltr' id='par_1_104' title="bbox 558 5667 2128 5740">
     <span class='ocr_line' id='line_1_104' title="bbox 558 5667 2128 5740; baseline 0 -16"><span class='ocrx_word' id='word_1_871' title='bbox 558 5671 759 5739; x_wconf 88' lang='lat' dir='ltr'><strong>poteris</strong></span> <span class='ocrx_word' id='word_1_872' title='bbox 782 5671 1037 5740; x_wconf 90' lang='lat' dir='ltr'><strong>Spiritum</strong></span> <span class='ocrx_word' id='word_1_873' title='bbox 1064 5679 1327 5726; x_wconf 88' lang='lat' dir='ltr'><strong>sanctum.</strong></span> <span class='ocrx_word' id='word_1_874' title='bbox 1361 5670 1427 5725; x_wconf 86' lang='lat' dir='ltr'><strong>Et</strong></span> <span class='ocrx_word' id='word_1_875' title='bbox 1473 5687 1541 5725; x_wconf 89' lang='lat' dir='ltr'><strong>ne</strong></span> <span class='ocrx_word' id='word_1_876' title='bbox 1583 5680 1687 5725; x_wconf 73' lang='lat' dir='ltr'><strong>tute</strong></span> <span class='ocrx_word' id='word_1_877' title='bbox 1744 5670 2031 5726; x_wconf 88' lang='lat' dir='ltr'><strong>assertioni</strong></span> <span class='ocrx_word' id='word_1_878' title='bbox 2061 5667 2128 5724; x_wconf 85' lang='lat' dir='ltr'><strong>de</strong></span> 
     </span>
    </p>
   </div>
   <div class='ocr_carea' id='block_1_105' title="bbox 557 5756 2124 5829">
    <p class='ocr_par' dir='ltr' id='par_1_105' title="bbox 557 5756 2124 5829">
     <span class='ocr_line' id='line_1_105' title="bbox 557 5756 2124 5829; baseline 0 -17"><span class='ocrx_word' id='word_1_879' title='bbox 557 5760 650 5813; x_wconf 88' lang='lat' dir='ltr'><strong>illo</strong></span> <span class='ocrx_word' id='word_1_880' title='bbox 681 5759 923 5826; x_wconf 80' lang='lat' dir='ltr'><strong>Apostoli</strong></span> <span class='ocrx_word' id='word_1_881' title='bbox 974 5759 1095 5815; x_wconf 90' lang='lat' dir='ltr'><strong>loco</strong></span> <span class='ocrx_word' id='word_1_882' title='bbox 1141 5756 1342 5828; x_wconf 86' lang='lat' dir='ltr'><strong>aliquid</strong></span> <span class='ocrx_word' id='word_1_883' title='bbox 1362 5759 1653 5829; x_wconf 87' lang='lat' dir='ltr'><strong>juvaminis</strong></span> <span class='ocrx_word' id='word_1_884' title='bbox 1676 5759 2041 5829; x_wconf 87' lang='lat' dir='ltr'><strong>repromittas,</strong></span> <span class='ocrx_word' id='word_1_885' title='bbox 2074 5759 2124 5813; x_wconf 88' lang='lat' dir='ltr'><strong>in</strong></span> 
     </span>
    </p>
   </div>
   <div class='ocr_carea' id='block_1_106' title="bbox 560 5846 2123 5919">
    <p class='ocr_par' dir='ltr' id='par_1_106' title="bbox 560 5846 2123 5919">
     <span class='ocr_line' id='line_1_106' title="bbox 560 5846 2123 5919; baseline -0.001 -16"><span class='ocrx_word' id='word_1_886' title='bbox 560 5862 667 5918; x_wconf 79' lang='lat' dir='ltr'><strong>quo</strong></span> <span class='ocrx_word' id='word_1_887' title='bbox 697 5846 1122 5919; x_wconf 81' lang='lat' dir='ltr'><strong>Pbiiippensibus</strong></span> <span class='ocrx_word' id='word_1_888' title='bbox 1143 5848 1380 5906; x_wconf 83' lang='lat' dir='ltr'><strong>scribens</strong></span> <span class='ocrx_word' id='word_1_889' title='bbox 1404 5849 1478 5905; x_wconf 87' lang='lat' dir='ltr'><strong>ait</strong></span> <span class='ocrx_word' id='word_1_890' title='bbox 1512 5868 1523 5901; x_wconf 88' lang='lat'><strong>:</strong></span> <span class='ocrx_word' id='word_1_891' title='bbox 1577 5849 1697 5905; x_wconf 85' lang='lat' dir='ltr'><strong>Scio</strong></span> <span class='ocrx_word' id='word_1_892' title='bbox 1719 5854 1855 5903; x_wconf 86' lang='lat' dir='ltr'><strong>enim</strong></span> <span class='ocrx_word' id='word_1_893' title='bbox 1884 5849 2123 5919; x_wconf 82' lang='lat' dir='ltr'><strong>quoniam</strong></span> 
     </span>
    </p>
   </div>
   <div class='ocr_carea' id='block_1_107' title="bbox 2226 4672 3827 4749">
    <p class='ocr_par' dir='ltr' id='par_1_107' title="bbox 2226 4672 3827 4749">
     <span class='ocr_line' id='line_1_107' title="bbox 2226 4672 3827 4749; baseline -0.001 -16"><span class='ocrx_word' id='word_1_894' title='bbox 2226 4681 2428 4744; x_wconf 88' lang='lat' dir='ltr'><strong>virtute,</strong></span> <span class='ocrx_word' id='word_1_895' title='bbox 2463 4694 2617 4749; x_wconf 90' lang='lat' dir='ltr'><strong>quam</strong></span> <span class='ocrx_word' id='word_1_896' title='bbox 2652 4676 2982 4730; x_wconf 85' lang='lat' dir='ltr'><strong>administrat</strong></span> <span class='ocrx_word' id='word_1_897' title='bbox 3017 4673 3179 4728; x_wconf 90' lang='lat' dir='ltr'><strong>Deus.</strong></span> <span class='ocrx_word' id='word_1_898' title='bbox 3222 4672 3375 4739; x_wconf 83' lang='lat' dir='ltr'><strong>Quod</strong></span> <span class='ocrx_word' id='word_1_899' title='bbox 3413 4673 3465 4726; x_wconf 87' lang='lat' dir='ltr'><strong>in</strong></span> <span class='ocrx_word' id='word_1_900' title='bbox 3503 4672 3702 4730; x_wconf 54' lang='lat' dir='ltr'><strong>Graeco</strong></span> <span class='ocrx_word' id='word_1_901' title='bbox 3739 4678 3827 4732; x_wconf 83' lang='lat' dir='ltr'><strong>sic</strong></span> 
     </span>
    </p>
   </div>
   <div class='ocr_carea' id='block_1_108' title="bbox 2229 4764 3829 4839">
    <p class='ocr_par' dir='ltr' id='par_1_108' title="bbox 2229 4764 3829 4839">
     <span class='ocr_line' id='line_1_108' title="bbox 2229 4764 3829 4839; baseline -0.001 -14"><span class='ocrx_word' id='word_1_902' title='bbox 2229 4770 2457 4826; x_wconf 88' lang='lat' dir='ltr'><strong>habetur</strong></span> <span class='ocrx_word' id='word_1_903' title='bbox 2473 4788 2485 4822; x_wconf 90' lang='lat'><strong>:</strong></span> <span class='ocrx_word' id='word_1_904' title='bbox 2499 4771 2738 4836; x_wconf 68' lang='grc' dir='ltr'><strong>Φιλόξενοι</strong></span> <span class='ocrx_word' id='word_1_905' title='bbox 2757 4774 2829 4830; x_wconf 78' lang='grc' dir='ltr'><strong>εἰς</strong></span> <span class='ocrx_word' id='word_1_906' title='bbox 2850 4769 3085 4828; x_wconf 74' lang='grc' dir='ltr'><strong>ἀλλήλους</strong></span> <span class='ocrx_word' id='word_1_907' title='bbox 3107 4764 3225 4823; x_wconf 74' lang='grc' dir='ltr'><strong>ἄνευ</strong></span> <span class='ocrx_word' id='word_1_908' title='bbox 3245 4775 3574 4839; x_wconf 71' lang='grc' dir='ltr'><strong>γογγυσμῶν,</strong></span> <span class='ocrx_word' id='word_1_909' title='bbox 3596 4768 3829 4831; x_wconf 72' lang='grc' dir='ltr'><strong>ἕκαστος·</strong></span> 
     </span>
    </p>
   </div>
   <div class='ocr_carea' id='block_1_109' title="bbox 2229 4855 3831 4935">
    <p class='ocr_par' dir='ltr' id='par_1_109' title="bbox 2229 4855 3831 4935">
     <span class='ocr_line' id='line_1_109' title="bbox 2229 4855 3831 4935; baseline -0.004 -18"><span class='ocrx_word' id='word_1_910' title='bbox 2229 4867 2388 4924; x_wconf 78' lang='grc' dir='ltr'>καθῶς</span> <span class='ocrx_word' id='word_1_911' title='bbox 2412 4861 2564 4916; x_wconf 72' lang='grc' dir='ltr'><strong>ἔλαϐε</strong></span> <span class='ocrx_word' id='word_1_912' title='bbox 2587 4863 2853 4935; x_wconf 79' lang='grc' dir='ltr'><strong>χάρισμα,</strong></span> <span class='ocrx_word' id='word_1_913' title='bbox 2876 4864 2948 4920; x_wconf 77' lang='grc' dir='ltr'><strong>εἰς</strong></span> <span class='ocrx_word' id='word_1_914' title='bbox 2975 4860 3188 4918; x_wconf 74' lang='grc' dir='ltr'><strong>εαυτοὺς</strong></span> <span class='ocrx_word' id='word_1_915' title='bbox 3210 4859 3336 4913; x_wconf 78' lang='grc' dir='ltr'><strong>αὐτὸ</strong></span> <span class='ocrx_word' id='word_1_916' title='bbox 3358 4855 3720 4925; x_wconf 67' lang='grc' dir='ltr'><strong>διακονοῦντες,</strong></span> <span class='ocrx_word' id='word_1_917' title='bbox 3751 4864 3831 4921; x_wconf 74' lang='grc' dir='ltr'><strong>ὡς</strong></span> 
     </span>
    </p>
   </div>
   <div class='ocr_carea' id='block_1_110' title="bbox 2233 4944 3832 5027">
    <p class='ocr_par' dir='ltr' id='par_1_110' title="bbox 2233 4944 3832 5027">
     <span class='ocr_line' id='line_1_110' title="bbox 2233 4944 3832 5027; baseline -0.003 -20"><span class='ocrx_word' id='word_1_918' title='bbox 2233 4955 2373 5009; x_wconf 75' lang='grc' dir='ltr'>καλοὶ</span> <span class='ocrx_word' id='word_1_919' title='bbox 2400 4953 2647 5024; x_wconf 79' lang='grc' dir='ltr'><strong>οἰκονόμοι</strong></span> <span class='ocrx_word' id='word_1_920' title='bbox 2671 4953 2899 5017; x_wconf 63' lang='grc' dir='ltr'><strong>ποικίλης</strong></span> <span class='ocrx_word' id='word_1_921' title='bbox 2932 4953 3150 5027; x_wconf 79' lang='grc' dir='ltr'><strong>χάριτος</strong></span> <span class='ocrx_word' id='word_1_922' title='bbox 3176 4954 3321 5003; x_wconf 80' lang='grc' dir='ltr'><strong>Θεοῦ.</strong></span> <span class='ocrx_word' id='word_1_923' title='bbox 3354 4946 3415 5001; x_wconf 82' lang='grc' dir='ltr'><strong>Εἴ</strong></span> <span class='ocrx_word' id='word_1_924' title='bbox 3428 4944 3513 5007; x_wconf 7' lang='lat' dir='ltr'><strong>in;</strong></span> <span class='ocrx_word' id='word_1_925' title='bbox 3534 4948 3704 5012; x_wconf 66' lang='lat' dir='ltr'><strong>hihi,</strong></span> <span class='ocrx_word' id='word_1_926' title='bbox 3752 4953 3832 5010; x_wconf 77' lang='grc' dir='ltr'><strong>ὦς</strong></span> 
     </span>
    </p>
   </div>
   <div class='ocr_carea' id='block_1_111' title="bbox 2231 5034 3831 5117">
    <p class='ocr_par' dir='ltr' id='par_1_111' title="bbox 2231 5034 3831 5117">
     <span class='ocr_line' id='line_1_111' title="bbox 2231 5034 3831 5117; baseline -0.003 -22"><span class='ocrx_word' id='word_1_927' title='bbox 2231 5043 2375 5117; x_wconf 71' lang='grc' dir='ltr'>λόγια</span> <span class='ocrx_word' id='word_1_928' title='bbox 2397 5048 2525 5097; x_wconf 83' lang='grc' dir='ltr'><strong>Θεοῦ</strong></span> <span class='ocrx_word' id='word_1_929' title='bbox 2543 5056 2555 5069; x_wconf 89' lang='grc'><em>’</em></span> <span class='ocrx_word' id='word_1_930' title='bbox 2577 5039 2625 5094; x_wconf 82' lang='grc' dir='ltr'><strong>εἴ</strong></span> <span class='ocrx_word' id='word_1_931' title='bbox 2648 5062 2725 5100; x_wconf 80' lang='grc' dir='ltr'><strong>τις</strong></span> <span class='ocrx_word' id='word_1_932' title='bbox 2745 5040 3069 5107; x_wconf 66' lang='grc' dir='ltr'><strong>διακονεῖνὼς</strong></span> <span class='ocrx_word' id='word_1_933' title='bbox 3089 5041 3138 5102; x_wconf 74' lang='grc' dir='ltr'><strong>ἐξ</strong></span> <span class='ocrx_word' id='word_1_934' title='bbox 3162 5040 3354 5108; x_wconf 79' lang='grc' dir='ltr'><strong>ἰσχύος</strong></span> <span class='ocrx_word' id='word_1_935' title='bbox 3378 5040 3441 5097; x_wconf 77' lang='grc' dir='ltr'>ὡς</span> <span class='ocrx_word' id='word_1_936' title='bbox 3472 5036 3547 5107; x_wconf 88' lang='lat' dir='ltr'><strong>(in</strong></span> <span class='ocrx_word' id='word_1_937' title='bbox 3570 5034 3713 5090; x_wconf 84' lang='lat' dir='ltr'><strong>Bibl.</strong></span> <span class='ocrx_word' id='word_1_938' title='bbox 3736 5035 3831 5108; x_wconf 69' lang='grc' dir='ltr'><strong>ἧς)</strong></span> 
     </span>
    </p>
   </div>
   <div class='ocr_carea' id='block_1_112' title="bbox 2236 5125 3833 5205">
    <p class='ocr_par' dir='ltr' id='par_1_112' title="bbox 2236 5125 3833 5205">
     <span class='ocr_line' id='line_1_112' title="bbox 2236 5125 3833 5205; baseline -0.003 -20"><span class='ocrx_word' id='word_1_939' title='bbox 2236 5139 2457 5205; x_wconf 75' lang='grc' dir='ltr'><strong>χορηγεῖ</strong></span> <span class='ocrx_word' id='word_1_940' title='bbox 2471 5130 2497 5184; x_wconf 83' lang='grc' dir='ltr'>ὁ</span> <span class='ocrx_word' id='word_1_941' title='bbox 2525 5132 2647 5190; x_wconf 77' lang='grc' dir='ltr'><strong>Θεὸς</strong></span> <span class='ocrx_word' id='word_1_942' title='bbox 2673 5127 2726 5198; x_wconf 84' lang='grc'><strong>(1</strong></span> <span class='ocrx_word' id='word_1_943' title='bbox 2749 5128 2893 5182; x_wconf 89' lang='lat' dir='ltr'><strong>Petr.</strong></span> <span class='ocrx_word' id='word_1_944' title='bbox 2923 5125 3085 5197; x_wconf 87' lang='lat' dir='ltr'><strong>lv,9).</strong></span> <span class='ocrx_word' id='word_1_945' title='bbox 3112 5125 3192 5179; x_wconf 75' lang='lat' dir='ltr'><strong>Ex</strong></span> <span class='ocrx_word' id='word_1_946' title='bbox 3218 5126 3301 5180; x_wconf 88' lang='lat' dir='ltr'><strong>his</strong></span> <span class='ocrx_word' id='word_1_947' title='bbox 3322 5125 3475 5192; x_wconf 91' lang='lat' dir='ltr'><strong>locis,</strong></span> <span class='ocrx_word' id='word_1_948' title='bbox 3494 5141 3614 5195; x_wconf 66' lang='lat' dir='ltr'><strong>qua:</strong></span> <span class='ocrx_word' id='word_1_949' title='bbox 3640 5128 3833 5195; x_wconf 78' lang='lat' dir='ltr'><strong>magis</strong></span> 
     </span>
    </p>
   </div>
   <div class='ocr_carea' id='block_1_113' title="bbox 2235 5215 3835 5288">
    <p class='ocr_par' dir='ltr' id='par_1_113' title="bbox 2235 5215 3835 5288">
     <span class='ocr_line' id='line_1_113' title="bbox 2235 5215 3835 5288; baseline -0.003 -12"><span class='ocrx_word' id='word_1_950' title='bbox 2235 5219 2421 5276; x_wconf 65' lang='lat' dir='ltr'><strong>Graeco</strong></span> <span class='ocrx_word' id='word_1_951' title='bbox 2444 5234 2621 5288; x_wconf 71' lang='lat' dir='ltr'><strong>quam</strong></span> <span class='ocrx_word' id='word_1_952' title='bbox 2661 5218 2850 5272; x_wconf 90' lang='lat' dir='ltr'><strong>Latino</strong></span> <span class='ocrx_word' id='word_1_953' title='bbox 2880 5217 3256 5273; x_wconf 89' lang='lat' dir='ltr'><strong>discernuntur</strong></span> <span class='ocrx_word' id='word_1_954' title='bbox 3290 5215 3529 5287; x_wconf 82' lang='lat' dir='ltr'><strong>eloquio,</strong></span> <span class='ocrx_word' id='word_1_955' title='bbox 3570 5216 3835 5273; x_wconf 77' lang='lat' dir='ltr'><strong>ministe-</strong></span> 
     </span>
    </p>
   </div>
   <div class='ocr_carea' id='block_1_114' title="bbox 2234 5305 3833 5379">
    <p class='ocr_par' dir='ltr' id='par_1_114' title="bbox 2234 5305 3833 5379">
     <span class='ocr_line' id='line_1_114' title="bbox 2234 5305 3833 5379; baseline -0.001 -16"><span class='ocrx_word' id='word_1_956' title='bbox 2234 5310 2374 5365; x_wconf 90' lang='lat' dir='ltr'><strong>rium</strong></span> <span class='ocrx_word' id='word_1_957' title='bbox 2401 5310 2467 5364; x_wconf 90' lang='lat' dir='ltr'><strong>ad</strong></span> <span class='ocrx_word' id='word_1_958' title='bbox 2501 5308 2868 5379; x_wconf 91' lang='lat' dir='ltr'><strong>operationem</strong></span> <span class='ocrx_word' id='word_1_959' title='bbox 2898 5307 3184 5361; x_wconf 83' lang='lat' dir='ltr'><strong>humanam</strong></span> <span class='ocrx_word' id='word_1_960' title='bbox 3205 5348 3221 5373; x_wconf 91' lang='lat'><strong>,</strong></span> <span class='ocrx_word' id='word_1_961' title='bbox 3258 5305 3649 5360; x_wconf 87' lang='lat' dir='ltr'><strong>administratio</strong></span> <span class='ocrx_word' id='word_1_962' title='bbox 3682 5322 3833 5362; x_wconf 75' lang='lat' dir='ltr'><strong>vero</strong></span> 
     </span>
    </p>
   </div>
   <div class='ocr_carea' id='block_1_115' title="bbox 2236 5397 3835 5465">
    <p class='ocr_par' dir='ltr' id='par_1_115' title="bbox 2236 5397 3835 5465">
     <span class='ocr_line' id='line_1_115' title="bbox 2236 5397 3835 5465; baseline 0 -12"><span class='ocrx_word' id='word_1_963' title='bbox 2236 5401 2350 5454; x_wconf 84' lang='lat' dir='ltr'><strong>sive</strong></span> <span class='ocrx_word' id='word_1_964' title='bbox 2387 5398 2811 5454; x_wconf 89' lang='lat' dir='ltr'><strong>subministratio</strong></span> <span class='ocrx_word' id='word_1_965' title='bbox 2847 5397 2915 5452; x_wconf 89' lang='lat' dir='ltr'><strong>ad</strong></span> <span class='ocrx_word' id='word_1_966' title='bbox 2951 5397 3186 5452; x_wconf 88' lang='lat' dir='ltr'><strong>divinam</strong></span> <span class='ocrx_word' id='word_1_967' title='bbox 3216 5397 3557 5465; x_wconf 79' lang='lat' dir='ltr'><strong>cognoscitur</strong></span> <span class='ocrx_word' id='word_1_968' title='bbox 3582 5397 3835 5465; x_wconf 83' lang='lat' dir='ltr'><strong>gratiam</strong></span> 
     </span>
    </p>
   </div>
   <div class='ocr_carea' id='block_1_116' title="bbox 2234 5485 3831 5558">
    <p class='ocr_par' dir='ltr' id='par_1_116' title="bbox 2234 5485 3831 5558">
     <span class='ocr_line' id='line_1_116' title="bbox 2234 5485 3831 5558; baseline 0 -15"><span class='ocrx_word' id='word_1_969' title='bbox 2234 5488 2524 5558; x_wconf 89' lang='lat' dir='ltr'><strong>pertinere.</strong></span> <span class='ocrx_word' id='word_1_970' title='bbox 2571 5487 2685 5542; x_wconf 85' lang='lat' dir='ltr'><strong>Hoc</strong></span> <span class='ocrx_word' id='word_1_971' title='bbox 2724 5495 2805 5541; x_wconf 89' lang='lat' dir='ltr'><strong>est</strong></span> <span class='ocrx_word' id='word_1_972' title='bbox 2845 5488 3023 5555; x_wconf 89' lang='lat' dir='ltr'><strong>itaque</strong></span> <span class='ocrx_word' id='word_1_973' title='bbox 3058 5485 3277 5557; x_wconf 87' lang='lat' dir='ltr'><strong>Spiritui</strong></span> <span class='ocrx_word' id='word_1_974' title='bbox 3316 5495 3505 5542; x_wconf 85' lang='lat' dir='ltr'><strong>sancto</strong></span> <span class='ocrx_word' id='word_1_975' title='bbox 3543 5486 3831 5543; x_wconf 82' lang='lat' dir='ltr'><strong>submini-</strong></span> 
     </span>
    </p>
   </div>
   <div class='ocr_carea' id='block_1_117' title="bbox 2231 5574 3836 5645">
    <p class='ocr_par' dir='ltr' id='par_1_117' title="bbox 2231 5574 3836 5645">
     <span class='ocr_line' id='line_1_117' title="bbox 2231 5574 3836 5645; baseline 0.001 -14"><span class='ocrx_word' id='word_1_976' title='bbox 2231 5585 2433 5642; x_wconf 89' lang='lat' dir='ltr'><strong>strare,</strong></span> <span class='ocrx_word' id='word_1_977' title='bbox 2466 5576 2611 5645; x_wconf 92' lang='lat' dir='ltr'><strong>quod</strong></span> <span class='ocrx_word' id='word_1_978' title='bbox 2638 5584 2719 5630; x_wconf 90' lang='lat' dir='ltr'><strong>est</strong></span> <span class='ocrx_word' id='word_1_979' title='bbox 2746 5574 3117 5631; x_wconf 77' lang='lat' dir='ltr'><strong>sufﬁcientiam</strong></span> <span class='ocrx_word' id='word_1_980' title='bbox 3151 5577 3301 5630; x_wconf 90' lang='lat' dir='ltr'><strong>dare.</strong></span> <span class='ocrx_word' id='word_1_981' title='bbox 3331 5574 3466 5630; x_wconf 88' lang='lat' dir='ltr'><strong>Cum</strong></span> <span class='ocrx_word' id='word_1_982' title='bbox 3496 5576 3634 5629; x_wconf 90' lang='lat' dir='ltr'><strong>enim</strong></span> <span class='ocrx_word' id='word_1_983' title='bbox 3664 5574 3836 5634; x_wconf 80' lang='lat' dir='ltr'><strong>Deus</strong></span> 
     </span>
    </p>
   </div>
   <div class='ocr_carea' id='block_1_118' title="bbox 2230 5660 3831 5730">
    <p class='ocr_par' dir='ltr' id='par_1_118' title="bbox 2230 5660 3831 5730">
     <span class='ocr_line' id='line_1_118' title="bbox 2230 5660 3831 5730; baseline 0.002 -12"><span class='ocrx_word' id='word_1_984' title='bbox 2230 5660 2482 5719; x_wconf 86' lang='lat' dir='ltr'><strong>virtutem</strong></span> <span class='ocrx_word' id='word_1_985' title='bbox 2504 5664 2860 5728; x_wconf 86' lang='lat' dir='ltr'><strong>administrat,</strong></span> <span class='ocrx_word' id='word_1_986' title='bbox 2881 5664 3257 5720; x_wconf 85' lang='lat' dir='ltr'><strong>sufﬁcientiam</strong></span> <span class='ocrx_word' id='word_1_987' title='bbox 3285 5665 3471 5719; x_wconf 86' lang='lat' dir='ltr'><strong>donat.</strong></span> <span class='ocrx_word' id='word_1_988' title='bbox 3498 5663 3667 5730; x_wconf 84' lang='lat' dir='ltr'><strong>Quam</strong></span> <span class='ocrx_word' id='word_1_989' title='bbox 3700 5668 3831 5721; x_wconf 79' lang='lat' dir='ltr'><strong>suf-</strong></span> 
     </span>
    </p>
   </div>
   <div class='ocr_carea' id='block_1_119' title="bbox 2230 5752 3832 5831">
    <p class='ocr_par' dir='ltr' id='par_1_119' title="bbox 2230 5752 3832 5831">
     <span class='ocr_line' id='line_1_119' title="bbox 2230 5752 3832 5831; baseline -0.001 -23"><span class='ocrx_word' id='word_1_990' title='bbox 2230 5752 2514 5831; x_wconf 80' lang='lat' dir='ltr'><strong>licientiam</strong></span> <span class='ocrx_word' id='word_1_991' title='bbox 2542 5770 2648 5809; x_wconf 92' lang='lat' dir='ltr'><strong>non</strong></span> <span class='ocrx_word' id='word_1_992' title='bbox 2671 5768 2735 5807; x_wconf 81' lang='lat' dir='ltr'><strong>ex</strong></span> <span class='ocrx_word' id='word_1_993' title='bbox 2760 5755 2933 5819; x_wconf 87' lang='lat' dir='ltr'><strong>nobis,</strong></span> <span class='ocrx_word' id='word_1_994' title='bbox 2958 5753 3050 5808; x_wconf 87' lang='lat' dir='ltr'><strong>sed</strong></span> <span class='ocrx_word' id='word_1_995' title='bbox 3074 5769 3139 5808; x_wconf 81' lang='lat' dir='ltr'><strong>ex</strong></span> <span class='ocrx_word' id='word_1_996' title='bbox 3169 5754 3277 5808; x_wconf 88' lang='lat' dir='ltr'><strong>Deo</strong></span> <span class='ocrx_word' id='word_1_997' title='bbox 3304 5769 3424 5809; x_wconf 89' lang='lat' dir='ltr'><strong>esse</strong></span> <span class='ocrx_word' id='word_1_998' title='bbox 3448 5755 3632 5808; x_wconf 84' lang='lat' dir='ltr'><strong>beatus</strong></span> <span class='ocrx_word' id='word_1_999' title='bbox 3657 5754 3832 5825; x_wconf 78' lang='lat' dir='ltr'><strong>Apo—</strong></span> 
     </span>
    </p>
   </div>
   <div class='ocr_carea' id='block_1_120' title="bbox 2229 5834 3820 5917">
    <p class='ocr_par' dir='ltr' id='par_1_120' title="bbox 2229 5834 3820 5917">
     <span class='ocr_line' id='line_1_120' title="bbox 2229 5834 3820 5917; baseline 0.003 -17"><span class='ocrx_word' id='word_1_1000' title='bbox 2229 5834 2398 5902; x_wconf 76' lang='lat' dir='ltr'><strong>siolus</strong></span> <span class='ocrx_word' id='word_1_1001' title='bbox 2426 5845 2624 5902; x_wconf 84' lang='lat' dir='ltr'><strong>docens</strong></span> <span class='ocrx_word' id='word_1_1002' title='bbox 2655 5866 2665 5901; x_wconf 89' lang='lat'>:</span> <span class='ocrx_word' id='word_1_1003' title='bbox 2694 5844 3030 5915; x_wconf 66' lang='lat' dir='ltr'><strong>Sami-tentia,</strong></span> <span class='ocrx_word' id='word_1_1004' title='bbox 3058 5847 3245 5917; x_wconf 83' lang='lat' dir='ltr'><strong>inquit,</strong></span> <span class='ocrx_word' id='word_1_1005' title='bbox 3273 5856 3450 5901; x_wconf 84' lang='lat' dir='ltr'><strong>nostra</strong></span> <span class='ocrx_word' id='word_1_1006' title='bbox 3471 5862 3535 5901; x_wconf 73' lang='lat' dir='ltr'><strong>ex</strong></span> <span class='ocrx_word' id='word_1_1007' title='bbox 3556 5844 3666 5901; x_wconf 71' lang='lat' dir='ltr'><strong>Deo</strong></span> <span class='ocrx_word' id='word_1_1008' title='bbox 3693 5862 3787 5904; x_wconf 71' lang='grc' dir='ltr'><strong>εει</strong></span> <span class='ocrx_word' id='word_1_1009' title='bbox 3807 5892 3820 5905; x_wconf 95' lang='grc'><strong>.</strong></span> 
     </span>
    </p>
   </div>
  </div>
