4090 6342
326 356 420 412 757

1388 350 1661 406 CONTRA
1701 347 2046 407 FABIANUM
2087 350 2521 407 FBAGMENIA.
3482 352 3572 403 15.3

322 472 403 541 qui
442 476 490 521 et
532 471 745 521 idoneos
789 481 880 519 nos
917 466 1034 534 fecit
1072 464 1332 517 ministros
1374 461 1510 516 Noui
1552 461 1891 526 Testameuti,
1924 473 1971 532 Α
1999 463 2259 533 Apostolo
2296 463 2497 518 dictum
2533 479 2544 513 :
2574 460 2842 531 Testiﬁcor
2883 480 3057 517 coram
3094 463 3236 541 Deo,
3282 473 3330 516 et
3374 464 3573 516 Christo

321 579 420 616 non
449 560 641 623 littera,
673 558 763 611 sed
789 558 973 627 spiritu
1007 555 1093 624 (Il
1135 554 1256 610 Cor.
1293 571 1364 619 ut,
1400 553 1451 618 5,
1482 553 1558 622 6).
1588 551 1890 608 Ostendens

320 661 496 707 autem
527 650 880 704 ministerium
908 664 1083 710 suum,
1106 648 1314 703 curavit
1332 646 1494 702 etiam
1516 644 1890 701 subministra-

320 742 519 794 tionem
547 740 718 794 sancti
745 738 976 807 Spiritus
1002 737 1402 800 demonstrare,
1433 734 1617 790 dicens
1650 751 1662 786 :
1694 732 1895 787 Littera

317 831 451 884 enim
480 829 687 894 occidit,
719 828 946 898 Spiritus
972 834 1141 881 autem
1169 825 1391 894 viviﬁcat
1420 822 1687 893 (Ibidem).
1712 822 1895 876 Visum

316 936 448 977 vero
472 921 569 976 tibi
588 927 692 987 est,
716 921 880 975 Deum
903 919 1114 974 Patrem
1136 918 1369 988 judicem
1389 916 1589 977 dicere.
1613 916 1765 985 quasi
1787 930 1896 970 non

315 1011 416 1065 hoc
453 1012 526 1067 sit
560 1021 615 1067 et
652 1011 817 1067 Filius
851 1018 907 1067 et
943 1010 1174 1081 Spiritus
1209 1017 1445 1066 sanctus.
1495 1007 1575 1062 An
1616 1010 1791 1064 nescis
1827 1004 1896 1059 ab

1991 552 2150 622 .lesu,
2180 554 2265 624 qui
2295 554 2622 623 judicatqu
2649 561 2725 606 est
2751 553 2885 607 viros
2915 570 2976 605 uc
3005 537 3257 614 mortuos,
3290 563 3339 606 et
3363 568 3454 621 per
3480 551 3574 603 ad-

1975 637 2196 701 uentum
2222 647 2416 715 ipsius,
2456 654 2507 700 et
2532 660 2742 715 regnum
2768 647 2929 715 ipsius
2957 646 2977 716 (
2995 643 3057 698 II
3090 643 3221 698 Tim.
3252 662 3301 699 iv
3322 682 3338 708 ,
3380 643 3467 713 l).
3500 641 3570 697 De

1995 735 2199 806 Spiritu
2234 744 2414 791 autem
2457 736 2620 807 585.
2661 747 2848 791 sancto
2889 737 3003 805 ipse
3044 735 3209 790 Filius
3256 733 3406 799 dicit,
3447 734 3569 802 quia

1995 835 2175 899 arguet
2201 827 2447 881 mundum
2475 826 2539 880 de
2567 836 2796 897 peccato,
2827 836 2877 881 et
2904 829 2966 880 de
2985 827 3192 897 justitia
3216 835 3264 880 et
3291 826 3353 879 de
3372 825 3568 895 judicio

1997 920 2177 991 (Joan.
2207 934 2316 986 xw,
2339 917 2417 990 8).

421 1258 520 1307 ιι
560 1257 783 1308 11880
834 1259 909 1307 ll.
951 1258 1048 1306 DE
1090 1255 1400 1306 οπωιιε
1453 1250 1887 1304 ΡοετυιιΑιω]

1984 1248 2303 1298 ΞΕΜΕΝΏΙ
2360 1249 2465 1297 Ετο
2498 1248 2780 1297 οιιΑκω
2829 1248 2903 1295 IN
2961 1249 3280 1298 GHRISTO
3334 1249 3426 1297 B'l'

1622 1339 1898 1391 BPIBI'I'U
1946 1337 2248 1388 IANG‘I‘O.

801 1467 1275 1524 FRAGMENTUM
1316 1468 1402 1522 IV.

528 1584 592 1638 In
622 1583 822 1637 Christo
852 1581 967 1635 dua:
993 1588 1221 1643 naturae,
1252 1594 1474 1649 persona
1500 1579 1673 1632 unica.

378 1698 488 1752 Nos
509 1694 826 1752 conﬁtentes
840 1692 1109 1747 Christum
1129 1691 1320 1745 Filium
1340 1672 1437 1745 Dei
1456 1689 1561 1744 vivi
1579 1687 1742 1758 (quod
1762 1702 1885 1741 eum

308 1789 589 1847 confessus
617 1795 700 1841 est
727 1784 1004 1854 apostolus
1034 1783 1255 1849 Petrus,
1281 1789 1337 1836 et
1364 1782 1430 1839 ab
1460 1781 1577 1850 ipso
1606 1777 1887 1833 Salvatore

308 1880 527 1950 (Alattli.
553 1894 661 1945 xvr,
691 1876 779 1942 16,
808 1875 916 1943 l7),
939 1874 1290 1930 confessionis
1314 1872 1471 1941 hujus
1496 1870 1669 1939 gratia
1692 1869 1887 1924 meruit
1919 1884 1962 1943 Β

308 1969 493 2024 vocari
529 1964 764 2035 beatus),
808 1980 971 2019 unum
1003 1962 1357 2032 eumdemque
1386 1960 1577 2015 Filium
1604 1958 1700 2014 Dei
1726 1968 1888 2028 atque

307 2060 545 2115 hominis
580 2057 848 2113 credimus
887 2074 901 2108 ;
947 2063 1003 2110 et
1050 2054 1102 2108 in
1145 2069 1212 2109 eo
1251 2061 1487 2123 paterna:
1525 2059 1889 2119 matermeque

308 2148 619 2205 substantia:
657 2146 953 2201 naturalem
992 2150 1376 2213 cognoscentes
1414 2141 1711 2197 certissime
1749 2140 1887 2195 veri-

307 2250 478 2293 tatem
502 2256 518 2296 ;
550 2238 690 2292 sicut
717 2245 1000 2304 utramque
1030 2245 1274 2290 natumut
1304 2234 1358 2288 in
1386 2248 1452 2288 eo
1481 2248 1589 2288 non
1618 2231 1887 2299 ﬁndimus,

307 2333 383 2385 sic
408 2331 574 2385 etiam
602 2328 907 2382 nullatenus
926 2340 1253 2395 separamus.
1277 2323 1389 2379 Hoc
1408 2325 1605 2394 quippe
1627 2323 1679 2376 in
1699 2322 1889 2377 Nesto-

307 2421 478 2476 rianis
513 2418 778 2475 catholica
825 2416 1006 2485 culpat
1041 2424 1096 2469 et
1131 2415 1455 2469 condemnat
1483 2412 1721 2467 Ecclesia
1752 2429 1765 2477 ;
1796 2411 1887 2481 qui

307 2508 546 2563 maxime
593 2507 649 2561 in
696 2506 799 2560 hoc
841 2512 1046 2569 errant,
1098 2503 1152 2557 in
1203 2518 1310 2574 quo
1356 2510 1579 2572 propter
1620 2501 1887 2570 geminam

306 2602 509 2659 Christi
535 2600 889 2659 substantiam
910 2599 1097 2653 volunt
1119 2598 1173 2651 in
1192 2612 1258 2652 eo
1277 2596 1550 2666 geminare
1567 2610 1851 2665 personam
1870 2612 1886 2660 ;

305 2704 365 2747 ut
394 2693 558 2746 aliam
588 2690 770 2745 dicant
798 2689 865 2743 ad
892 2688 1083 2743 Filium
1111 2687 1228 2753 Dei,
1260 2687 1419 2740 aliam
1438 2701 1570 2740 vero
1599 2684 1665 2739 ad
1696 2684 1889 2740 Filium

307 2784 547 2839 hominis
565 2782 834 2852 pertinere
862 2799 875 2834 :
908 2796 1030 2835 cum
1058 2796 1195 2835 unus
1223 2779 1471 2849 idemque
1499 2778 1568 2833 sit
1595 2776 1690 2833 Dei
1719 2786 1772 2832 et
1801 2778 1891 2831 ho-

304 2876 473 2929 minis
496 2874 684 2938 Filius,
713 2872 782 2926 de
813 2872 922 2926 Deo
949 2870 1107 2927 Patre
1136 2870 1369 2925 Verbum
1399 2868 1558 2934 Deus,
1591 2876 1647 2921 et
1673 2868 1739 2922 de
1768 2867 1888 2922 Vir-

303 2968 434 3035 gine
463 2974 636 3020 matre
668 2964 899 3019 Verbum
940 2979 1067 3019 caro
1096 2962 1291 3018 factum
1311 3004 1328 3030 ,
1359 2961 1413 3016 id
1446 2969 1529 3016 est
1556 2961 1696 3015 Deus
1724 2961 1888 3015 homo

304 3057 575 3112 veraciter
603 3063 762 3110 natus
790 3074 803 3107 :
836 3056 928 3124 qui
958 3056 1181 3110 turmam
1208 3052 1351 3107 servi
1377 3051 1666 3121 accipiens,
1699 3052 1751 3105 in
1780 3067 1888 3121 qua

303 3152 373 3206 de
394 3158 572 3205 matre
601 3149 753 3203 ﬁeret
782 3148 944 3202 homo
966 3161 1143 3210 verus,
1170 3144 1301 3199 nihil
1326 3144 1506 3197 amisit
1524 3143 1578 3197 in
1604 3143 1693 3197 illa
1716 3140 1886 3196 forma

303 3241 424 3305 Dei,
459 3239 515 3293 in
542 3253 650 3307 qua
675 3253 796 3292 cum
823 3236 982 3290 Patre
1012 3251 1146 3291 unus
1168 3242 1251 3289 est
1278 3234 1593 3289 naturaliter
1620 3232 1799 3298 Deus;
1830 3240 1885 3287 et
1912 3239 1959 3303 ο

303 3346 434 3386 cum
474 3330 821 3398 semetipsum
858 3328 1174 3395 exinanivit,
1213 3328 1323 3382 suis
1360 3327 1653 3396 permansit
1688 3326 1888 3381 divitiis

302 3428 538 3497 plenus;
568 3433 769 3482 etcum
796 3438 856 3477 se
884 3423 1199 3488 lmmiliavit,
1229 3437 1335 3476 non
1364 3421 1570 3479 destitit
1596 3436 1715 3476 esse
1742 3420 1887 3489 quod

302 3527 459 3579 erat,
488 3531 703 3585 semper
732 3514 1050 3569 Altissimus.
1096 3511 1253 3567 Unde
1289 3514 1366 3567 sic
1401 3512 1563 3567 etiam
1596 3511 1768 3566 lactus
1804 3519 1888 3565 est

303 3607 567 3662 obediens
592 3621 771 3677 usque
815 3604 885 3659 ad
923 3613 1185 3669 mortem,
1224 3610 1453 3657 mortem
1493 3609 1673 3656 autem
1713 3601 1887 3655 crucis

302 3699 530 3769 (Philip.
560 3715 621 3765 ιι,
646 3697 725 3765 8),
750 3706 808 3752 ut
835 3698 886 3751 in
916 3711 1080 3766 Opere
1103 3694 1426 3750 obeditionis
1449 3693 1570 3762 jura
1599 3709 1706 3748 non
1727 3693 1885 3747 amit-

301 3800 450 3847 teret
486 3791 713 3861 propria:
752 3790 1053 3860 potestatis.
1098 3786 1350 3849 Proinde,
1390 3795 1446 3840 et
1475 3800 1602 3841 cum
1641 3792 1886 3840 mortuus

300 3891 409 3945 est,
443 3881 784 3945 nihilominus
814 3880 955 3935 Deus
982 3894 1140 3934 verus
1168 3886 1225 3933 et
1261 3877 1368 3931 vita
1397 3884 1600 3930 aeterna
1629 3891 1747 3930 esse
1776 3890 1883 3929 non

300 3971 545 4035 destitit;
576 3979 775 4027 etcum
798 3970 1143 4039 ignominiam
1167 3968 1341 4023 crucis
1368 3966 1556 4021 humili
1583 3964 1745 4020 corde
1767 3980 1885 4034 por-

302 4062 472 4127 tavit,
502 4059 762 4116 Dominus
788 4060 970 4128 gloriae
996 4057 1400 4127 maiestatisque
1426 4054 1737 4126 permansit.

808 4236 1279 4291 FRAGMENTUM
1322 4236 1384 4289 ν.

427 4350 694 4415 Quomodo
722 4360 893 4421 gemat
932 4361 1019 4403 aut
1048 4350 1266 4418 postulet
1298 4350 1524 4420 Spiritus
1554 4359 1778 4402 sanctus.

373 4461 678 4516 Secundum
724 4468 924 4515 rectam
954 4461 1133 4530 itaque
1161 4458 1440 4515 catholica:
1469 4459 1588 4513 ﬁdei
1620 4459 1878 4528 regulam,

298 4567 409 4605 non
441 4550 512 4604 ita
549 4548 708 4604 debet
749 4548 916 4618 accipi
956 4547 1097 4616 quod
1126 4547 1353 4617 Spiritus
1391 4554 1607 4603 sanctus
1650 4555 1830 4616 gemat
1861 4564 1874 4599 :

296 4666 423 4703 cum
452 4649 635 4716 utique
658 4648 906 4717 gemitus,
932 4664 1037 4701 non
1058 4647 1231 4701 solum
1253 4656 1457 4701 naturae
1482 4646 1692 4712 divinae,
1716 4662 1875 4716 quam

296 4739 533 4810 Spiritus
560 4747 776 4793 sanctus
805 4733 987 4805 habet,
1015 4737 1109 4793 sed
1137 4753 1235 4792 nec
1260 4737 1511 4804 angeliczr
1534 4736 1881 4805 beatitudini,

294 4845 462 4898 quam
490 4843 557 4883 ex
584 4827 728 4883 dono
763 4827 1041 4882 Trinitatis
1068 4827 1240 4882 sancti
1280 4826 1451 4895 angeli
1481 4837 1877 4894 cognoscuntur

296 4920 501 4973 habere
524 4960 539 4984 ,
577 4920 883 4974 conveniat.
930 4916 1082 4972 Unde
1112 4918 1201 4971 illo
1231 4917 1391 4971 modo
1419 4926 1565 4971 recte
1594 4917 1872 4987 accipitur,

262 5025 407 5076 quo
445 5008 587 5063 solet
624 5008 912 5079 signiﬁcari
953 5009 1113 5080 585
1152 5023 1247 5076 per
1290 5006 1608 5061 efficientem
1649 5006 1701 5060 id
1732 5006 1881 5076 quod

295 5099 548 5163 efﬁcitur,
580 5098 632 5153 id
659 5106 759 5163 est,
792 5113 1033 5168 gemere,
1053 5096 1375 5158 desiderare,
1398 5105 1457 5149 et.
1473 5096 1745 5165 postulare
1774 5111 1875 5149 nos

296 5190 480 5256 faciat,
515 5190 640 5245 dum
668 5190 873 5250 scilicet
898 5188 1143 5258 gemendi
1173 5197 1331 5256 atque
1361 5187 1666 5258 postulandi
1694 5187 1871 5242 cordi-

296 5283 397 5336 bus
425 5281 624 5336 nostris
643 5281 867 5350 inspirat
889 5279 1156 5335 all'ectum.
1188 5278 1276 5333 Sic
1296 5287 1472 5333 autem
1501 5278 1729 5348 Spiritus
1751 5294 1874 5333 san-

294 5382 418 5427 ctus
446 5387 683 5442 gemere,
706 5371 1015 5428 desiderare
1040 5386 1104 5425 ac
1128 5370 1403 5441 postulare
1425 5370 1634 5437 dicitur,
1660 5369 1799 5425 sicut
1819 5378 1878 5424 et

299 5464 441 5517 Deus
465 5463 660 5518 dicitur
685 5476 1013 5532 cognoscere
1029 5501 1044 5525 ,
1077 5476 1174 5530 pro
1202 5476 1268 5514 eo
1296 5459 1438 5529 quod
1462 5468 1873 5528 cognoscentem

295 5554 476 5608 faciat.
519 5555 723 5609 Dictum
752 5568 982 5620 namque
1008 5560 1090 5607 est
1126 5551 1192 5605 ad
1227 5551 1495 5605 Abraham
1531 5548 1740 5627 :iNung
1784 5566 1872 5603 ro-

295 5646 446 5712 gnovi
479 5646 720 5715 quoniam
760 5645 907 5697 times
934 5642 1115 5705 Deum,
1147 5650 1195 5695 ct
1223 5658 1326 5695 non
1357 5641 1625 5710 pepercisti
1654 5639 1762 5708 [ilio
1791 5649 1873 5694 tuo

296 5734 481 5787 dlccto
504 5743 710 5804 propter
734 5751 812 5787 me
842 5731 1048 5799 (Cenes.
1077 5748 1206 5798 sit",
1232 5731 1341 5797 1‘2).
1368 5728 1517 5784 Unde
1540 5729 1663 5797 quia
1689 5728 1740 5781 in
1765 5728 1874 5783 Deo

299 5826 614 5881 naturaliter
644 5826 883 5882 omnium
911 5840 1090 5883 rerum
1118 5832 1298 5878 manet
1339 5820 1782 5877 incommutabilis
1820 5829 1873 5876 et

1990 1469 2192 1518 {eterna
2231 1464 2485 1531 cognitio,
2530 1470 2585 1517 et
2619 1462 2768 1518 nefas
2810 1474 2893 1519 est
2928 1466 3149 1521 credere
3185 1467 3563 1537 sempiternam

1989 1554 2320 1610 divinitatem
2337 1554 2706 1625 temporaliter
2724 1555 2927 1625 aliquid
2941 1558 3248 1628 agnovisse;
3265 1561 3368 1616 hoc
3383 1561 3567 1630 utique

1990 1643 2173 1710 regula
2201 1644 2442 1700 veritatis
2466 1645 2733 1715 exposcit,
2763 1654 2822 1699 ut
2848 1645 2972 1700 dum
3000 1646 3250 1704 divinitas
3277 1664 3337 1705 se
3362 1652 3577 1719 cogno-'

1986 1734 2131 1788 visse
2152 1733 2303 1801 dicit,
2322 1743 2642 1805 agnoscatur
2662 1736 2785 1805 quia
2808 1746 3222 1804 cognoscentem
3246 1739 3387 1794 facit.
3412 1738 3568 1795 Eum-

1989 1825 2114 1881 dem
2141 1826 2424 1880 locutionis
2453 1826 2668 1881 modum
2698 1827 2887 1881 beatus
2913 1828 3203 1897 Apostolus
3233 1831 3405 1885 tenuit
3429 1833 3568 1888 scri-

1989 1918 2123 1972 bens
2149 1916 2215 1970 ad
2242 1916 2481 1984 Galatas,
2499 1918 2684 1973 dicens
2715 1937 2728 1971 :
2765 1919 2871 1974 Sed
2900 1930 3018 1973 tunc
3044 1922 3246 1991 quidem
3273 1925 3567 1992 ignorantes

1990 2008 2152 2062 Deum
2172 2048 2188 2073 ,
2219 2010 2298 2063 Itis
2321 2010 2405 2081 qui
2436 2020 2624 2063 natura
2661 2027 2765 2064 non
2800 2020 2918 2064 sunt
2954 2012 3027 2064 dii
3067 2012 3380 2067 serviebatis.
3412 2013 3571 2068 Nunc

1988 2110 2159 2153 autem
2185 2116 2301 2154 cum
2339 2102 2676 2171 cognoveritis
2698 2101 2882 2167 Deum,
2915 2104 3018 2157 imo
3043 2105 3236 2175 cogniti
3257 2106 3370 2159 sitis
3397 2122 3430 2158 α
3457 2106 3579 2161 Deo.

1991 2191 2134 2262 (Gal.
2159 2209 2229 2258 iv,
2261 2192 2313 2257 8,
2345 2194 2421 2263 9).
2457 2191 2555 2248 Ubi
2586 2194 2767 2262 utique
2791 2210 2897 2249 non
2921 2193 3114 2249 falsum
3139 2194 3238 2249 fuit
3261 2196 3405 2265 quod
3432 2196 3574 2251 dixit

1990 2284 2298 2353 Apostolus,
2324 2285 2447 2353 quia
2475 2295 2843 2352 cognoverunt
2868 2284 3057 2351 Deum,
3088 2294 3143 2339 et
3163 2286 3265 2341 hoc
3292 2288 3443 2356 quasi
3472 2301 3568 2341 vo-

1988 2376 2085 2430 luit
2116 2377 2363 2444 sequenti
2397 2390 2676 2430 removere
2715 2377 2978 2430 sententia
3014 2394 3025 2428 :
3058 2378 3159 2431 sed
3180 2393 3246 2431 ne
3274 2379 3443 2447 ipsam
3468 2394 3565 2433 co-
3606 2376 3617 2389 ‘

1986 2465 2279 2532 gnitionem
2297 2504 2312 2528 ,
2344 2480 2448 2519 non
2474 2464 2657 2518 divino
2686 2465 2896 2519 muneri
2925 2450 3125 2519 vellent
3152 2468 3442 2534 assignare,
3471 2469 3566 2523 sed

1986 2556 2117 2620 sibi;
2147 2555 2535 2623 subsequenter
2561 2554 2867 2624 Apostolus,
2900 2555 2991 2609 illo
3018 2570 3127 2624 quo
3152 2555 3383 2613 diximus
3412 2559 3565 2613 lucu-

1987 2646 2149 2699 tionis
2179 2645 2370 2711 modo,
2402 2659 2511 2714 quo
2540 2628 2638 2715 per
2660 2644 2981 2701 efﬁcientem
3011 2647 3312 2703 ostenditur
3337 2649 3391 2703 id
3419 2651 3567 2719 quod

1987 2734 2233 2799 efﬁcitur,
2262 2736 2396 2789 dixit
2423 2736 2669 2803 cognitos
2696 2750 2814 2790 esse
2842 2751 2872 2788 a
2902 2735 3014 2790 Deo
3048 2755 3059 2789 :
3089 2736 3375 2792 ostendens
3399 2755 3429 2792 a
3452 2738 3564 2811 Deo

1987 2825 2186 2879 factum
2240 2834 2300 2880 ut
2339 2825 2413 2879 illi
2460 2833 2851 2894 cognoscerent
2889 2824 3076 2880 Deum.
3122 2826 3327 2881 Deinde
3367 2843 3565 2897 negare

1988 2933 2097 2973 non
2132 2929 2288 2987 potes
2317 2919 2630 2988 Apostolum
2673 2918 2874 2972 dixisse
2911 2938 2923 2970 :
2964 2918 3220 2983 Quoniam
3247 2930 3415 2975 autem
3442 2922 3564 2976 estis

1987 3012 2105 3081 ﬁKi,
2132 3014 2269 3066 misit
2297 3010 2436 3065 Deus
2460 3012 2711 3083 Spiritum
2736 3011 2863 3065 Filii
2885 3014 2964 3067 sui
2984 3015 3038 3066 iu
3067 3014 3224 3067 corda
3245 3024 3443 3079 nostra,
3464 3016 3563 3068 cla-

1987 3111 2252 3157 mantem:
2281 3103 2445 3167 Abba,
2478 3103 2632 3157 Pater
2662 3102 2852 3173 (Ibid,
2873 3102 2952 3172 6).
2981 3103 3264 3170 Quomodo
3289 3116 3418 3175 ergo
3445 3105 3565 3175 Spi-

1988 3194 2122 3249 ritus
2147 3195 2277 3261 iste,
2307 3197 2396 3265 qui
2426 3196 2590 3252 Filius
2618 3214 2724 3253 non
2754 3208 2856 3262 est,
2888 3198 2982 3254 sed
3021 3207 3200 3254 tamen
3228 3198 3458 3270 Spiritus
3485 3209 3566 3256 est

1989 3288 2246 3354 veritatis,
2279 3289 2473 3343 clamat
2510 3289 2680 3357 Abba,
2710 3289 2888 3357 Pater,
2927 3292 3026 3345 nisi
3056 3292 3241 3360 utique
3277 3292 3366 3346 illo
3404 3292 3564 3348 modo

1987 3392 2097 3447 quo
2135 3394 2232 3432 nos
2268 3379 2503 3434 clamare
2540 3379 2709 3435 facit?
2750 3380 2901 3447 Quod
2930 3382 3118 3435 beatus
3145 3380 3431 3449 Apostolus
3458 3382 3565 3437 alio

1986 3470 2108 3524 loco
2130 3470 2408 3527 evidenter
2421 3472 2673 3538 insinuat,
2694 3473 2907 3528 dicens:
2926 3474 3183 3547 Qu‘otquot
3204 3477 3340 3529 enim
3364 3476 3564 3545 Spiritu

1989 3560 2086 3614 Dei
2114 3571 2356 3632 aguntur,
2383 3564 2435 3617 Ili
2457 3563 2557 3632 ﬁlii
2584 3573 2704 3617 sunt
2726 3563 2843 3617 Dei.
2870 3561 2993 3631 Non
3015 3565 3151 3618 enim
3172 3566 3441 3634 accepisiis
3467 3568 3563 3635 spi-

1988 3653 2140 3705 ritum
2168 3655 2426 3708 servitutis
2456 3654 2640 3707 iterum
2670 3655 2722 3707 in
2751 3656 2947 3718 timore,
2973 3655 3064 3708 sed
3091 3656 3360 3724 accepistis
3389 3656 3563 3725 Spiri--

1986 3751 2092 3796 tum
2114 3744 2404 3813 adoptionis
2423 3744 2737 3814 ﬁliorum,in
2760 3761 2858 3815 quo
2872 3747 3155 3797 clamamus
3177 3760 3193 3797 :
3212 3743 3374 3809 Abba,
3407 3744 3563 3798 Pater

1987 3832 2163 3902 (Rom.
2200 3850 2311 3899 vm,
2344 3834 2456 3904 15).
2491 3834 2679 3889 Cernis
2704 3850 2896 3904 nempe
2925 3835 3029 3889 hoc
3056 3848 3173 3890 esse
3199 3834 3420 3903 Spiritui
3448 3834 3560 3889 cla-

1984 3940 2133 3979 mare
2161 3944 2172 3977 :
2202 3925 2371 3991 Abba,
2404 3925 2582 3997 Pater,
2608 3926 2750 3994 quod
2778 3926 3012 3981 clamare
3034 3940 3133 3980 nos
3157 3925 3300 3980 facit.
3333 3925 3561 3996 Spiritus

1984 4031 2112 4086 ergo
2146 4024 2361 4073 sanctus
2388 4026 2674 4087 propterea
2708 4032 2926 4086 gemere
2952 4026 3006 4072 et
3032 4019 3306 4087 postulare
3333 4018 3556 4084 dicitur,

1983 4123 2050 4162 eo
2086 4109 2231 4177 quod
2258 4124 2473 4178 gemere
2506 4117 2562 4164 et
2601 4110 2874 4179 postulare
2912 4126 3010 4165 nos
3038 4109 3212 4165 faciat.
3252 4110 3384 4167 Nam
3422 4112 3560 4166 sicut

1984 4198 2273 4267 Apostolus
2310 4199 2438 4254 illud
2476 4198 2623 4268 quod
2662 4199 2732 4255 de
2771 4200 2975 4270 Spiritu
3014 4200 3171 4269 dixit,
3209 4202 3557 4255 clamantem:

1985 4289 2144 4355 Abba,
2177 4289 2357 4355 Pater,
2384 4291 2579 4346 clarius
2604 4298 2659 4345 et
2685 4291 3017 4346 manifestius
3045 4292 3322 4361 exposuit,
3354 4292 3559 4356 dicens,

1980 4382 2035 4433 in
2062 4398 2159 4451 quo
2189 4382 2510 4435 clamamus:
2541 4381 2705 4444 Abba,
2730 4381 2929 4445 Pater;
2957 4368 3027 4435 ita
3058 4382 3188 4435 illud
3208 4380 3350 4447 quod
3376 4391 3560 4450 postu-

1980 4472 2091 4527 lare
2107 4472 2363 4541 Spiritum
2384 4473 2535 4536 dixit,
2555 4472 2798 4526 similiter
2812 4472 3059 4540 exposuit
3079 4471 3185 4524 alio
3209 4472 3327 4526 loco
3343 4470 3553 4526 dicens:

1984 4559 2205 4614 Orantes
2225 4561 2365 4614 omni
2394 4570 2619 4630 tempore
2648 4562 2700 4612 in
2721 4559 2943 4630 Spiritu,
2970 4549 3018 4612 et
3046 4562 3101 4613 in
3130 4561 3251 4627 ipso.
3268 4560 3577 4630 vigilantem.

1978 4652 2033 4704 in
2059 4652 2197 4705 omni
2226 4653 2477 4705 instantia
2504 4661 2553 4703 et
2577 4650 2926 4705 obsecratione
2948 4648 3159 4720 (Epltes.
3187 4667 3254 4713 vs,
3284 4649 3391 4718 18).
3416 4649 3579 4706 Ecce

1976 4742 2424 4809 quemadmodum
2453 4757 2551 4810 pro
2576 4742 2729 4796 nobis
2758 4742 2994 4811 postulat
3022 4741 3275 4811 Spiritus,
3302 4742 3427 4796 dum
3459 4758 3569 4797 nos-

1979 4830 2032 4884 in
2075 4829 2273 4899 Spiritu
2312 4844 2532 4884 oramus
2565 4847 2578 4881 :
2618 4845 2745 4883 ecce
2772 4828 3224 4898 quemadmodum
3264 4846 3364 4900 pro
3401 4831 3555 4886 nobis

1980 4919 2303 4989 interpellat,
2318 4919 2445 4973 dum
2462 4934 2561 4974 nos
2584 4921 2636 4974 in
2658 4921 2804 4973 omni
2834 4919 3086 4974 instantia
3106 4928 3161 4975 et
3181 4921 3556 4977 obsecratione

1979 5010 2032 5064 in
2063 5009 2179 5080 ipso
2203 5008 2409 5080 Spiritu
2432 5009 2729 5078 vigilamus.
2768 5010 2996 5080 Spiritus
3023 5010 3171 5065 enim
3194 5020 3429 5076 sanctus,
3460 5028 3558 5082 per

1977 5114 2137 5167 quem
2163 5100 2357 5155 caritas
2388 5099 2491 5156 Dei.
2510 5098 2819 5154 diﬁ‘unditur
2846 5100 2897 5153 in
2920 5099 3171 5155 cordibus
3191 5101 3409 5169 nostris,
3432 5101 3562 5157 facit

1980 5206 2078 5244 nos
2122 5204 2337 5258 gemere
2379 5199 2434 5244 et
2477 5191 2749 5260 postulare
2786 5207 2885 5261 pro
2923 5191 3295 5261 iniquitatibus
3328 5192 3550 5249 nostris.

1978 5279 2131 5335 Facit
2156 5289 2343 5334 autem
2358 5296 2456 5335 nos
2482 5294 2718 5349 gemere,
2739 5280 2864 5335 dum
2886 5296 2985 5336 nos
3011 5280 3135 5335 facit
3153 5281 3338 5335 dolere
3361 5282 3555 5350 iniqui-

1980 5378 2145 5424 tatem
2187 5379 2451 5436 nostram,
2488 5371 2758 5441 postulare
2786 5371 3026 5434 veniam,
3064 5370 3370 5426 desiderare
3392 5371 3553 5440 justi-

1981 5463 2131 5516 tiam.
2174 5461 2319 5517 lstud
2346 5461 2670 5517 desiderium
2696 5463 3062 5531 gemitumque
3090 5462 3179 5517 ille
3216 5462 3359 5517 dono
3383 5465 3556 5518 sancti

1977 5551 2206 5622 Spiritus
2228 5562 2538 5622 acceperat,
2568 5554 2659 5621 qui
2698 5553 2910 5608 dicebat
2940 5569 2953 5605 :
3000 5552 3281 5622 Rugiebam
3310 5571 3341 5606 a
3368 5554 3556 5625 gemitu

1975 5644 2145 5697 cordis
2171 5646 2272 5697 mei
2295 5662 2311 5708 ;
2343 5652 2416 5710 et,
2448 5645 2578 5698 Ante
2609 5654 2654 5697 te
2681 5655 2756 5697 est
2783 5661 2932 5697 omne
2957 5643 3265 5697 desiderium
3292 5660 3475 5709 meum,
3506 5654 3557 5698 et

1977 5734 2192 5803 gemitus
2223 5751 2361 5789 meus
2387 5752 2418 5788 a
2450 5746 2495 5789 te
2522 5750 2623 5788 non
2655 5744 2730 5788 est
2760 5734 3090 5790 absconditus
3124 5733 3293 5805 (Psul.
3341 5752 3529 5791 usus
3555 5777 3561 5792 .

1978 5824 2030 5889 ε»,
2058 5822 2161 5890 to).
3145 5829 3157 5840 ο
3566 5838 3571 5843 ο
