4064 6358
496 357 599 409 7239

890 482 1050 553 586
1073 482 1544 538 FRAGMENTUM
1581 484 1663 539 Vl.

492 589 723 663 Christus
753 610 844 663 pro
875 593 1020 646 nobis
1046 595 1339 662 interpellat
1373 602 1428 645 ut
1463 594 1613 648 homo
1650 604 1699 648 et
1724 605 1778 647 ut
1807 600 2069 652 sacerdos.

563 659 701 733 Quid
725 659 853 716 illud
881 663 1014 732 quod
1039 664 1092 715 in
1118 659 1371 733 Spiritum
1397 675 1631 717 sanctum
1659 666 1952 720 desiderant
1977 685 2073 720 an-

560 732 659 800 geli
689 733 1000 800 prospicere.

564 838 678 892 Non
709 838 866 906 igitur
888 838 1054 907 gemit
1081 837 1310 909 Spiritus
1337 850 1554 896 sanctus
1579 883 1595 910 ,
1629 843 1753 911 quia
1797 844 1854 897 in
1879 852 2071 898 natura

494 929 608 997 ejus
636 929 813 982 divina
842 938 897 982 et
927 931 1433 986 incommutabiliter
1454 933 1631 997 beata,
1657 935 1799 988 nulla
1826 936 2070 1003 gemendi

496 1015 672 1090 potest
701 1037 818 1076 esse
846 1023 1081 1077 miseria.
1127 1023 1232 1078 Sed
1263 1033 1318 1078 tu
1345 1027 1571 1095 opponis
1593 1027 1744 1081 nobis
1767 1028 1891 1096 quia
1919 1028 2072 1084 Chri-

405 1119 416 1153 ί
496 1121 609 1166 stus
638 1127 734 1180 pro
763 1112 919 1167 nobis
946 1123 1065 1168 orat
1098 1133 1110 1168 :
1143 1114 1284 1183 quod
1325 1132 1422 1171 nos
1453 1117 1753 1172 nullatenus
1790 1135 2068 1190 negamus,

489 1201 725 1254 scientes
786 1201 1100 1270 Apostolum
1135 1204 1330 1259 dixisse
1369 1224 1379 1257 :
1417 1203 1543 1268 Quis
1581 1209 1842 1262 accusabit
1886 1210 2069 1264 electos

489 1290 626 1344 Dei?
677 1291 834 1357 Deus,
869 1295 952 1362 qui
987 1294 1260 1364 justiﬁcat.
1313 1294 1438 1359 Quis
1473 1307 1549 1350 est
1596 1299 1681 1367 qui
1730 1301 2070 1354 condemnet?

487 1379 720 1435 Christus
749 1381 918 1445 Jesus,
951 1384 1037 1453 qui
1071 1393 1298 1438 mortuus
1327 1397 1422 1449 est,
1451 1388 1551 1440 imo
1579 1390 1663 1458 qui
1691 1398 1739 1442 et
1768 1392 2065 1453 resurrexit,

485 1473 570 1538 qui
597 1481 672 1524 est
702 1472 771 1525 ad
795 1472 1062 1526 dexteram
1091 1474 1204 1539 Dei,
1237 1477 1322 1545 qui
1350 1479 1505 1528 etiam
1533 1478 1825 1546 interpellat
1855 1496 1947 1548 pro
1975 1497 2068 1534 no-

485 1562 561 1615 bis
593 1562 767 1632 (Rom.
798 1580 908 1631 vm,
937 1565 1024 1630 55,
1049 1565 1160 1634 54).
1191 1564 1499 1635 lnterpellat
1529 1568 1686 1635 igitur
1708 1568 1948 1625 Christus
1970 1586 2070 1641 pro

485 1655 682 1722 nobis,
727 1655 1018 1710 secundum
1070 1656 1215 1710 illam
1270 1665 1515 1711 naturam
1561 1661 1970 1729 quamaccepit
1999 1675 2066 1714 ex

483 1750 640 1804 nobis
668 1768 682 1803 :
713 1765 874 1819 quam
907 1759 1150 1804 naturam
1182 1750 1304 1820 quia
1334 1766 1441 1804 non
1469 1751 1677 1820 accepit
1695 1750 1926 1820 Spiritus
1942 1768 2067 1807 san-

483 1851 602 1896 ctus
625 1883 640 1906 ,
692 1842 996 1897 nullatenus
1027 1859 1124 1912 pro
1173 1842 1328 1896 nobis
1357 1843 1660 1910 interpellat
1689 1851 1780 1896 aut
1809 1843 2062 1912 postulat.

483 1935 588 1988 Sed
615 1934 758 2004 quod
787 1935 1077 1988 secundum
1110 1935 1332 1988 formam
1363 1935 1502 1988 servi
1530 1935 1677 1989 solus
1708 1934 1873 1991 Filius
1900 1936 2067 1992 inter-

483 2027 648 2095 pellat
674 2068 688 2090 ,
721 2027 823 2081 hoc
866 2026 1157 2080 secundum
1186 2025 1482 2080 divinitatis
1509 2041 1667 2079 unam
1698 2041 2064 2082 communem-

485 2134 590 2186 que
639 2128 879 2173 naturam
906 2161 925 2184 ,
967 2134 1087 2172 cum
1127 2115 1285 2170 Patre
1313 2125 1367 2170 et
1396 2117 1529 2170 Filio
1574 2115 1802 2186 Spiritus
1850 2127 2065 2173 sanctus

483 2207 670 2261 donat.
720 2209 850 2261 Nam
898 2215 951 2262 et
998 2207 1112 2276 ipse
1150 2205 1391 2261 Christus
1431 2204 1586 2261 Jesus
1621 2222 1720 2277 pro
1761 2207 2066 2263 hominibus

483 2299 788 2352 nullatenus
825 2306 1032 2364 oraret,
1069 2299 1114 2352 si
1144 2298 1305 2352 homo
1332 2313 1436 2350 non
1470 2295 1639 2351 ﬁeret.
1689 2296 1795 2352 Sed
1821 2306 1942 2352 orat
1966 2314 2064 2368 pro

469 2389 639 2442 ‘nobis
667 2404 737 2443 ex
773 2388 949 2444 elﬁcio
993 2387 1307 2443 sacerdotis.
1358 2387 1472 2440 Non
1515 2393 1694 2440 autem
1731 2395 1910 2456 potest
1937 2403 2063 2441 vera

482 2478 778 2532 sacerdotis
807 2477 1035 2532 inveniri
1066 2494 1295 2548 persona
1319 2519 1334 2540 ,
1380 2478 1469 2531 ubi
1518 2494 1623 2531 non
1654 2487 1736 2534 est
1764 2479 2065 2533 humanitas

1517 365 1572 419 S.
1613 365 1975 421 FULGENTII
2015 365 2317 424 EPISCOPI
2359 366 2729 427 RUSPENSIS

2094 494 2141 551 A

2101 1878 2141 1934 Β

481 2583 628 2621 vera.
663 2567 972 2637 Apostolica
998 2569 1195 2637 quippe
1226 2577 1449 2622 testatur
1476 2570 1785 2634 auctoritas,
1811 2570 1933 2637 quia
1955 2579 2086 2623 om-'

481 2661 564 2712 nis
592 2662 826 2730 pontifex
860 2676 924 2712 ea:
953 2659 1241 2714 hominibus
1285 2669 1607 2728 assumptus,
1640 2677 1734 2729 pro
1776 2661 2064 2714 hominibus

481 2748 828 2814 constituitur,
853 2750 905 2801 in
936 2750 1014 2803 Itis
1040 2765 1152 2820 qua:
1179 2758 1296 2801 sunt
1326 2749 1394 2800 ad
1419 2747 1602 2812 Deum,
1631 2759 1688 2801 ut
1715 2750 1901 2818 o/ferat
1927 2750 2062 2804 dona

481 2849 530 2890 et
556 2840 817 2908 sacriﬁcia
839 2857 932 2908 pro
952 2841 1172 2909 peccatis
1204 2839 1387 2909 (Hebr.
1415 2856 1464 2902 v,
1495 2839 1570 2907 1).
1604 2838 1696 2893 Ille
1718 2848 1896 2895 autem
1923 2839 2064 2895 Pon-

481 2929 612 2984 tifex
636 2946 702 2984 ex
733 2930 1038 2985 hominibus
1062 2939 1398 2999 assumptus,
1429 2939 1485 2983 ut
1516 2944 1640 2985 vere
1669 2946 1766 2998 pro
1795 2931 1950 2985 nobis
1979 2931 2061 2986 of-

482 3019 645 3074 ferret
673 3020 990 3075 sacriﬁcium
1019 3021 1297 3085 mundum,
1330 3022 1462 3074 nihil
1491 3021 1634 3075 aliud
1683 3021 1875 3076 obtulit
1901 3037 2062 3091 quam

482 3111 736 3178 seipsum.
778 3110 869 3164 llla
899 3111 1061 3178 igitur
1089 3111 1290 3164 oblatio
1312 3152 1326 3175 ,
1360 3120 1486 3180 puta
1515 3112 1684 3165 sancti
1713 3120 1768 3166 et
1797 3112 2062 3181 impolluti

483 3199 758 3254 Pontiﬁcis
783 3242 797 3266 ,
831 3201 943 3269 ipsa
973 3216 1069 3270 pro
1096 3201 1249 3255 nobis
1294 3209 1374 3255 est
1402 3200 1716 3257 exaudihilis
1743 3204 1916 3257 oratio
1942 3203 2062 3258 Sal-

483 3292 702 3346 vatoris.
755 3290 882 3347 ldeo
925 3292 1218 3347 secundum
1245 3293 1390 3347 beati
1418 3292 1637 3349 Joannis
1666 3296 1894 3364 apostoli
1921 3305 2061 3351 atte—

482 3384 771 3438 stationem
807 3402 818 3434 :
851 3384 1165 3438 Advocatum
1209 3383 1448 3437 habemus
1479 3385 1618 3451 apud
1649 3384 1862 3439 Patrem
1887 3385 2064 3440 Iesum

481 3475 742 3529 Christum
764 3477 983 3550 justum,
1010 3477 1197 3544 et'ipse
1225 3485 1301 3529 est
1330 3477 1562 3530 exoratio
1591 3493 1684 3546 pro
1717 3479 1938 3547 peccatis
1966 3495 2062 3532 no—

478 3567 601 3619 stris
647 3564 701 3636 (l
723 3567 879 3620 Joan.
913 3583 972 3633 ιι,
1008 3568 1078 3636 1).
1132 3566 1232 3632 Qui
1281 3575 1460 3620 tamen
1506 3582 1731 3636 surgens
1759 3583 1787 3621 a
1819 3569 2060 3633 mortuis,

477 3660 600 3729 quia
633 3676 738 3713 non
772 3659 1021 3726 moritur,
1048 3667 1101 3713 et
1125 3675 1268 3713 mors
1297 3660 1346 3713 ei
1369 3659 1506 3712 ultra
1531 3676 1637 3713 non
1678 3659 2061 3728 dominabitur,

476 3765 668 3804 carens
717 3749 1027 3804 inlirmitate
1055 3765 1119 3803 ac
1148 3749 1474 3804 mortalitate
1497 3789 1511 3812 ,
1545 3750 1701 3803 simul
1730 3757 1783 3803 et
1831 3765 2060 3804 maerore

475 3841 648 3894 caruit
676 3849 731 3894 et
755 3839 962 3894 dolore.
1011 3838 1240 3893 Proinde
1269 3847 1324 3893 ct
1352 3840 1537 3894 orandi
1570 3855 1747 3894 verum
1779 3857 1876 3911 pro
1905 3842 2059 3897 nobis

473 3931 612 3997 gerit
634 3927 888 3992 alliciunt,
918 3937 974 3984 et
1001 3939 1178 3983 tamen
1202 3945 1308 3983 non
1331 3930 1511 3996 gemit.
1543 3930 1773 3985 Securus
1795 3931 1935 3984 enim
1960 3947 2058 4000 pro

475 4021 630 4075 nobis
660 4021 963 4088 interpellat
997 4039 1007 4072 :
1040 4020 1164 4088 quia
1190 4035 1286 4088 pro
1314 4019 1414 4074 illis
1444 4020 1625 4088 utique
1652 4021 1844 4089 poscit,
1865 4021 2056 4090 quibus

473 4109 703 4163 salutem
732 4109 933 4188 donare
962 4108 1214 4176 disponit.
1265 4108 1576 4163 Nullatenus
1607 4111 1786 4179 itaque
1813 4110 2056 4165 Christus

2093 3244 2136 3303 C

3656 378 3758 434 760

2167 488 2368 555 gemit,
2406 488 2529 542 dum
2559 490 2864 559 interpellat
2909 507 3007 560 pro
3037 493 3191 548 nobis
3225 511 3236 546 :
3267 495 3392 564 quia
3418 495 3566 564 quod
3595 496 3763 553 habet

2177 593 2245 631 ex
2281 579 2610 634 humanitate
2655 582 2832 636 carnis
2867 590 2925 636 ut
2966 590 3152 652 petat,
3191 585 3352 640 habet
3378 601 3446 641 ex
3476 586 3762 654 majestate

2176 667 2468 722 divinitatis
2496 678 2554 722 ut
2587 669 2802 723 tribuat.
2854 668 2908 724 Si
2938 686 3066 726 vero
3102 673 3353 726 meritum
3381 674 3553 729 sancti
3581 673 3759 744 Spiri-

2177 769 2262 815 tus
2281 775 2348 814 ex
2368 761 2544 815 divina
2573 761 2847 831 Scriptura
2873 764 3024 832 cupis
3051 779 3364 834 agnoscere,
3384 766 3508 821 vide
3534 767 3660 835 quid
3687 768 3759 822 de

2175 850 2266 905 illo
2297 849 2485 905 Petrus
2528 853 2805 928 apostolus
2832 853 3012 920 dicat;
3065 855 3180 924 ipse
3225 857 3370 910 enim
3401 857 3477 910 ait
3508 874 3522 909 :
3554 857 3759 927 Spiritu

2172 956 2351 998 sancto
2392 947 2549 1000 misso
2577 946 2641 999 de
2677 946 2802 1000 caelo
2828 989 2843 1013 ,
2885 949 2937 1001 in
2981 964 3130 1017 quem
3176 951 3539 1019 concupiscunt
3585 949 3760 1020 angeli

2171 1038 2462 1106 prospicere
2491 1036 2546 1106 (Ι
2570 1035 2714 1091 Petr.
2748 1053 2796 1103 ι,
2827 1035 2936 1104 12).
2991 1035 3090 1092 Hic
3129 1046 3278 1092 certe
3304 1052 3425 1092 cum
3455 1038 3608 1092 audis
3635 1039 3759 1108 Spi-

2171 1127 2332 1180 ritum
2361 1136 2604 1182 sanctum
2633 1128 2700 1182 de
2727 1126 2865 1183 ccelo
2893 1129 3134 1194 missum,
3165 1145 3271 1184 non
3311 1139 3395 1185 est
3421 1145 3576 1200 quem
3607 1131 3756 1186 acci-

2173 1218 2286 1287 pias
2315 1218 2415 1271 nisi
2444 1217 2698 1286 Spiritum
2727 1217 3081 1273 Paracletum.
3120 1218 3390 1274 Memento
3418 1227 3596 1273 autem
3625 1219 3756 1287 quid

2173 1307 2264 1361 Dei
2293 1307 2457 1361 Filius
2485 1307 2552 1362 de
2577 1307 2780 1376 angelis
2805 1307 2966 1370 dicat,
2991 1309 3114 1376 quia
3140 1323 3340 1377 semper
3366 1309 3537 1361 vident
3565 1309 3756 1378 faciem

2172 1399 2350 1453 Patris
2380 1399 2591 1469 (Matth.
2623 1416 2773 1467 xvm,
2804 1399 2922 1471 10);
2972 1401 3062 1468 qui
3094 1407 3272 1455 tamen
3302 1402 3354 1454 in
3398 1401 3554 1472 587
3582 1399 3758 1470 Spiri-

2169 1499 2282 1544 tum
2309 1500 2551 1546 sanctum
2582 1492 2888 1561 prospicere
2915 1493 3318 1562 concupiscunt.
3348 1491 3500 1558 Quod
3527 1494 3570 1547 si
3601 1495 3756 1549 audi-

2169 1596 2255 1635 res
2282 1582 2406 1650 quia
2436 1584 2606 1638 sancti
2635 1584 2808 1652 angeli
2855 1583 3045 1639 faciem
3094 1585 3264 1639 sancti
3293 1583 3520 1654 Spiritus
3546 1585 3756 1649 vident,

2168 1679 2224 1725 et
2250 1671 2301 1724 in
2343 1669 2554 1727 Patrem
2584 1674 2971 1742 concupiscunt
3011 1674 3320 1743 prospicere
3346 1716 3361 1741 ,
3403 1689 3583 1728 nonne
3628 1675 3753 1729 hinc

2169 1775 2435 1815 assereres
2462 1761 2628 1816 multo
2658 1763 2926 1832 potiorem
2957 1761 3194 1830 Patrem,
3220 1765 3345 1832 quia
3371 1763 3602 1833 Spiritus
3629 1780 3751 1820 san-

2168 1858 2290 1905 ctus
2318 1850 2548 1916 videtur,
2589 1851 2748 1906 Pater
2775 1861 2952 1906 autem
2978 1854 3145 1920 magis
3172 1853 3564 1922 concupiscitur
3590 1868 3754 1924 quam

2170 1943 2418 1997 videtur?
2447 1943 2562 1998 Non
2593 1956 2769 1999 autem
2801 1943 3076 2014 Scriptura
3107 1943 3285 1998 divina
3313 1952 3597 2015 propterea
3619 1945 3751 2000 dixit

2170 2032 2381 2088 Patrem
2405 2033 2588 2099 videri,
2618 2044 2671 2088 et
2693 2035 2950 2104 Spiritum
2978 2042 3220 2090 sanctum
3243 2035 3546 2104 concupisci
3570 2044 3631 2088 ut
3650 2051 3748 2104 po-

2168 2126 2358 2181 tiorem
2390 2130 2701 2183 ostenderet
2728 2129 2984 2197 Spiritum
3015 2136 3257 2183 sanctum
3296 2127 3461 2196 (quod
3491 2125 3640 2182 nefas
3667 2136 3748 2182 est

2165 2216 2293 2280 dici)
2326 2234 2338 2268 :
2373 2216 2465 2270 sed
2495 2217 2599 2270 hoc
2647 2216 2874 2272 dicendo
2939 2217 3299 2284 :equalitatem
3330 2216 3486 2271 nobis
3516 2217 3748 2270 insinuat

2166 2303 2342 2357 Patris
2365 2311 2419 2357 et
2448 2303 2680 2373 Spiritus
2707 2304 2895 2358 sancti.
2948 2303 3013 2357 Ut
3055 2319 3122 2357 ex
3163 2303 3265 2357 hoc
3293 2303 3438 2372 quod
3466 2304 3640 2372 angeli
3663 2304 3745 2358 di-

2166 2401 2358 2445 cuntur
2381 2392 2590 2447 Patrem
2614 2393 2814 2457 videre,
2839 2393 2890 2446 in
2918 2392 3173 2461 Spiritum
3194 2409 3322 2448 vero
3349 2401 3591 2448 sanctum
3619 2408 3747 2450 con-

2166 2482 2446 2550 cupiscunt
2473 2483 2816 2552 prospicere;
2860 2482 2925 2535 ad
2965 2483 3067 2536 hoc
3097 2483 3250 2538 nobis
3289 2483 3389 2538 iste
3417 2499 3595 2539 sermo
3623 2500 3747 2554 pro-

2167 2567 2327 2633 ticiat,
2356 2577 2416 2623 ut
2440 2570 2694 2638 Spiritum
2719 2579 2959 2624 sanctum
2983 2585 3142 2638 quem
3167 2586 3294 2625 vera
3325 2571 3455 2625 fides
3483 2571 3747 2641 potiorem

2167 2653 2324 2710 Patre
2351 2673 2457 2712 non
2490 2667 2668 2728 potest
2695 2659 2916 2714 credere
2934 2699 2949 2723 ,
2989 2659 3288 2715 nullatenus
3313 2659 3508 2715 audeat
3533 2661 3750 2716 inferio-

2164 2762 2279 2801 rem
2325 2749 2545 2817 profana
2595 2749 2880 2804 inﬁdelitas
2913 2750 3198 2804 aestimare.
3241 2749 3354 2804 Una
3386 2759 3468 2805 est
3509 2751 3652 2805 enim
3693 2752 3749 2806 in

2164 2837 2364 2892 sanctis
2411 2838 2614 2906 angelis
2663 2838 2971 2893 indeliciens
3021 2839 3154 2892 visio
3208 2846 3264 2892 et
3312 2840 3745 2909 concupiscentia

2167 2925 2483 2995 Trinitatis,
2529 2943 2688 2997 quam
2738 2929 2923 2997 utique
2965 2943 3177 2997 semper
3223 2938 3279 2982 et
3323 2929 3655 2999 prospiciunt
3691 2939 3745 2986 et

2164 3022 2473 3091 prospicere
2502 3021 2908 3091 concupiscunt.
2955 3020 3163 3076 idcirco
3195 3029 3374 3076 autem
3405 3022 3476 3075 ibi
3503 3021 3569 3076 de
3596 3038 3744 3077 sum-

2165 3126 2254 3166 mo
2294 3112 2468 3175 bono,
2514 3111 2566 3165 id
2592 3119 2674 3166 est
2703 3127 2808 3166 uno
2839 3127 2967 3166 vero
2993 3120 3047 3166 et
3089 3112 3250 3166 beato
3281 3111 3392 3165 Deo
3419 3125 3628 3180 semper
3651 3112 3738 3165 vi-

2167 3203 2326 3267 vitur,
2357 3205 2479 3272 quia
2509 3219 2722 3272 semper
2747 3203 2959 3258 videtur
2982 3217 3300 3272 semperque
3329 3211 3549 3256 amatur.
3588 3201 3738 3256 Sicut

2166 3305 2294 3359 ergo
2319 3292 2577 3346 visionem
2603 3293 2747 3346 illam
2768 3293 2895 3347 facit
2922 3309 3073 3347 amor
3095 3308 3201 3347 non
3224 3291 3470 3356 deﬁcere,
3496 3293 3573 3347 sic
3596 3307 3747 3347 amo-

2166 3398 2278 3438 rem
2308 3382 2434 3438 facit
2458 3385 2592 3439 visio
2623 3399 2957 3454 permanere.
2987 3384 3111 3441 Ideo
3139 3394 3317 3439 autem
3346 3399 3498 3438 amor
3522 3384 3613 3439 ille
3640 3398 3742 3440 non

2167 3473 2468 3543 deponitur,
2511 3475 2636 3543 quia
2689 3476 2777 3529 illa
2823 3476 2956 3530 visio
3002 3492 3108 3531 non
3153 3485 3390 3530 mutatur
3422 3485 3743 3546 :propterea

2166 3578 2295 3619 vero
2324 3565 2412 3618 illa
2443 3566 2578 3619 visio
2607 3581 2713 3620 non
2744 3573 2997 3630 mutatur,
3030 3567 3156 3636 quia
3184 3566 3621 3620 incommutabile
3644 3564 3738 3620 bo-

2167 3669 2292 3708 num
2316 3663 2397 3708 est
2421 3655 2563 3723 quod
2592 3656 2820 3710 videtur.
2859 3656 2951 3710 llla
2981 3657 3139 3724 igitur
3165 3657 3599 3726 concupiscentia
3626 3671 3740 3725 per-

2167 3747 2428 3816 spiciendi
2450 3787 2465 3812 ,
2500 3763 2606 3800 non
2638 3757 2719 3802 est
2747 3748 2862 3802 sine
2901 3749 3082 3802 lanitia
3124 3747 3448 3818 perfruendi.
3497 3745 3638 3800 Nihil
3667 3755 3743 3800 est

2165 3839 2305 3892 enim
2350 3846 2534 3892 sancta
2573 3837 2834 3893 Triuitate
2880 3839 3123 3903 dulcius,
3168 3840 3299 3893 nihil
3337 3838 3591 3902 suavius,
3624 3837 3742 3906 quia

2165 3929 2293 3982 nihil
2323 3937 2406 3983 est
2429 3930 2637 3984 melius.
2679 3929 2806 3984 inde
2840 3929 3037 3984 habent
3065 3930 3238 3998 angeli
3267 3929 3658 3990 mternitatem,
3691 3935 3742 3980 ut

2165 4022 2531 4077 indeﬁcienter
2557 4024 2768 4089 vivant;
2798 4023 2920 4077 inde
2951 4024 3245 4086 veritatem,
3274 4030 3332 4076 ut
3359 4019 3642 4074 manifeste
3665 4018 3745 4070 vi-

2164 4112 2359 4178 deant;
2409 4113 2530 4167 inde
2558 4113 2866 4178 caritatem,
2899 4121 2955 4165 ut
2985 4111 3214 4166 ﬁdeliter
3238 4109 3640 4180 concupiscant.

961 4343 1054 4392 EX
1097 4343 1320 4392 MBBO
1359 4345 1456 4392 ιιι.
1505 4345 1603 4392 DE
1647 4344 1792 4394 UNO
1841 4345 2060 4395 [MMEI

2164 4350 2184 4397 Ι
2229 4351 2322 4398 Εἰ*
2377 4351 2668 4400 DOMINO
2717 4351 2866 4400 1)Εο
2911 4350 3215 4400 πωπω.

962 4450 1429 4526 FRAGMENTUM
1464 4451 1569 4506 Vll.

2156 4473 2234 4523 se,
2265 4458 2341 4512 sic
2369 4457 2469 4512 soli
2495 4459 2754 4528 competit
2803 4458 2974 4524 Filio,
3021 4468 3079 4513 ut
3127 4474 3227 4514 nec
3273 4456 3420 4512 Patri
3465 4470 3739 4531 competat

473 4544 601 4609 Qua:
639 4547 740 4598 sint
774 4546 985 4614 propria
1022 4543 1345 4614 singularum
1384 4541 1651 4597 Trinitatis
1695 4561 2052 4613 personarum.
2085 4534 2133 4591 Ι)
2159 4548 2424 4603 ullatenus
2463 4563 2564 4603 nec
2607 4547 2827 4618 Spiritui
2873 4558 3090 4612 sancto;
3140 4548 3482 4604 descendisse
3528 4565 3739 4621 quoque

541 4636 829 4689 Possumus
851 4635 990 4689 enim
1014 4633 1213 4704 aliquid
1236 4633 1303 4688 de
1325 4633 1544 4700 singulis
1564 4634 1828 4688 veraciter
1851 4634 2048 4700 dicere,

471 4728 614 4799 quod
642 4727 708 4782 de
739 4735 850 4780 tota
879 4743 985 4780 non
1033 4726 1298 4794 possimus
1341 4724 1519 4778 dicere
1561 4724 1841 4779 Trinitate.
1887 4711 2051 4779 Vera-

468 4822 603 4874 citer
629 4820 825 4904 quippe
855 4805 1166 4887 proﬁtemur
1193 4816 1365 4871 solum
1395 4815 1606 4870 Patrem
1644 4817 1917 4882 genuisse,
1964 4833 2052 4872 so»

467 4912 576 4964 lum
610 4910 798 4963 Filium
828 4910 894 4963 de
921 4906 1080 4962 Patre
1105 4915 1288 4959 natum
1320 4921 1460 4968 esse,
1494 4907 1757 4960 veraciter
1783 4907 1944 4960 etiam
1972 4907 2051 4961 di-

467 5003 638 5054 cimus
683 5000 856 5054 solum
903 4997 1160 5068 Spiritum
1209 5004 1452 5050 sanctum
1494 4994 1561 5048 de
1605 4994 1764 5047 Patre
1810 4995 2052 5064 Filioque

466 5092 788 5161 procedere.
841 5091 957 5144 Non
997 5085 1140 5143 enim
1172 5087 1403 5141 Trinitas
1445 5085 1635 5139 Filium
1685 5088 1905 5154 genuit,
1954 5103 2052 5141 nec

467 5185 702 5239 Trinitas
727 5183 793 5237 de
821 5180 979 5236 Patre
1009 5193 1134 5235 nata
1163 5190 1245 5236 est
1268 5221 1282 5245 ,
1330 5194 1503 5248 neque
1533 5178 1768 5233 Trinitas
1794 5179 1860 5233 de
1890 5179 2048 5234 Patre

465 5275 708 5345 Filioque
726 5265 997 5346 procedit.
1026 5274 1161 5328 Sunt
1189 5273 1348 5342 igitur
1379 5270 1580 5339 singula
1599 5285 1762 5339 ,-qu:e
1791 5287 1911 5326 cum
1943 5288 2049 5327 non

464 5375 776 5437 competant
819 5364 1067 5420 Trinitati
1094 5405 1109 5428 ,
1159 5361 1377 5432 singulis
1420 5369 1595 5416 tamen
1640 5372 1946 5430 competant
1994 5365 2045 5418 in

464 5457 726 5510 Trinitate
755 5455 1016 5525 personis.
1070 5450 1217 5506 Sicut
1264 5451 1425 5505 etiam
1474 5466 1579 5505 vox
1627 5450 1715 5504 illa
1742 5466 1860 5519 quae
1887 5468 2048 5521 super

461 5547 643 5602 Jesum
669 5548 996 5616 baptizatum
1027 5545 1093 5599 de
1114 5543 1252 5600 cmlo
1280 5543 1461 5597 sonuit
1488 5541 1698 5611 (Matth.
1723 5560 1798 5608 ιιι,
1824 5544 1906 5608 l6,
1933 5545 2042 5616 l7),

463 5637 542 5690 sic
582 5636 682 5690 soli
724 5635 983 5704 competit
1013 5633 1195 5698 Patri,
1243 5639 1300 5686 ut
1328 5647 1429 5687 nec
1467 5631 1602 5686 Filio
1635 5635 1802 5702 possit
1827 5649 2043 5704 compe-

463 5735 614 5788 tere,
652 5716 756 5779 ‘nec
784 5724 1003 5793 Spiritui
1034 5733 1259 5790 sancto;
1309 5732 1363 5777 et
1411 5722 1603 5778 vidisse
1652 5723 1907 5793 Spiritum
1950 5725 2041 5780 Dei

463 5815 879 5875 descendentem
917 5816 1054 5871 sicut
1093 5811 1428 5879 columbam,
1461 5823 1512 5868 et
1540 5814 1840 5870 venientem
1881 5830 2042 5884 super

2154 4638 2422 4707 corporali
2453 4638 2616 4708 588
2644 4638 2824 4708 specie
2849 4639 2987 4693 sicut
3014 4638 3317 4693 columbam
3346 4638 3398 4691 in
3427 4637 3636 4704 Iesum,
3666 4641 3739 4695 sic

2154 4728 2252 4782 soli
2283 4729 2542 4797 competit
2567 4727 2788 4798 Spiritui
2813 4736 3001 4782 sancto
3022 4769 3038 4795 ,
3069 4736 3126 4781 ut
3155 4743 3255 4782 nec
3283 4726 3426 4781 Patri
3454 4730 3632 4798 possit
3653 4745 3737 4786 as—

2153 4818 2351 4883 signari
2394 4834 2494 4873 nec
2523 4817 2676 4873 Filio.
2729 4817 2866 4872 Sunt
2908 4831 3037 4885 ergo
3075 4817 3249 4886 aliqua
3293 4833 3412 4894 quce
3441 4829 3738 4887 congruant

2153 4907 2392 4974 singulis,
2422 4924 2521 4963 nec
2545 4908 2867 4962 conveniant
2895 4907 3094 4972 tribus;
3123 4907 3256 4961 nihil
3279 4916 3458 4962 tamen
3487 4919 3571 4965 est
3597 4911 3734 4980 quod

2155 5000 2244 5052 uni
2291 5013 2535 5066 persona:
2580 5015 2687 5053 non
2737 5007 3046 5069 competat,
3091 5007 3146 5054 et
3176 5003 3344 5070 possit
3384 5001 3557 5057 tribus
3582 5003 3734 5058 simul

2152 5089 2440 5142 convenire
2461 5090 2722 5158 personis.
2750 5089 2880 5142 Nam
2913 5090 2966 5142 in
2997 5091 3109 5157 ipsa
3138 5089 3418 5156 Trinitate,
3443 5092 3570 5146 licet
3599 5091 3733 5146 aliud

2153 5177 2222 5230 sit
2249 5176 2316 5230 de
2357 5177 2516 5231 Patre
2545 5186 2728 5231 uatum
2757 5193 2876 5233 esse
2904 5178 3096 5233 Filium
3117 5222 3130 5243 ,
3159 5179 3302 5234 aliud
3331 5180 3399 5236 de
3429 5180 3591 5237 Patre
3617 5198 3732 5253 pro.

2152 5267 2341 5321 cedere
2386 5267 2642 5336 Spiritum
2673 5277 2919 5323 sanctum
2969 5269 3262 5339 (quoniam
3304 5285 3411 5324 non
3441 5280 3528 5325 est
3551 5272 3729 5326 eadem

2151 5359 2424 5428 processio
2451 5357 2682 5429 Spiritus
2710 5359 2881 5414 sancti
2911 5374 3029 5427 qum
3062 5360 3310 5413 nativitas
3353 5359 3540 5430 Filii),
3576 5345 3729 5416 'com-

2155 5463 2312 5504 mune
2344 5457 2520 5504 tamen
2558 5457 2640 5503 est
2684 5449 2818 5503 Filio
2859 5457 2914 5503 et
2954 5449 3175 5518 Spiritui
3201 5459 3388 5504 sancto
3413 5489 3431 5516 ,
3481 5451 3549 5506 de
3578 5451 3730 5506 Patre

2153 5541 2466 5595 naturaliter
2503 5555 2652 5604 esse;
2692 5539 2935 5608 quamvis
2977 5541 3144 5595 solius
3185 5542 3253 5596 sit
3281 5540 3512 5611 Spiritus
3540 5543 3724 5604 sancti,

2151 5632 2288 5686 sicut
2308 5630 2373 5686 de
2402 5630 2579 5693 Patre,
2610 5631 2688 5685 sic
2717 5632 2878 5685 etiam
2907 5631 2982 5709 de.
3002 5631 3136 5687 Filio
3165 5647 3302 5687 esse.
3334 5632 3400 5688 At
3431 5648 3559 5688 vero
3589 5633 3724 5686 Patri

2148 5723 2423 5792 proprium
2452 5731 2533 5776 cst
2560 5720 2626 5775 de
2650 5720 2795 5776 nullo
2823 5736 2958 5786 esse,
2988 5722 3036 5775 id
3068 5732 3145 5777 est
3173 5731 3447 5778 auctorem
3478 5720 3727 5776 naturalis

2152 5815 2395 5872 essentite
2426 5830 2530 5870 non
2557 5815 2775 5870 habere.
