4090 6342
282 372 390 430 765

281 487 594 555 ostendens,
610 489 686 543 ait
707 507 718 540 :
737 486 858 556 Ipse
873 495 1038 539 autem
1057 484 1255 538 dicebat
1269 486 1332 540 de
1345 486 1534 556 templo
1548 488 1780 556 corporis
1793 485 1872 540 sui
1900 488 1950 546 Α

284 578 469 651 (Joan.
490 577 672 650 11,21).
685 577 812 632 Ideo
830 590 957 644 ergo
975 591 1158 630 sumus
1175 575 1432 644 templum
1445 575 1559 642 Dei,
1575 576 1698 644 quia
1713 591 1875 629 mem-

280 669 382 725 bra
411 685 597 724 sumus
625 667 870 738 corporis
899 666 1117 722 Christi.
1151 665 1432 736 Templum
1478 676 1658 720 autem
1689 682 1870 723 sumus

280 757 480 824 Patris,
513 767 569 814 et
586 758 729 821 Filii,
762 767 817 813 et
845 757 1076 827 Spiritus
1104 757 1296 812 sancti.
1329 756 1445 811 Non
1479 757 1648 813 tribus
1673 757 1871 827 dispar,

284 851 458 917 Patri,
489 860 544 906 et
571 850 731 912 Filio.
754 859 809 904 et
835 857 1096 905 creatura:
1150 847 1372 918 Spiritui
1401 857 1623 912 sancto;
1655 850 1748 902 sed
1777 849 1875 918 ipsi

285 943 538 998 Trinitati
570 943 658 997 uni
682 941 980 1010 Deo,cujus
1007 955 1194 996 sumus
1225 941 1594 1010 templum,illi
1618 941 1878 996 exhiben-

285 1044 370 1089 tes
398 1033 671 1089 servitutis
709 1033 1046 1101 obsequium.
1079 1031 1250 1098 Quam
1282 1032 1436 1086 nobis
1465 1047 1573 1086 non
1603 1032 1747 1096 licet,
1779 1046 1879 1088 nec

286 1123 381 1177 uni
408 1123 539 1188 Deo,
570 1121 724 1190 cujus
749 1123 1005 1192 templum
1036 1138 1240 1188 sumus,
1272 1122 1612 1192 aliquatenus
1643 1122 1877 1190 denega-

285 1227 386 1277 re;
422 1228 519 1267 nec
549 1213 658 1267 Deo
688 1212 840 1281 cujus
879 1213 1137 1283 templum
1165 1228 1274 1268 non
1297 1229 1482 1269 sumus
1508 1214 1784 1269 exhibere.
1807 1214 1878 1270 ll-

287 1299 380 1353 lud
400 1299 723 1354 omnimodis
747 1301 1118 1369 observantes,
1140 1299 1285 1370 quod
1311 1301 1512 1357 dictum
1544 1312 1658 1357 est:
1691 1301 1878 1358 Domi-

288 1407 412 1443 num
455 1391 612 1461 593
644 1389 810 1444 Deum
850 1399 990 1443 tuam
1029 1390 1303 1456 adorabis,
1332 1399 1382 1444 et
1437 1392 1514 1445 illi
1555 1393 1653 1446 soli
1694 1393 1880 1447 servies

291 1483 471 1553 (Deut.
509 1499 577 1548 γι,
611 1483 719 1554 13).
776 1482 891 1553 Ipsa
930 1484 1161 1538 servitus
1197 1482 1382 1538 Graece
1416 1485 1625 1559 λατρὲια
1662 1485 1878 1554 dicitur,

289 1589 410 1643 qum
441 1573 542 1628 soli
573 1588 700 1626 vero
731 1573 840 1627 Deo
882 1574 1004 1642 jure
1033 1588 1097 1628 ac
1136 1573 1394 1640 legitime,
1427 1590 1532 1629 non
1565 1589 1595 1628 a
1637 1575 1876 1645 perﬁdis,

289 1665 385 1719 SCAI
439 1681 467 1718 a
496 1665 777 1720 catholicis
817 1664 1060 1720 ﬁdelibus
1090 1662 1393 1722 exhibetur.
1432 1665 1584 1722 Unde
1611 1668 1874 1736 quosdam

289 1754 476 1822 culpat
503 1755 811 1823 Apostolus,
837 1756 922 1825 qui
956 1765 1394 1810 commutaverunt
1416 1757 1677 1811 veritatem
1705 1756 1802 1812 Dei
1824 1760 1879 1812 in

1361 369 1636 426 CONTRA
1676 369 2026 426 FABIANUM
2061 372 2503 432 FRAGMENTA.

3465 380 3565 434 ’166

2356 484 2517 558 594
2544 466 3020 542 FRAGMENTUM
3045 485 3182 543 xw.

1976 589 2105 643 Cum
2133 588 2232 642 Dei
2260 587 2308 640 F
2311 588 2431 642 ilius
2461 587 2672 654 dicitur,
2704 604 2809 642 non
2849 589 2960 643 sola
3001 588 3196 650 Christi
3222 589 3419 657 deitas,
3472 595 3567 646 sed

2050 661 2208 712 etiam
2245 659 2540 712 humanitas
2567 658 2915 730 signiﬁcatur.
2950 657 3098 713 Idem
3125 670 3201 714 est
3225 659 3459 716 Christus
3479 664 3566 733 qui

2050 728 2198 782 Iesus
2223 726 2484 782 Christus.

2050 838 2163 906 Ego
2191 838 2354 908 igitur
2383 838 2471 892 illa
2496 853 2615 908 quae
2643 837 2740 893 tibi
2767 839 2942 894 visum
2962 847 3046 895 est
3073 840 3173 896 sub
3200 843 3418 898 nomine
3440 858 3568 900 meo

1977 929 2126 986 falsis
2170 931 2340 999 gestis
2383 930 2650 996 inserere,
2689 945 2790 986 nec
2819 931 2991 996 sensi,
3036 946 3138 987 nec
3177 930 3310 988 dixi.
3342 934 3570 990 Avertat
3661 995 3664 998 ,

1980 1024 2122 1079 enim
2153 1023 2294 1078 Deus
2342 1031 2398 1078 et
2421 1022 2579 1090 longe
2613 1022 2776 1078 faciat
2805 1023 2965 1078 istum
2987 1039 3299 1093 perversum
3328 1041 3392 1082 ac
3418 1043 3569 1084 mor-

1980 1113 2194 1169 tiferum
2217 1129 2431 1170 sensum
2455 1128 2485 1167 a
2509 1113 2675 1168 corde
2699 1112 2951 1169 ﬁdelium.
2977 1113 3107 1181 Quis
3129 1116 3293 1182 enim,
3315 1133 3425 1173 non
3447 1117 3569 1175 dico

1980 1205 2173 1260 stultus
2191 1247 2207 1274 ,
2248 1204 2343 1260 sed
2372 1220 2594 1274 prorsus
2625 1204 2862 1268 insanus,
2889 1203 3086 1260 audeat
3115 1205 3335 1261 credere
3364 1209 3450 1263 vel
3480 1210 3562 1264 di-

1979 1311 2104 1351 cere
2123 1335 2136 1359 ,
2167 1311 2289 1350 cum
2319 1287 2414 1349 Dei
2445 1295 2612 1349 Filius
2635 1295 2851 1358 dicitur,
2881 1295 3051 1350 solam
3081 1297 3336 1351 deitatem
3368 1297 3568 1356 Christi

1981 1387 2281 1443 evidentius
2300 1386 2628 1456 signiﬁcari?
2647 1401 2770 1441 cum
2791 1387 2978 1456 utique
3001 1387 3140 1442 idem
3154 1389 3250 1443 Dei
3274 1389 3439 1445 Filius
3462 1407 3570 1446 non

1980 1478 2156 1533 solum
2185 1477 2480 1532 secundum
2510 1476 2883 1546 divinitatem,
2932 1478 3028 1534 sed
3068 1479 3232 1533 etiam
3277 1481 3569 1536 secundum

1981 1583 2216 1635 carnem,
2243 1583 2349 1623 non
2373 1575 2582 1622 tantum
2612 1568 2708 1622 Dei
2732 1567 2919 1631 Filius,
2943 1568 3041 1623 sed
3069 1568 3232 1623 etiam
3262 1569 3402 1624 Deus
3430 1585 3556 1640 pro-

1980 1659 2207 1730 pheticis
2251 1657 2570 1728 praedicetur
2613 1659 2860 1726 eloquiis.
2905 1657 3089 1714 Claret
3135 1659 3334 1730 quippe
3365 1659 3562 1716 Filium

1981 1750 2096 1814 Dei,
2147 1765 2252 1804 non
2283 1750 2577 1804 secundum
2609 1747 2979 1816 divinitatem,
3026 1748 3118 1804 sed
3146 1750 3438 1805 secundum
3465 1751 3569 1810 hu-

289 1844 710 1907 mendacium,,et
739 1844 1027 1912 coluerunt,
1050 1856 1099 1899 et
1125 1845 1409 1899 servierunt
1431 1857 1683 1902 creatura:
1710 1849 1879 1918 potius

1983 1839 2295 1894 manitatem
2318 1880 2334 1906 ,
2376 1847 2595 1894 unctum
2625 1854 2746 1895 esse
2786 1838 2990 1908 Spiritu
3028 1847 3214 1894 sancto
3250 1857 3262 1893 :
3305 1849 3359 1896 et
3391 1849 3571 1896 tamen

289 1953 443 2009 quam
473 1936 703 1990 Creatori
743 1935 918 2008 (Rom.
945 1954 979 2001 1,
1015 1935 1126 2007 9.5).
1160 1936 1249 1992 Sic
1286 1947 1465 1992 autem
1495 1938 1594 1994 iste
1628 1939 1777 1994 locus
1825 1939 1882 1994 in

289 2028 480 2084 Graeco
511 2028 735 2082 habetur
758 2029 997 2097 eloquio,
1021 2033 1103 2085 καὶ
1129 2032 1498 2097 ἐσεϐάσθησαν,
1529 2035 1609 2087 καὶ
1637 2033 1879 2107 ἐλάτρευ-

292 2139 385 2173 σον
413 2127 473 2191 τῇ
501 2121 660 2173 κτίσει
685 2123 826 2193 παρά
850 2122 935 2175 τὸν
962 2123 1222 2176 κτίσαντα.
1239 2121 1430 2176 Cernis
1457 2137 1650 2192 nempe
1669 2123 1790 2178 illos
1813 2123 1880 2178 ab

289 2208 558 2276 Apostolo
579 2209 812 2276 graviter
839 2208 1102 2274 denotari,
1135 2209 1224 2280 qui
1244 2211 1479 2287 λατρείαν
1509 2210 1612 2267 soli
1637 2209 1880 2268 Creatori

288 2298 528 2353 debitam
557 2301 806 2368 cuiquam
832 2300 1175 2355 exhibuerint
1205 2302 1298 2372 (al.
1317 2302 1697 2373 exhibuerunt)
1729 2317 1876 2358 crea-

289 2395 444 2441 turm.
481 2385 642 2441 Istam
693 2403 857 2457 porro
897 2397 1159 2443 creatura:
1197 2390 1461 2444 culturam
1505 2406 1624 2460 qua:
1673 2393 1880 2465 λατρεία

289 2485 648 2544 nuncupatur,
681 2477 969 2532 ostendens
997 2479 1187 2534 beatus
1217 2480 1530 2548 Apostolus,
1562 2482 1795 2536 maxime
1824 2483 1878 2537 in

289 2566 678 2623 sacriliciorum
718 2569 1088 2624 immolatione
1127 2581 1398 2637 constare,
1431 2587 1554 2627 cum
1580 2573 1744 2628 vellet
1770 2573 1878 2629 Co-

290 2661 525 2715 rinthios
546 2675 574 2713 a
606 2662 1056 2716 commessatione
1086 2662 1434 2720 immolatitize
1463 2665 1641 2719 carnis
1670 2679 1875 2730 arcere,

290 2751 368 2804 sic
399 2751 475 2804 ait
508 2769 519 2802 :
566 2750 788 2822 Propter
830 2753 986 2824 quod,
1021 2754 1275 2807 carissimi
1305 2755 1448 2818 mihi,
1487 2755 1647 2826 fugite
1673 2755 1736 2807 ab
1767 2756 1880 2810 ido-

289 2841 459 2896 lerum
503 2842 722 2894 cultura.
786 2842 854 2897 Ut
898 2844 1231 2912 prudentibus
1284 2845 1481 2915 loquor,
1514 2862 1600 2900 vos
1655 2845 1879 2909 iudicate

291 2934 429 3003 quod
459 2934 594 2987 dico.
626 2933 776 2988 Catia:
807 2935 1174 2990 benedictionis
1205 2938 1284 2989 cui
1312 2936 1674 3000 benedicimus,
1708 2953 1880 2991 nonne

291 3024 688 3078 communicatio
732 3026 1002 3096 sanguinis
1051 3025 1243 3080 Christi
1293 3027 1420 3080 est?
1466 3035 1514 3079 et
1552 3028 1703 3096 panis
1731 3045 1878 3098 quem

293 3115 611 3184 frangimus,
656 3131 826 3168 nonne
864 3107 1193 3186 participatio
1223 3119 1452 3188 corporis
1483 3116 1693 3172 Domini
1721 3128 1797 3172 est
1825 3117 1879 3188 (I

1985 1948 2106 1988 eum
2137 1933 2230 2002 qui
2258 1941 2452 1987 unctus
2491 1940 2614 1997 est,
2659 1933 2826 1986 Deum
2870 1931 3060 1986 beatus
3107 1931 3276 1986 David
3314 1933 3571 2002 appellat,

1983 2022 2168 2079 dicens
2201 2041 2213 2076 :
2252 2023 2415 2078 Unxit
2439 2033 2490 2082 te
2519 2021 2683 2087 Deus,
2718 2020 2862 2075 Deus
2885 2031 3028 2086 tuus,
3062 2021 3173 2075 oleo
3212 2022 3572 2076 exsultationis

1983 2133 2094 2188 prce
2119 2115 2460 2186 participibus
2490 2117 2590 2168 tuis
2633 2113 2806 2184 (Psal.
2842 2129 2988 2178 xuv,
3018 2112 3096 2182 8).
3131 2111 3238 2167 Aut
3264 2112 3384 2180 quis
3408 2112 3570 2177 dicat,

1981 2209 2106 2279 quia
2135 2207 2226 2262 ubi
2255 2207 2476 2276 ponitur
2505 2203 2662 2260 Jesus
2681 2244 2696 2268 ,
2725 2203 2959 2258 hominis
2990 2210 3197 2256 tantum
3220 2216 3452 2271 persona
3479 2200 3574 2254 de‘-

1981 2299 2252 2364 claretur;
2297 2296 2386 2350 ubi
2414 2311 2544 2351 vero
2570 2295 2795 2364 ponitur
2836 2292 2994 2350 Iesus
3025 2291 3291 2358 Christus,
3318 2291 3431 2361 jam
3452 2291 3574 2362 plus

1982 2390 2057 2455 ibi
2103 2389 2455 2446 immanitatis
2500 2403 2658 2456 quam
2705 2387 2923 2441 deitatis
2972 2395 3153 2454 partes
3199 2387 3572 2453 exsuperent?

1980 2479 2116 2535 Cum
2146 2480 2328 2548 utique
2356 2479 2546 2533 beatus
2589 2476 2882 2545 Apostolus
2909 2475 3056 2529 dicat
3087 2493 3099 2527 :
3145 2474 3260 2528 Hoc
3286 2475 3472 2528 sentite
3515 2475 3572 2528 in

1979 2571 2142 2636 vobis,
2172 2570 2307 2640 quod
2346 2580 2394 2623 et
2425 2571 2480 2623 in
2509 2568 2713 2622 Christo
2737 2566 2882 2620 Jesu.
2918 2565 3017 2630 Qui
3047 2583 3162 2619 cum
3189 2567 3241 2618 in
3274 2567 3444 2637 forma
3474 2565 3572 2620 Dei

1980 2673 2132 2725 esset,
2157 2680 2260 2717 non
2291 2664 2530 2732 rapinam
2553 2660 2836 2713 arbitratus
2858 2667 2935 2712 est
2950 2674 3061 2711 esse
3078 2675 3138 2720 se,
3156 2659 3404 2728 wqualem
3424 2655 3571 2722 Deo;

1982 2756 2072 2809 sed
2099 2755 2427 2824 semetipsum
2456 2751 2741 2806 exinanivit
2771 2752 2995 2820 formam
3023 2750 3153 2802 servi
3195 2748 3485 2818 accipiens,
3516 2748 3572 2802 in

1980 2847 2369 2902 similitudinem
2413 2845 2677 2897 hominum
2719 2845 2922 2913 factus,
2973 2851 3022 2893 et
3048 2839 3227 2894 habitu
3255 2841 3491 2894 inventus
3517 2845 3572 2892 ut

1981 2939 2131 2994 homo
2162 2937 2382 3007 (Philip.
2417 2952 2474 3003 ιι,
2508 2933 2559 3000 5,
2613 2933 2674 2998 6,
2709 2935 2788 3003 7).
2824 2933 3054 2988 Videsne
3082 2931 3263 2988 Jesum
3294 2932 3568 2988 ChriStum

1979 3031 2035 3084 in
2064 3030 2236 3084 forma
2261 3029 2400 3082 Dei?
2430 3026 2602 3082 Iesum
2628 3026 2903 3081 Christum
2930 3041 2987 3080 se
3016 3025 3344 3091 exinanisse,
3375 3034 3431 3079 et
3456 3024 3568 3081 for-

1980 3137 2126 3179 mam
2148 3120 2286 3176 servi
2311 3120 2622 3189 accepisse?
2653 3117 2835 3174 Jesum
2861 3117 3134 3173 Christum
3165 3117 3219 3171 in
3247 3111 3558 3172 similit‘udi-

293 3205 412 3258 Cor.
451 3222 503 3267 x,
536 3205 618 3269 14,
656 3205 742 3272 15,
777 3205 892 3274 16)?
920 3205 987 3259 Et
1014 3205 1170 3271 infra,
1203 3205 1493 3261 ostendens
1520 3222 1681 3275 quam
1705 3206 1879 3262 idolo—
1907 3235 1954 3298 ο
1983 3227 2107 3267 nem
2139 3210 2416 3265 hominum
2439 3209 2659 3273 factum,
2701 3217 2757 3263 et
2784 3208 2969 3263 habitu
3001 3209 3279 3262 inventum
3308 3215 3368 3260 ut
3394 3206 3574 3262 homi-

293 3313 411 3350 rum
444 3297 708 3351 culturam
760 3298 1001 3363 dixisset,
1035 3313 1065 3352 a
1112 3313 1218 3368 qua
1260 3313 1352 3353 eos
1376 3297 1600 3366 jubebat
1643 3306 1702 3352 ut
1726 3296 1880 3367 fuge-

295 3396 444 3456 rent,
469 3388 544 3440 ait
567 3405 579 3440 :
602 3385 726 3441 Non
755 3389 968 3458 potestis
996 3389 1209 3442 calicem
1231 3387 1442 3442 Domini
1464 3386 1654 3456 bibere,
1677 3397 1726 3442 et
1748 3387 1883 3441 cali-

291 3497 402 3534 cem
431 3480 844 3534 daemoniorum:
886 3469 989 3535 non
1019 3482 1231 3552 potestis
1261 3497 1451 3536 mensa:
1476 3476 1685 3536 Domini
1713 3483 1882 3551 parti-

293 3572 434 3640 cipes
466 3586 604 3634 esse,
635 3579 684 3623 et
712 3587 903 3624 mensae
930 3568 1303 3624 daemoniorum
1331 3568 1489 3641 (Ibid.
1523 3569 1612 3634 20,
1635 3569 1747 3640 21).
1774 3570 1885 3639 Ap-

293 3668 452 3729 paret
499 3660 680 3728 itaque
715 3659 864 3714 illam
919 3659 1183 3714 culturam
1232 3674 1350 3728 qure
1403 3662 1610 3719 λατρεία
1661 3659 1877 3722 dicitur,

292 3751 533 3806 maxime
579 3753 634 3805 in
680 3749 959 3806 sacriﬁciis
1008 3751 1255 3805 inveniri.
1286 3751 1419 3805 Nam
1464 3761 1519 3806 et
1565 3751 1694 3806 illud
1735 3751 1882 3821 quod

291 3841 458 3910 paulo
478 3847 602 3894 ante
616 3839 1174 3902 commemoravimus,
1192 3839 1391 3895 dixisse
1415 3839 1632 3894 beatum
1647 3840 1881 3909 Aposto-

292 3931 426 3996 lum,
458 3929 648 4001 Fugite
675 3932 738 3984 ab
767 3930 1025 3988 idolorum
1073 3931 1294 3995 cultura,
1326 3929 1629 3985 idololatria
1658 3931 1711 3984 in
1736 3929 1884 3985 Cra:-

294 4039 358 4077 co
384 4023 565 4092 posita
594 4030 695 4081 est.
728 4021 831 4088 Qui
854 4022 1004 4077 locus
1031 4022 1109 4077 sic
1137 4036 1196 4076 se
1223 4021 1407 4088 habet,
1431 4025 1638 4095 φεύγετε
1670 4025 1770 4078 ἀπὸ
1792 4033 1884 4083 τῆς

297 4113 731 4188 εἰδωλολατρείας.

760 4221 1238 4278 FRAGMENTUM
1285 4222 1423 4278 XIII.

596 4315 695 4380 Qui
724 4317 971 4386 differant
999 4318 1208 4392 λατρείᾳ
1234 4325 1283 4369 et
1304 4316 1588 4377 δούλωσις.

367 4411 622 4482 Λατριίαν
663 4421 794 4476 ergo
829 4406 944 4462 sola
985 4407 1085 4461 sibi
1129 4422 1256 4461 vera
1300 4406 1553 4462 divinitas
1597 4405 1880 4472 vindicat;

298 4497 564 4558 acilium;
584 4513 735 4563 vero,
753 4506 810 4552 et
824 4497 936 4552 Deo
957 4505 1040 4553 est
1065 4504 1324 4566 quantum
1341 4506 1558 4566 oportet
1585 4497 1880 4563 reddenda,

1983 3299 2154 3355 nem?
2200 3296 2327 3353 11sec
2355 3306 2535 3353 autem
2574 3297 2755 3353 omnia
2785 3299 2906 3365 quis
2935 3298 3080 3362 fecit,
3120 3297 3222 3352 nisi
3258 3295 3574 3364 Unigenitus

1982 3390 2171 3447 Deus?
2209 3390 2345 3446 Item
2372 3390 2503 3445 dicit
2536 3389 2828 3459 Apostolus
2874 3408 2886 3443 :

1983 3480 2238 3545 Christus,
2282 3497 2374 3550 per
2415 3496 2561 3550 quem
2603 3482 2799 3545 omnia,
2844 3489 2893 3532 et
2923 3495 3018 3534 nos
3044 3496 3135 3549 per
3164 3481 3333 3549 ipsum
3364 3478 3421 3546 (Ι
3450 3477 3570 3533 Cor.

1981 3589 2102 3638 VIII,
2152 3572 2241 3643 6).
2299 3570 2428 3637 Quis
2469 3579 2551 3625 est
2599 3579 2778 3626 autem
2817 3569 2973 3637 Jesus
3015 3570 3258 3624 Christus
3288 3585 3386 3639 per
3412 3584 3573 3639 quem

1983 3663 2164 3718 omnia
2184 3705 2200 3730 ,
2249 3662 2352 3716 nisi
2399 3662 2467 3716 de
2495 3677 2603 3730 quo
2634 3661 2763 3717 dicit
2791 3649 3121 3729 evangelista
3156 3679 3168 3713 :
3216 3659 3283 3714 In
3311 3662 3571 3732 principio

1984 3766 2096 3810 erat
2125 3755 2366 3820 Verbum,
2390 3764 2438 3807 et
2468 3753 2692 3808 Verbum
2711 3761 2825 3807 erat
2846 3753 2984 3822 apud
3013 3753 3200 3816 Deum,
3223 3762 3272 3806 et
3295 3751 3435 3806 Deus
3455 3762 3571 3807 erat

1998 3843 2238 3898 Verbum.
2289 3841 2405 3896 Hoc
2443 3850 2554 3895 erat
2593 3843 2648 3895 in
2679 3842 2933 3911 principio
2964 3841 3104 3910 apud
3149 3839 3330 3894 Deum.
3379 3837 3573 3894 Omnia

1984 3953 2074 4006 per
2094 3937 2261 4007 ipsum
2280 3936 2422 4004 facta
2443 3941 2584 3998 sunt,
2601 3943 2648 3987 et
2671 3935 2782 3987 sine
2801 3936 2912 4003 ipso
2935 3935 3129 4003 factum
3149 3942 3224 3986 est
3247 3932 3571 4004 nihil(Joan.

1987 4045 2026 4095 1,
2060 4026 2110 4090 1,
2143 4024 2196 4092 ἢ,
2227 4025 2329 4096 5)?
2377 4023 2642 4090 Quoniam
2684 4025 2845 4093 igitur
2872 4022 3027 4078 Jesus
3054 4023 3297 4078 Christus
3331 4040 3467 4078 unus
3490 4033 3574 4080 est

1985 4118 2126 4173 Deus
2145 4126 2200 4172 et
2226 4117 2412 4183 homo,
2434 4124 2718 4186 propterea
2741 4117 2855 4171 sive
2870 4131 2992 4170 cum
3006 4117 3081 4170 de
3110 4117 3290 4185 seipso
3314 4116 3574 4187 loquitur,

1985 4212 2098 4268 sive
2127 4225 2247 4266 cum
2273 4209 2342 4264 de
2371 4209 2464 4263 illo
2495 4209 2789 4278 loquuntur
2817 4209 3071 4278 apostoli,
3116 4223 3382 4278 nusquam
3411 4210 3574 4264 istam

1985 4305 2365 4360 discretionem
2385 4301 2609 4367 faciunt,
2631 4317 2794 4371 quam
2819 4311 2875 4357 tu
2905 4303 3139 4357 inaniter
3163 4303 3218 4356 in
3249 4302 3336 4356 illa
3361 4311 3576 4357 tuorum

1984 4395 2221 4451 falsitate
2241 4402 2521 4464 gestorum
2551 4394 2729 4449 facere
2751 4394 2992 4448 voluisti.
3024 4393 3158 4446 Nam
3188 4395 3302 4462 ipse
3325 4393 3576 4448 Salvator

1987 4499 2192 4555 noster,
2222 4489 2362 4544 sicut
2387 4497 2560 4542 totum
2585 4503 2644 4542 se
2661 4486 2809 4542 DeiF
2815 4487 2986 4551 ilium,
3005 4487 3085 4539 sic
3106 4493 3278 4539 totum
3301 4500 3360 4539 se
3379 4483 3575 4540 Filium

2950 3389 3098 3444 Unus
3127 3389 3385 3443 Dominus
3421 3387 3574 3442 Jesus

297 4600 350 4645 et
379 4591 687 4645 hominibus
715 4598 974 4660 quantum
1003 4589 1265 4646 condecet
1292 4588 1616 4644 exhibenda.
1655 4590 1883 4659 Propter
1909 4599 1963 4657 1)
1987 4585 2218 4640 hominis
2252 4590 2547 4652 nuncupat.
2596 4581 2730 4635 Cum
2761 4579 2904 4634 enim
2933 4593 3080 4632 caeco
3109 4586 3236 4632 nato
3263 4591 3426 4646 quem
3453 4576 3575 4630 illu-

296 4683 532 4756 ὶατριίαν
573 4695 703 4750 ergo
740 4681 936 4736 dicitur
981 4700 993 4735 :
1045 4680 1356 4751 Sacriﬁcate
1401 4680 1513 4736 Deo
1563 4682 1878 4750 sacriﬁcium

294 4772 510 4841 justitite
531 4770 704 4842 (Psal.
729 4788 802 4838 ιν,
823 4771 910 4841 6);
938 4780 1012 4838 et,
1040 4772 1362 4842 Sacriﬁcans
1390 4772 1487 4826 diis
1509 4771 1877 4837 eradicabitur,

297 4864 395 4918 nisi
424 4862 653 4918 Domino
680 4865 778 4918 soli
811 4863 1007 4934 (Exod.
1041 4881 1182 4931 xxn,
1213 4863 1325 4934 40).
1369 4864 1594 4934 Propter
1619 4863 1879 4921 δούλωσιν

297 4967 428 5007 vero
459 4951 586 5007 dicit
614 4952 904 5022 Apostolus
933 4971 945 5007 :
983 4953 1200 5009 Domino
1223 4953 1427 5008 Christo
1449 4956 1630 5009 seruile
1651 4953 1878 5024 (Coloss.

297 5057 371 5105 ιιι,
394 5041 487 5112 24)
511 5059 526 5108 ;
556 5049 610 5096 et
634 5043 828 5106 iterum
855 5060 868 5096 :
895 5042 1095 5098 Servite
1115 5045 1330 5098 invicem
1348 5047 1402 5098 in
1434 5047 1652 5098 caritate
1679 5043 1878 5112 (Galat.

299 5149 352 5196 v,
377 5132 487 5202 15).
515 5124 721 5188 Rursus
742 5133 885 5189 idem
914 5134 1212 5204 apostolus,
1244 5150 1365 5189 cum
1389 5135 1457 5190 de
1477 5135 1616 5192 escis
1642 5135 1887 5205 loquere-

297 5232 385 5277 tur
413 5238 535 5292 qua:
563 5222 722 5278 idolis
767 5224 1116 5278 immolantur
1135 5267 1150 5292 ,
1196 5232 1418 5294 propter
1444 5225 1677 5299 λατρείαν
1706 5224 1842 5280 dixit
1867 5243 1878 5277 :

298 5313 468 5370 Nobis
493 5326 666 5372 autem
692 5335 822 5373 unus
857 5318 991 5374 Deus
1025 5319 1200 5384 Pater,
1239 5336 1303 5373 ea:
1333 5335 1430 5390 quo
1459 5321 1664 5385 omnia,
1705 5327 1756 5373 et
1788 5335 1884 5372 nos

297 5405 350 5457 in
381 5407 533 5475 ipso;
574 5417 623 5460 et
651 5425 782 5463 unus
811 5408 1067 5463 Dominus
1107 5419 1280 5463 noster
1306 5408 1459 5463 Iesus
1488 5408 1719 5463 Christus
1738 5452 1754 5478 ,
1793 5427 1884 5479 per

298 5511 449 5564 quem
477 5498 671 5563 omnia,
695 5508 744 5552 et
769 5515 865 5553 nos
888 5517 980 5569 per
998 5501 1166 5568 ipsum
1189 5498 1244 5570 (Ι
1261 5497 1381 5554 Cor.
1406 5515 1516 5564 vni,
1545 5499 1622 5568 6).
1655 5498 1885 5569 Propter

298 5583 561 5642 δούλευσιν
587 5603 719 5642 vero
743 5589 875 5644 dlcit
904 5607 916 5642 :
945 5589 1140 5658 Paulus
1161 5607 1336 5648 servus
1349 5589 1536 5644 Christi
1557 5588 1681 5643 Jesu
1701 5589 1876 5659 (Rom.

298 5691 335 5738 ι,
360 5680 441 5745 1);
475 5687 529 5734 et
553 5678 798 5736 ﬁdelibus
823 5680 1068 5748 loquens,
1095 5682 1204 5734 ait:
1240 5680 1361 5735 Non
1386 5681 1524 5735 enim
1547 5681 1882 5746 nosmetipsos

298 5769 671 5834 pra’dicamus,
703 5771 792 5824 sed
817 5769 998 5830 Iesum
1027 5770 1285 5834 Christum
1316 5771 1594 5825 Dominum
1626 5782 1877 5836 nostrum,

298 5873 390 5912 nos
419 5870 588 5916 autem
617 5878 786 5917 servos
818 5872 1006 5917 vestros
1038 5880 1128 5924 per
1152 5862 1328 5916 Jesum
1363 5864 1377 5933 ζ
1391 5861 1448 5914 II
1480 5860 1598 5917 Cor.
1627 5878 1695 5927 ιν,
1730 5860 1802 5932 5).

1985 4677 2284 4732 minaverat
2302 4674 2528 4730 dixisset
2560 4692 2573 4726 :
2609 4672 2685 4726 Tu
2710 4672 2880 4725 credis
2917 4671 2971 4723 in
3002 4668 3200 4723 Filium
3229 4667 3370 4721 Det?
3393 4676 3455 4721 et
3483 4668 3574 4722 illo

1985 4765 2349 4836 respondisset
2380 4783 2393 4818 :
2425 4763 2551 4827 Quis
2573 4772 2682 4826 est,
2727 4762 2968 4825 Domine,
3001 4769 3057 4812 ut
3078 4759 3284 4813 credam
3315 4760 3371 4811 in
3409 4758 3574 4811 eum?

1985 4858 2064 4912 sic
2091 4857 2141 4911 ei
2169 4855 2445 4926 respondit
2466 4855 2580 4923 ipse
2605 4853 2699 4908 Dei
2726 4852 2894 4907 Filius
2920 4869 2933 4902 :
2965 4849 3031 4903 Et
3057 4849 3231 4903 vidisti
3253 4864 3386 4913 eum,
3411 4856 3462 4900 et
3490 4849 3576 4917 qui

1986 4951 2211 5022 loquitur
2247 4958 2413 5002 tecum
2458 4950 2568 5017 ipse
2607 4953 2681 5001 est
2713 4945 2890 5017 (Joan.
2925 4961 3007 5010 1x,
3035 4941 3123 5009 '55,
3153 4941 3242 5009 36,
3275 4941 3386 5010 57).
3422 4939 3574 4994 Nun-

1986 5041 2116 5112 quid
2144 5050 2272 5096 tunc
2300 5041 2416 5095 sola
2460 5039 2534 5093 illi
2562 5039 2735 5094 deitas
2762 5038 2943 5092 locuta
2987 5045 3088 5098 est,
3141 5042 3235 5088 aut
3279 5033 3450 5088 solam
3481 5032 3573 5086 ille

1982 5133 2240 5187 deitatem
2292 5131 2423 5186 vidit
2465 5139 2520 5185 et
2567 5129 2856 5184 adoravit?
2893 5128 3009 5182 Non
3040 5127 3245 5196 utique.
3292 5125 3426 5191 Quia
3459 5125 3574 5193 ipse

1985 5225 2242 5280 Dominus
2264 5224 2418 5279 Jesus
2444 5224 2495 5277 in
2527 5230 2754 5290 utraque
2781 5229 2975 5275 natura
3006 5220 3165 5291 595
3197 5235 3334 5272 unus
3362 5226 3446 5272 est
3476 5215 3573 5270 Dei

1986 5317 2170 5371 Filius.
2201 5315 2304 5382 Qui
2333 5316 2402 5370 de
2420 5330 2480 5369 se
2509 5330 2692 5368 rursus
2715 5313 2843 5367 dicit
2868 5332 2879 5364 :
2921 5311 3090 5366 Nemo
3117 5310 3350 5364 ascendit
3378 5310 3430 5361 in
3462 5308 3580 5363 eos

1985 5410 2110 5470 lum,
2140 5408 2239 5460 nisi
2267 5406 2353 5478 qui
2383 5406 2446 5459 de
2474 5406 2600 5459 carlo
2623 5405 2908 5470 descendit,
2939 5401 3362 5473 Filius_hominis
3382 5401 3467 5472 qui
3493 5410 3573 5453 est

1987 5501 2041 5552 in
2089 5499 2214 5552 cazlo
2267 5497 2447 5567 (Joan.
2500 5513 2590 5564 ιιι,
2623 5496 2734 5566 15).
2787 5494 2943 5561 Quod
2975 5503 3153 5548 tamen
3203 5506 3312 5546 non
3361 5501 3566 5546 utrum-

1989 5607 2093 5659 que
2123 5590 2415 5644 secundum
2440 5589 2609 5643 solam
2631 5603 2847 5643 carnem
2871 5586 3024 5639 dixit.
3051 5584 3183 5638 Nam
3204 5568 3399 5638 eodem
3429 5590 3567 5636 tem-
3608 5577 3612 5592 ἶ

1988 5699 2119 5752 pore
2149 5698 2365 5736 carnem
2399 5697 2548 5736 suam
2572 5698 2676 5736 non
2700 5683 2752 5734 in
2773 5680 2911 5736 ctelo
2939 5679 3144 5743 habuit,
3174 5678 3269 5733 sed
3301 5679 3352 5732 in
3385 5686 3525 5732 terra
3555 5697 3568 5731 :

1989 5782 2042 5825 et
2071 5781 2247 5826 tamen
2271 5771 2436 5825 Filius
2462 5772 2692 5827 hominis
2717 5771 2835 5837 fuit,
2868 5787 2974 5824 non
3000 5769 3172 5824 solum
3196 5771 3249 5823 in
3277 5777 3440 5834 terra,
3474 5768 3569 5823 sed

1989 5862 2149 5919 etiam
2192 5861 2246 5916 in
2287 5862 2423 5918 cmlo
2457 5880 2466 5914 :
2518 5861 3009 5932 secundumsolam
3041 5860 3246 5917 scilicet
3271 5875 3488 5920 carnem
3517 5859 3569 5914 in
