4090 6342
424 368 524 423 767

1423 365 1478 423 S.
1519 363 1884 446 FULCENTII
1921 360 2224 417 EPISCOPI
2265 359 2635 418 RUSPENSIS

3591 355 3701 416 763

423 483 542 538 sola
573 489 756 548 terra;
806 483 1101 540 secundum
1127 480 1465 537 divinitatem
1491 494 1645 544 vero,
1678 485 1734 534 et
1762 477 1818 532 in
1847 475 2012 538 coelo.
2044 481 2089 538 A
2119 474 2347 544 Quilibet
2373 474 2487 528 sive
2517 472 2815 536 rationalis,
2846 472 2958 526 sive
2988 470 3334 537 irrationalis,
3375 481 3591 526 creatus
3620 481 3705 524 ta—

427 573 567 628 etin
597 582 738 628 terra
782 590 798 626 :
847 582 1135 641 utrumque
1174 583 1356 626 tamen
1404 567 1844 640 inseparabiliter
1868 579 2007 621 unus

428 664 664 718 hominis
684 662 866 719 Filius.
889 663 1009 732 Ipse
1037 661 1181 717 enim
1203 655 1359 717 lesus
1379 659 1626 716 Christus
1647 673 1783 714 unus
1811 663 1893 712 est
1911 654 2009 710 Dei

2109 579 2234 619 men
2265 564 2487 633 spiritus
2515 563 2815 618 intimatur.
2838 561 3098 628 Quotiens
3121 569 3301 616 autem
3324 577 3446 616 cum
3474 562 3705 617 honori-

2110 655 2328 710 licentia
2346 654 2578 724 Spiritus
2599 653 2906 709 nominatur
2927 651 3087 723 [sicut
3113 661 3196 708 est
3225 653 3356 708 illud
3381 654 3524 722 quod
3556 656 3706 724 Apo-

428 759 486 807 et
513 753 744 807 hominis
772 751 958 806 Filius.
987 750 1222 806 inaniter
1254 764 1385 819 ergo
1413 750 1575 806 verba
1605 749 1702 804 tibi
1748 745 2008 816 multipli-
2108 744 2282 800 stolus
2327 745 2402 798 ait
2429 761 2442 797 :
2473 743 2580 798 Per
2604 745 2872 798 caritatem
2919 743 3149 814 Spiritus
3172 743 3352 814 (Rom.
3385 761 3474 812 xv,
3505 743 3615 816 50),
3649 756 3712 800 et

430 843 565 898 casti
603 840 912 911 superﬂua,
962 840 1152 896 volens
1195 841 1472 912 apostolos
1508 854 1617 894 non
1663 838 1838 893 solum
1883 835 2010 891 Jesu

433 933 652 997 Christi,
686 945 874 986 verum
903 932 1063 986 etiam
1089 929 1288 987 Christi
1317 946 1505 986 servos
1545 927 1852 985 ostendere.
1878 926 2013 982 Cum

420 1021 617 1090 antique
642 1022 754 1090 ipse
777 1021 847 1076 sit
861 1020 1126 1087 Christus,
1143 1022 1235 1091 qui
1263 1030 1348 1078 est
1368 1021 1521 1077 Jesus
1535 1018 1801 1083 Christus,
1820 1026 2016 1072 utram-

434 1124 538 1179 que
566 1117 815 1164 naturam
843 1111 1048 1167 habens
1099 1111 1152 1165 in
1205 1127 1310 1165 una
1362 1124 1622 1180 persona,
1671 1108 1725 1162 in
1774 1122 1882 1186 quo
1935 1106 2018 1159 in-

435 1199 608 1253 divisa
651 1207 707 1254 et
752 1200 1033 1257 inconiusa
1083 1208 1267 1256 manet
1293 1200 1472 1255 divina
1501 1199 1844 1266 humanaque
1887 1196 2016 1251 sub-

441 1289 662 1344 stantia.

921 1400 1396 1460 FRAGMENTUM
1435 1401 1546 1457 XV.

442 1493 556 1568 Nec
578 1495 802 1566 Spiritus
825 1499 937 1551 sine
957 1497 1223 1568 adjuncto,
1245 1493 1604 1568 nec_S_piritus_
1619 1489 2028 1568 sanctus_appel-

513 1563 651 1638 tatur
669 1569 722 1620 in
746 1563 1038 1638 Scripturis
1048 1567 1205 1619 Pater
1224 1575 1329 1638 aut_
1330 1564 1374 1616 F
1378 1565 1514 1638 ilius.
1538 1563 1685 1617 Idem
1704 1571 1779 1617 est
1801 1563 2027 1630 Spiritus

519 1635 644 1703 Dei,
667 1634 895 1707 Spiritus
924 1645 1152 1702 sanctus,
1182 1635 1269 1707 qui
1288 1634 1614 1690 Paracletus.

516 1744 719 1801 Saltem
749 1762 894 1803 nunc
924 1761 1157 1817 agnosce
1178 1746 1454 1816 apostolos
1496 1753 1552 1800 et
1584 1744 1876 1816 prophetas
1903 1741 2030 1811 Spi-

2111 849 2446 905 quzecunque
2469 833 2708 906 similia],
2737 850 2843 890 non
2865 835 2992 890 licet
3018 834 3072 888 in
3094 835 3176 890 his
3204 835 3428 906 intelligi
3457 836 3559 891 nisi
3579 836 3718 905 Spi-

2113 927 2274 982 ritum
2299 934 2577 992 sanctum;
2601 926 2752 980 illum
2777 927 2963 995 utique
2991 925 3250 996 Spiritum
3279 926 3346 982 de
3367 942 3475 996 quo
3514 926 3713 982 Salva-

2114 1025 2204 1073 tor
2230 1029 2415 1073 nosmr
2441 1017 2576 1072 dixit
2608 1035 2620 1070 :
2653 1017 2820 1072 Omne
2844 1026 3131 1086 peccatum,
3174 1027 3222 1072 et
3253 1018 3592 1088 blasphemia,
3628 1036 3714 1074 re-

2115 1109 2343 1161 mittetur
2371 1105 2691 1172 hominibus;
2743 1106 2972 1176 Spiritus
3021 1116 3190 1162 autem
3231 1108 3550 1178 blasphemia
3605 1127 3716 1165 non

2116 1198 2400 1251 remittetur
2420 1195 2638 1268 (Matth.
2662 1213 2758 1266 xu,
2787 1195 2901 1267 '51).
2931 1195 2990 1251 In
3028 1197 3134 1252 hoc
3162 1205 3342 1252 autem
3395 1199 3517 1254 loco
3570 1199 3720 1254 scire

2120 1287 2379 1344 debemus
2397 1287 2693 1357 genitivum
2722 1303 2904 1344 casum
2935 1303 3073 1354 esse,
3108 1288 3164 1342 id
3185 1297 3284 1354 est,
3330 1290 3481 1359 hujus
3531 1288 3715 1360 Spiri-

2125 1390 2238 1446 tus;
2269 1395 2380 1435 non
2408 1379 2822 1445 nominativum,
2853 1380 2996 1434 sicut
3023 1386 3274 1450 putantes
3320 1380 3563 1450 plerique
3616 1379 3721 1434 fal-

2125 1469 2326 1526 luntur.
2352 1469 2508 1537 Quod
2528 1470 2840 1526 distinctum
2868 1470 3139 1539 reperitur
3167 1471 3222 1524 in
3249 1468 3456 1536 Caeco,
3489 1472 3578 1525 ubi
3606 1487 3722 1526 non

2128 1562 2322 1618 dicitur
2345 1565 2402 1618 τὸ
2424 1568 2643 1634 Πνεῦμα,
2675 1561 2768 1617 sed
2790 1569 2881 1618 τοῦ
2913 1564 3218 1632 Πνεύματος.
3242 1560 3481 1630 Denique
3506 1561 3726 1618 Graecus

2131 1652 2306 1707 codex
2333 1649 2607 1720 Evangelii
2628 1650 2706 1705 sic
2734 1651 2920 1718 habet,
2951 1653 2981 1709 ri
3004 1649 3056 1705 δέ
3078 1657 3172 1706 τοῦ
3189 1649 3473 1723 Πνεύματος
3497 1653 3728 1725 (Staseam

2132 1747 2223 1815 μία
2252 1745 2336 1798 οὐκ
2361 1745 2684 1815 ἀφεθήσεται.
2724 1739 2825 1796 Ubi
2849 1740 2944 1794 Dei
2970 1740 3157 1806 Filius,
3191 1749 3246 1796 ut
3292 1741 3602 1797 ostenderet
3631 1745 3734 1811 qui

449 1837 611 1890 ritum
642 1835 1002 1905 Paracletum,
1034 1838 1141 1894 hoc
1169 1845 1252 1893 est
1281 1837 1537 1907 Spiritum
1567 1843 1833 1903 sanctum,
1860 1835 2033 1904 ipsum
2067 1859 2111 1918 Β
2135 1834 2204 1888 sit
2223 1832 2478 1902 Spiritus,
2509 1831 2666 1901 cujus
2703 1830 3531 1901 pronuntiavit'irremissibilem
3579 1833 3732 1888 blas-

453 1922 551 1977 Dei
573 1923 831 1993 Spiritum
851 1925 1192 1996 przedicasse.
1217 1925 1355 1980 Illud
1397 1939 1527 1995 ergo
1567 1924 1712 1994 quod
1750 1922 2038 1994 Apostolus
2137 1923 2426 1995 phemiam,
2457 1923 2572 1978 haec
2594 1921 2755 1977 verba
2783 1921 3060 1991 subjunxit
3082 1923 3233 1994 (vers.
3259 1923 3350 1993 δί)
3384 1941 3398 1977 :
3424 1922 3493 1976 Et
3516 1926 3735 1994 quicun-

455 2007 636 2080 pOsuit
665 2032 678 2066 :
713 2014 813 2078 Qui
839 2016 1064 2086 Spiritui
1088 2014 1183 2068 Dei
1205 2016 1451 2068 servimus
1475 2013 1694 2085 (Philip.
1722 2029 1802 2081 ιιι,
1827 2012 1905 2077 5),
1930 2025 2039 2064 non

455 2101 562 2156 alio
590 2116 751 2171 quam
779 2103 1006 2173 Spiritui
1052 2111 1258 2166 sancto,
1290 2101 1348 2155 id
1393 2109 1478 2156 est
1525 2100 1828 2166 Paracleto,
1858 2097 2042 2154 docuit

454 2189 818 2244 serviendum.
851 2189 1006 2245 Hunc
1034 2197 1214 2244 autem
1239 2189 1419 2244 locum
1446 2203 1555 2243 non
1576 2203 1882 2257 possumus,
1903 2185 2043 2240 sicut

455 2291 518 2334 tu
545 2289 718 2350 putas,
745 2282 812 2336 de
841 2282 956 2337 Deo
984 2283 1162 2347 Patre,
1211 2282 1324 2336 sive
1353 2279 1420 2335 de
1449 2279 1561 2334 Deo
1587 2278 1724 2333 Filio
1771 2277 2039 2346 accipere.

461 2370 730 2436 Quoniam
759 2371 887 2426 licet
907 2379 964 2425 et
991 2369 1152 2425 Pater
1181 2369 1414 2440 Spiritus
1438 2369 1527 2433 sit,
1561 2382 1833 2436 nunquam
1865 2373 2044 2420 tamen

462 2459 626 2516 Pater
653 2469 748 2516 aut
771 2460 936 2516 Filius
956 2461 1219 2524 absolute,
1238 2459 1291 2514 id
1307 2467 1394 2514 est
1414 2459 1531 2514 sine
1550 2458 1728 2528 aliqua
1743 2455 2046 2525 adjectione

463 2553 699 2608 nominis
718 2552 990 2608 invenitur
1016 2551 1248 2620 Spiritus
1271 2556 1629 2619 nuncupatus.
1663 2547 1794 2602 Nam
1825 2553 1881 2600 et
1904 2545 1958 2600 in
1979 2559 2046 2600 eo

454 2641 599 2712 quod
626 2641 826 2696 dictum
853 2649 936 2696 est
962 2640 1219 2712 :Spiritus
1245 2649 1321 2694 est
1343 2638 1485 2693 Deus
1514 2637 1694 2709 (Joan.
1717 2653 1790 2704 tv,
1813 2635 1936 2705 24);
1960 2633 2048 2689 ad-

457 2733 628 2787 ditum
677 2740 761 2788 est
815 2731 924 2786 illic
969 2730 1143 2795 Deus;
1199 2739 1256 2784 et
1285 2730 1433 2784 ineo
1461 2728 1606 2798 quod
1634 2727 1801 2782 Filius
1852 2724 2049 2781 dicitur

457 2825 717 2895 Spiritus,
749 2824 1050 2880 invenimus
1077 2823 1364 2878 Jeremiam
1383 2822 1592 2877 dixisse
1626 2839 1639 2874 :
1670 2819 1896 2891 Spiritus
1927 2829 2050 2873 ante

462 2918 646 2985 faciem
675 2926 906 2970 nostram
931 2911 1168 2970 Christus
1186 2912 1442 2967 Dominus
1469 2910 1784 2983 (Threnav,
1801 2908 1912 2979 20).
1931 2909 2049 2964 Non

465 3017 646 3062 autem
699 3008 944 3063 absolute
985 3006 1148 3060 Pater
1173 3013 1230 3061 et
1259 3004 1422 3058 Filius
1452 3003 1724 3057 invenitur
1750 3001 2050 3072 nuncupari

465 3097 715 3166 Spiritus,
747 3096 892 3166 quod
921 3096 1220 3150 invenimus
1243 3095 1295 3148 in
1316 3093 1522 3164 Spiritu
1549 3099 1758 3148 sancto.
1791 3091 1941 3147 Sicut
1956 3091 2050 3148 illo

468 3188 591 3241 loco
613 3187 704 3241 ubi
735 3187 813 3240 ait
830 3185 1120 3254 Apostolus
1145 3201 1156 3236 :
1185 3182 1408 3237 Obsecro
1429 3182 1587 3251 igitur
1601 3197 1706 3246 vos,
1734 3182 1940 3251 fratres,
1961 3197 2052 3250 per

468 3273 750 3329 Dominum
778 3282 1012 3328 nostrum
1037 3272 1216 3326 Jesum
1244 3270 1530 3336 Christum,
1555 3277 1618 3338 et
1647 3285 1739 3340 per
1786 3270 2054 3323 caritatem

472 3367 703 3437 Spiritus
735 3363 910 3437 (Rom.
943 3379 1034 3432 xv,
1065 3361 1177 3432 50),
1204 3361 1272 3417 de
1323 3359 1524 3431 Spiritu
1555 3367 1746 3415 sancto
1773 3357 2057 3413 manifeste

468 3459 596 3514 dicit
621 3457 714 3529 (al.
738 3455 986 3526 dicitur);
1030 3463 1086 3510 et
1109 3455 1302 3510 iterum
1324 3472 1336 3506 :
1371 3453 1438 3508 In
1458 3469 1557 3523 quo
1577 3461 1626 3506 et
1653 3468 1742 3506 vos
1763 3442 2059 3522 cowdiﬁcal

469 3551 599 3605 mini
626 3550 682 3603 in
711 3547 1058 3601 habitaculum
1092 3545 1192 3600 Dei
1213 3554 1263 3600 et
1292 3545 1494 3616 Spiritu
1516 3543 1734 3615 (Ephes.
1763 3559 1820 3607 ιι,
1852 3541 1965 3614 22).
1991 3539 2058 3596 Et

470 3641 746 3711 apostolus
768 3638 931 3694 Judas
951 3639 1055 3693 ait:
1076 3637 1150 3691 Hi
1167 3621 1288 3693 Eunt
1307 3637 1393 3707 qui
1414 3645 1684 3707 segregant
1706 3636 1920 3704 seipsos,
1943 3635 2060 3687 ani-

473 3733 635 3786 moles
665 3731 920 3802 Spiritum
941 3747 1045 3784 non
1075 3728 1319 3783 habentes
1348 3727 1524 3800 (Iuda:
1553 3727 1684 3796 xxx).
1743 3725 1834 3780 Sic
1880 3733 2060 3780 autem

473 3837 598 3877 cum
629 3821 876 3876 absolute
903 3820 1100 3875 dicitur
1128 3819 1381 3888 Spiritus,
1412 3833 1522 3872 non
1573 3825 1658 3872 est
1685 3815 2061 3884 intelligendus

474 3914 577 3968 nisi
600 3912 832 3983 Spiritus
851 3919 1102 3976 sanctus;
1125 3911 1264 3966 sicut
1283 3911 1448 3966 etiam
1475 3924 1596 3964 cum
1647 3908 1808 3964 Pater
1855 3916 2062 3963 tantum

474 4005 690 4070 dicitur,
722 4019 830 4058 non
853 4003 1202 4070 intelligimus
1231 4001 1334 4056 nisi
1354 4001 1524 4055 Deum
1554 3999 1803 4063 Patrem;
1855 4008 1910 4054 et
1938 4015 2062 4054 cum

477 4097 644 4151 Filius
665 4095 1037 4150 tantummodo
1061 4094 1278 4161 dicitur,
1304 4109 1411 4149 non
1441 4109 1726 4162 possumus
1767 4094 2067 4162 intelligere

479 4189 582 4244 nisi
617 4188 791 4244 solum
815 4185 1107 4241 Christum.
1133 4188 1304 4252 Quam
1332 4186 1572 4253 regulam
1599 4184 1795 4240 divina:
1822 4185 2063 4255 Scriptu-

479 4295 554 4335 ra:
573 4279 971 4350 promulgatam
1002 4284 1247 4331 tenemus
1267 4276 1530 4344 eloquiis;
1561 4290 1684 4344 quae
1709 4274 1923 4330 Patrem
1965 4291 2066 4331 no-

478 4372 712 4436 minans,
744 4386 852 4425 non
881 4369 1044 4423 alium
1073 4383 1233 4437 quam
1287 4368 1477 4422 Deum.
1502 4365 1717 4422 Patrem
1763 4367 2065 4438 intelligen-

477 4461 605 4515 dum
635 4459 902 4524 ostendit;
949 4466 1006 4512 et
1052 4457 1246 4512 Filium
1294 4444 1666 4512 tantummodo
1723 4473 2058 4528 nuncupans,

478 4551 750 4606 Christum
763 4549 1160 4619 agnoscendum
1179 4548 1338 4620 596
1358 4563 1478 4603 esse
1499 4549 1850 4614 monstravit;
1873 4548 2066 4619 etSpi-

2139 2032 2235 2086 que
2254 2015 2446 2069 dixerit
2465 2013 2672 2069 verbum
2693 2022 2874 2068 contra
2919 2012 3118 2069 Filium
3167 2015 3412 2083 hominis,
3457 2017 3735 2071 remittitur

2140 2104 2215 2169 ei;
2265 2104 2350 2174 qui
2399 2113 2572 2156 autem
2626 2101 2819 2156 dixerit
2859 2111 3042 2156 contra
3073 2100 3327 2172 Spiritum
3347 2112 3612 2169 sanctum,
3631 2123 3738 2160 non

2141 2189 2430 2246 remittetur
2451 2193 2522 2259 ei,
2552 2209 2714 2264 neque
2739 2193 2794 2245 in
2826 2191 2921 2247 hoc
2947 2191 3136 2246 steculo
3157 2209 3317 2263 neque
3337 2194 3390 2246 in
3405 2196 3598 2264 futuro.
3617 2195 3746 2251 Non

2142 2282 2318 2336 solum
2348 2281 2532 2349 itaque
2561 2296 2684 2336 cum
2715 2280 2962 2335 absolute
2983 2279 3216 2350 Spiritus
3258 2283 3500 2352 ponitur,
3546 2283 3642 2338 sed
3684 2293 3737 2338 et

2143 2389 2266 2429 cum
2313 2370 2546 2441 Spiritus
2591 2379 2810 2427 sanctus
2839 2371 2905 2425 ab
2929 2372 3189 2441 apostolis
3217 2380 3575 2442 nuncupatur,
3608 2389 3741 2428 nus-

2144 2476 2307 2530 quam
2354 2462 2624 2516 invenitur
2651 2460 2941 2532 signiﬁcari
2991 2460 3151 2516 Pater
3189 2470 3280 2516 aut
3309 2461 3493 2528 Filius,
3521 2463 3618 2517 sed
3650 2463 3743 2518 illo

2147 2551 2484 2620 signiﬁcatur
2507 2552 2759 2623 Spiritus,
2792 2553 2884 2621 qui
2916 2552 3131 2623 proprie
3155 2554 3210 2607 in
3250 2552 3515 2609 Trinitate
3541 2554 3746 2609 dicitur

2147 2642 2382 2712 Spiritus
2410 2651 2631 2698 sanctus
2659 2659 2673 2697 :
2704 2658 2865 2712 quem
2896 2644 3011 2713 ipse
3033 2643 3128 2699 Dei
3159 2643 3324 2699 Filius
3376 2643 3746 2701 indubitanter

2150 2733 2598 2796 ostendit,dicens
2626 2751 2639 2786 :
2667 2732 2770 2801 Ite,
2803 2733 2978 2788 docete
3003 2751 3176 2788 omnes
3198 2742 3390 2805 gentes,
3418 2734 3746 2806 baptizantes

2147 2841 2232 2878 eos
2256 2825 2310 2878 in
2332 2826 2537 2879 nomine
2563 2825 2741 2879 Patris
2763 2835 2812 2878 et
2836 2823 2967 2879 Filii
2995 2834 3045 2879 et
3073 2826 3301 2896 Spiritus
3326 2827 3494 2879 sancti
3524 2825 3744 2894 (Matth.

2151 2930 2335 2981 xxvni,
2369 2913 2478 2984 19).
2504 2914 2622 2970 Νοη
2648 2914 2832 2984 itaque
2853 2929 3131 2984 negamus,
3155 2915 3299 2984 quod
3327 2916 3519 2970 attinet
3547 2916 3614 2970 ad
3642 2931 3748 2970 na-

2152 3013 2349 3070 turam,
2383 3013 2438 3061 et
2466 3005 2684 3062 Patrem
2707 3005 2987 3078 Spiritum,
3021 3018 3076 3061 et
3121 3006 3314 3062 Filium
3361 3006 3633 3076 Spiritum,
3687 3016 3750 3062 et

2153 3094 2367 3151 Patrem
2396 3108 2666 3164 sanctum,
2696 3106 2751 3152 et
2772 3097 2966 3151 Filium
2989 3105 3234 3152 sanctum
3262 3115 3276 3150 :
3319 3112 3420 3152 una
3464 3105 3546 3152 est
3587 3097 3744 3152 enim

2080 3229 2124 3290 C
2153 3196 2346 3239 natura
2376 3185 2677 3250 Trinitatis,
2709 3195 2763 3240 et
2784 3202 2890 3240 una
2921 3195 3003 3242 est
3023 3187 3140 3257 ejus
3182 3187 3438 3242 sanctitas
3457 3186 3747 3241 naturalis.

2155 3273 2262 3329 Sed
2313 3282 2495 3330 tamen
2550 3275 2693 3344 quod
2737 3276 2930 3331 attinet
2971 3277 3037 3330 ad
3066 3277 3454 3346 proprietatem
3475 3291 3750 3346 personae,

2154 3382 2419 3437 nusquam
2439 3368 2528 3423 'sic
2552 3368 2826 3422 invenitur
2853 3371 3063 3439 positus
3110 3369 3343 3440 Spiritus
3391 3380 3638 3435 sanctus;
3688 3380 3752 3426 ut
3837 3402 3840 3408 -

2156 3459 2344 3514 eodem
2375 3461 2594 3514 nomine
2620 3468 2713 3514 aut
2737 3459 2898 3515 Pater
2919 3462 3249 3534 intelligatur
3277 3471 3370 3517 aut
3397 3463 3598 3518 Filius:
3644 3463 3754 3518 nisi

2156 3549 2247 3603 ille
2271 3549 2489 3619 proprie
2520 3548 2830 3604 Paracletus
2859 3549 3109 3620 Spiritus,
3141 3552 3232 3622 qui
3262 3569 3369 3608 non
3427 3561 3514 3606 est
3561 3553 3753 3621 utique

2160 3639 2318 3694 Pater
2370 3649 2462 3695 aut
2509 3641 2693 3706 Filius,
2751 3642 2847 3697 sed
2903 3659 3039 3698 unus
3068 3645 3317 3714 idemque
3342 3644 3518 3701 Patris
3544 3654 3602 3701 et
3627 3645 3753 3700 Filii

2160 3729 2410 3801 Spiritus.
2840 3751 2841 3756 π

2531 3868 2689 3938 597
2719 3868 3199 3926 FRAGMENTUM
3233 3869 3368 3926 XVI.

2164 3979 2392 4050 Spiritus
2419 3983 2586 4035 sancti
2626 3992 2682 4034 ut
2726 3980 2906 4054 Patris
2947 3993 2996 4036 et
3031 3983 3159 4037 Filii
3185 3986 3427 4054 templum
3467 4001 3676 4052 sumus,
3704 3994 3758 4039 et

2576 4052 2915 4122 sacriﬁcium,
2946 4063 2995 4107 et
3018 4052 3333 4108 sacerdotes.

2235 4183 2377 4238 Nihil
2408 4193 2588 4240 tamen
2629 4187 2943 4256 przejudicat
2984 4187 3250 4242 divinitati
3288 4188 3526 4258 Spiritus
3556 4185 3757 4251 sancti,

2165 4293 2327 4347 quem
2357 4279 2656 4336 certissime
2683 4281 2874 4336 beatus
2903 4279 3102 4336 Paulus
3143 4295 3264 4336 esse
3291 4281 3463 4336 Deum
3493 4279 3761 4344 ostendit,

2165 4369 2384 4439 quando
2425 4385 2654 4442 corpora
2692 4380 2876 4428 nostra
2907 4372 3167 4442 templum
3195 4387 3315 4426 esse
3342 4370 3478 4424 dixit
3524 4369 3761 4439 Spiritus

2167 4461 2362 4529 sancti,
2405 4478 2555 4532 quem
2583 4462 2782 4517 habetis
2816 4479 2848 4515 a
2875 4462 2990 4516 Deo
3016 4461 3071 4529 (1
3093 4460 3212 4516 Cor.
3239 4478 3311 4524 vr,
3341 4460 3452 4531 i9).
3502 4459 3607 4515 Ubi
3638 4460 3761 4516 nul-

2169 4551 2380 4606 latenus
2407 4559 2564 4622 potes
2591 4567 2878 4621 personam
2911 4551 3085 4606 Patris
3121 4551 3446 4615 ostendere;
3497 4551 3761 4619 quoniam

477 4644 639 4697 ritum
669 4600 1041 4694 tantuimmodo
1065 4600 1369 4700 nom‘i'tial‘i's,
1412 4638 1672 4708 Spiritum
1700 4600 1944 4693 sanctum
1971 4600 2064 4694 ac
2089 4600 2144 4662 Β
2166 4639 2357 4696 beatus
2383 4600 2674 4709 Arpostolrus
2703 4657 2734 4694 a
2776 4639 2889 4696 Deo
2934 4641 3070 4694 dixit
3112 4656 3210 4695 nos
3253 4600 3453 4694 habere
3496 4600 3760 4710 Spiritum

477 4730 785 4802 cipiendum
814 4729 1068 4785 edocuit:
1117 4729 1223 4782 illis
1249 4728 1513 4783 duntaxat
1542 4729 1675 4784 locis
1722 4730 1915 4800 quibus
1955 4744 2065 4786 non

479 4828 574 4875 aut
602 4819 866 4873 humanus
893 4817 1113 4887 spiritus
1142 4815 1484 4885 accipiendus
1509 4824 1611 4879 est,
1655 4826 1748 4871 aut
1792 4818 1908 4888 ipso
1961 4819 2066 4874 hu-

483 4925 644 4965 mano
672 4909 865 4979 spiritu
891 4914 1138 4962 creatura
1161 4906 1411 4976 quaelibet
1438 4905 1690 4971 inferior;
1732 4908 1873 4963 sicut
1901 4917 1985 4963 est
2004 4909 2070 4963 il-

480 4999 574 5055 lud
598 4999 743 5068 quod
764 4998 841 5052 ait
867 4997 1156 5066 Apostolus
1185 5014 1198 5050 :
1231 4997 1427 5066 Corpus
1455 4997 1660 5066 quidem
1699 5006 1955 5052 mortuum
1993 5007 2072 5053 est

479 5097 689 5160 propter
715 5097 1000 5156 peccatum,
1023 5086 1233 5156 spiritus
1261 5103 1377 5140 vero
1418 5088 1522 5140 vita
1572 5097 1780 5158 propter
1811 5089 2072 5159 justitiam

480 5181 659 5247 (Rom.
691 5195 802 5246 vnn,
819 5177 938 5247 10).
966 5175 1032 5230 Et
1059 5177 1188 5231 illud
1214 5177 1358 5246 quod
1385 5177 1521 5232 dixit
1541 5177 1800 5233 Dominus
1821 5194 1918 5248 per
1938 5195 2070 5249 pro-

481 5273 700 5342 phetam
729 5258 990 5340 :Spiritus
1012 5285 1044 5321 a
1067 5285 1146 5322 me
1165 5269 1321 5335 exiet,
1352 5279 1400 5322 et
1429 5287 1629 5324 omnem
1655 5271 1839 5339 ﬂatum
1857 5288 1950 5342 ego
1973 5273 2072 5342 feci

483 5365 637 5433 (lsai.
670 5381 799 5432 LVII,
825 5363 936 5433 i6).
968 5360 1216 5416 Ostendit
1238 5363 1382 5416 enim
1411 5362 1539 5430 quid
1568 5361 1764 5416 dixerit
1791 5362 2063 5431 spiritum,

480 5459 696 5528 quando
743 5457 877 5512 dixit
926 5437 974 5511 et
1035 5457 1234 5516 ﬂatum.
1290 5452 1537 5510 Hominis
1589 5462 1766 5510 autem
1821 5455 2071 5524 spiritum

479 5557 768 5618 propterea
795 5547 980 5603 [latum
1005 5547 1158 5611 dixit,
1210 5553 1433 5616 propter
1475 5546 1618 5615 quod
1661 5545 1919 5615 scriptum
1966 5552 2071 5609 est,

480 5643 606 5710 quia
637 5643 913 5712 insufflauit
937 5641 1074 5695 Deus
1098 5643 1150 5694 in
1181 5641 1367 5712 [aciem
1394 5641 1616 5696 hominis
1663 5641 1902 5711 spiritum
1929 5641 2069 5705 vita,

480 5743 529 5784 et
559 5733 727 5803 [actus
749 5741 824 5786 est
854 5733 1078 5786 homo'in
1111 5733 1336 5786 animam
1363 5734 1526 5786 vivam
1557 5730 1766 5801 (Cenes.
1791 5746 1847 5795 ll,
1874 5729 1947 5799 7).
1983 5728 2071 5783 ln-

486 5823 771 5879 r'eniuntur
800 5823 904 5882 alia
932 5823 1143 5888 similia,
1179 5824 1231 5878 in
1260 5824 1458 5891 quibus
1482 5839 1587 5878 non
1616 5823 1704 5880 ille
1724 5829 1962 5890 creator,
1977 5819 2074 5877 sed

2167 4738 2433 4786 sanctum.
2459 4731 2569 4786 Sed
2595 4745 2768 4800 neque
2782 4746 3068 4802 personam
3088 4730 3207 4785 Filii
3227 4731 3612 4786 demonstrare
3631 4731 3764 4786 ulla-

2169 4829 2327 4877 tenus
2348 4830 2503 4892 potes
2524 4823 2577 4876 in
2600 4823 2816 4877 nomine
2837 4822 3071 4892 Spiritus
3098 4823 3292 4885 sancti,
3317 4836 3479 4890 quam
3509 4821 3758 4891 superius

2169 4914 2426 4970 discrevit
2452 4914 2762 4984 Apostolus,
2791 4913 2978 4970 dicens
3023 4932 3035 4966 :
3090 4912 3318 4967 Nescitis
3366 4913 3487 4983 quia
3537 4929 3756 4982 corpora

2170 5014 2340 5059 vestra
2368 5003 2598 5058 membra
2624 5003 2823 5058 Christi
2838 5013 2958 5058 sunt
3007 5002 3195 5074 (Ibid.,
3229 5001 3320 5072 15)
3343 5002 3376 5055 ?~
3404 5000 3461 5055 In
3491 5001 3599 5056 hoc
3627 5015 3756 5068 ergo

2173 5102 2416 5149 sanctam
2463 5092 2781 5148 Trinitatem
2826 5093 3102 5148 evidenter
3150 5090 3392 5146 ostendit
3439 5090 3751 5160 Apostolus,

2178 5184 2462 5238 nominans
2488 5183 2792 5248 Christum,
2827 5183 2880 5237 id
2907 5191 2989 5236 est
3012 5182 3106 5237 Dei
3134 5180 3357 5244 Filium,
3388 5181 3676 5234 nominans
3703 5187 3758 5234 et

2175 5275 2432 5345 Spiritum
2463 5282 2707 5330 sanctum
2732 5317 2748 5342 ,
2797 5274 3080 5329 nominans
3104 5273 3452 5327 nihilominus
3480 5281 3538 5327 et
3565 5272 3752 5331 Deum.

2177 5365 2230 5420 id
2272 5372 2352 5420 est
2394 5365 2635 5434 Patrem,
2664 5381 2694 5421 a
2724 5381 2832 5437 quo
2859 5365 3118 5421 habemus
3141 5366 3315 5435 ipsum
3341 5364 3599 5435 Spiritum
3629 5380 3756 5420 san-

2177 5464 2323 5509 ctum
2355 5455 2522 5524 (quod
2553 5456 2783 5511 inaniter
2811 5456 2917 5510 tuis
2944 5455 3239 5510 mendaciis
3269 5454 3528 5519 indidisti,
3555 5456 3646 5510 sed
3663 5455 3760 5506 Ita-

2177 5549 2350 5600 bemus
2379 5563 2495 5600 eum
2516 5565 2549 5601 a
2578 5547 2710 5617 Deo)
2744 5565 2756 5600 :
2790 5548 2842 5601 in
2873 5563 2982 5616 quo
3010 5547 3195 5616 utique
3223 5546 3346 5602 ideo
3377 5562 3559 5601 veram
3587 5547 3766 5600 deita-

2177 5646 2285 5690 tem
2313 5639 2714 5706 cognoscimus,
2747 5639 2872 5706 quia
2903 5639 3160 5708 templum
3183 5639 3231 5692 ei
3264 5654 3372 5693 non
3401 5637 3469 5692 de
3498 5637 3761 5707 lapidibus

2179 5738 2232 5782 et
2259 5729 2415 5796 lignis
2444 5729 2691 5797 facimus,
2723 5730 2816 5786 sed
2851 5730 3108 5800 templum
3145 5730 3269 5799 ejus
3310 5745 3410 5784 nos
3448 5746 3648 5784 sumus.
3689 5728 3762 5782 Et

2179 5821 2362 5889 utique
2392 5821 2483 5889 qui
2526 5823 2580 5877 in
2610 5823 2811 5893 templo
2854 5839 2960 5880 non
2991 5819 3300 5879 manufacto
3330 5821 3568 5884 habitat,
3619 5821 3766 5874 Deus
