4064 6358
279 271 380 330 ’169

278 397 360 444 est
385 386 656 451 excelsus,
696 381 857 439 beato
885 381 1159 450 Stephano
1187 379 1416 442 dicente,
1447 379 1569 448 quia
1598 376 1848 430 Excelsus
1889 379 1936 436 Α

281 495 381 532 non
405 479 462 531 in
490 474 804 546 manufactis
835 473 1034 525 habitat
1080 469 1214 541 (Act.
1248 485 1352 536 vu,
1377 467 1489 536 48).
1540 466 1691 521 Unde
1737 480 1858 520 cum

279 570 382 624 hoc
396 567 645 634 dixisset,
667 574 723 622 et
742 563 870 620 illud
891 562 1253 618 testimonium
1276 560 1416 614 idem
1445 569 1646 629 martyr
1669 557 1865 634 beatis-

280 659 447 713 simus
477 657 819 720 subdidisset,
848 653 989 723 quod
1013 653 1116 724 (al.
1134 652 1472 722 quo)dicitur
1497 669 1508 702 ε
1529 650 1718 704 εωιαηι
1741 633 1865 701 mihi

281 748 428 801 sedes
446 755 544 811 est,
570 755 708 800 terra
729 753 899 798 autem
921 742 1200 797 scabellum
1214 740 1399 810 pedum
1422 756 1648 794 meorum
1672 755 1689 792 :
1713 754 1866 808 quam

284 840 493 894 domum
515 835 843 906 wdiﬁcabitis
879 833 1049 887 mihi?
1093 832 1219 885 dicit
1247 829 1499 884 Dominus
1549 828 1686 893 (Isa.
1720 843 1862 890 LXVI,

283 932 338 1002 1)
365 949 379 998 ;
411 939 535 1000 post
565 944 733 999 pauca
763 925 994 996 subjecit
1025 943 1039 977 :
1071 922 1219 976 Dura
1247 922 1438 975 cervice
1459 930 1507 974 et
1523 918 1866 973 inc’ircumcisi

285 1022 440 1076 corde
469 1031 518 1075 et
539 1018 770 1082 auribus,
798 1033 883 1071 vos
907 1031 1107 1085 semper
1133 1013 1352 1081 Spiritui
1373 1019 1555 1065 sancto
1585 1010 1862 1074 restitistis,

285 1112 418 1164 sicut
445 1120 620 1177 patres
647 1107 806 1161 vestri
831 1114 881 1158 et
908 1120 995 1158 vos
1020 1104 1158 1174 (Act.
1186 1116 1275 1166 vit,
1310 1099 1424 1166 5|).
1462 1098 1608 1153 Unus
1638 1105 1720 1152 est
1739 1110 1867 1165 ergo

286 1201 430 1256 Deus
469 1200 732 1263 excelsus,
761 1196 944 1259 Pater,
977 1203 1033 1249 et
1063 1193 1259 1258 Filius,
1291 1198 1345 1245 et
1372 1190 1603 1260 Spiritus
1630 1194 1866 1252 sanctus,

285 1291 379 1360 qui
401 1305 510 1344 non
539 1289 592 1343 in
614 1285 930 1341 manufaclis
945 1283 1180 1347 habitat;
1203 1281 1320 1348 sed,
1340 1294 1440 1350 per
1464 1279 1687 1346 gratiam
1708 1291 1867 1344 quam

289 1380 448 1437 nobis
487 1379 709 1439 tribuit,
765 1391 863 1429 nos
910 1374 1010 1428 sibi
1053 1372 1310 1442 templum
1347 1371 1642 1424 clementer
1669 1364 1867 1421 effecit.

288 1468 401 1523 Nec
423 1468 597 1522 solum
627 1465 904 1534 templum,
929 1463 1020 1517 sed
1038 1462 1198 1516 etiam
1222 1458 1561 1514 sacrificium.
1587 1456 1704 1526 Ipsa
1726 1456 1868 1510 enim

289 1573 522 1628 corpora
552 1564 736 1610 nostra
765 1556 906 1625 (qua:
930 1551 1188 1622 templum
1212 1564 1330 1604 esse
1353 1564 1459 1603 non
1482 1547 1649 1619 solius
1674 1545 1868 1610 Patris,

289 1666 393 1705 nec
421 1649 589 1704 solius
608 1647 749 1713 Filii,
785 1661 883 1700 nec
905 1645 1073 1700 solius
1097 1629 1329 1713 Spiritus
1358 1640 1548 1705 sancti,
1582 1638 1674 1694 sed
1707 1638 1871 1707 ipsius

1335 263 1610 321 comas
1647 218 1998 319 rissimum
2036 255 2480 316 FRAGMENTA.

3433 254 3536 309 770

2411 367 2883 426 FRAGMENTUM
2927 363 3087 422 XVII.

1970 467 2091 523 Non
2133 469 2302 521 minus
2332 465 2560 536 Spiritus
2589 472 2796 536 sanctus
2824 461 3079 536 est_‘Deus
3106 477 3238 516 unus
3280 470 3328 515 et
3373 475 3538 526 verus,

2431 550 2584 604 quam
2614 533 2776 586 Pater
2801 543 2850 585 et
2874 531 2922 584 F
2924 533 3066 585 ilius.

2034 627 2148 681 Non
2167 625 2309 681 enim
2335 624 2446 679 Deo
2470 639 2597 678 vero
2626 628 2680 677 et
2701 621 2826 676 vivo
2848 622 3064 688 militat,
3089 635 3264 691 neque
3287 621 3396 676 Deo
3417 622 3543 677 vivo

1964 728 2022 772 et
2049 732 2176 771 vero
2214 715 2408 778 servit,
2457 712 2698 782 quisquis
2727 711 2980 781 templum
3011 712 3063 767 in
3094 710 3411 779 corporibus
3441 711 3542 763 ho-

1965 810 2190 872 minum,
2222 822 2330 860 non
2361 805 2471 859 Deo
2498 803 2621 858 vivo
2651 810 2707 856 et
2735 815 2895 867 vero,
2924 801 3028 856 sed
3048 799 3151 854 deo
3179 799 3385 854 incerto
3415 799 3545 853 aedi-

1965 896 2126 951 ficare
2151 893 2444 950 contendit.
2475 891 2618 945 Talis
2648 898 2826 945 autem
2852 889 3133 943 aediﬁcatio
3175 903 3283 942 non
3311 895 3397 942 est
3434 888 3544 944 uti-

1966 1003 2071 1057 que
2112 1002 2140 1040 a
2172 985 2310 1050 Deo.
2359 983 2427 1036 Et
2455 981 2726 1052 quomodo
2776 980 2880 1034 illis
2908 993 3044 1049 quos
3074 977 3332 1046 templum
3371 979 3546 1031 sancti

1968 1078 2197 1148 Spiritus
2236 1091 2354 1131 esse
2384 1075 2636 1138 dicebat,
2681 1072 2927 1142 superius
2956 1071 3030 1125 ait
3077 1088 3090 1124 :
3142 1069 3242 1124 Dei
3269 1071 3548 1140 tediﬁcatio
3621 1125 3624 1128 .

1969 1172 2091 1224 estis
2117 1168 2171 1242 (1
2192 1168 2312 1223 Cor.
2336 1183 2412 1233 ut,
2433 1167 2488 1237 9)
2510 1167 2534 1220 ?
2554 1166 2705 1220 Nunc
2728 1165 2908 1233 itaque
2937 1179 3099 1218 unum
3132 1163 3228 1217 tibi
3257 1162 3548 1217 tenendum

1969 1268 2052 1314 est
2079 1274 2109 1313 e
2138 1258 2345 1314 duobus
2378 1274 2391 1310 :
2426 1264 2485 1310 ut
2513 1265 2606 1309 aut
2630 1268 2892 1322 agnoscas
2919 1269 2950 1307 a
2981 1253 3090 1307 Deo
3122 1253 3174 1306 in
3210 1251 3362 1311 nobis
3383 1250 3549 1306 aediﬁ-

1969 1360 2147 1406 catum
2177 1350 2349 1405 sancti
2371 1349 2600 1419 Spiritus
2625 1348 2902 1417 templum,
2932 1355 2988 1403 et
3015 1362 3082 1400 ex
3114 1348 3217 1402 hoc
3244 1361 3544 1415 cognoscas

1969 1457 2154 1497 verum
2181 1441 2347 1495 Deum
2374 1455 2492 1494 esse
2513 1438 2770 1508 Spiritum
2796 1446 3041 1492 sanctum
3077 1456 3089 1490 :
3119 1448 3211 1492 aut
3230 1439 3273 1491 si
3297 1453 3402 1492 non
3431 1453 3550 1506 cre-

1970 1533 2052 1587 dis
2083 1534 2221 1586 hanc
2248 1546 2368 1586 esse
2403 1529 2498 1584 Dei
2522 1527 2964 1592 aedificationem,
2994 1525 3217 1581 Paulum
3245 1527 3552 1596 proﬁtearis

1972 1636 2091 1676 esse
2134 1620 2466 1674 mendacem.
2499 1615 2626 1671 ‘Sed
2659 1615 2707 1670 si
2753 1615 2894 1669 hanc
2937 1614 3370 1683 praedicationem
3399 1612 3552 1670 Pauli

290 1740 588 1803 Trinitatis,
617 1738 775 1792 unius
795 1736 913 1804 Dei,
947 1703 1154 1802 scilicet
1181 1732 1376 1796 Patris,
1395 1738 1450 1786 et
1468 1703 1608 1794 riui,
1625 1736 1678 1782 et
1705 1703 1872 1798 Spiri—
1907 1727 1948 1788 Β
1975 1710 2160 1764 audire
2186 1706 2439 1804 nolueris.
2473 1714 2531 1759 ιιι
2555 1703 2901 1804 τεωδηθδῑῆε
2919 1704 3156 1804 feritate
3177 1704 3392 1804 penitus
3421 1703 3552 1758 alie-

290 1841 379 1885 tus
392 1828 583 1893 sancti,
607 1827 857 1897 superius
868 1833 950 1880 est
974 1840 1006 1878 a
1027 1823 1181 1878 nobis
1197 1820 1524 1876 sufﬁcienter
1549 1818 1866 1888 ostensum),

293 1930 353 1974 ut
391 1919 625 1974 hostiam
664 1919 838 1971 vivam
876 1915 988 1969 Deo
1031 1913 1380 1968 exhibeamus
1403 1951 1419 1976 ,
1476 1911 1666 1965 beatus
1713 1909 1867 1964 docet

295 2009 588 2080 Apostolus
616 2007 802 2063 dicens
831 2025 843 2059 :
879 2005 1102 2059 Obsecro
1131 2004 1303 2074 itaque
1342 2019 1456 2065 vos,
1508 2003 1695 2072 fratres
1719 2041 1735 2067 ,
1784 2015 1874 2069 per

291 2097 705 2170 misericordiam
735 2095 866 2159 Dei,
910 2104 966 2147 ut
993 2092 1279 2146 exhibeatis
1323 2105 1541 2160 corpora
1570 2096 1736 2141 vestra
1777 2087 1872 2140 Ito-

292 2191 446 2241 stiam
473 2187 738 2249 viventem,
762 2193 1015 2245 sanctam,
1040 2180 1151 2234 Deo
1178 2179 1467 2251 placentem
1489 2177 1666 2250 (Rom.
1682 2192 1775 2240 xu,
1796 2175 1868 2246 1).

293 2275 536 2331 Hostiam
559 2289 687 2328 vero
710 2273 762 2326 in
791 2278 1050 2340 quantum
1079 2269 1306 2338 quisque
1335 2264 1496 2321 ofl‘ert
1517 2265 1647 2329 Deo,
1683 2265 1737 2318 in
1757 2272 1875 2317 tan-

294 2373 410 2417 tum
431 2361 744 2433 spiritaliter
762 2357 999 2426 fungitur
1025 2355 1323 2411 sacerdotis
1351 2353 1548 2408 officio.
1581 2347 1877 2406 Unde‘bea-

295 2464 383 2510 tus
409 2467 625 2523 quoque
654 2451 876 2514 Petrus,
910 2449 1069 2505 simul
1109 2463 1208 2502 nos
1235 2454 1291 2501 et
1331 2445 1588 2514 templum
1635 2458 1773 2508 esse,
1822 2450 1877 2496 et

294 2543 631 2605 sacerdotes,
663 2551 718 2596 et
745 2540 948 2595 hostias
976 2535 1396 2600 demonstravit,
1430 2534 1615 2588 dicens
1645 2549 1659 2585 :
1693 2531 1761 2585 Et
1790 2548 1876 2586 vos

298 2643 544 2704 tanquam
582 2631 938 2702 lapides‘rivi,
981 2627 1310 2697 azdificamini
1349 2627 1402 2678 in
1432 2624 1640 2677 domum
1663 2623 1879 2694 spirita-

296 2726 420 2791 lem,
460 2726 514 2778 in
537 2722 880 2778 sacerdotium
907 2728 1162 2785 sanctum,
1199 2716 1474 2784 o/f'erentes
1497 2712 1756 2784 spiritales
1783 2711 1876 2764 ho-

298 2817 458 2880 stias,
502 2812 838 2883 acceptabiles
869 2809 978 2864 Deo
1020 2825 1110 2880 per
1147 2807 1323 2861 Jesum
1354 2804 1613 2859 Christum
1654 2801 1708 2873 (Ι
1733 2801 1878 2855 Petr.

299 2921 353 2968 ιι,
380 2903 458 2974 5).
481 2902 613 2970 Quia
645 2903 759 2972 ipse
787 2916 885 2971 pro
907 2899 1061 2954 nobis
1084 2898 1258 2952 factus
1286 2901 1369 2950 est
1397 2892 1667 2959 sacerdos,
1700 2900 1754 2947 et
1783 2891 1881 2946 ob-

298 2995 420 3048 tulit
445 2994 790 3062 semetipsum
816 3005 914 3060 pro
933 2989 1107 3055 nobis,
1141 2988 1281 3042 sicut
1299 2987 1376 3039 ait
1404 2984 1694 3055 Apostolus
1724 3000 1737 3035 :
1774 2981 1881 3034 0b-

1975 1813 2113 1862 nus;
2163 1797 2392 1852 mendax
2424 1803 2601 1849 autem
2640 1809 2750 1849 non
2787 1793 2890 1847 erit
2918 1793 3145 1858 Paulus,
3195 1793 3285 1861 qui
3325 1794 3553 1848 veritate

1971 1888 2162 1957 plenus
2182 1886 2446 1941 exclamat
2469 1905 2480 1936 :
2518 1883 2798 1937 Veritatem
2820 1882 2937 1935 dico
2960 1882 3014 1935 in
3044 1881 3245 1935 Christo
3265 1881 3294 1934 J
3301 1899 3389 1935 esu
3401 1899 3420 1946 ;
3446 1899 3552 1936 non

1973 1979 2221 2043 mentior,
2253 1977 2598 2029 testimonium
2623 1974 2749 2027 mihi
2777 1972 3071 2043 perhibente
3099 1973 3412 2026 conscientia
3439 1988 3555 2026 mea

1973 2070 2028 2122 in
2057 2067 2259 2138 Spiritu
2287 2074 2465 2120 sancto
2494 2063 2670 2136 (Rom.
2703 2079 2781 2130 ix,
2812 2061 2888 2132 1).
2921 2061 3183 2128 Quoniam
3214 2061 3375 2128 igitur
3402 2062 3550 2116 veri:

1975 2168 2142 2216 tatem
2170 2159 2368 2214 Paulus
2395 2158 2606 2221 docuit,
2639 2164 2694 2212 et
2734 2155 2917 2212 dicens
2943 2170 3172 2225 corpora
3201 2163 3384 2209 nostra
3417 2161 3555 2207 tem-

1973 2247 2120 2317 plum
2143 2263 2261 2303 esse
2289 2245 2520 2316 Spiritus
2546 2245 2739 2307 sancti,
2771 2244 3123 2298 certissimam
3149 2240 3266 2310 ejus
3292 2241 3549 2297 deitatem

1975 2336 2220 2392 fidelibus
2242 2335 2539 2400 intiniavit;
2571 2332 2811 2402 quisquis
2837 2344 3018 2385 veram
3049 2338 3360 2397 certamque
3387 2328 3558 2382 deita-

1975 2433 2083 2479 tem
2105 2425 2273 2479 sancti
2295 2423 2526 2493 Spiritus
2553 2428 2731 2488 negat,
2767 2426 3060 2488 cognoscat
3086 2433 3145 2472 se
3170 2417 3236 2472 ad
3259 2416 3556 2472 Ecclesiam

1976 2514 2070 2569 Dei
2099 2514 2206 2568 vivi
2235 2513 2537 2568 nullatenus
2557 2511 2845 2581 pertinere,
2861 2524 3019 2578 quam
3033 2506 3228 2562 Paulus
3249 2507 3554 2562 columnam

1977 2611 2032 2658 et
2060 2601 2452 2656 ﬁrmamentum
2491 2601 2734 2656 veritatis
2772 2598 3008 2670 appellat
3056 2599 3076 2670 (
3097 2597 3130 2652 Ι
3157 2597 3286 2652 Tim.
3319 2614 3393 2660 ut,
3427 2597 3558 2666 l5).

1979 2692 2107 2760 Quae
2132 2699 2322 2748 sancta
2352 2692 2578 2747 ecclesia
2609 2691 2749 2746 illius
2775 2705 2834 2746 se
2855 2690 3010 2745 unius
3034 2689 3130 2745 Dei
3161 2689 3414 2758 templum
3437 2703 3559 2743 esse

1979 2785 2148 2862 novit,
2173 2798 2331 2852 quem
2352 2790 2545 2837 natura
2569 2782 2756 2847 Deum,
2785 2790 2840 2837 et
2863 2781 2932 2836 ob
2952 2781 3057 2836 hoc
3072 2781 3187 2849 ejus
3213 2780 3552 2835 divinitatem

1978 2889 2159 2930 veram
2187 2881 2496 2942 certamque
2527 2871 2824 2940 cognoscit.
2858 2870 3129 2940 Abjiciens
3156 2870 3362 2924 scilicet
3389 2868 3557 2923 falso-

1981 2981 2100 3020 rum
2141 2965 2365 3020 deorum
2395 2963 2659 3019 culturam
2691 2981 2705 3016 :
2736 2963 2828 3031 qui
2865 2977 2966 3030 pro
3003 2977 3068 3016 eo
3098 2961 3242 3030 quod
3268 2969 3456 3014 natura
3485 2960 3561 3014 dii

299 3084 546 3138 lationem
573 3091 622 3135 et
639 3050 868 3135 .hostiam
892 3079 999 3133 Deo
1023 3050 1328 3131 itt'odorem
1358 3050 1626 3128 suavitatis
1659 3070 1870 3142 (Ep/tes.
1904 3087 1949 3149 ρ
1981 3071 2088 3149 ηοξι
2113 3063 2256 3149 Sun},
2280 3062 2488 3149 feriam
2515 3053 2771 3108 deitatem
2793 3053 2995 3107 habere
3024 3067 3131 3108 non
3161 3059 3406 3122 possunt.
3433 3050 3563 3106 Pro-

301 3192 353 3241 v,
377 3175 455 3246 ἓ).
490 3175 651 3246 598
672 3173 777 3228 Sed
800 3171 944 3242 quod
969 3168 1243 3226 offerimus
1270 3182 1368 3238 per
1389 3166 1660 3221 Christum
1688 3179 1879 3218 secun-

300 3267 428 3320 dum
455 3266 621 3320 solius
645 3264 1028 3319 humanitatem
1059 3261 1198 3332 Filii,
1225 3261 1324 3330 ipsi
1358 3273 1580 3314 summa:
1608 3257 1765 3313 simul
1794 3254 1878 3310 of-

302 3357 522 3413 ferimus
544 3355 809 3410 Trinitati.
842 3355 1008 3421 Digne
1036 3367 1165 3420 ergo
1190 3353 1423 3425 λατρέιαν
1443 3357 1634 3405 sancto
1656 3347 1882 3417 Spiritui

302 3445 586 3510 debemus,
629 3445 781 3514 cujus
806 3457 1036 3513 corpora
1065 3449 1249 3496 nostra
1279 3438 1535 3507 templum
1573 3449 1692 3514 esse
1727 3436 1881 3490 novi—

303 3551 426 3590 mus
459 3553 472 3587 :
505 3543 561 3590 et
587 3549 652 3589 ex
680 3535 784 3588 hoc
815 3533 890 3587 illi
929 3531 1120 3587 eadem
1158 3543 1388 3598 corpora
1419 3510 1621 3591 nostra,
1651 3525 1883 3579 hostiam

303 3629 574 3682 viventem
596 3623 908 3695 spiritaliter
926 3622 1265 3678 exhibemus.
1296 3618 1463 3687 Cujus
1491 3624 1671 3672 autem
1700 3630 1885 3670 sumus

304 3718 585 3788 templum,
609 3725 662 3771 et
683 3716 770 3771 cui
792 3730 1020 3784 corpora
1045 3719 1226 3768 nostra
1247 3708 1566 3765 sacriﬁcium
1588 3706 1882 3772 offerimus,

307 3825 531 3866 necesse
569 3819 650 3863 est
679 3816 738 3862 ut
783 3807 832 3862 ei
873 3803 1208 3861 sacerdotale
1254 3801 1530 3857 servitium
1572 3799 1882 3854 debeamus.

307 3901 447 3955 Hinc
475 3908 559 3955 est
584 3898 724 3968 quod
749 3897 990 3952 Ecclesia
1016 3894 1305 3958 catholica,
1338 3907 1457 3961 qua:
1485 3901 1682 3946 sancta:
1711 3889 1887 3943 Trini-

307 3993 458 4060 tatis,
481 3991 531 4046 id
553 3998 635 4046 est
661 3991 816 4044 unius
837 3989 952 4053 Dei,
978 4002 1140 4041 unum
1163 3993 1244 4040 est
1261 3983 1538 4052 templum,
1571 3981 1742 4036 eidem
1765 3994 1892 4033 sau-

308 4091 410 4137 ctae
437 4081 682 4134 Trinitati
705 4081 794 4133 uni
821 4078 932 4132 Deo
961 4076 1200 4147 spiritale
1222 4073 1541 4128 sacriﬁcium
1564 4069 1757 4126 offerre
1783 4084 1890 4123 non

309 4174 510 4229 desinit
551 4190 564 4226 :
609 4173 734 4240 quia
763 4170 862 4239 ipsi
905 4167 1172 4232 Trinitati,
1204 4157 1295 4220 uni
1339 4178 1469 4219 vero
1503 4169 1559 4217 et
1584 4162 1728 4217 bono
1760 4161 1891 4226 Deo,

310 4265 590 4319 servitium
631 4259 963 4316 sacerdotale
1011 4256 1310 4312 certissime
1349 4270 1408 4310 se
1453 4253 1657 4308 debere
1686 4264 1892 4318 cogno-

316 4355 441 4408 scit.

1981 3145 2104 3201 inde
2129 3146 2254 3216 quia
2278 3145 2367 3199 illa
2389 3151 2474 3199 est
2496 3151 2644 3199 certa
2663 3144 2859 3210 deitas,
2891 3157 3010 3212 quae
3035 3141 3120 3197 est
3140 3142 3436 3206 naturalis;
3467 3141 3562 3210 qui

1982 3246 2175 3293 natura
2196 3237 2270 3291 dii
2295 3252 2404 3291 non
2427 3243 2574 3300 sunt,
2597 3242 2803 3290 certam
2832 3234 3088 3289 deitatem
3117 3249 3224 3287 non
3252 3233 3483 3298 habent;
3508 3240 3566 3286 et

1981 3328 2074 3396 qui
2103 3336 2305 3381 certam
2333 3340 2442 3379 non
2467 3323 2700 3388 habent,
2741 3323 2942 3377 nullam
2987 3323 3204 3376 habent.
3238 3321 3404 3375 Recta
3433 3335 3565 3374 vero

1988 3417 2150 3482 ﬁdes,
2199 3416 2291 3470 uni
2330 3415 2443 3470 Deo
2476 3429 2607 3469 vero
2633 3415 2864 3490 λατρείαν
2908 3412 3161 3467 exhibere
3189 3427 3297 3465 non
3327 3409 3562 3476 dubitat,

1989 3519 2149 3574 quam
2173 3504 2326 3558 novit
2351 3503 2456 3557 deo
2485 3501 2642 3557 alteri
2669 3517 2777 3556 non
2799 3501 2981 3556 deberi
3006 3519 3019 3553 :
3045 3515 3144 3555 nec
3172 3507 3351 3569 potest
3371 3500 3424 3554 in
3448 3515 3565 3555 cor-

1987 3595 2209 3667 poribus
2237 3595 2469 3649 fidelium
2517 3594 2844 3649 constituere
2885 3592 3138 3662 templum
3163 3633 3179 3659 ,
3231 3599 3324 3645 aut
3370 3590 3566 3646 Offerre

1988 3683 2219 3740 hostiam
2235 3684 2482 3751 cuiquam
2494 3682 2615 3747 deo,
2631 3683 2721 3752 qui
2737 3681 2877 3736 Deus
2895 3697 3000 3736 non
3014 3680 3174 3736 fuerit
3185 3695 3282 3750 per
3295 3688 3565 3734 naturam.

1991 3776 2105 3832 Scit
2133 3776 2276 3830 enim
2305 3775 2443 3829 hanc
2482 3773 2794 3828 servitutem
2818 3771 2893 3827 illi
2918 3772 3101 3827 deberi
3128 3771 3259 3834 Deo,
3277 3771 3365 3839 qui
3387 3769 3566 3825 solum

1992 3882 2051 3922 se
2070 3865 2313 3935 praecipit
2330 3863 2455 3928 coli,
2477 3862 2731 3930 solusque
2755 3861 2915 3916 debet
2937 3860 3156 3930 templo,
3180 3858 3482 3914 sacerdotio
3503 3873 3569 3912 ac

1993 3955 2251 4014 sacriﬁcio
2267 3953 2614 4025 spiritualiter
2625 3953 2786 4024 599
2799 3967 2830 4005 a
2849 3951 3093 4005 fidelibus
3110 3949 3386 4007 honorari.
3406 3949 3576 4016 Digne

1995 4049 2157 4117 igitur
2177 4053 2420 4102 sanctum
2449 4045 2729 4114 Spiritum,
2759 4058 2942 4098 verum
2964 4041 3151 4105 Deum,
3183 4049 3238 4096 et
3265 4055 3386 4096 cum
3417 4037 3576 4094 Patre

1995 4153 2058 4192 ac
2074 4135 2209 4191 Filio
2231 4148 2393 4189 unum
2408 4133 2595 4201 Deum,
2613 4140 2800 4187 sancta
2823 4130 2995 4186 credit
3014 4138 3068 4184 et
3087 4128 3375 4184 conﬁtetur
3398 4126 3575 4182 Eccles

1996 4228 2076 4282 sia
2102 4243 2116 4293 ;
2143 4240 2262 4295 quae
2283 4239 2342 4278 se
2374 4222 2545 4277 Patris
2564 4229 2617 4277 et
2639 4221 2758 4275 Filii
2786 4228 2842 4274 et
2868 4218 3099 4288 Spiritus
3125 4217 3294 4272 sancti
3323 4215 3576 4284 templum

1999 4329 2121 4370 esse
2147 4326 2497 4381 cognoscens,
2528 4324 2689 4364 uuam
2710 4307 3030 4361 Trinitatem
3050 4304 3301 4371 intelligit
3327 4302 3576 4356 divinitao

2003 4413 2132 4470 tem,
2145 4403 2230 4458 cui
2243 4401 2494 4456 Trinitati
2510 4413 2670 4453 unam
2685 4396 2996 4467 suppliciter
3009 4394 3227 4448 exhibet
3243 4392 3574 4447 servitutem.

347 4508 3542 4540 ,__________________.____________-————-—-—

1335 4591 1432 4640 nx
1475 4589 1700 4637 LIBRO
1748 4588 1816 4634 ν.
1870 4587 1970 4635 ΒΕ
2012 4584 2326 4634 [MAG-[NE
2371 4583 2518 4631 DEI.

760 4698 1131 4755 FRAGMENT
1141 4698 1233 4753 ΟΜ
1264 4697 1443 4751 XVIII.

317 4785 364 4839 ι’
368 4785 490 4839 ilius
519 4799 620 4836 non
650 4781 881 4834 imitatur
906 4778 1136 4840 Patrem,
1161 4791 1254 4829 nec
1283 4775 1474 4828 similia
1502 4787 1616 4824 cum
1639 4769 1731 4824 illo
1752 4768 1895 4839 facit,

392 4855 482 4908 sed
507 4853 706 4905 eadem.
754 4851 832 4901 Ad
868 4849 1145 4915 imaginem
1192 4845 1284 4898 Dei
1316 4847 1483 4915 factus
1509 4842 1699 4915 dicitur
1723 4841 1895 4915 homo,

390 4925 511 4993 quia
541 4921 726 4993 divina:
758 4911 1027 4971 Trinitatis
1057 4917 1110 4969 in
1139 4911 1407 4979 memoria,
1463 4911 1806 4981 intelligentia
1851 4915 1901 4960 et

390 4992 653 5046 uoluntate
677 4992 850 5059 imago
880 4995 975 5041 est.

391 5082 450 5135 In
475 5097 535 5136 re
564 5081 761 5149 quippe
790 5077 1000 5147 potiore
1023 5082 1203 5144 potest
1223 5072 1526 5141 exemplum
1566 5069 1694 5124 boni
1724 5069 1904 5138 operis

321 5162 572 5228 inveniri.
603 5170 662 5223 In
685 5177 944 5238 quantum
976 5173 1058 5220 est
1087 5165 1229 5218 enim
1253 5171 1454 5216 natura:
1483 5159 1641 5214 simul
1663 5159 1900 5214 virtutis-

318 5277 428 5332 que
449 5260 707 5331 parilitas,
733 5258 784 5311 in
811 5265 1017 5310 tantum
1038 5254 1223 5309 deesse
1252 5251 1493 5305 videmus
1522 5249 1898 5311 imitationem,

319 5351 420 5408 sed
462 5349 760 5406 invenimus
801 5347 980 5417 operis
1010 5345 1289 5398 unitatem.
1340 5341 1414 5395 Ibi
1441 5355 1573 5394 vero
1595 5338 1901 5407 exemplum

321 5443 670 5514 proponitur,
704 5439 794 5495 ubi
825 5446 918 5492 aut
961 5445 1165 5491 natum:
1194 5441 1288 5488 aut
1315 5431 1526 5486 virtutis
1572 5427 1904 5496 intequalitas

323 5536 614 5591 invenitur.
659 5532 786 5587 Inde
815 5539 898 5585 est
924 5527 1068 5600 quod
1101 5527 1191 5581 Dei
1243 5525 1410 5578 Filius
1440 5536 1600 5576 unam
1630 5534 1688 5574 se
1717 5527 1903 5573 osten-

323 5628 461 5683 dens
483 5626 682 5680 habere
709 5639 828 5679 cum
853 5621 1011 5675 Patre
1040 5628 1306 5679 naturam,
1340 5623 1394 5669 et
1422 5613 1491 5667 ob
1519 5612 1621 5666 hoc
1642 5609 1902 5679 aequalem

325 5719 379 5773 in
423 5717 738 5782 operatione
775 5715 1042 5774 virtutem,
1073 5709 1202 5764 dixit
1235 5725 1244 5759 :
1279 5703 1602 5774 ercrmqnc
1631 5700 1790 5756 Pater
1825 5702 1906 5773 fa-

1922 4695 1976 4754 D
1999 4702 2087 4764 cit,
2118 4701 2226 4754 [nec
2259 4699 2434 4752 eadem
2468 4708 2517 4752 et
2546 4697 2716 4751 Filius
2748 4699 2987 4751 similiter
3007 4698 3134 4768 facit
3164 4695 3344 4766 (Joan.
3377 4711 3430 4759 v,
3466 4684 3583 4763 l9).

2001 4791 2134 4846 Cum
2179 4805 2307 4859 ergo
2354 4788 2543 4844 eadem
2594 4789 2742 4855 facit,
2793 4787 2996 4841 nullum
3047 4785 3314 4840 invenitur
3358 4785 3586 4854 potioris

2002 4881 2305 4951 exemplum
2332 4897 2344 4946 ;
2377 4886 2431 4933 et
2460 4893 2582 4933 cum
2613 4878 2862 4932 similiter
2894 4875 3046 4938 facit,
3080 4875 3280 4929 nullum
3311 4875 3580 4944 reperitur

2003 4974 2225 5028 diversa:
2274 4970 2608 5041 operationis
2653 4968 2926 5023 indicium.
2976 4967 3086 5022 Nec
3127 4966 3254 5020 illud
3301 4973 3482 5036 potest
3517 4964 3586 5019 ad

2004 5062 2305 5132 exemplum
2336 5061 2541 5124 referri,
2587 5057 2728 5128 quod
2759 5058 2833 5112 ait
2877 5075 2889 5110 :
2924 5055 3048 5111 Non
3089 5065 3252 5128 potest
3280 5055 3448 5108 Filius
3474 5071 3580 5108 ase

2005 5156 2173 5223 facere
2198 5151 2494 5219 quidquam,
2548 5150 2650 5202 nisi
2678 5148 2811 5220 quod
2850 5147 3033 5201 viderit
3066 5147 3275 5202 Patrem
3304 5149 3577 5218 facientem

2008 5241 2273 5313 (Ibidem).
2305 5241 2420 5295 Hoc
2451 5240 2593 5295 enim
2630 5239 2694 5293 ad
2722 5239 2879 5293 unius
2902 5237 3034 5292 dixit
3055 5245 3257 5291 natum
3285 5251 3348 5291 ac
3374 5236 3586 5289 virtutis

2009 5334 2279 5396 indicium,
2300 5348 2404 5386 non
2437 5332 2502 5384 ad
2532 5331 2844 5384 imitationis
2873 5329 3194 5399 exemplum.
3217 5327 3584 5395 Adjecitenim

2009 5425 2192 5480 dicens
2226 5441 2238 5474 :
2269 5421 2592 5492 Quaecunque
2635 5419 2794 5472 Pater
2825 5419 2968 5488 facit,
3010 5419 3117 5471 [nec
3137 5416 3317 5470 eadem
3337 5424 3385 5468 et
3414 5413 3584 5467 Filius

2011 5516 2245 5569 similiter
2268 5515 2394 5584 facit
2419 5529 2435 5577 ;
2462 5511 2552 5580 qui
2583 5511 2768 5579 utique
2790 5510 2915 5562 talia
2939 5523 2996 5561 se
3021 5507 3194 5562 facere
3219 5505 3444 5570 diceret,
3475 5520 3584 5558 non

2012 5605 2221 5666 eadem,
2251 5605 2294 5658 si
2319 5602 2667 5657 imitationem
2701 5601 2752 5652 in
2780 5614 2837 5653 se
2860 5599 3066 5668 paterni
3094 5597 3273 5667 operis
3300 5595 3584 5650 ostendere

2013 5694 2288 5752 voluisset.
2313 5693 2418 5749 Sed
2441 5689 2569 5746 nihil
2589 5688 2748 5746 Pstcr
2770 5687 2893 5742 facit
2917 5687 2968 5741 in
2993 5701 3099 5758 quo
3125 5683 3427 5756 exemplum
3450 5696 3575 5754 pra:-
