4090 6342
509 391 607 447 ’771

1549 394 1606 468 s.
1645 391 2007 451 FULGENTll
2044 373 2342 451 EPISCOPI
2381 390 2750 449 nusrnnsrs

3674 393 3786 449 772

512 508 637 562 beat
664 506 833 570 Filio,
875 507 967 577 qui
1004 509 1184 562 omnia
1198 520 1335 583 ,qua:
1366 504 1523 570 fecit,
1567 521 1664 575 per
1702 504 1894 560 Filium
1942 505 2095 560 fecit.
2133 511 2171 568 Α
2205 502 2427 558 humani
2448 500 2626 558 cordis
2644 502 2824 556 lumen
2850 472 3094 555 veritatis
3117 498 3431 555 abscondat.
3456 499 3582 558 Haec
3602 512 3787 560 autem

508 595 661 653 Tunc
687 607 867 653 autem
895 597 1180 667 quidquam
1225 594 1361 651 Filio
1404 595 1720 651 imitandum
1749 593 2084 662 ostenderet,

510 688 558 742 si
589 688 791 757 aliquid
821 694 963 743 esset
990 687 1171 756 operis
1198 685 1342 760 quod
1363 700 1460 759 per
1486 683 1681 740 Filium
1709 700 1819 740 non
1848 684 2086 741 fecisset.

509 773 650 831 Nihil
678 784 762 830 est
786 783 981 839 autem,
1006 774 1149 843 quod
1172 790 1281 829 non
1310 789 1409 844 per
1436 773 1631 829 Filium
1652 773 1814 829 Pater
1842 773 1971 829 fecit
1993 783 2090 829 aut

510 861 657 919 facit.
682 860 797 917 Una
823 870 907 917 est
933 862 1093 930 igitur
1117 862 1170 917 in
1193 863 1444 918 omnibus
1463 863 1624 917 rebus
1646 863 1892 932 operatio
1914 861 2092 919 Patris

510 962 566 1008 et
591 952 730 1008 Filii.
772 952 1009 1009 Proinde
1035 953 1237 1010 faciens
1269 953 1436 1010 Filius
1462 952 1613 1009 videt
1642 955 1853 1009 Patrem
1879 953 2087 1009 facien-

509 1053 640 1110 tem,
670 1060 782 1099 non
809 1059 906 1114 per
932 1045 1315 1111 imitationem,
1345 1043 1441 1101 sed
1463 1058 1561 1113 per
1587 1043 1888 1098 naturalem
1914 1043 2091 1098 virtu-

509 1136 582 1191 tis
609 1143 774 1205 atque
801 1136 987 1206 operis
1017 1135 1294 1194 unitatem.
1327 1134 1462 1189 Cum
1492 1134 1679 1189 eadem
1704 1115 1988 1198 facit,'non
2011 1142 2093 1188 est

510 1227 762 1293 imitatio,
794 1227 893 1282 sed
930 1228 1107 1283 unitas
1128 1226 1356 1297 operis;
1407 1233 1462 1281 et
1503 1240 1626 1281 cum
1654 1226 1903 1280 similiter
1942 1225 2091 1294 facit,

510 1334 619 1374 non
641 1326 723 1374 est
751 1318 1087 1399 imparilitas,
1109 1318 1204 1374 sed
1224 1316 1505 1387 aequalitas
1531 1316 1808 1371 naturalis.
1831 1315 2093 1399 Imitatio-

509 1423 634 1463 nem
661 1395 827 1476 vero,’
843 1408 988 1476 quod
1012 1407 1081 1462 ad
1109 1406 1414 1477 exemplum
1444 1406 1701 1476 pertinet,
1751 1421 1859 1461 non
1904 1405 2008 1460 nisi
2037 1395 2091 1460 in

509 1496 736 1551 diversis
758 1504 921 1566 atque
947 1495 1281 1566 disparibus,
1331 1495 1445 1550 sive
1474 1495 1679 1550 naturis
1704 1495 1818 1549 sive
1841 1495 2093 1550 volunta-

510 1587 654 1642 tibus
697 1577 946 1651 inveniri,
995 1585 1184 1641 beatus
1210 1585 1488 1640 evidenter
1515 1584 1755 1639 ostendit
1779 1583 2091 1654 Apostolus.

509 1672 747 1746 lmpares
773 1676 972 1746 quippe
1000 1675 1254 1730 indicavit
1296 1674 1603 1737 voluntate,
1634 1675 1876 1744 quamvis
1906 1682 2095 1729 natura

511 1777 698 1825 nosset
715 1768 951 1838 aequales
980 1783 1076 1824 eos
1102 1768 1296 1838 quibus
1339 1776 1467 1823 tunc
1494 1766 1809 1822 Timotheus
1838 1773 2091 1836 praeerat,

2148 594 2169 609 “
2192 598 2319 647 sunt
2345 589 2447 645 tria
2466 604 2587 660 qua:
2616 586 2749 655 dixi,
2781 587 3063 653 memoria,
3094 587 3454 656 intelligentia
3509 598 3564 644 et
3585 591 3787 646 volun-

2182 687 2278 756 tas
2302 697 2315 733 :
2340 694 2463 751 quae
2486 678 2719 750 propriis
2736 678 2811 733 ita
2834 677 3210 733 discernuntur
3227 678 3525 745 vocabulis,
3550 689 3607 734 ut
3634 681 3784 738 nulla

2194 772 2249 828 in
2278 773 2358 828 eis
2377 773 2448 828 sit
2467 771 2753 828 diversitas
2776 769 3058 826 nuturalis.
3091 768 3208 824 Alia
3238 770 3439 841 quippe
3458 779 3545 827 est
3568 788 3784 829 memo-

2192 865 2295 932 ria,
2325 863 2430 919 alia
2456 862 2830 932 intelligentia,
2862 861 2967 917 alia
2993 861 3280 927 voluntas;
3312 870 3369 917 et
3393 870 3575 926 tamen
3593 902 3611 931 ,
3654 879 3787 920 cum

2195 956 2304 1011 sint
2327 956 2443 1011 haec
2468 955 2737 1027 veraciter
2765 954 2895 1021 tria,
2944 969 3054 1009 non
3082 962 3167 1009 est
3202 954 3401 1010 mentis
3421 955 3654 1031 diversa,
3689 955 3787 1011 scd

2194 1062 2302 1102 una
2323 1055 2554 1112 natura;
2606 1045 2861 1116 quoniam
2890 1044 3012 1110 ista,
3044 1060 3163 1115 qute
3188 1045 3328 1099 trina
3353 1045 3449 1117 (at.
3478 1047 3603 1116 tria)
3636 1056 3791 1113 sunt,

2195 1137 2252 1192 in
2296 1151 2403 1191 una
2444 1143 2627 1200 mente
2665 1135 2898 1189 humana
2928 1136 3251 1190 consistunt.
3284 1133 3471 1206 Itaque
3499 1135 3631 1190 dum
3669 1137 3788 1193 haec

2194 1227 2299 1281 tria
2320 1227 2373 1281 in
2396 1225 2553 1280 unius
2573 1225 2821 1279 humana:
2842 1226 3040 1303 mentis
3067 1232 3260 1280 natura
3281 1225 3645 1293 inveniantur,
3672 1244 3787 1285 non

2195 1324 2376 1372 tamen
2406 1316 2461 1371 in
2489 1317 2569 1372 eis
2594 1330 2747 1372 mens
2775 1316 2890 1387 ipsa
2914 1315 3190 1384 dividitur,
3219 1323 3281 1370 ut
3310 1316 3367 1371 in
3386 1325 3541 1387 parte
3566 1318 3651 1374 sui
3681 1320 3786 1373 ba-

2194 1406 2322 1461 beat
2366 1405 2711 1471 memoriam,
2762 1405 2818 1459 in
2866 1412 3021 1475 parte
3050 1404 3493 1472 intelligentiam,
3540 1406 3595 1460 in
3625 1415 3787 1477 parte

2193 1495 2565 1561 voluntatem;
2616 1493 2710 1549 sed
2752 1492 3013 1563 quidquid
3041 1492 3321 1561 meminit,
3367 1494 3641 1551 invenitur
3669 1504 3788 1552 tota

2195 1582 2541 1648 meminisse;
2571 1589 2627 1636 et
2654 1579 2912 1650 quidquid
2938 1579 3205 1649 intelligit,
3228 1588 3341 1635 tota
3365 1581 3698 1651 intelligere;
3730 1592 3788 1639 et

2198 1672 2457 1744 quidquid
2487 1672 2831 1727 nihilominus
2858 1670 2975 1740 ipsa
3000 1686 3154 1726 mens
3181 1670 3386 1738 diligit,
3434 1679 3548 1728 tota
3573 1687 3788 1741 cogno-

2198 1762 2367 1818 scitur
2394 1777 2547 1817 mens
2572 1760 2806 1817 hominis
2832 1775 2927 1815 sua
2953 1760 3232 1841 voluntate
3249 1759 3490 1829 diligere.
3522 1762 3652 1828 Ista,
3683 1763 3789 1818 Fa-

484 1920 485 1923 η
510 1862 567 1916 in
603 1876 668 1917 eo
690 1856 835 1931 quod
863 1860 911 1915 ei
940 1859 1069 1915 dicit
1102 1878 1115 1912 :
1145 1858 1457 1931 Exemplum
1483 1867 1590 1912 esto
1619 1857 1879 1928 ﬁdelibus,
1903 1857 1959 1910 in
1985 1873 2096 1910 ver-
2125 1872 2174 1931 Β
2199 1853 2381 1918 biane,
2412 1852 2457 1907 si
2483 1844 2660 1922 potes,
2690 1849 2942 1919 attende,
2980 1850 3082 1905 ista
3104 1850 3311 1918 cogita,
3342 1851 3444 1905 ista
3471 1853 3789 1910 rationabili

511 1951 597 2015 bo,
626 1950 681 2003 in
710 1949 1115 2013 conversatione,
1146 1949 1202 2001 in
1226 1949 1476 2012 caritate,
1506 1948 1560 2000 in
1589 1946 1721 2015 ﬁde,
1766 1947 1822 1999 in
1858 1945 2097 1998 castitate

513 2037 571 2109 (Ι
594 2038 733 2093 Tim.
759 2053 829 2103 1v,
860 2037 970 2106 12).
1010 2036 1070 2090 In
1096 2037 1181 2091 his
1209 2037 1395 2105 utique
1423 2035 1673 2089 omnibus
1699 2034 1801 2088 nisi
1828 2033 2097 2103 potiorem
2155 2075 2173 2096 ,

513 2128 723 2184 caeteris
750 2129 911 2182 sciret
938 2143 1002 2183 ac
1042 2127 1205 2182 vellet
1229 2141 1348 2181 esse
1379 2125 1750 2190 Timotheum,
1787 2123 2096 2178 nullatenus

438 2268 445 2275 .
514 2232 642 2287 eum
671 2215 918 2271 fidelibus
944 2230 1063 2270 csse
1097 2215 1312 2284 juberet
1336 2214 1643 2283 exemplum
1677 2231 1690 2265 :
1722 2221 1777 2268 et
1797 2213 1959 2282 600
1978 2211 2099 2266 illos
2144 2282 2147 2289 λ

516 2306 766 2376 exemplo
797 2304 912 2375 ejus
939 2305 1187 2360 aedificari
1217 2303 1486 2373 cupiebat,
1528 2317 1665 2371 quos
1709 2302 1988 2355 voluntate
2035 2314 2099 2354 ac

516 2397 716 2450 virtute
742 2395 974 2464 impares
997 2402 1243 2449 noverat.
1268 2393 1445 2447 Titum
1467 2406 1681 2462 quoque
1704 2392 1772 2445 ad
1792 2391 2098 2460 exemplum

517 2483 764 2541 fidelibus
793 2483 1152 2539 exhibendum
1188 2483 1436 2538 similiter
1467 2481 1814 2545 exhortatur,
1862 2480 2050 2535 dicens
2080 2497 2093 2532 :

517 2574 585 2630 In
605 2574 839 2629 omnibus
867 2575 1082 2643 teipsum
1108 2571 1280 2643 pra'be
1293 2572 1585 2642 exemplum
1609 2569 1859 2625 bonorum
1886 2586 2097 2639 operum

519 2661 648 2735 (Tit.
665 2678 722 2730 ιι,
736 2662 816 2731 7).
842 2659 970 2715 Tale
984 2658 1241 2729 quiddam
1262 2660 1427 2714 etiam
1446 2660 1499 2713 in
1523 2659 1702 2727 seipso
1723 2658 2099 2713 demonstrans

516 2751 595 2806 ait
625 2769 639 2804 :
671 2749 966 2805 Imitatores
990 2750 1090 2802 mei
1117 2758 1295 2814 estote,
1328 2751 1459 2803 sicut
1487 2758 1536 2803 et
1555 2764 1649 2818 ego
1679 2746 1871 2802 Clu-isti
1899 2747 1951 2815 (1
1974 2748 2094 2802 Cor.

513 2855 577 2909 ιι,
605 2838 681 2909 1).
707 2838 823 2911 Hoc
850 2847 1028 2892 autem
1057 2838 1194 2892 dixit
1221 2837 1531 2909 Apostolus,
1556 2854 1655 2908 pro
1685 2852 1752 2892 eo
1777 2839 1921 2906 quod
1942 2837 2098 2893 Chri-

514 2939 630 2987 stus
656 2930 813 2985 nobis
842 2929 1065 2997 reliquit
1092 2930 1396 2998 exemplum
1415 2969 1431 2993 ,
1473 2937 1535 2983 ut
1560 2943 1849 2998 sequamur
1874 2929 2097 2996 vestigia

513 3020 633 3089 ejus
661 3016 715 3089 (Ι
740 3017 886 3071 Petr.
923 3034 979 3083 ιι,
1010 3015 1122 3086 21).
1173 3016 1331 3072 Ratio
1359 3033 1489 3072 vero
1520 3017 1876 3098 intelligenda:
1905 3027 2098 3074 utcun-

513 3124 624 3179 que
650 3107 928 3163 Trinitatis
949 3109 1021 3163 ibi
1050 3109 1335 3177 quaerenda
1357 3117 1458 3173 est,
1482 3110 1571 3164 ubi
1595 3108 1665 3162 ad
1691 3110 1976 3177 imaginem
1997 3110 2095 3165 Dei

514 3198 643 3255 facti
670 3214 874 3263 sumus,
905 3206 961 3252 et
998 3198 1088 3252 ubi
1109 3188 1369 3267 quantum
1397 3214 1700 3268 possumus,
1730 3199 1969 3267 quandiu
1997 3215 2094 3269 per

512 3290 693 3355 fidem,
718 3306 826 3344 non
853 3304 952 3360 per
983 3289 1219 3359 speciem
1246 3290 1598 3355 ambulamus,
1627 3304 1751 3344 cum
1779 3287 2094 3347 diflicultate

511 3380 690 3449 magni
710 3378 931 3444 laboris,
956 3394 1053 3448 per
1079 3378 1355 3448 speculum
1384 3378 1435 3431 in
1464 3379 1748 3446 aenigmate
1774 3393 1915 3434 nunc
1945 3379 2092 3435 vide-

510 3486 650 3527 mus.
678 3470 819 3524 Deus
846 3470 991 3524 enim
1019 3470 1161 3524 sicut
1188 3468 1243 3523 in
1280 3483 1341 3523 se
1368 3469 1636 3522 bonorum
1657 3482 1882 3536 operum
1904 3482 2091 3522 exem-

509 3561 658 3632 plum
688 3560 996 3616 hominibus
1018 3559 1227 3627 tribuit,
1253 3559 1331 3613 sic
1351 3557 1718 3613 testimonium
1740 3572 1850 3611 sua:
1866 3557 2094 3624 agnitio-

510 3655 595 3709 nis
624 3655 676 3708 in
698 3653 1013 3709 hominibus
1039 3650 1330 3706 collocavit
1355 3666 1370 3715 ;
1422 3657 1482 3704 ut
1509 3664 1632 3704 cum
1658 3648 1776 3717 ejus
1802 3648 1978 3717 imago
2005 3656 2090 3700 at.

508 3742 769 3809 tenditur,
794 3743 936 3798 illius
956 3740 1109 3809 cujus
1131 3740 1308 3808 imago
1334 3748 1418 3795 est
1441 3740 1645 3811 agnitio
1664 3740 1929 3810 capiatur.
1957 3738 2090 3793 Nam

505 3833 552 3888 si
579 3832 774 3888 divina:
824 3831 1147 3901 cognitionis
1187 3832 1391 3886 nullum
1439 3833 1637 3887 creatis
1682 3831 1843 3886 rebus
1892 3831 2091 3885 inesset

505 3925 792 3993 indicium,
823 3940 928 3980 non
959 3924 1395 3980 dixisset'beatus
1435 3924 1726 3993 Apostolus
1753 3941 1767 3977 :
1798 3922 2088 3987 Invisibitia

506 4017 647 4072 enim
664 4017 779 4087 ejus
808 4033 840 4069 α
868 4024 1105 4069 creatura
1124 4015 1323 4080 mundi,
1354 4030 1446 4084 per
1471 4031 1533 4068 ea
1559 4030 1674 4084 qua:
1702 4016 1841 4084 facta
1867 4022 1986 4068 sunt
2005 4014 2085 4065 in-

505 4106 713 4159 tellecta
739 4106 1122 4168 conspiciuntur
1145 4102 1323 4174 (Rom.
1348 4121 1388 4170 ι,
1417 4103 1530 4173 20).
1562 4104 1699 4159 Hinc
1720 4112 1803 4159 est
1830 4104 1972 4172 quod
1996 4104 2087 4158 illa

504 4208 714 4249 summa
743 4193 996 4260 Trinitas,
1023 4207 1143 4263 quae
1171 4208 1278 4248 non
1306 4193 1470 4248 habet
1492 4210 1673 4263 parem
1690 4235 1705 4259 ,
1738 4194 1806 4247 ad
1835 4195 2078 4248 testimo-

506 4283 656 4338 nium
677 4296 786 4337 sute
809 4282 1125 4353 agnitionis,
1157 4298 1266 4338 non
1293 4284 1544 4353 cuiquam
1566 4284 1770 4354 pecori,
1795 4299 1897 4339 nec
1922 4285 2083 4339 alicui

504 4372 764 4427 animanti
787 4372 932 4442 quod
955 4387 1063 4429 non
1091 4380 1272 4443 potest
1298 4386 1497 4444 capere
1524 4374 1812 4440 rationem,
1854 4389 1955 4430 nec
1982 4375 2085 4444 ipsi

504 4463 721 4539 corpori
748 4463 1011 4529 humano,
1042 4463 1139 4518 sed
1179 4463 1423 4519 interiori
1469 4464 1676 4518 homini
1714 4473 1902 4519 nostro
1931 4479 2083 4519 suam

504 4554 823 4610 mirabiliter
853 4555 1122 4625 impressit
1147 4555 1435 4625 imaginem
1461 4573 1473 4607 :
1501 4555 1590 4609 ubi
1621 4572 1726 4611 non
1755 4564 1840 4610 est
1867 4571 2081 4612 masca-

502 4645 587 4702 lus
616 4661 793 4716 neque
824 4645 1043 4712 femina,
1073 4647 1196 4716 quia
1227 4647 1280 4701 in
1311 4647 1501 4716 spiritu
1529 4647 1678 4702 nulla
1704 4655 1885 4717 potest
1920 4662 2083 4704 sexus

502 4737 732 4793 inveniri
760 4736 1033 4793 distantia.
1083 4737 1140 4791 Si
1166 4752 1294 4793 vere
1324 4739 1503 4806 igitur,
1533 4737 1669 4793 duce
1697 4738 1929 4803 ratione,
1962 4753 2080 4809 my-

500 4828 726 4882 sterium
750 4828 833 4883 vis
861 4843 1084 4883 summa:
1114 4827 1390 4883 Trinitatis
1417 4836 1688 4896 utcunque
1731 4842 2081 4896 cognoscere,

499 4916 792 4972 humanam
840 4926 1098 4983 mentem,
1142 4933 1251 4973 non
1281 4917 1438 4973 oculo
1464 4917 1729 4987 corporis,
1773 4918 1867 4973 sed
1892 4918 2079 4972 obtutu

499 5008 743 5063 interiori
783 5008 1010 5062 intuere.
1036 5006 1173 5061 Redi
1211 5006 1279 5061 ad
1307 5013 1393 5071 te,
1441 5014 1505 5060 ut
1532 5020 1793 5074 agnoscas
1832 5021 1955 5061 eum
1987 5007 2081 5075 qui

498 5098 625 5154 fecit
649 5105 725 5152 te.
774 5094 851 5150 lbi
885 5103 938 5151 te
967 5112 1188 5167 prorsus
1216 5096 1536 5167 introspice,
1567 5096 1657 5151 ubi
1687 5096 1855 5152 habes
1881 5098 2081 5166 aliquid

2200 1943 2499 1998 intentione
2519 1941 2821 1998 considera.
2836 1939 2914 1995 De
2936 1939 3370 1995 consideratione
3390 1940 3638 2009 imaginis
3659 1958 3790 1997 conc

2198 2032 2395 2088 scenda
2418 2030 2483 2084 ad
2513 2028 2921 2098 intelligentiam
2952 2027 3194 2089 veritatis
3219 2045 3234 2095 ;
3266 2030 3327 2083 et
3345 2028 3559 2083 inventa
3581 2031 3673 2086 hic
3699 2032 3791 2086 di—

2197 2122 2371 2177 screta
2409 2120 2674 2175 Trinitate
2706 2112 3013 2184 nominum,
3058 2115 3377 2173 Trinitatem
3400 2118 3513 2174 illic
3537 2120 3790 2189 intelligo

2200 2226 2571 2282 personarum;
2591 2217 2955 2278 etagnoscens
2970 2208 3023 2262 in
3040 2222 3145 2261 una
3157 2214 3339 2262 mente
3352 2206 3604 2274 hominis,
3617 2225 3789 2265 unam

2202 2299 2478 2356 memoria:
2495 2306 2551 2354 et
2566 2297 2930 2367 intelligentiae
2944 2303 2998 2351 et
3011 2295 3300 2352 voluntatis
3321 2295 3650 2352 individuam
3665 2313 3790 2354 esse

2199 2403 2464 2458 naturam,
2497 2406 2762 2463 cognosce
2791 2391 2844 2445 in
2872 2390 2963 2445 illa
2990 2403 3117 2444 vera
3144 2388 3426 2445 divinitate
3454 2405 3620 2445 unam
3662 2393 3789 2445 ma-

2196 2498 2326 2540 nere
2351 2484 2510 2555 601
2540 2491 2740 2537 sancta:
2767 2480 3040 2535 Trinitatis
3068 2481 3377 2535 essentiam.
3436 2480 3587 2537 Tunc
3644 2497 3790 2553 pro-

2196 2575 2342 2631 fecto
2372 2576 2427 2629 in
2448 2574 2800 2644 perceptione
2844 2571 3001 2642 hujus
3024 2572 3248 2627 rationis
3269 2571 3485 2627 dabitur
3536 2572 3636 2628 tibi
3686 2589 3790 2629 co-

2198 2666 2368 2734 gnitio
2421 2663 2700 2719 Trinitatis
2732 2678 2939 2732 :.quam
2969 2663 3015 2717 si
3045 2662 3099 2716 in
3142 2662 3243 2717 hac
3287 2662 3396 2716 vita
3443 2662 3645 2719 videris
3690 2681 3791 2734 per

2197 2754 2476 2826 speculum
2498 2754 2553 2808 in
2580 2752 2885 2821 aenigmate,
2912 2759 3026 2806 tum
3056 2752 3110 2807 in
3140 2752 3230 2806 illa
3254 2752 3363 2807 vita
3389 2752 3598 2808 videbis
3647 2753 3791 2811 facio

2197 2845 2265 2899 ad
2292 2845 2508 2900 faciem.
2531 2841 2647 2899 Hoc
2675 2850 2759 2898 est
2785 2842 2928 2897 enim
2973 2840 3117 2912 quod
3145 2840 3434 2911 Apostolus
3456 2842 3533 2895 ait
3565 2860 3579 2894 :
3620 2842 3789 2896 Vide-

2195 2952 2310 2990 mus
2337 2936 2475 2989 enim
2500 2950 2637 2988 nunc
2664 2949 2757 3003 per
2776 2933 3038 3001 speculum
3060 2933 3115 2985 in
3140 2932 3435 3003 wnigmate,
3457 2940 3585 2985 tunc
3607 2943 3790 2987 autem

2197 3026 2331 3096 facie
2350 3023 2418 3077 ad
2449 3024 2635 3094 [aciem
2658 3020 2713 3092 (Ι
2751 3020 2871 3075 Cor.
2903 3036 3014 3087 xm,
3048 3019 3162 3091 12).
3194 3019 3252 3074 In
3296 3020 3403 3075 hoc
3452 3021 3616 3088 igitur
3649 3038 3789 3090 spe-

2196 3113 2318 3168 culo
2344 3113 2637 3169 creationis
2665 3112 2912 3167 humana:
2959 3125 3227 3180 cognosce
3269 3110 3535 3166 Creatoris
3580 3111 3787 3181 imagi-

2197 3219 2342 3269 nem,
2372 3204 2418 3260 si
2444 3204 2529 3260 vis
2557 3204 2728 3273 ipsam
2756 3200 3031 3258 Creatoris
3052 3203 3394 3272 postmodum
3444 3216 3789 3271 cognoscere

2145 3288 2162 3308 ¹
2194 3295 2498 3349 veritatem.
2531 3293 2760 3347 Ambula
2803 3307 2902 3362 per
2945 3292 3086 3346 hanc
3140 3290 3331 3353 fidem,
3390 3298 3448 3343 ut
3492 3291 3787 3369 pervenire

2194 3381 2368 3452 possis
2393 3381 2461 3436 ad
2489 3380 2747 3452 speciem.
2780 3380 2838 3434 In
2859 3392 2965 3449 qua
2987 3379 3144 3433 simul
3165 3379 3328 3433 etiam
3352 3379 3669 3449 mysterium
3701 3380 3785 3432 di-

2196 3473 2331 3527 vinae
2384 3470 2777 3527 lncarnationis
2807 3472 3023 3526 attende
3055 3488 3068 3523 :
3102 3478 3161 3524 ut
3188 3485 3449 3540 agnoscas
3511 3480 3569 3525 et
3614 3470 3782 3525 totius

2194 3565 2468 3619 Trinitatis
2490 3579 2656 3619 unam
2696 3557 2817 3619 esse
2860 3562 3239 3630 substantiam,
3278 3570 3333 3616 et
3376 3561 3783 3631 susceptionem

2192 3657 2368 3713 carnis
2395 3656 2462 3711 ad
2482 3657 2653 3712 solam
2676 3655 2795 3710 Filii
2820 3655 3090 3726 pertinere
3105 3669 3410 3725 personam.
3432 3653 3556 3724 Ipsa
3577 3657 3784 3725 quippe

2191 3749 2473 3814 memoria,
2505 3762 2623 3817 quae
2645 3748 2701 3801 in
2728 3748 2907 3803 anima
2934 3747 3167 3802 hominis
3194 3754 3298 3812 est,
3329 3755 3392 3801 ut
3434 3747 3641 3816 aliquid
3696 3749 3781 3803 lo-

2189 3845 2403 3906 quatur,
2434 3836 2642 3907 profert
2662 3852 2730 3892 ex
2785 3851 2904 3892 sese
2958 3836 3363 3904 cogitationem,
3392 3844 3450 3892 et
3501 3837 3779 3906 quodam-

2190 3930 2353 4003 modo
2376 3930 2619 3985 nascitur
2645 3944 2713 3984 ex
2732 3942 2797 3984 ea
2819 3928 3061 3999 spiritale
3088 3929 3334 3983 verbum.
3367 3928 3546 3999 Atque
3579 3929 3659 3984 ita
3689 3930 3781 3984 illa

2190 4019 2472 4075 rationalis
2488 4019 2679 4074 anima:
2703 4033 2809 4072 una
2839 4017 3286 4087 indivisibilisque
3311 4024 3526 4078 natura.
3552 4024 3673 4073 tota
3698 4018 3779 4071 in-

2187 4110 2402 4164 venitur
2422 4109 2729 4163 meminisse
2754 4106 2901 4176 quod
2920 4105 3193 4176 intelligit,
3215 4114 3271 4161 et
3299 4113 3415 4161 tota
3462 4105 3775 4173 intelligere

2189 4190 2331 4270 quod
2354 4201 2618 4265 meminit,
2647 4208 2703 4256 et
2721 4199 2978 4270 quidquid
2998 4200 3159 4266 oculo
3186 4199 3462 4254 memoriae
3503 4199 3773 4264 intuetur,

2190 4284 2360 4347 totum
2381 4292 2709 4361 cogitatione
2737 4290 3132 4361 complectitur.
3165 4291 3298 4357 Quae
3335 4290 3599 4359 cogitatio
3617 4300 3681 4347 ut
3706 4292 3777 4346 ad

2187 4382 2416 4437 aliorum
2445 4383 2691 4437 notitiam
2714 4380 3038 4452 proferatur,
3068 4394 3331 4450 corporea
3351 4395 3486 4436 voce
3506 4389 3770 4449 gestator.

2186 4472 2279 4526 llla
2307 4472 2509 4542 quippe
2537 4472 2816 4541 cogitatio,
2845 4471 2980 4541 nihil
3030 4478 3115 4525 est
3159 4470 3305 4526 aliud
3332 4485 3494 4539 quam
3550 4472 3767 4527 interna

2186 4561 2407 4616 locutio.
2440 4559 2594 4615 Unde
2622 4560 2760 4614 intra
2789 4559 3134 4629 semetipsam
3162 4559 3445 4614 rationalis
3470 4560 3653 4615 anima
3685 4562 3770 4615 lo-

2184 4652 2388 4722 quitur,
2436 4651 2565 4706 dum
2591 4651 2921 4720 cogitatione
2969 4657 3153 4705 versat
3202 4649 3348 4717 quod
3394 4649 3449 4703 in
3505 4653 3770 4706 memoria

2186 4744 2494 4798 continetur
2522 4759 2535 4795 :
2560 4751 2616 4797 et
2645 4740 2774 4797 ideo
2793 4741 2953 4811 digne
2967 4740 3079 4810 jam
3108 4740 3310 4796 dicitur
3328 4740 3576 4808 verbum,
3601 4742 3769 4797 etiam

2185 4836 2336 4905 prius
2364 4849 2525 4903 quam
2545 4848 2776 4904 corpore
2796 4847 2862 4888 ac
2878 4832 3029 4889 vocis
3056 4832 3237 4888 ofﬁcio
3271 4831 3597 4901 proferatur.
3629 4832 3769 4887 Ver-

2184 4924 2310 4979 bum
2339 4925 2522 4993 itaque
2551 4923 2679 4977 illud
2710 4922 2972 4992 spiritale,
2997 4921 3053 4975 id
3092 4929 3194 4987 est,
3225 4936 3296 4976 ex
3341 4923 3605 4977 memoria
3652 4922 3768 4977 for-

2185 5023 2329 5068 mata
2358 5014 2634 5082 cogitatio,
2656 5013 2897 5068 habitum
2918 5012 3318 5083 quodammodo
3347 5014 3543 5083 accipit
3570 5028 3768 5083 corpo-

2182 5104 2375 5170 ralem,
2403 5103 2530 5157 dum
2553 5102 2750 5173 accipit
2771 5117 3088 5172 corpoream
3118 5117 3332 5160 vocem.
3385 5100 3573 5171 itaque
3600 5102 3770 5156 mira-

2180 5193 2358 5248 biliter
2384 5191 2515 5247 illud
2542 5192 2786 5258 verbum,
2811 5200 2868 5247 et
2894 5191 2960 5246 ad
2982 5191 3117 5246 alios
3137 5199 3360 5261 accepta
3390 5206 3525 5246 voce
3574 5206 3772 5261 proce-

2180 5281 2279 5348 dit,
2310 5289 2364 5335 et
2388 5296 2419 5334 a
2447 5281 2705 5335 memoria
2734 5281 2802 5335 de
2848 5295 2953 5350 qua
2982 5279 3223 5335 nascitur
3250 5295 3360 5335 non
3386 5278 3596 5335 recedit
3628 5298 3641 5332 :
3667 5294 3773 5335 nec

2180 5370 2429 5426 divisioni
2458 5364 2731 5441 subjacet;
2754 5369 3190 5442 quandoquidem
3220 5385 3326 5425 uno
3374 5369 3545 5425 verbo
3573 5384 3642 5424 ex
3667 5383 3770 5423 ore

2180 5461 2450 5531 loquentis
2472 5461 2687 5526 emisso,
2707 5461 2785 5516 sic
2801 5461 3135 5516 instruuntur
3151 5459 3385 5515 universi
3404 5461 3496 5529 qui
3517 5457 3769 5524 audiunt,

2178 5557 2239 5603 ut
2258 5550 2402 5619 quod
2430 5551 2599 5606 semel
2620 5550 2822 5605 dictum
2841 5550 3089 5606 audiunt
3116 5551 3320 5617 cuncti,
3358 5549 3475 5605 sine
3503 5549 3770 5604 divisione

2178 5648 2349 5695 totum
2377 5640 2681 5711 percipiant
2702 5641 2915 5708 singuli.
2940 5639 3128 5710 Itaque
3163 5640 3385 5696 verbum
3416 5638 3568 5703 illud,
3593 5652 3769 5708 quan-

2174 5716 2294 5788 tum
2324 5734 2592 5789 invenitur
2617 5734 2670 5788 in
2692 5734 2917 5797 cunctis,
2946 5741 3151 5787 tantum
3194 5732 3465 5787 invenitur
3494 5731 3547 5787 in
3576 5729 3764 5795 singu-

2178 5824 2260 5880 lis.
2296 5824 2490 5883 Totum
2517 5826 2697 5895 itaque
2726 5827 2779 5889 in
2809 5826 3068 5882 memoria
3097 5833 3379 5897 permanet
3409 5822 3477 5881 de
3505 5837 3609 5892 qua
3654 5833 3759 5875 na-

468 5191 723 5277 ,‘rationis
750 5206 765 5254 ;
814 5197 870 5244 et
910 5190 1089 5244 statim
1127 5190 1221 5244 tibi
1251 5189 1305 5243 in
1327 5204 1422 5243 sua
1452 5188 1707 5257 imagine,
1740 5197 1993 5259 tanquam
2026 5190 2079 5243 in

458 5280 747 5356 jspeculo,
779 5282 1041 5337 clarescet
1070 5280 1274 5349 agnitio
1303 5278 1603 5334 Trinitatis.
1651 5278 1728 5334 Ita
1759 5278 1851 5335 fiet
1910 5287 1969 5333 ut
2023 5280 2076 5334 in

457 5409 469 5441 ε
496 5374 932 5430 consideratione
963 5388 1070 5427 non
1099 5372 1293 5441 genita:
1322 5371 1600 5440 imaginis,
1630 5370 1726 5427 sed
1766 5380 1993 5436 creatae,
2025 5371 2078 5425 id

463 5438 581 5541 iest
627 5474 832 5521 natura:
878 5465 1102 5519 multum
1146 5463 1417 5519 inferioris
1459 5463 1793 5533 multumque
1835 5463 2074 5532 imparis,

459 5549 468 5623 ἶ
495 5558 758 5612 unitatem
784 5555 1207 5623 Trinitatemque
1243 5569 1452 5622 veram,
1481 5561 1740 5624 quantum
1762 5569 1861 5623 per
1885 5569 2078 5624 specu-

440 5630 464 5707 ,-'
497 5645 605 5699 lum
628 5646 680 5699 in
704 5647 987 5714 :enigmate
1006 5646 1174 5701 videri
1205 5652 1404 5715 potest,
1431 5644 1624 5700 summi
1655 5644 1893 5714 reperias
1913 5642 2077 5698 Crea-

498 5738 647 5791 toris.
678 5737 815 5792 Sunt
840 5740 983 5798 enim
1012 5739 1255 5807 qumdam
1286 5738 1385 5792 tria
1411 5738 1464 5792 in
1492 5744 1675 5791 mente
1697 5736 1928 5791 humana
1956 5749 2074 5804 quae

494 5825 562 5880 ad
590 5826 916 5895 agnitionem
958 5828 1050 5881 Dei
1082 5828 1381 5897 proficiant,
1422 5828 1475 5882 ‘si
1515 5843 1625 5884 non
1654 5826 1757 5883 sibi
1786 5825 2074 5884 obduratio
