4090 6342
306 351 407 407 775
420 362 425 367 ‘

1361 348 1637 405 CONTRA
1672 345 2022 403 FABIANUM
2062 345 2504 403 FRAGMENTA.

3454 350 3561 405 774

309 463 502 527 scitur,
532 468 705 516 totum
727 473 990 530 corporea
1018 472 1152 514 voce
1172 459 1473 529 profertur,
1506 468 1679 515 totum
1700 458 1881 514 multis
1914 458 1956 517 A
1984 458 2135 525 gulas
2161 458 2515 528 propriasque
2541 470 2818 527 personas.
2858 455 3040 527 imago
3079 457 3281 528 quippe
3319 467 3402 514 est
3429 461 3560 525 ista,

300 551 644 608 audientibus
672 549 841 605 semel
868 548 1096 616 dicitur,
1121 556 1397 616 totumque
1424 549 1479 602 in
1527 548 1752 617 singulis
1779 563 1875 602 au-

301 639 594 703 dientibus,
620 652 729 692 non
776 637 953 691 minus
997 651 1158 705 quam
1204 636 1259 690 in
1288 636 1537 691 omnibus
1586 636 1876 692 invenitur.

294 726 378 782 Ita
404 736 463 782 et
490 715 667 781 Filius.
687 724 803 792 Dei,
831 724 976 794 quod
1005 731 1085 779 est
1105 723 1338 778 Verbum
1370 724 1485 790 Dei,
1515 739 1545 778 a
1570 722 1728 780 Patre
1754 726 1878 795 qui-

299 820 447 883 dem,
478 819 617 873 sicut
665 817 778 887 ipse
810 824 1038 871 testatur
1078 816 1255 887 (Joan.
1301 832 1413 883 XVI,
1444 815 1559 884 28),
1608 816 1777 871 exivit
1825 824 1881 872 et

300 911 453 965 venit
476 911 528 963 in
552 909 694 962 hunc
719 906 979 961 mundum
1006 924 1019 959 :
1045 906 1139 961 sed
1169 914 1225 961 ct
1244 922 1463 977 semper
1490 907 1633 976 apud
1661 906 1879 962 Patrem

296 1006 443 1063 erat,
472 996 595 1066 quia
626 997 680 1048 in
707 994 962 1066 principio
987 1004 1100 1049 erat
1145 994 1380 1059 Verbum,
1412 1003 1462 1050 et
1516 994 1738 1050 Verbum
1765 1003 1879 1050 erat

295 1088 443 1158 apud
479 1064 677 1149 Deum,
709 1064 773 1138 vet
812 1064 952 1138 Heus
998 1094 1108 1138 erat
1164 1084 1384 1138 Verbum
1434 1085 1613 1155 (Joan.
1637 1101 1674 1149 ι,
1700 1085 1790 1157 1);
1820 1095 1875 1141 et

297 1188 588 1245 antequam
645 1176 699 1229 in
749 1176 1005 1230 mundum
1055 1175 1284 1242 veniret,
1313 1177 1365 1229 in
1414 1177 1605 1231 mundo
1649 1186 1784 1244 erat,
1828 1184 1879 1230 et

297 1272 523 1325 mundus
547 1286 640 1343 per
677 1270 848 1340 ipsum
896 1269 1061 1338 {actus
1090 1276 1166 1320 est
1205 1266 1392 1336 (Ibid.,
1422 1266 1530 1335 12).
1580 1267 1639 1321 1η
1678 1267 1879 1322 mundo

298 1363 445 1416 enim
472 1376 689 1431 semper
716 1367 836 1415 erat
859 1357 1090 1413 Verbum
1113 1357 1282 1423 Deus;
1310 1359 1435 1427 quia
1472 1372 1571 1428 per
1614 1358 1877 1413 unitatem

297 1460 508 1505 natura:
537 1451 675 1505 sicut
724 1462 943 1504 omnem
996 1454 1302 1502 creaturam
1353 1448 1539 1517 implet
1587 1448 1767 1513 Pater,
1799 1448 1877 1503 sic

295 1542 489 1613 implet
505 1548 569 1604 ,et
592 1539 776 1595 Filius.
801 1538 986 1606 Itaque
1012 1552 1113 1592 nec
1141 1551 1173 1590 a
1200 1535 1360 1591 Patre
1407 1536 1653 1593 discessit
1698 1552 1819 1592 cum
1847 1553 1878 1592 a

294 1631 463 1687 Patre
490 1630 676 1691 exivit,
707 1643 809 1683 nec
838 1637 964 1681 tunc
993 1627 1046 1679 in
1073 1625 1273 1680 mundo
1304 1639 1424 1680 esse
1448 1618 1637 1697 coepit,
1667 1639 1788 1680 cum
1820 1624 1873 1678 in

293 1721 558 1776 mundum
586 1718 752 1774 venit.
778 1716 883 1772 Sed
912 1716 1099 1771 exiens
1121 1730 1152 1769 a
1179 1714 1363 1781 Patre,
1388 1716 1465 1771 sic
1495 1715 1637 1785 apud
1661 1713 1874 1769 Patrem

1982 561 2088 602 non
2116 554 2258 612 nata,
2283 544 2381 601 sed
2403 544 2566 611 facta,
2597 560 2707 600 non
2727 545 2928 613 genita,
2956 545 3052 600 sed
3079 553 3282 601 creata.
3325 546 3407 602 Ad
3447 548 3555 604 hoc

1981 637 2185 706 utique,
2206 645 2269 691 ut
2295 637 2435 697 sicut
2456 637 2618 711 602
2644 636 2699 692 in
2726 637 2828 692 ista
2854 652 2961 691 una
3008 637 3238 706 imagine
3282 638 3554 694 invenitur
3618 621 3623 638 ί

1981 728 2224 797 qumdam
2249 728 2507 785 discretio
2533 729 2943 794 vocabulorum,
2975 718 3053 783 sic
3081 729 3136 783 in
3164 728 3253 783 illa
3275 745 3380 785 una
3424 730 3558 801 divi-

1980 818 2151 873 nitate
2176 826 2536 889 cognoscatur
2561 816 2814 874 discretio
2841 832 3221 889 personarum;
3253 828 3310 873 et
3332 828 3559 874 natura-

1979 907 2046 962 lis
2076 908 2254 963 unitas
2274 907 2526 963 ostendat
2580 923 2745 963 unum
2774 907 2939 962 Deum
2966 922 3086 963 esse
3125 905 3340 963 Patrem
3386 918 3444 964 et
3469 909 3560 964 Fi-

1979 996 2107 1051 lium
2129 1003 2188 1050 et
2224 994 2484 1067 Spiritum
2531 1004 2805 1061 sanctum,
2829 1011 3189 1063 personarum
3243 1012 3375 1052 vero
3420 1012 3550 1066 pru-

1978 1088 2178 1159 prietas
2196 1087 2529 1166 demonstret
2567 1087 2729 1142 alium
2750 1102 2868 1142 esse
2896 1086 3129 1152 Patrem,
3156 1086 3317 1142 alium
3339 1086 3559 1153 Filium,

1979 1178 2142 1233 alium
2167 1178 2425 1248 Spiritum
2458 1186 2723 1233 sanctum.
2757 1176 2935 1232 Alium
2959 1186 3141 1233 autem
3172 1176 3408 1245 Patrem,
3446 1194 3557 1234 non

1978 1284 2045 1324 eo
2065 1268 2207 1339 quod
2234 1268 2376 1322 Deus
2426 1274 2530 1331 est,
2558 1265 2654 1321 sed
2676 1281 2742 1322 eo
2768 1266 2913 1336 quod
2966 1264 3130 1320 Pater
3166 1274 3280 1332 est;
3311 1275 3368 1322 et
3393 1267 3557 1321 alium

1979 1355 2170 1410 Filium
2193 1371 2300 1410 non
2329 1370 2397 1410 eo
2419 1354 2564 1424 quod
2584 1355 2728 1409 Deus
2754 1363 2858 1420 est,
2888 1355 2982 1413 sed
3008 1369 3075 1410 eo
3096 1354 3241 1425 quod
3266 1355 3430 1410 Filius
3450 1365 3559 1422 est;

1978 1449 2140 1503 alium
2161 1463 2377 1519 quoque
2405 1446 2665 1516 Spiritum
2692 1453 2938 1502 sanctum
2957 1485 2973 1508 ,
3002 1461 3110 1500 non
3140 1461 3208 1501 eo
3235 1445 3380 1515 quod
3413 1445 3555 1501 Deus

1979 1548 2081 1603 est,
2113 1537 2207 1592 sed
2235 1552 2302 1592 eo
2329 1535 2475 1606 quod
2504 1544 2561 1590 et
2586 1534 2761 1590 Patris
2786 1544 2841 1590 et
2856 1534 2977 1589 Filii
3002 1533 3232 1605 Spiritus
3247 1543 3350 1590 est.
3378 1534 3557 1591 Alium

1978 1639 2110 1693 ergo
2131 1623 2344 1680 Patrem
2365 1626 2456 1694 qui
2481 1624 2660 1697 (Apud
2682 1624 2886 1679 Theod.
2918 1626 3038 1695 quia
3085 1625 3171 1680 hic
3191 1632 3246 1679 et
3266 1623 3423 1696 infra)
3454 1638 3551 1692 ge-

1978 1717 2116 1781 nuit,
2140 1716 2301 1769 alium
2325 1714 2516 1769 Filium
2544 1714 2635 1783 qui
2679 1714 2748 1769 de
2791 1712 2951 1769 Patre
2980 1722 3137 1769 natus
3163 1723 3266 1783 est,
3294 1724 3350 1771 et
3390 1715 3555 1770 alium

293 1811 611 1883 permansit,
637 1810 799 1865 ‘sicut
844 1822 1058 1876 semper
1079 1815 1198 1862 erat
1228 1825 1240 1860 :
1273 1814 1329 1862 et
1376 1808 1429 1861 in
1479 1805 1737 1861 mundum
1782 1821 1875 1860 ve-
1907 1832 1953 1891 Β
1981 1808 2237 1879 Spiritum
2264 1808 2510 1863 sanctum
2534 1807 2624 1875 qui
2669 1806 2737 1861 de
2778 1805 2939 1861 Patre
2978 1805 3222 1877 Filioque
3266 1805 3553 1876 procedit:

295 1903 483 1968 niens,
506 1901 580 1955 ibi
610 1909 737 1954 tunc
757 1896 948 1953 adesse
975 1897 1146 1952 voluit
1186 1912 1284 1966 per
1309 1897 1535 1966 gratiam
1555 1938 1571 1963 ,
1618 1896 1709 1951 ubi
1736 1912 1871 1951 nun-

295 2010 462 2066 quam
480 1993 671 2048 deesse
698 1991 873 2062 potuit
898 2006 995 2060 per
1023 1998 1289 2044 naturam.
1318 1988 1459 2045 Ecce
1483 2003 1584 2058 ego
1615 1991 1668 2045 in
1698 2005 1870 2061 quan-

297 2098 412 2141 tum
468 2084 668 2155 potui,
716 2082 843 2139 licet
892 2081 1149 2155 breviter,
1197 2080 1405 2135 reddidi
1449 2082 1713 2136 rationem
1764 2095 1870 2150 qua

296 2152 659 2230 unum—Deum
688 2152 927 2225 dicamus
953 2168 1190 2238 Patrem,
1219 2177 1274 2223 et
1299 2167 1513 2232 Filium,
1542 2177 1599 2224 et
1611 2169 1871 2238 Spiritum

294 2272 544 2319 sanctum
575 2279 588 2314 :
622 2269 678 2316 et
705 2262 758 2317 in
788 2261 903 2330 ipsa
932 2259 1029 2337 Dei
1058 2260 1291 2328 imagine
1338 2259 1548 2314 ostendi
1596 2259 1870 2330 quoddam

296 2355 488 2409 divina:
517 2352 806 2422 agnitionis
828 2351 1098 2406 indicium.
1141 2349 1196 2405 In
1222 2365 1328 2420 qua
1368 2351 1584 2419 quidem
1612 2352 1867 2419 imagine,

295 2445 579 2508 memoria,
605 2442 957 2512 intelligentia
1003 2455 1058 2496 et
1106 2440 1355 2495 voluntas
1385 2456 1492 2495 non
1541 2440 1744 2494 habent
1770 2441 1873 2494 sin—

1980 1916 2091 1955 non
2121 1908 2299 1954 tamen
2321 1899 2485 1953 alium
2514 1897 2682 1952 Deum
2707 1894 2920 1952 Patrem
2940 1937 2955 1963 ,
2987 1905 3043 1951 et
3071 1897 3233 1951 alium
3264 1896 3431 1951 Deum
3461 1895 3558 1949 Fi-v

1978 1992 2126 2056 lium,
2157 1998 2213 2045 et
2237 1990 2400 2044 alium
2429 1988 2600 2043 Deum
2646 1987 2907 2057 Spiritum
2955 1996 3236 2054 sanctum;
3266 1987 3360 2043 sed
3386 2001 3555 2041 unum

1978 2083 2146 2137 Deum
2168 2080 2381 2137 Patrem
2408 2089 2463 2137 et
2485 2080 2675 2134 Filium
2724 2088 2781 2133 et
2817 2078 3076 2148 Spiritum
3120 2087 3385 2134 sanctum.
3433 2077 3555 2132 Non

1977 2172 2119 2227 enim
2158 2170 2441 2227 confundit
2469 2170 2648 2224 unitas
2673 2168 3012 2235 Trinitatem,
3036 2184 3137 2225 nec
3180 2167 3418 2223 Trinitas
3465 2182 3556 2222 se-

1976 2269 2133 2332 parat
2163 2262 2454 2323 unitatem;
2483 2260 2609 2328 quia
2639 2257 2783 2329 quod
2805 2258 2858 2312 in
2876 2272 3227 2327 personarum
3255 2256 3556 2327 proprieta-

1974 2360 2028 2407 te
2052 2351 2391 2415 discernitur,
2424 2350 2529 2404 hoc
2557 2363 2720 2402 unum
2748 2347 3064 2401 naturaliter
3109 2347 3357 2402 essentia:
3394 2346 3558 2401 unius

1976 2441 2353 2496 communione
2374 2446 2724 2493 monstratur.

1322 2644 1416 2690 EX
1453 2643 1676 2690 LIBBO
1720 2643 1817 2690 Vl.
1870 2644 1970 2691 DE
2015 2640 2161 2689 UNO
2204 2639 2534 2691 ETEBNO.

756 2753 1231 2814 FRAGMENTUM
1269 2753 1407 2809 XIX.

692 2851 856 2906 Filius
882 2860 959 2905 est
997 2849 1147 2903 Patri
1173 2856 1479 2902 comternus.

367 2947 485 3003 Non
524 2953 607 3001 est
649 2940 1030 2998 irrationabilis
1084 2937 1337 2994 Ecclesia:
1388 2936 1666 2992 catholica:
1716 2935 1870 3004 ﬁdes,

298 3040 422 3110 quia
449 3045 774 3092 coaeternum
804 3031 953 3085 Patri
980 3030 1170 3085 Filium
1206 3037 1263 3084 et
1293 3028 1465 3084 credit
1496 3026 1834 3096 et'praadicat
1852 3066 1869 3091 ,

1978 2773 2228 2829 nativitas
2258 2770 2351 2826 ﬁlii
2381 2771 2674 2834 nascentis,
2699 2770 2823 2840 quia
2852 2771 2968 2826 sine
2990 2770 3143 2826 initio
3170 2786 3278 2826 non
3306 2771 3399 2826 fuit
3431 2774 3552 2830 sul»

1979 2865 2177 2921 stantia
2222 2862 2527 2933 genitoris:
2574 2863 2757 2931 itaque
2801 2869 2991 2917 natura
3040 2862 3128 2917 illa
3177 2863 3299 2918 ideo
3346 2864 3552 2919 initium

1981 2954 2235 3010 nascendi
2279 2953 2334 3006 in
2379 2950 2489 3006 tilio
2537 2952 2803 3007 veraciter
2830 2951 3034 3018 habuit,
3079 2953 3205 3022 quia
3246 2954 3363 3008 sine
3402 2953 3555 3009 initio

1982 3044 2246 3101 existendi
2292 3044 2344 3098 in
2372 3043 2619 3112 genitore
2664 3057 2771 3096 non
2825 3041 2964 3096 fuit:
3018 3043 3160 3098 unde
3210 3042 3554 3099 manifestum

296 3128 475 3183 sciens
497 3130 770 3179 recentem
801 3136 919 3176 esse
947 3134 1160 3175 omnem
1210 3119 1369 3173 deum
1392 3118 1444 3171 in
1466 3132 1575 3187 quo
1602 3116 1869 3172 θιῑειειιάί
1901 3137 1946 3199 c
1976 3144 2081 3199 est,
2106 3136 2230 3205 quia
2260 3135 2314 3188 in
2344 3133 2455 3189 lilio
2477 3132 2729 3188 nativitas
2756 3132 2845 3186 illa
2873 3132 3023 3187 nullo
3047 3132 3200 3188 initio
3228 3133 3555 3202 subjaceret,

299 3216 575 3287 quodlibet
600 3213 869 3267 invenitur
889 3212 1114 3264 initium.
1148 3207 1263 3263 Hoc
1285 3216 1465 3262 autem
1485 3207 1627 3262 Deus
1652 3222 1753 3261 suo
1778 3221 1878 3277 po-

297 3309 427 3379 pulo
455 3307 795 3377 repromisit,
824 3304 949 3373 quia
977 3303 1021 3356 si
1050 3316 1172 3356 eum
1224 3299 1474 3364 audierit,
1522 3299 1659 3355 deus
1690 3300 1745 3353 in
1784 3298 1877 3352 illo

298 3413 490 3455 recens
511 3413 615 3452 non
635 3399 759 3463 erit,
789 3403 843 3450 et
863 3396 933 3449 ob
955 3394 1062 3448 hoc
1087 3391 1252 3446 deum
1296 3391 1531 3445 alienum
1575 3390 1877 3443 nullatenus

298 3488 567 3543 adorabit.
598 3487 687 3542 Sic
710 3486 852 3541 enim
887 3484 1084 3539 dicitur
1128 3496 1226 3552 per
1277 3480 1600 3550 prophetam
1634 3497 1647 3531 :
1682 3478 1874 3545 Israel,

299 3583 341 3636 si
366 3596 451 3634 me
480 3580 725 3642 audieris,
756 3593 861 3631 non
890 3578 988 3630 erit
1015 3576 1069 3628 in
1098 3583 1146 3628 te
1167 3574 1290 3627 deus
1334 3587 1533 3635 recens,
1556 3587 1720 3641 neque
1749 3570 1877 3624 ado—

296 3670 439 3725 rabis
465 3670 617 3722 deum
638 3670 866 3722 alienum
894 3664 1066 3735 (Psal.
1090 3679 1255 3728 Lxxx,
1284 3662 1392 3733 10).
1423 3661 1548 3715 Ideo
1569 3661 1729 3728 igitur
1746 3660 1879 3715 deus

295 3776 491 3816 recens
508 3775 614 3814 non
643 3767 727 3813 est
750 3756 934 3821 Filius,
963 3756 1089 3825 quia
1121 3761 1326 3809 :eterno
1356 3751 1502 3806 Patri
1549 3761 1632 3806 est
1659 3760 1878 3805 natura-

295 3851 422 3906 liter
458 3857 788 3914 cozeternus;
819 3856 876 3902 et
900 3848 970 3901 ob
1000 3847 1105 3900 hoc
1133 3861 1161 3898 a
1190 3843 1345 3898 nobis
1400 3857 1536 3896 llllLS
1592 3843 1733 3896 Deus
1754 3855 1875 3895 cum

296 3942 461 3997 Patre
486 3941 701 4001 colitur,
731 3940 855 4008 quia
876 3937 1147 4007 posterior
1166 3934 1327 3988 Patre
1346 3932 1647 3988 nullatenus
1675 3931 1879 3986 inveni-

296 4045 405 4091 tur.
435 4034 570 4090 Cum
601 4046 729 4101 ergo
755 4032 811 4086 in
852 4029 991 4085 Filio
1016 4028 1274 4097 quaeritur
1321 4034 1536 4080 aeternae
1580 4023 1877 4081 nativitatis

295 4139 486 4192 causa,
508 4123 623 4177 sola
655 4121 924 4176 invenitur
950 4118 1128 4173 Patris
1157 4126 1359 4172 aeterna
1413 4116 1710 4172 substantia
1736 4133 1749 4167 :
1781 4131 1877 4170 na-

297 4226 418 4270 tura
449 4214 591 4268 enim
619 4226 738 4280 qua:
760 4210 970 4265 initium
1002 4207 1269 4263 existendi
1302 4207 1490 4291 nescit,
1524 4206 1733 4260 initium
1779 4219 1874 4273 ge-

294 4305 520 4364 nerandi
549 4304 750 4358 habere
781 4317 886 4357 non
912 4301 1105 4371 potuit.
1139 4299 1277 4366 Quid
1312 4307 1492 4353 autem
1520 4297 1875 4354 manifestius

295 4397 361 4452 ad
387 4392 823 4463 cognoscendum
847 4389 1060 4457 Filium,
1080 4400 1137 4445 et
1165 4391 1231 4445 de
1261 4396 1450 4444 natura
1468 4389 1642 4444 Patris
1667 4398 1871 4455 natum,

1977 3227 2024 3282 si
2095 3233 2285 3279 natura
2332 3222 2503 3294 patris
2559 3221 2823 3277 existendi
2872 3221 3081 3276 initium
3142 3237 3248 3277 non
3298 3222 3544 3278 haberet.

1979 3316 2245 3382 Quocirca
2292 3315 2383 3370 ubi
2425 3314 2543 3369 sine
2571 3313 2729 3367 initio
2758 3314 3020 3368 naturalis
3046 3313 3316 3369 invenitur
3341 3316 3557 3370 interni-

1979 3415 2066 3461 tas
2087 3406 2280 3476 patris,
2320 3404 2529 3459 initium
2562 3402 2765 3457 habere
2789 3416 2899 3457 non
2938 3409 3123 3471 potest
3146 3403 3398 3457 nativitas
3425 3418 3557 3472 pro-

1955 3549 1959 3553 ,
1979 3495 2066 3549 lis.
2105 3494 2378 3562 lngenitus
2403 3506 2534 3561 ergo
2553 3491 2696 3547 Deus
2716 3490 2898 3556 Pater,
2928 3500 2982 3546 et
2995 3492 3208 3559 genitus
3228 3491 3371 3546 Deus
3389 3490 3559 3546 Filius

1980 3599 2105 3638 cum
2133 3584 2348 3648 dicitur,
2376 3584 2515 3637 sicut
2532 3581 2795 3637 naturalis
2816 3582 3039 3650 ingeniti
3062 3581 3236 3637 Patris
3270 3583 3552 3652 generatio

1978 3678 2238 3730 unitatem
2269 3682 2474 3728 natura:
2502 3673 2628 3729 facit
2675 3673 2730 3727 in
2760 3673 2922 3728 Patre
2970 3672 3215 3743 Filioque
3258 3675 3554 3742 cognosci,

1979 3766 2058 3820 sic
2085 3765 2345 3819 naturalis
2385 3764 2659 3819 aeternitas
2689 3762 2862 3817 Patris
2915 3771 3062 3818 vetat
3099 3764 3317 3833 aliquod
3346 3763 3557 3820 initium

1980 3854 2172 3910 divina:
2199 3852 2559 3923 generationis
2587 3851 2832 3920 intelligi.
2873 3852 3085 3920 Absque
3114 3852 3267 3906 initio
3290 3860 3375 3907 est
3393 3852 3557 3920 igitur

1981 3952 2039 4000 et
2068 3942 2233 3999 Pater
2273 3952 2328 3998 et
2364 3942 2549 4009 Filius,
2598 3950 2654 3997 et
2696 3941 2822 3997 ideo
2848 3957 3010 3996 unum
3039 3956 3333 4011 verumque
3360 3943 3555 4012 princi-

1982 4035 2129 4105 pium
2152 4043 2236 4089 est
2254 4032 2416 4088 Pater
2442 4040 2499 4087 et
2525 4031 2691 4086 Filius
2715 4049 2728 4084 :
2761 4031 2903 4086 unde
2931 4032 3046 4100 ipse
3065 4030 3209 4087 Deus
3238 4028 3398 4089 Pater
3422 4022 3553 4102 pro-
3580 4068 3589 4077 ι

1980 4125 2100 4195 prio
2128 4124 2262 4178 Filio
2290 4122 2421 4178 dicit
2451 4122 2507 4176 in
2533 4122 2740 4192 psalmo
2765 4139 2778 4174 :
2826 4120 3014 4175 Tecum
3047 4122 3359 4191 principium
3386 4122 3442 4176 in
3469 4121 3554 4175 die

1979 4216 2179 4269 virtutis
2206 4222 2326 4279 true,
2358 4218 2413 4266 in
2433 4211 2793 4282 splendoribus
2827 4221 3145 4280 sanctorum,
3177 4229 3243 4266 ea:
3262 4220 3410 4267 utero
3432 4222 3554 4267 ante

1979 4305 2251 4375 luciferum
2290 4304 2442 4374 genui
2491 4311 2541 4356 te
2597 4301 2768 4372 (Psal.
2811 4318 2921 4369 (ιιι,
2951 4303 3028 4373 5).
3068 4302 3221 4369 Quod
3259 4312 3345 4358 est
3385 4313 3555 4359 tecum

1979 4396 2307 4466 principium,
2340 4393 2439 4448 nisi
2463 4393 2606 4463 quod
2632 4393 2759 4448 alibi
2787 4393 2856 4448 de
2879 4393 3155 4463 Sapientia
3185 4395 3398 4459 dicitur.
3426 4396 3554 4464 quia

296 4497 353 4544 et
372 4486 523 4541 Patri
549 4483 866 4538 naturaliter
891 4490 1241 4545 coaeternum,
1268 4481 1363 4534 illo
1411 4479 1702 4549 Scriptura:
1729 4480 1872 4546 loco,
1908 4518 1955 4575 υ
1983 4502 2016 4538 α
2044 4484 2269 4539 Domino
2297 4482 2406 4538 Dea
2434 4492 2530 4546 est,
2554 4494 2603 4537 et
2631 4498 2744 4535 cum
2772 4482 2864 4536 illo
2894 4485 2989 4554 fuit
3015 4499 3233 4551 semper,
3264 4493 3314 4537 et
3339 4492 3416 4537 est
3435 4496 3558 4538 ante

295 4592 404 4647 quo
432 4576 502 4631 de
555 4573 828 4644 Sapientia
877 4571 1105 4627 dicitur:
1141 4570 1404 4641 Splendor
1450 4580 1524 4623 est
1561 4572 1699 4624 enim
1748 4569 1879 4625 lucis

296 4678 506 4724 aeterm:
537 4668 691 4739 (Sap.
720 4683 813 4733 vn,
836 4665 965 4737 ‘26)?
986 4664 1121 4720 Nam
1150 4665 1427 4736 splendor,
1472 4679 1572 4719 nec
1614 4678 1645 4718 a
1684 4652 1878 4719 natura

297 4760 431 4815 lucis
457 4760 728 4815 invenitur
756 4768 1066 4822 extraneas,
1100 4766 1156 4812 et
1180 4758 1317 4812 sicut
1345 4772 1450 4811 non
1488 4765 1572 4811 est
1611 4757 1727 4826 ipsa
1756 4757 1878 4812 luce

295 4850 493 4912 minor,
508 4850 587 4904 sic
603 4863 666 4903 ea
684 4864 788 4903 non
811 4855 991 4918 potest
1007 4862 1126 4903 esse
1140 4847 1426 4916 posterior.
1440 4845 1879 4902 Coaeternitatem

297 4942 496 5013 quippe
541 4940 844 5011 splendoris
881 4938 1181 4993 certissime
1226 4937 1567 4993 commendat
1599 4938 1878 4992 teter-nitas

297 5032 449 5088 lucis.
472 5032 608 5087 Nam
619 5039 848 5105 excepto
858 5030 1007 5098 quod
1028 5029 1394 5097 unusquisque
1406 5028 1680 5083 hominum
1693 5028 1771 5082 sic
1785 5041 1880 5096 ge-

295 5131 454 5178 nerat
479 5121 663 5186 tilium,
692 5121 831 5177 sicut
859 5127 945 5175 est
960 5122 1073 5189 ipse
1094 5128 1412 5188 generatus;
1437 5128 1493 5173 et
1517 5120 1639 5175 ideo
1658 5120 1767 5174 tilio
1779 5134 1878 5175 suo

295 5213 568 5267 invenitur
579 5211 835 5277 anterior,
851 5210 975 5278 quia
991 5207 1086 5262 fuit
1103 5218 1256 5278 patre
1269 5223 1369 5263 suo
1385 5208 1680 5278 posterior:
1697 5216 1876 5262 tamen

294 5303 360 5358 ad
384 5304 561 5373 ipsum
577 5304 809 5372 primum
847 5300 1120 5355 hominem
1151 5313 1510 5364 recurramus,
1544 5299 1627 5354 cui
1650 5298 1751 5353 soli
1774 5300 1874 5351 da-

294 5404 409 5451 tum
437 5403 524 5450 est
542 5395 594 5448 in
609 5402 726 5449 toto
739 5394 972 5447 humano
983 5406 1202 5461 genere,
1220 5400 1279 5445 ut
1292 5391 1406 5461 ipse
1429 5391 1568 5445 lilius
1587 5406 1693 5446 non
1707 5399 1872 5459 esset,

293 5494 350 5540 et
368 5486 439 5540 de
464 5499 524 5540 se
567 5482 730 5538 ﬁlium
757 5482 1097 5553 protulisset,
1119 5481 1451 5550 haberetque
1498 5481 1566 5536 de
1603 5496 1664 5536 se
1690 5490 1872 5537 natum

294 5578 458 5648 603
489 5592 594 5631 non
636 5585 812 5643 natus,
861 5583 917 5629 et
957 5582 1142 5646 posset
1186 5589 1445 5643 generare
1484 5589 1591 5629 non
1635 5576 1870 5643 genitus.

296 5666 590 5722 Generatio
631 5666 832 5737 quippe
860 5665 949 5719 illa
992 5666 1253 5719 naturalis
1299 5667 1554 5720 unitatem
1588 5675 1790 5721 natura:
1821 5669 1872 5722 in

296 5767 449 5828 patre
490 5756 708 5827 ﬁlioque
741 5755 994 5811 servavit.
1037 5753 1162 5811 Ideo
1211 5765 1390 5811 autem
1436 5756 1643 5811 initium
1684 5759 1872 5814 habuit

1980 4592 2142 4630 meum
2168 4574 2356 4647 (Eccli.
2390 4591 2435 4638 ι,
2470 4575 2524 4643 1)
2548 4577 2571 4628 ?
2598 4575 2767 4642 Digne
2788 4574 2972 4643 itaque
2993 4589 3053 4629 se
3078 4574 3243 4629 Filius
3263 4576 3556 4644 proﬁtetur

1980 4682 2098 4722 esse
2119 4666 2461 4736 principium,
2490 4665 2614 4733 quia
2644 4666 2699 4719 in
2735 4672 2941 4718 tantum
2969 4680 3028 4720 se
3052 4666 3201 4720 novit
3229 4665 3375 4720 Patri
3403 4668 3553 4735 prin-

1982 4756 2123 4825 cipio
2159 4765 2506 4817 comternum,
2556 4762 2615 4807 ut
2660 4769 2781 4809 cum
2826 4753 3020 4808 eodem
3049 4752 3208 4809 Patre
3239 4756 3553 4810 naturaliter

1983 4860 2149 4899 unum
2196 4858 2255 4899 se
2298 4842 2509 4898 noverit
2537 4857 2656 4897 esse
2681 4841 3036 4912 principium:
3068 4850 3125 4897 et
3150 4843 3279 4897 illud
3307 4844 3450 4913 quod
3492 4859 3554 4898 se

1948 4934 1953 4941 ’
1980 4961 2013 4994 α
2040 4946 2097 4993 et
2121 4962 2181 5002 ω,
2211 4936 2421 4992 initium
2465 4944 2521 4991 et
2565 4935 2721 4991 linem
2744 4935 2909 4991 Filius
2956 4937 3149 4991 asserit
3192 4938 3372 5008 (Apoc.
3404 4955 3441 5003 ι,
3472 4938 3552 5007 6),

1979 5030 2215 5100 seipsum
2262 5029 2447 5097 utique
2491 5028 2609 5083 sine
2635 5027 2789 5082 initio
2816 5035 2873 5082 et
2913 5028 3019 5082 line
3054 5028 3377 5083 conﬁrmat:
3425 5031 3551 5099 quia

1978 5123 2119 5177 sicut
2144 5130 2270 5177 ante
2295 5122 2453 5191 alpha
2483 5136 2589 5176 non
2629 5127 2712 5175 est
2739 5120 2913 5189 aliqua
2946 5120 3145 5186 littera,
3194 5121 3274 5176 sic
3302 5129 3428 5175 ante
3469 5121 3550 5176 Fi-

1980 5212 2106 5267 lium
2135 5212 2282 5266 nulla
2317 5211 2492 5281 potuit
2520 5224 2640 5265 esse
2663 5218 2896 5263 natura:
2944 5209 3066 5265 ideo
3108 5210 3271 5277 igitur
3297 5225 3356 5265 se
3394 5210 3552 5281 alpha

1978 5307 2145 5362 Filius
2171 5307 2318 5372 dicit,
2350 5313 2410 5361 ut
2438 5320 2617 5360 rerum
2643 5319 2703 5359 se
2727 5304 3035 5359 ostenderet
3061 5318 3180 5360 esse
3208 5304 3548 5374 principium,

1980 5399 2126 5469 quod
2153 5399 2299 5454 nullo
2326 5405 2505 5468 potest
2532 5396 2815 5466 praeveniri
2839 5396 3123 5467 principio.
3147 5395 3285 5450 Hinc
3305 5404 3386 5451 est
3405 5396 3551 5466 quod

1981 5492 2143 5546 etiam
2165 5497 2384 5546 sanctus
2411 5488 2761 5558 evangelista,
2793 5504 2912 5544 cum
2943 5489 3057 5543 sine
3086 5488 3239 5542 initio
3273 5489 3553 5542 aeternita-

1981 5590 2091 5637 tem
2116 5579 2481 5635 Verbi‘vellet
2508 5579 2832 5650 exprimere,
2866 5579 2998 5634 nihil
3041 5580 3216 5648 aptius
3240 5619 3255 5644 ,
3306 5579 3549 5648 nihilque

1981 5670 2377 5740 congruentius,
2423 5668 2627 5740 Spiritu
2655 5677 2841 5726 sancto
2869 5669 3102 5737 repletus
3135 5668 3356 5736 invenit,
3385 5684 3549 5738 quam

1982 5772 2039 5816 ut
2081 5761 2283 5816 diceret
2317 5759 2417 5814 :In
2460 5760 2718 5831 principio
2758 5766 2869 5812 erat
2915 5757 3136 5812 Verbum
3184 5757 3363 5829 (Joan.
3395 5775 3434 5825 ι,
3468 5759 3546 5827 1).
