4090 6342
270 370 376 428 777

1333 370 1607 428 CONTRA
1647 368 1989 428 FABIANUM
2032 367 2471 425 FRAGMENTA.

3435 367 3540 423 778

267 504 361 555 per
387 500 555 554 ipsum
581 482 632 553 (I
673 482 791 538 Cor.
821 501 929 551 vni,
962 483 1134 555 6).Έι
1165 485 1348 540 ﬁdeles
1373 486 1510 540 dixit
1537 486 1854 541 eoaediticari
1888 493 1932 550 Α
1961 485 2082 552 igne
2127 484 2342 552 quidem
2383 497 2503 538 esse
2549 481 2850 552 splendoris
2880 490 2936 538 et
2980 482 3197 553 vaporis
3241 482 3502 551 originem
3525 523 3542 546 ,

267 579 321 630 in
348 576 693 628 habitaculum
723 574 820 628 Dei
852 577 907 628 in
941 576 1140 647 Spiritu
1183 573 1402 645 (Ephes.
1437 592 1492 639 ιι,
1521 575 1636 644 Ἡ).
1669 571 1860 628 Osten-

268 669 403 721 dens
434 675 612 719 autem
641 680 804 719 unum
849 665 1013 719 Deum
1043 679 1163 720 esse
1202 663 1522 718 Trinitatem
1553 665 1658 727 ait,
1705 661 1749 715 0
1785 662 1862 714 at-

268 762 436 814 titudo
467 758 766 810 divitiarum
796 759 1072 828 sapientiae
1099 765 1149 809 et
1191 757 1425 812 scientire
1468 756 1561 810 Dei
1595 753 1772 824 (Rom.
1804 768 1859 816 ιι,

269 851 392 919 35)!
422 849 489 902 Et
516 846 676 917 paulo
710 856 866 916 post:
904 844 1164 910 Quoniam
1191 861 1256 898 ea:
1277 847 1412 915 ipso,
1437 856 1491 898 et
1536 859 1626 913 per
1670 844 1859 911 ipsum,

270 952 321 993 et
361 943 415 993 in
447 941 558 1008 ipso
583 946 708 991 sunt
747 938 964 1004 omnia,
1000 937 1098 1006 ipsi
1141 935 1310 1007 gloria
1337 937 1392 989 in
1431 934 1624 989 sacuta
1673 931 1862 1002 (Ibid.,

274 1031 386 1100 56).
428 1031 624 1084 Beatus
665 1044 794 1083 vero
833 1027 1070 1082 Joannes
1115 1029 1391 1098 apostolus
1434 1027 1716 1083 evidenter
1744 1023 1863 1076 ait:

278 1119 346 1172 Et
389 1131 487 1173 tres
515 1137 673 1172 unum
711 1129 831 1172 sunt
860 1117 912 1186 (Ι
941 1116 1102 1172 Joan.
1135 1134 1190 1185 v,
1228 1118 1314 1188 7);
1346 1117 1492 1187 quod
1531 1116 1599 1170 de
1630 1113 1786 1167 Patre
1811 1119 1869 1166 et

276 1209 415 1264 Filio
446 1219 496 1264 et
521 1209 732 1280 Spiritu
778 1216 970 1263 sancto
998 1207 1240 1273 dictum,
1283 1209 1422 1263 sicut
1449 1204 1698 1276 superius
1744 1217 1867 1256 cum

279 1302 546 1355 rationem
578 1299 845 1369 ﬂagitares
870 1299 1222 1354 ostendimus.

633 1447 796 1519 606
832 1444 1309 1502 FRAGMENTUM
1355 1445 1510 1500 XXII.

285 1559 526 1624 Nonest
577 1560 739 1629 ignis
766 1558 1038 1629 splendore
1073 1567 1167 1610 aut
1203 1573 1391 1628 vapore
1442 1573 1533 1610 suo
1587 1571 1769 1629 prior:
1797 1556 1871 1608 sic

332 1651 337 1653 ·
375 1647 471 1685 nec
496 1625 665 1683 Pater
694 1625 856 1693 Fitio,
887 1637 976 1681 aut
999 1627 1202 1697 Spiritu
1228 1625 1407 1681 saneto
1429 1636 1506 1680 est
1529 1625 1780 1680 anterior.

357 1741 498 1808 Quid
527 1748 710 1795 autem
756 1738 851 1794 tibi
879 1739 1052 1792 visum
1096 1746 1178 1792 est
1216 1736 1433 1791 dicere:
1474 1755 1491 1787 ‹
1520 1735 1732 1803 Ergone
1758 1733 1873 1788 lieri

286 1837 469 1901 potest
500 1837 564 1883 ut
607 1828 697 1882 ille
725 1827 817 1896 qui
845 1833 1089 1893 generat,
1139 1839 1259 1879 cum
1310 1824 1399 1878 illo
1428 1837 1588 1892 quem
1629 1829 1867 1891 generat,

286 1917 492 1990 pariter
521 1915 770 1971 oriatur?
808 1934 825 1965 ι
863 1913 951 1967 Sic
981 1912 1124 1966 istud
1170 1913 1400 1967 inaniter
1427 1912 1642 1967 voluisti
1669 1911 1868 1974 dicere,

287 2007 444 2078 quasi
471 2022 568 2060 nos
590 2015 645 2060 et
673 2007 779 2060 hoc
804 2004 967 2058 etiam
998 2001 1212 2057 Patrem
1242 2003 1482 2058 dicamus
1513 2010 1715 2068 natum,
1747 2001 1872 2070 quia

287 2095 484 2150 Filium
531 2095 675 2148 Patri
704 2095 929 2149 dicimus
976 2100 1323 2147 coaeternum.
1370 2092 1624 2148 Novimus
1655 2092 1871 2148 Patrem

289 2187 358 2241 de
390 2185 539 2238 nullo
583 2183 854 2251 genitum,
905 2183 1154 2236 novimus
1202 2182 1391 2236 Filium
1435 2183 1502 2237 de
1530 2181 1688 2238 Patre
1719 2183 1863 2251 geniv

290 2284 403 2326 tum
432 2291 446 2324 ε
476 2272 566 2326 illa
588 2271 732 2326 enim
763 2270 1039 2325 interuitas
1064 2271 1168 2326 sibi
1195 2279 1517 2325 coaeternam
1543 2273 1729 2340 genuit
1757 2288 1875 2341 pro-

290 2367 417 2431 lem,
449 2379 570 2434 quae
600 2378 669 2419 ex
694 2351 886 2432 aliquo
911 2363 1115 2417 habere
1145 2379 1249 2416 non
1291 2362 1562 2416 invenitur
1589 2363 1873 2431 originem.

293 2453 455 2507 Pater
499 2453 660 2521 igitur
686 2451 837 2519 origo
865 2459 948 2505 est
979 2459 1200 2515 aeterna,
1235 2450 1402 2504 Filius
1444 2451 1624 2520 proles
1663 2460 1876 2506 :eterna:

293 2541 518 2608 originis
555 2548 844 2595 coaeterna.
889 2538 1005 2594 Non
1035 2553 1164 2608 ergo
1205 2540 1380 2609 potuit
1407 2539 1568 2594 Pater
1594 2556 1716 2594 cum
1742 2540 1878 2595 Filio

293 2645 457 2701 quem
497 2629 682 2698 genuit
711 2628 869 2684 simul
899 2628 1066 2694 oriri,
1113 2628 1210 2684 sed
1237 2629 1411 2698 potuit
1439 2628 1604 2684 Filius
1634 2629 1701 2684 de
1732 2629 1880 2697 inge-

294 2721 410 2774 nito
443 2717 608 2774 Patre
653 2718 772 2773 sine
800 2717 953 2772 initio
997 2718 1164 2774 nasci.
1205 2717 1299 2772 llla
1343 2717 1505 2787 igitur
1533 2719 1881 2775 similitudine

299 2808 459 2877 ignis,
476 2822 637 2878 quam
668 2807 762 2861 tibi
788 2807 887 2861 sub
908 2822 1030 2861 meo
1047 2807 1264 2862 nomine
1293 2807 1636 2877 proposuisti,
1655 2809 1881 2862 multum

296 2898 480 2951 solent
507 2904 683 2950 vestra
721 2882 1026 2951 commenta
1055 2896 1290 2962 destrui;
1323 2897 1539 2966 quando
1566 2898 1766 2967 aliquid
1797 2899 1880 2954 iu-

296 2987 515 3042 venitur
543 2986 596 3040 in
626 2993 872 3041 creatura
913 2985 1058 3054 quod
1102 3001 1170 3040 ex
1209 3001 1266 3042 se
1294 2987 1494 3056 aliquid
1525 2987 1783 3056 proferat,
1828 2996 1884 3042 et

298 3077 403 3131 hoc
422 3085 603 3130 tamen
623 3074 765 3145 quod
788 3075 1071 3144 protulerit
1099 3091 1205 3130 non
1237 3076 1527 3146 praecedat:
1547 3077 1689 3132 unde
1717 3078 1886 3148 possit

301 3165 368 3219 ab
406 3163 492 3217 his
520 3163 612 3232 qui
644 3171 790 3217 recte
817 3162 1200 3229 considerant,
1243 3164 1310 3218 de
1349 3173 1554 3220 aeterno
1585 3163 1745 3220 Patre
1775 3183 1881 3220 non

303 3258 482 3307 minus
500 3261 701 3307 aeterna
717 3251 834 3305 Filii
851 3252 1102 3320 cognosci
1117 3254 1385 3310 nativitas.
1403 3253 1474 3310 Ut
1500 3264 1677 3311 autem
1706 3257 1882 3326 aliqua

305 3343 498 3398 divinae
524 3342 884 3411 generationis
911 3343 978 3398 de
1008 3343 1126 3411 igne
1155 3343 1447 3400 similitudo
1474 3355 1732 3409 sumatur,
1789 3347 1881 3400 ba-

305 3437 400 3490 bet
429 3436 533 3490 hoc
562 3434 872 3504 apostolica:
901 3434 1294 3504 praedicationis
1323 3437 1615 3490 auctoritas
1637 3452 1756 3505 quae
1776 3437 1878 3491 ait:

310 3523 518 3578 Etenim
563 3522 705 3578 Deus
735 3533 911 3578 noster
940 3525 1076 3594 ignis
1105 3540 1412 3580 consumens
1456 3536 1534 3580 est
1563 3525 1748 3597 (Hebr.
1789 3543 1879 3592 xu,

309 3611 420 3681 29).
465 3610 621 3677 Quod
646 3613 743 3676 ait,
783 3627 1016 3680 sequens
1045 3613 1483 3682 praedicationem
1511 3616 1686 3670 sancti
1716 3615 1883 3686 Moysi

309 3701 540 3756 dicentis
580 3702 632 3755 in
662 3701 1077 3757 Deuteronomio
1113 3720 1126 3755 :
1158 3699 1417 3766 Quoniam
1469 3703 1716 3758 Dominus
1746 3703 1886 3759 Deus

309 3800 474 3844 vester
501 3791 638 3862 ignis
660 3807 964 3844 consumens
989 3800 1068 3844 est
1093 3789 1271 3860 (Deut.
1306 3807 1377 3856 IV,
1406 3791 1515 3860 24).
1542 3791 1620 3846 Ad
1651 3793 1753 3847 hoc
1773 3807 1890 3862 per-

311 3883 447 3936 tinet
476 3890 532 3935 et
561 3881 687 3934 illud
708 3880 853 3949 quod
879 3881 932 3934 in
961 3881 1098 3935 libro
1113 3880 1403 3950 Sapientia:
1431 3880 1495 3934 de
1523 3881 1635 3948 ipsa
1666 3880 1888 3950 Sapien-

312 3971 384 4027 tia
411 3969 641 4023 dicitur:
675 3967 934 4036 Splendor
962 3978 1036 4021 est
1061 3969 1197 4023 enim
1219 3969 1346 4021 lucis
1375 3978 1581 4023 a'ternte
1610 3970 1762 4039 (Sap.
1796 3985 1884 4032 vu,

314 4059 424 4128 2G).
458 4057 612 4124 Quod
641 4058 885 4111 similiter
925 4057 1219 4127 apostolica
1266 4057 1649 4126 praedicatione
1679 4056 1889 4128 profer-

317 4160 420 4215 tur,
453 4165 574 4204 cum
612 4148 805 4202 dicitur
830 4149 893 4201 ad
924 4147 1177 4203 Hebraeos
1205 4148 1272 4203 de
1300 4148 1416 4217 ipso
1445 4147 1578 4203 Filio
1607 4165 1620 4201 :
1655 4148 1890 4212 Quicum

319 4240 383 4294 sit
427 4239 676 4309 splendor
716 4239 916 4310 gloriae,
949 4248 998 4290 et
1034 4239 1203 4308 ﬁgura
1232 4237 1535 4310 substantia:
1562 4241 1671 4310 ejus
1702 4239 1886 4310 (Hebr.

320 4349 354 4396 I,
386 4333 464 4401 3).
495 4329 628 4385 Cum
659 4340 837 4383 autem
863 4331 962 4383 ista
993 4330 1262 4396 dicuntur,
1293 4346 1399 4386 non
1429 4334 1610 4401 utique
1638 4332 1768 4398 Deo,
1801 4337 1892 4404 qui

318 4437 614 4492 corporeus
659 4437 764 4475 non
795 4429 913 4485 est,
964 4422 1214 4490 qmelibet
1260 4438 1344 4477 res
1373 4438 1648 4492 corporeze
1678 4441 1892 4496 compa-

321 4521 509 4565 rantur
541 4530 553 4564 :
588 4514 680 4565 sed
730 4511 853 4581 quia
887 4511 1168 4565 invisibilia
1210 4511 1325 4578 ejus
1352 4527 1381 4564 a
1410 4523 1654 4566 creatura
1685 4516 1888 4578 mundi,

1964 588 2063 628 nec
2115 581 2296 626 tamen
2339 572 2516 641 ignem
2561 585 2697 626 esse
2724 571 3010 642 splendore
3061 580 3153 626 aut
3199 585 3402 642 vapore
3447 586 3546 625 suo

1965 663 2198 733 priorem
2231 679 2245 716 :
2277 671 2333 716 et
2374 675 2441 716 ex
2468 661 2600 725 hoc,
2647 661 2726 722 sic
2767 668 3026 715 aeternum
3063 660 3324 715 conlitere
3353 659 3548 714 Filium

1965 763 2020 808 et
2045 753 2305 823 Spiritum
2329 760 2592 817 sanctum,
2617 752 2756 807 sicut
2781 760 3042 807 aeternum
3070 751 3343 807 conﬁteris
3365 759 3420 807 et
3449 749 3552 804 Pa-

1967 852 2137 910 trem;
2171 859 2277 898 non
2310 843 2473 913 607
2506 852 2806 898 creaturam
2838 843 3082 899 Creatori
3122 845 3428 908 conferens,
3455 841 3550 897 sed

1968 931 2256 986 invisibilia
2299 931 2391 987 Dei
2424 947 2519 1001 per
2557 947 2618 986 ea
2647 948 2764 1001 quin
2798 932 2934 988 facta
2980 941 3123 999 sunt,
3158 933 3428 987 intellecta
3459 949 3552 987 co-

1967 1032 2250 1087 gnosceus.

2394 1132 2866 1189 FRAGMENTUM
2911 1135 3095 1191 XXIII.

1971 1240 2242 1311 Sapientia
2285 1243 2528 1312 splendor
2566 1252 2640 1297 est
2667 1245 2797 1298 lucis
2825 1255 3054 1300 aeterna.
3098 1245 3221 1300 Non
3244 1259 3320 1302 est
3343 1255 3551 1303 (eterna!

2361 1314 2490 1366 lueis
2519 1314 2619 1367 nisi
2649 1323 2869 1368 aeternus
2899 1316 3162 1386 splendor.

2046 1419 2183 1474 Puto
2215 1431 2392 1478 autem
2436 1424 2503 1476 de
2543 1422 2835 1494 Scripturis
2879 1426 3080 1481 sanctis
3128 1441 3265 1492 esse,
3316 1427 3460 1495 quod
3485 1426 3554 1482 de

1973 1509 2249 1579 Sapientia
2297 1510 2496 1565 dictum
2541 1515 2975 1580 memoravimus,
3024 1516 3149 1585 quia
3188 1518 3432 1587 splendor
3477 1527 3554 1571 est

1975 1602 2103 1656 lucis
2141 1613 2348 1658 aeterna:
2399 1602 2553 1673 (Sap.
2597 1621 2688 1668 vn,
2727 1605 2861 1673 26):
2910 1617 2965 1660 et
3013 1622 3285 1675 nunquam
3334 1607 3582 1662 audebis

1975 1691 2315 1760 splendorem
2341 1694 2461 1746 luce
2491 1694 2845 1762 posteriorem
2875 1694 3214 1762 aliquatenus
3241 1697 3554 1766 praedicare.

1978 1777 2046 1833 Et
2072 1780 2196 1848 quia
2224 1780 2311 1834 lux
2342 1780 2429 1834 illa
2459 1782 2610 1848 cujus
2631 1781 2902 1850 Sapientia
2939 1781 3201 1850 splendor,
3220 1791 3324 1850 est,
3367 1784 3444 1838 sic
3472 1793 3555 1838 est

1981 1870 2296 1924 naturaliter
2321 1879 2542 1935 interna,
2583 1879 2640 1924 ut
2669 1871 2784 1925 sine
2811 1871 2962 1925 initio
2992 1873 3080 1937 sit,
3124 1888 3346 1928 necesse
3384 1883 3466 1930 est
3497 1883 3555 1928 ut

1975 1959 2136 2013 etiam
2167 1959 2418 2029 splendor
2464 1960 2551 2013 ille
2583 1961 2714 2015 lucis
2759 1961 2830 2014 ita
2881 1961 2951 2016 sit
2978 1971 3227 2028 aeternus,
3277 1974 3334 2016 ut
3380 1963 3553 2018 eidem

1976 2047 2080 2103 luci
2130 2050 2282 2118 cujus
2328 2050 2587 2118 splendor
2629 2058 2736 2115 est;
2775 2050 2891 2104 sine
2939 2052 3092 2105 initio
3140 2053 3212 2107 sit
3241 2054 3558 2109 naturaliter

1977 2146 2296 2192 coaeternus.
2339 2136 2850 2193 lloc’lcstimontum
2881 2149 3080 2196 sanctae
3111 2143 3418 2212 Scriptum,
3451 2160 3559 2199 non

1977 2227 2150 2282 solum
2182 2227 2395 2297 plenum
2441 2236 2526 2282 est
2552 2227 2746 2282 virtute
2777 2230 3132 2297 auctoritatis,
3162 2246 3348 2286 verum
3394 2232 3557 2286 etiam

1978 2316 2177 2371 lumine
2207 2317 2449 2370 rationis.
2502 2316 2670 2372 Recta
2700 2319 2897 2388 quippe
2942 2320 3080 2374 ratio
3109 2328 3212 2387 est,
3261 2329 3320 2374 ut
3367 2322 3412 2376 si
3453 2322 3557 2376 hoc

1979 2408 2341 2463 testimonium
2369 2417 2567 2462 Sanctre
2592 2408 2880 2478 Scriptura:
2907 2411 3186 2480 accipitur,
3218 2428 3321 2466 una
3350 2415 3557 2467 aeterni-

1979 2508 2062 2553 tas
2092 2499 2222 2553 lucis
2250 2498 2652 2569 splendorisque
2677 2500 2946 2554 credatur.
2973 2500 3156 2570 Neque
3186 2502 3328 2556 enim
3356 2503 3554 2558 frustra

1981 2590 2081 2645 hoc
2113 2589 2253 2644 Deus
2281 2589 2466 2654 voluit,
2497 2598 2556 2644 ut
2583 2590 2636 2644 in
2674 2605 2740 2644 eo
2769 2589 2906 2652 loco.
2943 2589 3030 2644 ubi
3060 2589 3336 2662 Sapientia
3370 2593 3556 2663 splen-

1977 2678 2080 2734 dor
2107 2679 2238 2733 lucis
2280 2679 2598 2743 ostenditur,
2649 2679 2836 2733 eadem
2882 2679 2972 2733 lux
3016 2689 3220 2735 :eteina
3268 2680 3560 2752 Scriptura:

1982 2770 2292 2826 testimonio
2319 2769 2586 2824 diceretur
2610 2786 2624 2834 ;
2651 2769 2750 2824 nisi
2783 2778 2840 2824 ut
2866 2785 2931 2824 ex
2953 2785 3018 2824 eo
3044 2770 3190 2838 quod
3213 2770 3355 2826 illam
3385 2773 3559 2828 lucem

1985 2862 2301 2916 naturaliter
2336 2871 2592 2916 aeternam
2619 2864 3011 2930 'cognoscimus,
3056 2864 3397 2934 splendorem
3427 2881 3563 2936 quo-

1985 2969 2089 3024 que
2118 2954 2234 3022 ejus
2264 2953 2582 3008 naturaliter
2609 2954 2658 3008 ei
2689 2962 3016 3008 comternum
3067 2954 3183 3010 sine
3226 2955 3563 3012 dubitatione

1985 3046 2287 3100 credamus.

2429 3155 2907 3211 FRAGMENTUM
2935 3157 3120 3230 XXIV.

1989 3267 2100 3321 Nec
2137 3267 2296 3321 Pater
2338 3269 2433 3339 fuit
2463 3278 2583 3322 ante
2622 3271 3032 3350 generationem,
3085 3289 3176 3324 nec
3227 3270 3396 3326 Filius
3443 3287 3564 3327 ante

2601 3341 2936 3393 nativitatem.

2055 3425 2282 3495 Semper
2309 3436 2492 3480 natum
2523 3426 2716 3480 Filium
2747 3426 2894 3496 dico,
2937 3436 2991 3482 et
3021 3427 3234 3482 Patrem
3254 3429 3380 3492 sine
3410 3431 3565 3486 initio

1985 3515 2233 3583 genui-se
2259 3513 2536 3570 conﬁteor.
2568 3513 2850 3580 Quomodo
2898 3517 3054 3586 igitur
3081 3516 3245 3572 Filius
3274 3526 3562 3588 antequam

1986 3614 2297 3661 nasceretur
2319 3619 2438 3660 esse
2459 3605 2653 3674 potuit,
2679 3605 2833 3673 cujus
2856 3607 3107 3662 nativitas
3131 3608 3341 3662 initium
3364 3609 3564 3665 habere

1985 3709 2094 3749 non
2126 3694 2344 3764 potuit?
2385 3693 2494 3749 Nec
2526 3694 2669 3748 enim
2699 3702 2912 3763 poterat
2943 3705 3098 3751 natus
3126 3713 3245 3752 esse
3289 3714 3386 3753 sua
3427 3702 3567 3756 nati-

1988 3787 2155 3840 vitate
2184 3785 2350 3856 prior,
2381 3801 2486 3855 qua
2510 3785 2785 3841 nativitale
2814 3787 2890 3841 sic
2919 3797 2998 3842 est
3030 3797 3278 3855 internus,
3315 3803 3370 3846 ut
3411 3804 3566 3848 natu-

1988 3879 2173 3934 raliter
2198 3893 2304 3932 non
2333 3879 2402 3933 sit
2430 3876 2588 3932 Patre
2611 3879 2896 3947 posterior.
2932 3879 3048 3932 Non
3077 3895 3207 3950 ergo
3239 3881 3400 3939 Filius
3431 3887 3568 3939 nati-

1988 3969 2212 4022 vitatem
2253 3983 2402 4022 suam
2433 3968 2723 4038 przecesait,
2765 3983 2925 4038 quem
2969 3970 3197 4038 genitori
3242 3983 3569 4029 cornici-num

1991 4063 2242 4117 nativitas
2272 4061 2385 4132 ipsa
2411 4063 2670 4116 naturalis
2694 4063 2943 4117 ostendit.
2996 4063 3210 4118 Patrem
3239 4081 3454 4136 quoque
3476 4085 3568 4138 ge-

1993 4165 2213 4206 nerasse
2250 4150 2528 4214 euniirmo,
2574 4167 2733 4222 quem
2781 4159 2959 4208 tamen
3005 4161 3292 4225 antequam
3316 4171 3571 4225 generas-

1994 4249 2096 4302 set,
2129 4254 2248 4294 esse
2274 4240 2515 4309 potuisse
2545 4256 2650 4295 non
2683 4241 2912 4310 praedico
2937 4259 2950 4307 ;
3001 4258 3106 4298 non
3130 4245 3273 4299 enim
3300 4257 3418 4301 erat
3443 4259 3568 4305 ante

1997 4330 2329 4384 nativitatem
2368 4329 2508 4396 Filii,
2549 4331 2675 4399 quia
2724 4329 2818 4385 Dei
2859 4330 3030 4387 Patris
3068 4335 3205 4390 sicut
3251 4345 3332 4389 est
3369 4349 3570 4395 :eterna

1999 4419 2268 4486 divinitas,
2293 4420 2370 4473 sic
2397 4429 2479 4474 est
2505 4429 2702 4473 aeterna
2732 4421 3026 4488 paternitas
3050 4440 3065 4486 ;
3101 4431 3156 4475 et
3183 4425 3271 4477 ubi
3299 4429 3573 4484 aeternitas

2003 4513 2340 4581 paternitatis
2369 4513 2420 4565 in
2452 4513 2696 4578 genitore
2725 4514 3086 4580 cognoscitur,
3135 4516 3298 4570 etiam
3341 4517 3391 4572 iu
3436 4519 3574 4575 Filio

320 4617 416 4670 per
445 4615 507 4654 ea
535 4611 653 4668 qua:
694 4599 830 4654 facta
859 4611 1002 4664 sunt,
1030 4599 1300 4653 intellecta
1341 4601 1763 4669 conspiciuntur,
1803 4620 1900 4657 no-
1932 4593 1983 4652 Ι)
2005 4611 2204 4656 :eterna
2233 4601 2482 4655 nativitas
2507 4600 2794 4654 invenitur.
2837 4600 2951 4654 Non
2978 4616 3104 4670 ergo
3133 4618 3165 4658 e
3237 4604 3349 4673 quo
3370 4610 3574 4675 genuit,

318 4699 445 4744 stne
478 4688 772 4743 inﬁrmitati
797 4691 1080 4748 consulens
1101 4689 1277 4743 divina
1301 4683 1618 4758 benignitas,
1651 4693 1893 4761 quaedam

322 4783 373 4834 in
417 4781 640 4835 diversis
679 4779 840 4836 rebus
869 4781 1047 4850 posuit
1072 4795 1181 4834 sue
1208 4782 1526 4848 cognitionis
1569 4780 1764 4846 indicia
1797 4801 1809 4836 :
1839 4792 1898 4838 ut

321 4871 373 4924 in
398 4870 482 4922 his
504 4867 698 4938 quibus
718 4868 993 4937 capiendis
1012 4883 1196 4922 sumus
1219 4869 1456 4936 invalidi,
1479 4871 1789 4925 usitatarum
1812 4887 1898 4927 re-

299 4945 442 5016 {rum
471 4960 808 5016 documentis
839 4959 1185 5014 redderemur
1210 4961 1474 5016 instructi.
1505 4961 1757 5026 Quamvis
1797 4963 1896 5032 igi-

321 5061 410 5107 tur
438 5061 493 5106 et
520 5051 587 5106 de
615 5049 886 5122 Sapientia
917 5051 1116 5104 dictum
1147 5052 1235 5115 sit,
1267 5051 1390 5118 quia
1418 5068 1573 5121 vapor
1598 5061 1673 5105 est
1701 5054 1900 5106 virtutis

319 5143 422 5197 Dei
455 5141 609 5211 (Sap.
642 5157 737 5208 vu,
767 5140 894 5209 25);
929 5149 1106 5194 tamen
1136 5148 1190 5194 et
1219 5139 1450 5211 Spiritus
1481 5149 1697 5194 sanctus
1725 5140 1777 5194 in
1807 5157 1905 5194 na-

319 5240 443 5285 tura
485 5230 641 5298 ignis,
685 5229 872 5298 vapori
903 5244 1010 5282 nou
1054 5229 1345 5296 incongrue
1376 5229 1654 5298 (quantum
1699 5229 1907 5298 expetit

317 5323 399 5378 rei
431 5321 622 5376 divina:
649 5320 905 5388 cognitio)
930 5319 1193 5372 similatur
1228 5336 1238 5371 :
1267 5327 1486 5388 propter
1515 5318 1638 5371 illud
1666 5319 1808 5387 quod
1831 5320 1907 5372 ait

318 5412 636 5485 Apostolus,
669 5411 869 5481 Spiritu
938 5413 1208 5482 ferventes.
1243 5409 1357 5462 Non
1386 5417 1562 5462 autem
1594 5409 1660 5463 ad
1688 5408 1791 5462 hoc
1819 5423 1908 5463 ac-

319 5504 631 5577 cipiendum
663 5511 762 5565 est,
792 5511 850 5557 ut
888 5517 955 5557 ex
1000 5503 1104 5556 hoc
1147 5501 1429 5570 quisquam
1467 5499 1689 5572 Spiritui
1719 5508 1906 5555 sancto

320 5596 562 5653 ascribat
587 5594 654 5648 de
688 5593 802 5648 Deo
832 5592 993 5647 Patre
1036 5593 1404 5657 nativitatem;
1434 5590 1527 5645 sed
1552 5590 1618 5644 ad
1649 5591 1753 5644 hoc
1789 5598 1908 5643 tan-

324 5699 440 5744 tum
489 5695 550 5740 ut
592 5700 749 5738 unam
800 5693 1043 5736 naturam
1073 5681 1263 5745 Patris,
1297 5691 1350 5735 et
1396 5681 1534 5746 Filii,
1585 5689 1641 5734 et
1679 5679 1908 5748 Spiritus

323 5778 502 5832 sancti
532 5781 852 5842 cognoscat,
886 5788 1154 5841 unamque
1203 5772 1516 5825 naturaliter
1545 5771 1905 5824 aeternitatem

327 5869 522 5922 divina:
563 5863 837 5917 Tl'ittitalis
886 5862 1161 5928 intelligat.
1217 5862 1446 5916 Proinle
1487 5861 1798 5925 considera,
1850 5864 1900 5916 in

614 5957 880 6015 PATRUL.
934 5948 1118 6011 LXV.

2001 4705 2123 4745 esse
2147 4689 2329 4759 etrapit,
2375 4690 2498 4758 quia
2529 4703 2628 4743 nec
2669 4690 2901 4744 essentia
2943 4689 3116 4745 Patris
3159 4708 3258 4747 nec
3297 4701 3575 4763 generatio

2001 4780 2337 4848 aliquatenus
2375 4779 2558 4848 cmpit.
2593 4777 2708 4832 Una
2738 4787 2822 4833 est
2849 4780 2990 4834 enim
3027 4783 3301 4837 aeternitas
3329 4789 3578 4842 essentia:

2002 4869 2166 4938 608
2192 4867 2351 4923 simul
2380 4875 2434 4922 et
2456 4869 2817 4936 generationis
2842 4869 2895 4923 in
2922 4869 3080 4925 Patre
3107 4889 3120 4923 ε
3155 4872 3207 4926 in
3236 4889 3340 4941 qua
3362 4878 3580 4932 aeterni-

2006 4967 2115 5014 tate
2154 4959 2233 5013 sic
2261 4959 2493 5014 essentia
2523 4959 2610 5013 illa
2649 4961 3034 5030 generatioque
3063 4975 3362 5032 permanet,
3402 4977 3459 5023 ut
3484 4986 3577 5026 ne-

2004 5048 2084 5102 fas
2104 5049 2173 5102 sit
2203 5057 2296 5102 aut
2343 5048 2622 5102 divinitate
2653 5047 2829 5104 Patris
2873 5052 3226 5119 posteriorem
3256 5065 3448 5124 putare
3486 5072 3581 5126 ge-

2008 5142 2362 5207 nerationem,
2402 5148 2496 5194 aut
2519 5141 2868 5208 generatione
2897 5142 3132 5210 priorem
3162 5146 3384 5202 crelere
3409 5147 3603 5204 deita-e

2009 5239 2134 5284 tem.
2178 5230 2305 5283 Sine
2354 5230 2504 5283 initio
2534 5230 2694 5297 igitur
2735 5229 2873 5284 Deus
2901 5229 3061 5285 Pater
3085 5234 3287 5298 genuit,
3339 5237 3431 5303 qui
3463 5253 3584 5296 esse

2009 5335 2114 5374 non
2137 5319 2335 5389 erepit;
2367 5329 2421 5373 et
2440 5319 2556 5373 sine
2585 5319 2738 5374 initio
2768 5329 2852 5375 est
2880 5321 2995 5375 Filii
3022 5322 3292 5386 nativitas,
3324 5327 3449 5394 quia
3479 5329 3582 5385 hoc

2010 5409 2171 5464 habet
2193 5416 2428 5478 paterna:
2451 5410 2814 5477 generationis
2837 5412 3127 5466 mternitas.
3159 5400 3365 5468 Audisti
3390 5415 3581 5480 Filium

2008 5517 2220 5571 semper
2247 5517 2384 5564 esse,
2421 5509 2474 5555 et
2501 5501 2618 5556 sine
2663 5503 2813 5556 initio
2861 5513 3043 5557 natum
3085 5519 3223 5570 esse,
3280 5522 3401 5562 nec;
3426 5525 3585 5579 posse

2007 5593 2110 5647 dici
2141 5599 2265 5646 ante
2294 5590 2410 5658 ejus
2437 5591 2768 5646 nativitatem
2809 5593 3006 5660 aliquid
3035 5593 3217 5658 fuisse,
3248 5595 3399 5664 cujus
3427 5609 3480 5653 et
3505 5602 3585 5656 di-

2010 5681 2200 5735 vinitas
2246 5689 2300 5734 et
2341 5681 2592 5734 nativitas
2623 5682 2936 5736 naturaliter
2975 5685 3280 5751 agnoscitur
3323 5703 3427 5743 non
3470 5707 3583 5747 cm-

2011 5774 2173 5843 pisse.
2202 5772 2329 5826 Nam
2362 5773 2572 5840 require
2600 5773 2650 5827 iu
2676 5773 2964 5842 Scripturis
2993 5778 3213 5842 sanctis,
3238 5787 3292 5832 et
3321 5780 3584 5842 invenies.

2011 5865 2060 5917 in
2096 5873 2296 5918 tantum
2328 5879 2430 5917 non
2460 5879 2575 5918 esse
2624 5863 2757 5917 Filio
2787 5865 3000 5935 aliquod
3049 5865 3239 5921 divin-.e
3289 5870 3586 5926 nativitatis

3106 5958 3182 6021 25
