4064 6358
545 399 646 452 7'19

1503 444 1505 447 .
1563 399 1619 454 S.
1658 395 2354 474 FULGENTHEPISCOPI
2397 397 2764 454 RUSPENSIS

3686 388 3792 446 780

546 510 778 578 initium,
811 519 868 566 ut
899 513 1196 582 ubicunque
1239 511 1421 566 divina
1449 512 1701 568 uativitas
1729 511 1846 581 ejus
1874 513 2109 582 ponitur,
2149 523 2188 575 Α
2223 513 2381 567 Deus.
2436 514 2717 567 Fateamur
2766 510 2944 576 itaque
2987 507 3178 560 Filium
3213 519 3332 560 esse
3375 503 3587 558 Initium
3633 511 3798 570 atque

546 611 666 654 male
705 615 915 670 semper
941 601 1168 657 dicatur.
1199 602 1347 656 Sicut
1376 601 1428 655 in
1460 601 1672 656 Psalmo
1702 602 1959 672 scriptum
1988 609 2070 656 est
2097 619 2109 653 :

546 690 679 745 Ante
741 691 1008 764 luciferum
1052 694 1202 764 genui
1252 702 1298 745 te
1327 691 1498 764 (Psal.
1531 709 1638 757 cut,
1684 693 1758 760 5).
1810 690 1912 746 Ubi
1951 692 2114 746 etiam

543 775 720 836 Pater
755 797 813 838 se
858 798 1118 851 suumque
1161 783 1350 837 Filium
1397 799 1560 837 unum
1611 782 1740 838 dicit
1768 797 1886 838 esse
1903 782 2115 851 -princi-

547 872 732 943 pium,
781 874 1036 942 quoniam
1078 875 1179 928 hoc
1221 883 1305 929 est
1350 890 1534 928 verum
1584 873 1924 943 principium,
1975 870 2120 940 quod

547 957 663 1018 sine
700 953 853 1019 initio
899 955 1215 1019 naturaliter
1266 964 1533 1017 invenitur
1566 971 1846 1018 aeternum.
1893 962 1953 1016 ln
1983 961 2120 1016 libro

549 1069 761 1124 quoque
788 1051 1193 1110 Proverbiorum
1224 1054 1337 1124 ipsa
1364 1053 1635 1122 Sapientia
1664 1053 1793 1107 dicit
1819 1051 1886 1106 de
1915 1051 2074 1104 Patre
2103 1068 2116 1102 :

552 1144 862 1216 Priusquam
885 1154 1073 1198 terram
1095 1147 1308 1215 faceret,
1333 1147 1626 1214 priusquam
1648 1142 1979 1212 procederent
2001 1143 2120 1211 {on-

551 1245 624 1287 tes
651 1251 922 1304 aquarum,
950 1244 1069 1288 ante
1093 1250 1269 1289 omnes
1290 1241 1459 1287 autent
1481 1233 1633 1286 colles
1652 1232 1823 1303 genuit
1846 1249 1925 1284 me
1941 1231 2119 1302 (Prov.

551 1343 662 1393 vni,
693 1327 784 1392 23,
813 1327 905 1392 24,
926 1327 1042 1398 25).
1082 1326 1162 1380 Tu
1191 1327 1324 1381 dicis
1369 1327 1702 1380 nativitatem
1730 1324 1965 1378 divinam
1995 1321 2127 1375 Uni-

548 1419 715 1484 geniti
743 1418 835 1473 Dei
867 1429 972 1472 non
1001 1433 1164 1487 posse
1189 1417 1332 1480 sciri,
1359 1417 1481 1486 quia
1505 1433 1611 1471 non
1641 1424 1822 1486 potest
1849 1412 2124 1477 enarrari;

550 1523 673 1561 cum
721 1509 906 1576 utique
947 1509 992 1562 si
1037 1507 1276 1561 enarrari
1325 1515 1528 1576 posset,
1574 1505 1751 1559 divina
1800 1519 1908 1558 non
1939 1509 2124 1556 esset:

549 1598 801 1664 quocirca
830 1597 952 1666 quia
983 1597 1159 1650 divina
1183 1605 1284 1661 est,
1317 1611 1440 1649 vera
1472 1604 1592 1660 est;
1635 1596 1756 1663 quia
1803 1593 1984 1647 divina
2013 1599 2118 1657 est,

550 1697 748 1741 aeterna
779 1696 897 1753 est;
945 1689 1068 1757 quia
1098 1688 1272 1741 divina
1300 1695 1400 1750 est,
1435 1684 1807 1740 inenarrabilis
1834 1692 1934 1738 est.
1988 1681 2123 1735 Illud

553 1780 714 1848 igitur
737 1779 884 1847 quod
910 1788 966 1833 tu
999 1779 1092 1833 tibi
1129 1778 1360 1832 inaniter
1388 1777 1733 1847 respondisti,
1763 1775 1887 1844 quia
1916 1788 2015 1829 nec
2044 1773 2131 1826 Fi-

2220 604 2564 673 Principium,
2595 603 2720 672 quia
2747 600 3001 668 scriptum
3033 605 3116 652 est
3148 615 3162 648 :
3195 595 3548 665 Principium,
3573 603 3621 648 et
3661 592 3799 664 quad

2218 697 2398 767 loquor
2445 694 2584 749 vobis
2625 691 2806 762 (Joan.
2848 705 2960 756 vui,
2999 687 3136 756 25);
3175 694 3230 740 ct
3259 686 3451 739 iterum
3480 703 3494 736 :
3528 683 3641 755 Ego
3684 701 3797 738 sum
3837 683 3844 688 ’

2217 811 2248 840 α
2273 795 2322 840 et
2351 810 2408 850 ω,
2441 785 2643 838 initium
2683 793 2731 836 et
2757 782 2880 852 ﬁnis
2913 781 3094 850 (Apoc.
3119 794 3162 841 ι,
3193 776 3248 848 8)
3275 795 3289 830 :
3334 775 3430 831 sed
3469 775 3600 830 illud
3647 776 3794 844 prin-

2220 877 2414 946 cipium
2455 873 2598 944 quod
2639 889 2762 928 cum
2790 872 2950 926 Patre
2995 884 3161 925 unum
3206 877 3292 923 est
3335 866 3693 937 principium;
3742 873 3800 917 ct

2222 965 2343 1020 ideo
2369 980 2556 1018 verum
2583 962 2920 1034 principium,
2955 959 3080 1029 quia
3109 965 3234 1012 ante
3261 973 3424 1012 omne
3452 955 3797 1026 principium.

2223 1057 2371 1113 Sicut
2415 1057 2556 1112 enim
2587 1055 2708 1110 ideo
2732 1063 2816 1110 est
2842 1068 3000 1108 verus
3029 1053 3190 1115 Deus,
3231 1050 3357 1118 quia
3384 1049 3451 1103 de
3479 1057 3671 1104 natura
3701 1045 3803 1100 Pa-

2224 1151 2320 1205 tris
2345 1157 2498 1203 natus
2525 1156 2609 1204 est
2653 1149 2810 1212 Deus,
2856 1147 2935 1201 sic
2980 1145 3104 1200 ideo
3129 1152 3210 1199 est
3229 1158 3420 1199 verum
3452 1142 3801 1212 principium,

2223 1242 2347 1310 quia
2375 1241 2442 1295 de
2471 1241 2562 1294 illo
2590 1239 2748 1294 Patre
2775 1239 2891 1293 sine
2920 1237 3071 1292 initio
3101 1244 3258 1290 natus
3283 1235 3476 1304 estqui
3505 1243 3587 1290 est
3614 1249 3808 1287 verum

2227 1331 2568 1401 principium.
2609 1330 2697 1384 Sic
2719 1330 2900 1398 itaque
2926 1327 3092 1382 Filius
3120 1325 3439 1398 principium
3487 1340 3595 1379 non
3640 1324 3807 1378 habet

2228 1423 2502 1487 nascendi,
2525 1420 2834 1477 sicutPater
2853 1436 2959 1474 non
2989 1420 3151 1474 habet
3175 1418 3493 1488 principium
3516 1416 3804 1471 existendi.

2228 1513 2285 1567 In
2334 1511 2596 1582 principio
2645 1510 2807 1578 igitur
2859 1524 2981 1564 cum
3030 1508 3189 1563 Patre
3231 1507 3416 1570 Filius,
3466 1505 3590 1575 quia
3635 1521 3805 1559 unum

2229 1601 2548 1673 principium
2599 1599 2758 1655 Pater
2800 1607 2855 1654 et
2895 1599 3060 1653 Filius
3110 1616 3124 1650 :
3175 1599 3456 1668 ipsumque
3504 1611 3668 1650 unum
3714 1610 3811 1650 vc-

2231 1709 2458 1764 rumque
2482 1693 2820 1764 principium,
2842 1691 2996 1762 cujus
3026 1690 3225 1745 nullum
3255 1697 3337 1744 est
3365 1688 3630 1744 existendi
3659 1688 3812 1757 prin-

2230 1785 2446 1856 cipium.
2479 1784 2741 1852 Antiquus
2769 1782 2975 1837 dierum
2997 1781 3154 1834 simul
3183 1778 3344 1833 Pater
3370 1787 3425 1834 et
3445 1779 3607 1833 Filius
3630 1796 3644 1830 :
3678 1778 3809 1847 quia

557 1870 664 1924 lius
840 1870 1014 1938 potuit
1044 1878 1330 1938 antequam
1362 1876 1693 1929 nasceretur,
1745 1875 1800 1921 et
1835 1865 1992 1920 Pater
2019 1865 2125 1919 sine

2236 1875 2324 1929 illa
2353 1881 2436 1929 est
2475 1886 2601 1927 vera
2631 1871 2945 1926 naturaliter
2972 1869 3283 1940 antiquitas,
3329 1879 3448 1936 qua:
3493 1868 3609 1922 sine
3653 1867 3813 1922 initio

551 1961 714 2016 dubio
741 1961 946 2015 exstitit
975 1970 1257 2028 antequam
1299 1960 1560 2028 gigneret,
1603 1957 1958 2027 cogitationes
2006 1961 2130 2009 sunt

553 2051 732 2105 carnis
758 2058 812 2104 et
837 2049 1127 2118 sanguinis,
1168 2064 1285 2116 qua:
1325 2063 1547 2117 regnum
1577 2047 1674 2101 Dei
1717 2045 1993 2116 possidere
2023 2061 2128 2100 non

555 2151 777 2210 possunt
800 2141 850 2209 (ι
881 2141 999 2194 Cor.
1036 2156 1124 2204 xv,
1155 2138 1240 2210 50)
1267 2157 1279 2190 :
1314 2140 1415 2193 hac
1434 2139 1580 2192 enim
1608 2138 1675 2192 de
1700 2137 1978 2192 divinitate
2005 2151 2131 2191 sen-

557 2234 626 2287 tis
649 2232 793 2302 quod
823 2232 875 2285 in
905 2231 1209 2285 hominibus
1234 2230 1429 2284 cernis.
1452 2229 1559 2284 Sed
1585 2214 1690 2282 non
1717 2229 1792 2282 ita
1823 2237 1922 2282 est.
1949 2225 2131 2281 Aiter-

556 2339 656 2379 nus
683 2321 967 2377 enim-sine
985 2321 1143 2375 initio
1169 2321 1313 2375 Deus
1346 2321 1503 2375 Pater
1555 2330 1810 2375 aeternam
1849 2321 2009 2374 habet
2037 2333 2130 2387 ge—

555 2415 907 2480 nerationem,
935 2428 1039 2482 qua
1067 2413 1249 2482 genuit
1273 2411 1611 2481 Unigenitum
1631 2427 1786 2467 suum
1818 2428 1832 2477 ;
1859 2427 1964 2464 non
1991 2410 2130 2465 sicut

555 2509 621 2564 'de
641 2513 804 2562 carne
821 2515 1118 2576 generatur
1144 2522 1290 2567 caro,
1344 2505 1442 2560 sed
1471 2505 1608 2561 sicut
1657 2513 1740 2560 est
1790 2513 1946 2560 natus
1993 2505 2130 2559 Deus

555 2597 621 2653 de
650 2596 782 2662 Deo,
805 2611 942 2652 unus
970 2598 1038 2650 de
1075 2609 1204 2662 uno,
1253 2611 1413 2650 verus
1440 2595 1506 2650 de
1535 2610 1684 2660 vero,
1733 2601 2031 2649 comternus
2062 2593 2130 2647 de

555 2695 796 2754 aeterno;
845 2688 981 2740 alter
1009 2686 1059 2740 in
1089 2701 1344 2756 persona,
1375 2699 1482 2740 non
1512 2684 1654 2739 aliud
1704 2685 1757 2738 in
1796 2691 1986 2738 natura
2013 2702 2028 2748 ;
2059 2683 2125 2737 de

557 2777 667 2833 Deo
698 2777 851 2833 Patze
883 2787 1036 2832 natus
1068 2777 1230 2844 Deus,
1251 2786 1306 2832 et
1333 2790 1454 2832 cum
1485 2777 1594 2832 Deo
1625 2775 1784 2832 Patre
1814 2777 2126 2831 naturaliter

550 2881 715 2938 unus,
749 2878 1010 2932 alternus,
1071 2869 1404 2934 immortalis,
1466 2876 1626 2936 atque
1680 2868 2128 2923 incommutabilis

2228 1973 2312 2019 est
2338 1963 2597 2018 naturalis
2623 1961 2912 2017 aeternitas.
2963 1959 3093 2013 Nam
3119 1960 3257 2014 sicut
3301 1958 3390 2012 illa
3437 1956 3715 2026 longitudo
3743 1957 3814 2011 de

2229 2070 2335 2126 qua
2392 2055 2533 2111 Deus
2592 2054 2720 2110 dicit
2754 2052 3143 2124 :Longitudine
3191 2052 3386 2104 dierum
3442 2048 3642 2120 replebo
3692 2065 3811 2102 eunt

2231 2145 2402 2216 (Psal.
2433 2161 2520 2213 xc,
2553 2144 2641 2214 16)
2667 2161 2681 2209 ;
2707 2152 2761 2199 et
2789 2143 3049 2213 propheta
3083 2159 3095 2194 :
3134 2141 3201 2196 Ut
3230 2140 3510 2194 inhabilem
3552 2139 3609 2192 in
3654 2138 3812 2192 doma

2232 2235 2441 2289 Domini
2471 2236 2526 2288 in
2553 2233 2872 2304 longitudine
2918 2232 3114 2284 dierum
3162 2229 3334 2300 (Psal.
3385 2244 3514 2291 xm,
3558 2226 3638 2294 6),
3687 2227 3814 2280 ideo

2230 2340 2355 2380 vera
2386 2324 2663 2393 longitudo
2694 2331 2794 2389 est,
2825 2323 2950 2391 quia
2979 2321 3125 2375 nullo
3153 2327 3236 2374 est
3281 2318 3506 2372 termino
3532 2315 3768 2371 ﬁnienda
3794 2333 3810 2380 ;

2231 2417 2308 2471 sic
2337 2415 2627 2484 antiquitas
2671 2414 2760 2468 illa
2790 2421 2870 2468 est
2899 2427 3047 2475 vera,
3098 2425 3216 2479 quae
3246 2409 3392 2464 nullo
3424 2409 3576 2462 initio
3608 2422 3812 2476 cogno-

2231 2514 2413 2562 scatur
2440 2505 2688 2559 inchoata
2717 2522 2729 2556 :
2763 2504 2943 2571 itaque
2970 2501 3259 2572 antiquitas
3283 2501 3361 2555 sic
3382 2500 3591 2554 initium
3616 2499 3810 2565 nescit,

2230 2598 2367 2652 sicut
2397 2595 2554 2651 tinem
2584 2595 2684 2650 ista
2713 2593 2988 2664 longitudo
3036 2609 3142 2647 non
3187 2594 3394 2662 recipit.
3443 2590 3674 2646 Proinde
3723 2591 3812 2644 ille

2229 2687 2320 2756 qui
2344 2702 2401 2741 se
2428 2687 2563 2742 dixit
2591 2710 2624 2742 α
2653 2695 2707 2740 et
2737 2710 2797 2752 ω,
2825 2700 2924 2739 nec
2953 2685 3115 2753 cmpit
3140 2698 3257 2738 esse
3294 2697 3392 2737 nec
3419 2682 3613 2736 desinit
3638 2699 3652 2734 :
3684 2682 3810 2750 quia

2231 2777 2368 2833 sicut
2397 2777 2450 2830 in
2475 2791 2534 2831 se
2564 2791 2671 2831 non
2701 2776 2862 2830 habet
2905 2774 3192 2842 aliquando
3229 2789 3386 2842 posse
3412 2788 3518 2827 non
3547 2786 3685 2837 esse,
3734 2771 3810 2826 sic

2231 2868 2288 2921 in
2319 2883 2378 2922 se
2408 2859 2722 2922 naturaliter
2750 2881 2856 2921 non
2883 2865 3047 2920 habet
3078 2881 3185 2919 non
3211 2864 3391 2920 fuisse.

751 3106 863 3152 ‘EX
901 3099 1123 3152 ιιΒιιο
1162 3103 1281 3151 νιι.
1325 3104 1421 3150 DE
1459 3102 1931 3166 ιερυΑιιιτΑτε
1967 3103 2124 3219 ET:

2226 3104 2391 3220 I‘OA'I'E
2430 3102 2747 3152 SPIBII‘IJS
2784 3102 2968 3150 BANC
2982 3103 3043 3148 ῐι
3080 3101 3235 3150 ουκ
3273 3102 3505 3149 ΡΔΤΒΕ
3541 3103 3634 3150 ετ

910 3277 1071 3348 609
1112 3272 1580 3328 FRAGMENTUM
1623 3272 1782 3327 XXV.

541 3389 790 3460 .Spiritus
815 3396 1021 3441 sanctus
1051 3403 1144 3441 nec
1171 3371 1327 3450 minoi
1370 3395 1435 3438 est
1465 3384 1624 3438 Patre
1654 3385 1728 3440 vel
1749 3384 1910 3450 Filio,
1941 3403 2033 3439 nec
2061 3392 2134 3440 eis

1205 3477 1478 3546 subjectus.

630 3570 899 3628 Adversus
915 3584 985 3623 ea
1015 3583 1132 3637 quae
1161 3567 1228 3622 de
1256 3568 1559 3623 nominibus
1586 3576 1748 3636 atque
1775 3567 1968 3623 officiis
2011 3585 2131 3638 pro-

543 3661 806 3730 ,posuisti,
839 3667 1096 3728 quantum
1126 3673 1212 3712 res
1247 3656 1536 3727 ﬂagitabat,
1586 3657 1832 3712 dedimus
1854 3659 1947 3711 tibi
1975 3674 2136 3728 supc-

544 3753 698 3823 .rius,
745 3751 969 3806 Domino
1017 3748 1324 3817 adjuvante,
1368 3762 1720 3818 responsum:
1765 3749 2140 3813 ostendentes,

548 3860 671 3898 .non
701 3858 770 3898 ex
797 3843 900 3896 illis
929 3841 1231 3896 nominibus
1259 3847 1350 3893 aut
1377 3839 1565 3894 oﬂiciis
1605 3848 1848 3894 sanctum
1876 3839 2131 3910 Spiritum

561 3936 860 4005 subjectum
889 3934 942 3987 in
969 3932 1147 4000 aliquo
1172 3939 1227 3986 et
1253 3929 1529 3998 humilem,
1578 3930 1714 3985 sicut
1759 3930 2014 3996 :estimas,
2052 3930 2134 3983 in-

553 4027 752 4083 veniri.
793 4025 851 4080 lu
882 4026 972 4080 illo
997 4033 1177 4078 autem
1217 4023 1335 4078 loco
1357 4022 1650 4092 Evangelii,
1697 4024 1786 4077 ubi
1830 4039 1950 4078 eum
1978 4032 2134 4093 putas

550 4120 826 4174 minorem
875 4115 1283 4185 subjectumque
1321 4115 1645 4178 monstrari,
1712 4115 1782 4168 ibi
1829 4117 2132 4182 agnoscitur

548 4208 794 4279 Spiritus
836 4217 1054 4260 sanctus
1081 4205 1148 4260 ab
1182 4204 1385 4260 unitate
1412 4203 1584 4258 Patris
1631 4211 1685 4257 et
1728 4203 1846 4256 Filii
1871 4219 1981 4257 non
2011 4218 2131 4258 esse

563 4297 876 4354 naturaliter
908 4296 1139 4352 alienus.
1177 4293 1306 4348 Vide
1354 4295 1494 4348 enim
1524 4293 1648 4363 quid
1674 4294 1817 4348 dicat
1843 4293 2124 4349 Christus:

561 4390 738 4457 Aditur
765 4387 925 4440 multa
952 4385 1111 4439 habeo
1136 4383 1272 4438 vobis
1303 4384 1488 4447 dicere,
1534 4384 1624 4437 sed
1652 4399 1754 4436 non
1782 4385 1992 4453 potestis
2020 4401 2129 4438 ino-

551 4484 623 4536 dt.
650 4490 898 4551 portare;
929 4495 1038 4532 cum
1071 4485 1239 4546 autem
1269 4475 1462 4530 venerit
1490 4476 1578 4528 ille
1606 4474 1833 4545 Spiritus
1874 4477 2134 4544 veitatis,

547 4573 757 4628 docebit
795 4589 879 4626 ros
906 4572 961 4624 in
993 4586 1194 4625 omnem
1222 4570 1484 4624 veritatem
1516 4567 1694 4636 (Joan.
1728 4583 1838 4634 xvr,
1874 4566 1961 4633 12,
2014 4566 2124 4636 15).

2163 3279 2210 3341 C
2243 3277 2358 3332 sine
2386 3278 2536 3347 cujus
2565 3279 2782 3334 nomine
2811 3294 2917 3333 non
2940 3286 3118 3346 potest
3137 3285 3532 3333 sacramentum
3554 3288 3812 3335 constare

2235 3369 2586 3437 baptismatis.
2633 3368 2748 3424 Hoc
2774 3383 2903 3437 ergo
2930 3368 3176 3424 Christus
3203 3367 3348 3431 fecit,
3399 3383 3506 3422 non
3550 3371 3679 3438 quia
3710 3372 3811 3423 mi-

2236 3475 2335 3512 nus
2363 3467 2574 3528 poterat
2605 3459 2736 3514 dare
2759 3475 2919 3529 quam
2959 3459 3102 3527 quod
3131 3459 3280 3514 dedit
3317 3458 3549 3528 Spiritus
3591 3469 3810 3515 sanctus

2238 3549 2380 3615 (cum
2411 3548 2462 3602 in
2492 3549 2639 3603 omni
2667 3563 2888 3603 munere
2915 3549 2987 3602 ita
3016 3549 3086 3602 sit
3113 3564 3277 3606 unum
3301 3556 3501 3603 sancta:
3530 3547 3810 3602 Trinitatis

2235 3639 2455 3701 donum,
2485 3639 2620 3694 sicut
2661 3639 2714 3692 in
2743 3639 2888 3693 omni
2917 3653 3080 3708 opere
3102 3653 3264 3692 unum
3293 3645 3374 3692 est
3401 3637 3604 3692 sancta:
3632 3637 3812 3694 Trini-

2236 3734 2359 3787 tatis
2387 3731 2638 3802 cilicium)
2666 3749 2680 3797 ;
2721 3732 2812 3787 sed
2846 3733 2948 3786 hoc
2975 3732 3099 3786 fecit
3135 3731 3274 3786 Deus
3302 3731 3484 3795 Filius,
3531 3737 3600 3785 ad
3631 3741 3812 3787 osten-

2233 3823 2460 3878 dendam
2489 3833 2688 3878 sancta:
2719 3822 2997 3877 Trinitatis
3033 3838 3191 3876 unam
3222 3831 3486 3887 naturam,
3536 3839 3816 3894 unamque

2235 3915 2482 3968 virtutem
2510 3931 2525 3979 ;
2558 3922 2614 3967 ut
2639 3929 2761 3968 eum
2789 3929 2820 3967 a
2847 3928 2954 3982 quo
2980 3913 3159 3968 doceri
3199 3915 3472 3983 apostolos
3509 3915 3561 3968 in
3593 3931 3814 3971 omnem

2233 4004 2534 4069 veritatem,
2562 4004 2676 4073 ipso
2705 4005 3028 4073 praedicante
3063 4002 3358 4068 Salvatore,
3389 4015 3685 4071 constaret,
3716 4022 3820 4062 ne-

2234 4109 2322 4148 mo
2351 4095 2611 4148 minorem
2649 4093 2809 4148 Patre
2840 4102 2893 4148 et
2935 4093 3070 4149 Filio
3112 4095 3446 4163 aliquatenus
3491 4097 3813 4152 aestimaret.

2233 4185 2347 4240 Non
2379 4193 2461 4241 est
2481 4185 2566 4240 hic
2604 4186 2763 4255 igitur
2793 4185 3011 4254 aliquod
3041 4185 3288 4239 indicium
3318 4185 3687 4254 subjectionis,
3721 4188 3820 4242 ubi

2232 4275 2604 4330 manifestatur
2631 4277 2811 4330 unitas
2855 4275 3147 4336 naturalis;
3190 4275 3282 4330 sed
3311 4274 3572 4342 Christus,
3605 4279 3701 4346 qui
3732 4287 3821 4333 est

2231 4383 2357 4422 vera
2401 4365 2694 4437 Sapientia,
2745 4367 2880 4421 illius
2919 4365 3173 4422 adventui
3221 4368 3434 4438 plenam
3463 4370 3711 4424 veritatis
3743 4373 3825 4425 in-

2231 4463 2442 4518 venitur
2470 4477 2774 4520 reservasse
2802 4464 3129 4531 doctrinam,
3165 4466 3318 4534 cujus
3347 4481 3508 4519 unam
3538 4481 3732 4520 secum
3765 4473 3826 4518 et

2231 4572 2352 4610 cum
2383 4555 2540 4612 Patre
2567 4558 2778 4612 volebat
2825 4558 3198 4614 demonstrare
3245 4559 3616 4613 substantiam.
3648 4557 3828 4624 Quod

559 4666 654 4720 llic
681 4664 910 4734 primum
941 4662 1185 4715 virtutem
1214 4659 1444 4730 Spiritus
1468 4659 1638 4714 sancti
1667 4658 1917 4713 Salvator
1946 4665 2129 4712 noster
2157 4654 2206 4714 D
2230 4647 2673 4715 ευὺεοίιυεηιὶὺυε
2712 4649 3168 4713 Verbis-ostendit.
3219 4648 3404 4704 dicens
3428 4667 3441 4702 ε
3495 4646 3618 4702 Non
3666 4650 3824 4702 enim

541 4757 800 4825 dignatus
826 4760 908 4807 est
929 4751 1326 4814 commendare,
1347 4749 1561 4818 quando
1603 4763 1666 4802 ea
1705 4762 1844 4816 qum,
1895 4748 2009 4816 ipso
2037 4761 2126 4801 se-

555 4847 787 4904 cundum
813 4859 1033 4900 carnem
1079 4854 1342 4913 praesente
1381 4849 1544 4910 atque
1588 4840 1835 4901 docente,
1881 4838 2126 4906 discipuli

543 4945 771 5005 portare
817 4950 923 4990 non
959 4939 1229 5004 poterant,
1275 4931 1445 4986 sancti
1485 4928 1715 4999 Spiritus
1743 4941 1964 4982 munere
1993 4941 2124 4982 con—

543 5026 760 5093 tortati,
790 5031 972 5086 essent
1013 5023 1131 5078 sine
1153 5021 1316 5076 dubio
1341 5020 1628 5091 portaturi.
1664 5019 1763 5074 Ubi
1792 5021 1976 5089 utique
2015 5034 2123 5074 non

543 5118 811 5188 majorem
841 5117 1090 5170 virtutem
1117 5113 1348 5184 Spiritus
1375 5113 1544 5167 sancti
1569 5111 1805 5166 Ostendit
1826 5126 1944 5166 esse
1964 5127 2123 5181 quam

549 5223 741 5274 suam;
773 5205 866 5261 sed
898 5219 1055 5260 unam
1080 5204 1336 5258 virtutem
1369 5217 1488 5257 esse
1534 5200 1764 5272 Spiritus
1803 5201 1981 5256 sancti
2026 5201 2123 5255 de-

539 5297 890 5362 monstravit,
921 5303 979 5350 et
1006 5309 1195 5349 suam:
1230 5301 1287 5346 ut
1334 5292 1424 5346 ille
1451 5291 1530 5346 eis
1574 5290 1787 5346 virtutis
1832 5289 2122 5360 plenitudi-

551 5404 676 5444 nem
703 5387 1035 5450 contulisset,
1083 5383 1175 5452 qui
1205 5383 1380 5437 minor
1410 5381 1604 5436 virtute
1644 5395 1750 5434 non
1798 5386 1958 5434 esset.
2008 5378 2123 5433 Hoc

549 5488 729 5536 autem
758 5475 1116 5539 necessarium
1146 5472 1245 5526 fuit
1291 5480 1513 5543 propter
1547 5483 1898 5540 personarum
1924 5467 2125 5522 disere-

551 5571 908 5634 tionem-non
951 5573 1174 5635 propter
1201 5577 1424 5632 operum
1453 5560 1683 5628 aliquam
1712 5558 2115 5623 diversitatem;

546 5661 645 5717 sed
675 5639 876 5722 υιέἀίιιῑε
922 5667 1056 5722 erat,
1111 5664 1170 5710 ut
1216 5655 1357 5710 illius
1402 5652 1587 5706 intima
1635 5650 2024 5704 illuminatione
2063 5641 2122 5704 et

541 5753 975 5814 «contu-maiioue,
1000 5749 1345 5819 perﬁceretur
1367 5747 1417 5801 in
1446 5743 1704 5814 apostolis
1732 5743 1930 5798 donum
1962 5742 2119 5796 intel-

550 5845 781 5908 ligentiae,
805 5843 1061 5904 spiritalis
1099 5850 1154 5896 et
1205 5837 1574 5906 insuperabilis
1621 5834 1840 5890 omnino
1887 5833 2116 5896 virtutis,

2227 4740 2459 4809 loquetur
2483 4756 2514 4791 a
2539 4741 2829 4810 semetipso,
2877 4741 2967 4796 sed
3005 4757 3311 4812 quaecunque
3347 4739 3519 4792 audiet
3547 4739 3825 4806 loquetur,

2226 4841 2276 4884 et
2303 4847 2417 4901 qua!
2439 4840 2649 4886 ventura
2678 4841 2797 4884 sunt
2823 4832 3148 4885 annuntiabit
3174 4831 3333 4885 vobis.
3367 4829 3466 4883 Ille
3493 4845 3573 4882 me
3602 4829 3828 4899 clariﬁ-

2227 4920 2382 4984 cabit,
2403 4923 2523 4990 quia
2549 4919 2612 4973 de
2639 4937 2749 4974 meo
2771 4922 3005 4991 accipiet,
3037 4931 3086 4974 et
3108 4918 3435 4973 annuntiabit
3455 4918 3597 4972 vobis
3623 4915 3827 4987 (locus.

2226 5011 2435 5075 “1,15,
2461 5009 2726 5079 M).Ecce
2737 5011 2967 5081 primum
2980 5009 3213 5065 ostendit
3230 5024 3334 5063 non
3352 5022 3468 5062 esse
3495 5006 3603 5059 alia
3633 5003 3828 5077 Spiri-

2229 5111 2313 5156 tus
2359 5101 2529 5156 sancti
2585 5117 2745 5171 quam
2789 5116 2907 5170 quae
2948 5109 3075 5156 sunt
3117 5101 3278 5171 διο
3324 5097 3463 5152 Filii.
3505 5096 3721 5152 Deinde
3763 5104 3831 5151 ut

2227 5191 2536 5248 ostenderet
2566 5193 2744 5246 omnia
2773 5207 2870 5246 sua
2916 5206 3034 5247 esse
3065 5207 3182 5260 qua:
3210 5189 3382 5243 Patris
3409 5196 3552 5253 sunt,
3606 5186 3830 5256 adjecit

2227 5285 2298 5353 (v.
2345 5279 2467 5352 15):
2503 5280 2692 5336 Omnia
2734 5298 3045 5354 quacunque
3070 5281 3220 5335 habet
3252 5279 3430 5342 Pater,
3481 5295 3598 5332 mea
3641 5287 3828 5334 sunt:

2223 5384 2490 5442 prapferea
2519 5371 2630 5426 dixi
2655 5373 2773 5443 quia
2798 5372 2861 5425 de
2884 5389 2994 5426 meo
3023 5373 3262 5442 accipiet,
3288 5380 3337 5424 et
3363 5369 3707 5422 annuntiabil
3731 5386 3832 5424 uo—

2224 5469 2320 5522 bis.
2349 5467 2478 5522 lllud
2509 5468 2669 5535 igitur
2698 5466 2944 5536 primitus
2969 5467 3328 5529 attendamus,
3361 5462 3506 5533 quod
3532 5461 3639 5515 ait:
3683 5461 3747 5516 Ν
3753 5480 3830 5518 on

2219 5562 2357 5613 enim
2385 5561 2616 5630 loquetur
2645 5572 2676 5612 α
2705 5559 2995 5627 semetipso,
3041 5558 3132 5611 sed
3157 5571 3466 5627 quaecunque
3503 5554 3689 5606 audiet
3747 5556 3838 5609 lo—

2221 5663 2417 5721 quetur.
2448 5650 2578 5716 Quis
2601 5659 2779 5704 autem
2799 5647 3202 5722 comprehendit
3225 5645 3396 5716 qualis
3417 5643 3487 5696 sit
3512 5642 3658 5696 illius
3694 5644 3840 5698 sim-

2221 5742 2374 5811 plicis
2403 5750 2604 5794 uatura:
2629 5739 2849 5803 locutio,
2880 5737 2961 5791 vel
3007 5737 3180 5805 qualis
3209 5734 3457 5789 auditio?
3509 5731 3628 5796 Ubi,
3671 5734 3841 5788 sicut

2224 5848 2330 5886 non
2361 5839 2440 5886 est
2471 5829 2610 5884 aliud
2641 5843 2851 5900 sapere,
2884 5829 2968 5883 vel
2997 5828 3156 5895 scire,
3200 5841 3357 5896 quam
3389 5839 3508 5880 esse
3533 5865 3547 5889 ,
3589 5822 3673 5877 ita
3714 5841 3842 5880 non
