4064 6358
539 424 634 476 ἱόέι

1566 421 1639 487 ε,
1664 418 2029 475 remearn
2061 417 2362 474 EPISCOPI
2394 382 2766 487 nusétﬁnsrs

3720 428 3833 481 78$

535 542 703 590 lorum
734 535 800 590 de
845 534 1184 588 credentibus
1208 532 1412 586 dictum
1445 541 1525 585 est
1551 575 1564 598 ,
1615 533 1738 601 quia
1790 533 1968 601 repleti
2001 539 2117 583 sunt
2151 538 2194 591 Α
2227 529 2545 600 Unigenitus
2565 537 2782 600 dicitur,
2809 538 2862 591 in
2879 538 2996 592 solo
3016 540 3281 595 naturalis
3300 541 3585 610 generatio‘
3598 539 3831 595 demon-

535 643 707 680 omnes
750 625 949 696 Spiritu
977 634 1175 689 sancto,
1209 635 1257 677 et
1272 623 1620 694 loquebantur
1649 623 1852 679 verbum
1873 623 1980 678 .Dei
2001 641 2135 693 cum:

534 718 727 790 ﬁducia
758 718 895 786 (Act.
928 732 998 777 tv,
1034 715 1145 785 5|).
1176 714 1311 782 Quia
1362 732 1488 771 vero
1543 716 1701 771 Pater
1730 725 1808 772 est
1866 716 2128 771 naturalis

534 810 685 875 origo
715 805 832 861 Filii
863 814 916 860 et
958 806 1191 875 Spiritus
1217 808 1408 872 sancti,
1437 808 1555 861 ideo
1586 815 1759 861 totum
1785 805 1930 862 Patri
1954 806 2000 860 Ρ
2005 808 2128 861 ilius

535 899 833 963 assignans,
858 897 933 950 ait
958 915 971 949 :
998 895 1187 951 Omnia
1208 914 1322 969 qua:
1343 898 1495 952 habet
1516 899 1672 952 Pater
1696 915 1811 951 mea
1835 908 1983 964 sunt;
2013 917 2131 969 pro-

541 997 717 1057 pterea
731 987 843 1038 dixi
869 986 989 1054 quia
1020 987 1082 1038 de
1103 1003 1214 1040 meo
1237 988 1450 1052 accipiet
1475 986 1656 1057 (Joan.
1681 1003 1800 1052 xvr,‘
1818 986 1925 1055 I5).
1952 987 2122 1053 Quam

535 1078 676 1132 bene
706 1077 988 1131 veritatem
1018 1077 1275 1132 doctrinte
1313 1093 1424 1133 sua:
1460 1079 1674 1133 Veritas
1704 1080 1817 1149 ipsa
1848 1082 2120 1135 servavit!

534 1167 590 1221 Si
641 1167 782 1220 enim
838 1167 941 1222 hoc
986 1184 1093 1222 non
1122 1169 1363 1234 dixisset,
1395 1170 1546 1238 quasi
1577 1185 1731 1224 suum
1764 1185 1884 1225 esse
1916 1179 2123 1225 tantam

534 1256 791 1328 Spiritum
833 1257 1196 1324 ostendisset;
1226 1260 1320 1313 sed
1361 1260 1579 1323 dicens,
1631 1254 1807 1316 omnia
1834 1279 1949 1333 qua:
1974 1262 2124 1317 habet

536 1345 697 1401 Pater
724 1364 838 1402 mea
865 1357 987 1401 sunt
1009 1366 1026 1412 ;
1051 1358 1321 1419 propterea
1352 1350 1461 1404 dixi
1491 1352 1610 1421 quia
1638 1352 1703 1405 de
1725 1370 1836 1407 meo
1866 1354 2121 1423 accipiet;

535 1440 708 1509 ipsum
737 1438 997 1511 Spiritum
1022 1450 1288 1499 sanctum.
1326 1458 1488 1496 unum
1513 1458 1634 1497 csse
1665 1444 1901 1498 ostendit
1940 1453 1995 1499 et
2021 1443 2122 1498 Pa-

535 1532 632 1587 tris
658 1540 715 1586 et
742 1547 916 1586 suum.
948 1530 1114 1599 Cuius
1141 1533 1501 1601 intelligentia:
1544 1543 1785 1589 tenorem
1827 1535 1948 1590 loco
1988 1551 2123 1605 quo.

535 1639 642 1694 que
697 1624 978 1694 superiore
1018 1625 1283 1693 servavit,
1338 1624 1560 1680 dicens:
1616 1625 1923 1681 Paracletus
1952 1636 2122 1682 autem

534 1714 765 1783 Spiritus
789 1723 999 1782 sanctus
1028 1730 1175 1784 quem
1205 1715 1367 1768 mittet
1398 1716 1553 1770 I'ater
1571 1717 1623 1769 in
1648 1718 1857 1771 nomine
1878 1733 2008 1783 meo,
2037 1719 2122 1772 ille

534 1819 620 1858 vos
650 1803 849 1858 docebit
878 1805 1051 1859 omnia
1071 1820 1382 1877 quiecunque
1403 1806 1583 1860 dixero
1631 1807 1771 1862 vobis
1798 1806 1976 1879 (Joan.
2010 1825 2120 1875 xw,

2230 632 2474 687 stretur,
2510 636 2938 697 tamenpropter
2965 629 3192 698 gratiam
3222 630 3531 699 adoptionis
3559 644 3661 685 nos
3688 644 3832 700 quac

2229 728 2334 782 que
2364 715 2693 771 Deus-Pater
2732 719 3018 772 voluntarie
3046 720 3223 789 genuit
3249 718 3400 773 verba
3426 719 3651 773 veritatis
3676 718 3826 791 (Jac.

2229 820 2265 870 ι,
2293 804 2401 875 18).
2424 805 2754 876 ιυηίεεηὶιιις
2778 809 2960 876 igitur,
2990 824 3128 863 unus
3150 818 3206 863 et
3247 809 3396 864 solus
3426 817 3522 863 est
3547 809 3613 864 de
3638 796 3829 863 Patris

2228 898 2459 951 essentia
2486 897 2847 953 Filius-natus
2873 918 2883 951 :
2914 899 3009 955 sed
3057 907 3114 954 et
3141 914 3241 954 nos
3269 914 3366 968 per
3389 888 3742 969 adoptionem
3769 905 3830 952 et

2228 984 2347 1039 Filii
2370 985 2467 1042 Dei
2489 987 2713 1043 dicimur
2733 996 2787 1043 et
2816 989 2883 1044 de
2909 989 3018 1043 Deo
3047 989 3178 1053 nati,
3197 990 3358 1044 beato
3382 987 3722 1057 Evangelista
3749 987 3829 1041 di-

2227 1087 2384 1133 cente
2401 1097 2413 1133 :
2430 1076 2698 1152 Quotquot
2724 1090 2893 1134 autem
2924 1088 3224 1147 receperunt
3243 1097 3379 1147 eum,
3407 1080 3547 1134 dedit
3568 1082 3646 1134 eis
3673 1090 3818 1150 pote-

2226 1179 2410 1223 statem
2431 1172 2569 1240 ﬁlios
2591 1171 2690 1225 Dei
2718 1172 2857 1243 ﬁeri,
2881 1171 2961 1225 his
3000 1174 3087 1243 qui
3125 1171 3341 1225 credunt
3370 1173 3424 1225 in
3453 1171 3661 1225 nomine
3686 1170 3827 1242 ejus,

2225 1263 2312 1335 qui
2362 1281 2466 1319 non
2510 1282 2573 1319 ex
2604 1264 2962 1337 sanguinibus,
3019 1282 3177 1335 neque
3215 1281 3279 1319 ea:
3327 1264 3585 1318 voluntate
3621 1266 3825 1329 carnis,

2225 1371 2387 1425 neque
2408 1372 2473 1411 ea:
2496 1338 2753 1411 voluntate
2783 1357 2900 1422 viri,
2930 1355 3020 1410 sed
3050 1372 3115 1410 ea:
3145 1354 3256 1410 Deo
3281 1357 3389 1408 nati
3421 1364 3539 1409 sunt
3571 1353 3754 1424 (Joan.
3784 1370 3829 1421 ι,

2225 1450 2442 1520 12,13).
2460 1450 2592 1505 Cum
2609 1463 2739 1518 ergo
2768 1465 2870 1505 nos
2891 1458 2946 1503 et
2969 1448 3061 1502 Dei
3088 1446 3246 1511 ﬁlios,
3274 1449 3419 1501 etde
3444 1447 3557 1501 Deo
3584 1446 3835 1515 genitos,

2188 1545 2195 1553 ‘
2222 1548 2279 1595 et
2305 1540 2371 1595 de
2392 1539 2503 1595 Deo
2531 1548 2706 1603 natos,
2736 1539 2930 1593 divinis
2957 1538 3271 1593 ostendatur
3292 1537 3561 1608 eloquiis,
3597 1551 3829 1607 proces-

2222 1630 2391 1686 sionis
2422 1640 2602 1685 tamen
2631 1629 2698 1684 de
2726 1629 2839 1684 Deo
2870 1627 3188 1684 vocabulum
3230 1641 3388 1682 nemo
3426 1634 3605 1696 potest
3656 1642 3821 1681 crea-

2223 1730 2355 1775 tur:e
2385 1719 2634 1789 cuiquam
2650 1718 2856 1774 docere
2877 1733 3217 1773 concessum.
3245 1718 3404 1789 613
3428 1715 3569 1784 Quid
3599 1719 3693 1781 ita,
3716 1718 3826 1774 nisi

2223 1811 2349 1882 quia
2374 1811 2706 1881 unigenitum
2737 1808 2929 1863 Filium
2952 1817 3141 1879 posset
3162 1807 3420 1862 naturalis
3447 1808 3699 1862 nativitas
3726 1822 3830 1861 ve:

533 1891 646 1961 26).
681 1891 841 1947 Pater
879 1893 1061 1960 mittit,
1085 1892 1179 1948 sed
1210 1895 1262 1947 in
1286 1896 1504 1950 nomine
1524 1895 1642 1950 Filii
1667 1897 1865 1963 mittit;
1892 1897 2124 1968 Spiritus
2159 1905 2200 1964 Β
2227 1919 2344 1958 rum
2377 1903 2543 1957 Deum
2591 1901 2919 1967 ostendere;
2946 1915 3178 1970 eumque
3217 1915 3322 1954 non
3352 1899 3684 1970 adoptivum,
3715 1915 3835 1954 nec

536 1983 733 2038 missus
757 1981 970 2042 a.Patre
995 1983 1173 2047 docet,
1207 1984 1299 2038 sed
1328 1984 1496 2040 Filius
1521 1978 1665 2041 dicit.
1694 1984 1808 2042 Hoc
1837 1988 1997 2042 etiam
2031 1989 2121 2043 illo

534 2076 933 2129 demonstratur
956 2074 1078 2133 loco
1102 2075 1187 2128 ubi
1213 2074 1470 2129 Dominus
1496 2075 1654 2131 dicit:
1685 2076 1810 2131 Cum
1839 2089 2007 2132 autent
2040 2096 2122 2132 ve-

536 2168 667 2220 nerit
692 2164 992 2220 Paracletus
1024 2182 1168 2237 quem
1193 2183 1287 2238 ego
1314 2168 1514 2221 mittam
1544 2169 1597 2220 in
1627 2185 1713 2222 vos
1743 2186 1775 2222 α
1803 2167 1979 2235 Patre,
2000 2170 2122 2239 Spi-

537 2259 686 2311 ritum
717 2260 963 2321 veritatis,
997 2261 1082 2329 qui
1132 2276 1163 2311 a
1194 2258 1354 2312 Patre
1389 2260 1621 2328 procedit
1678 2260 1853 2331 (Joan.
1892 2278 1978 2328 xv,
2007 2261 2119 2330 26).

535 2348 669 2405 Ecce
712 2349 800 2403 hic
850 2348 1184 2403 Para‘clctum
1207 2364 1368 2417 quem
1418 2351 1582 2405 mittit
1627 2349 1786 2407 Pater
1813 2352 1866 2406 in
1908 2353 2142 2415 nomine,

537 2439 672 2504 Filii,
705 2439 1067 2512 ipsumomittit
1089 2438 1255 2493 Filius
1283 2456 1312 2493 a
1348 2437 1503 2494 Patre
1533 2459 1545 2492 :
1572 2441 1736 2496 mittit
1756 2451 1936 2497 autem
1958 2458 1987 2496 a
2018 2442 2122 2496 Pa-

536 2539 617 2583 tre
658 2528 916 2603 Spiritum
945 2527 1187 2582 veritatis
1212 2544 1223 2579 :
1257 2526 1421 2580 mittit
1451 2541 1580 2595 ergo
1623 2544 1651 2582 a
1677 2527 1837 2582 Patre
1867 2528 2123 2600 Spiritum

535 2636 712 2685 suum,
742 2620 867 2689 quia
898 2620 1013 2690 ipse
1055 2628 1138 2674 est
1159 2618 1392 2673 Veritas.
1418 2617 1577 2672 Mittit
1603 2633 1725 2673 eum
1770 2617 1930 2674 Pater
1954 2620 2005 2673 in
2029 2637 2128 2674 no-

538 2712 684 2783 mine
711 2710 850 2774 Filii,
870 2711 995 2780 quia
1019 2724 1156 2763 unus
1171 2706 1400 2778 Spiritus
1426 2716 1509 2762 est
1529 2706 1703 2764 Patris
1716 2717 1772 2763 et
1790 2708 1937 2763 Filii:
1964 2711 2129 2764 mittit

526 2819 656 2856 [eum
689 2801 851 2856 Filius
870 2817 899 2854 a
922 2799 1101 2864 Patre,
1124 2798 1249 2869 quia
1277 2798 1356 2853 sic
1380 2800 1624 2868 procedit
1645 2814 1675 2852 a
1690 2797 1825 2856 Filio
1841 2802 1980 2855 sicut
2010 2817 2128 2870 pro-

524 2892 680 2949 cedit
708 2910 738 2947 a
769 2893 961 2950 Patre:
995 2894 1142 2951 idem
1169 2911 1383 2967 quoque
1410 2895 1854 2967 Spiritus.Patris,
1888 2899 1979 2968 qui
2007 2898 2119 2968 Spi-

528 2988 672 3041 ritus
710 2995 794 3042 est
824 2988 1094 3042 Veritatis.
1129 2989 1204 3043 De
1219 2980 1365 3049 Filio
1396 2988 1490 3056 (ul.
1522 2988 1598 3042 De
1628 2987 1769 3058 Filii)
1817 3002 1945 3057 ergo
1975 3004 2128 3043 acce-

539 3080 638 3149 pit,
660 3088 711 3132 et
741 3080 919 3133 omnia
939 3079 1243 3150 quzehabet
1263 3078 1424 3133 Pater
1446 3078 1562 3133 Filii
1590 3087 1735 3145 sunt,
1759 3093 1877 3148 qua:
1899 3076 2129 3147 Spiritus

539 3178 758 3224 sanctus
785 3171 1031 3240 accepit;
1062 3171 1188 3239 quia
1214 3186 1322 3225 non
1353 3169 1420 3223 de
1440 3170 1558 3224 solo
1582 3168 1761 3235 Patre,
1791 3186 1889 3225 nec
1916 3169 1982 3224 de
2012 3170 2127 3226 solo

2227 1992 2451 2047 diventc
2477 1999 2702 2057 naturae,
2732 1990 2824 2046 sed
2838 1990 3362 2046 consubstantialem
3382 1988 3536 2044 .Patri
3564 1991 3682 2045 sine
3714 1991 3824 2044 du-

2228 2082 2503 2141 bitatione.
2524 2083 2862 2161 monstrare?
2886 2079 3197 2161 Procedere
3224 2071 3402 2136 autem
3434 2080 3501 2135 de
3545 2079 3658 2135 Deo
3697 2079 3836 2137 ideo

2229 2173 2374 2227 nulla
2405 2179 2654 2228 creatura
2694 2156 2909 2237 dicitur,
2939 2178 2998 2225 ut
3023 2156 3113 2225 ille
3154 2171 3245 2241 qui
3294 2171 3540 2241 procedit
3563 2169 3631 2224 de
3661 2168 3836 2235 Patre,

2228 2276 2282 2320 et
2303 2264 2439 2321 Filio
2466 2265 2544 2321 sic
2573 2280 2694 2320 esse
2715 2264 2968 2320 credatur
2995 2264 3157 2349 Deus,
3183 2264 3320 2318 sicut
3349 2272 3433 2318 est
3463 2261 3622 2318 Pater
3643 2271 3700 2317 et
3726 2261 3824 2316 Fi-

2228 2354 2349 2410 lius.
2373 2353 2554 2411 Solius
2575 2362 2658 2410 est
2685 2354 2828 2409 enim
2857 2352 3088 2424 Spiritus
3115 2354 3289 2409 sancti
3316 2352 3383 2407 de
3413 2351 3572 2408 Patre
3600 2362 3654 2407 et
3682 2350 3829 2406 Filio

2227 2447 2532 2520 proprietas
2571 2447 2670 2503 ista
2694 2447 3076 2517 processionis,
3119 2446 3275 2516 cujus
3315 2455 3399 2501 est
3435 2462 3556 2501 cum
3587 2444 3745 2500 Patre
3770 2455 3830 2501 et

2229 2538 2366 2594 Filio
2412 2530 2606 2593 natura
2651 2539 2975 2593 communis.
3034 2537 3109 2593 De
3156 2536 3317 2593 Patre
3355 2537 3557 2607 quippe
3593 2553 3657 2591 ac
3684 2536 3830 2591 Filio

2232 2628 2496 2701 procedit,
2540 2629 2635 2684 sed
2665 2646 2771 2684 non
2819 2629 3060 2685 recedit:
3097 2645 3196 2684 nec
3233 2638 3317 2684 est
3365 2630 3419 2683 in
3448 2629 3626 2699 aliquo
3648 2630 3832 2683 annos

2230 2720 2608 2786 autsubditus,
2641 2721 2732 2790 qui
2779 2720 2847 2775 de
2873 2721 3135 2774 immenso
3164 2718 3323 2774 Patre
3362 2735 3427 2775 ac
3456 2719 3523 2774 de
3560 2719 3837 2779 immenso

2229 2811 2366 2867 Filio
2416 2812 2851 2882 inseparabiliter
2879 2820 2933 2867 et
2977 2802 3113 2867 unus
3140 2812 3386 2882 procedit
3428 2819 3483 2866 et
3537 2820 3699 2866 totus.
3730 2808 3830 2867 Sic

2230 2903 2392 2973 igitur
2420 2907 2468 2959 ei
2500 2921 2605 2960 non
2637 2913 2815 2975 potest
2843 2906 3094 2977 imperari
3123 2906 3267 2975 quod
3322 2905 3578 2975 loquitur,
3604 2906 3744 2960 sicut
3774 2907 3833 2964 ei

2232 3009 2338 3048 non
2360 3003 2541 3066 potest
2564 2997 2814 3068 imperari
2837 2997 2980 3067 quod
3000 2997 3318 3053 mirabiliter
3337 3007 3607 3068 Operatur.
3628 2997 3831 3051 Omnia

2229 3086 2374 3143 enim
2402 3096 2648 3158 aperatur
2675 3105 2808 3143 unus
2832 3098 2985 3157 atque
3006 3088 3142 3143 idem
3173 3087 3418 3159 Spiritus,
3441 3074 3668 3142 dividens
3696 3089 3829 3141 sin-

2231 3179 2365 3251 gulis
2392 3191 2546 3250 prout
2572 3180 2677 3237 uult
2703 3179 2754 3251 (1
2781 3179 2901 3234 Cor.
2934 3196 3026 3244 xu,
3059 3180 3170 3251 lt).
3198 3180 3313 3234 Non
3341 3180 3512 3247 itaque
3542 3177 3667 3232 facit
3686 3176 3843 3249 δρᾶ-.

529 3257 580 3311 \F
586 3258 698 3325 ilio,
722 3256 816 3313 sed
841 3258 998 3313 simul
1028 3259 1095 3313 de
1137 3268 1366 3328 utroque
1389 3258 1650 3328 procedit.
1681 3255 1797 3313 Hoc
1826 3267 2003 3313 autem
2033 3276 2128 3314 vo-
2153 3275 2198 3337 ρ
2230 3269 2368 3324 ritus
2392 3279 2612 3325 sanctus
2638 3270 2839 3339 aliquid
2883 3270 3104 3325 alterius
3146 3269 3428 3341 potestatis
3451 3267 3705 3338 imperio,
3724 3269 3835 3324 sed

511 3350 787 3405 ~cabulum
828 3352 1189 3421 processionis
1227 3350 1294 3407 de
1321 3349 1498 3416 Patre,
1529 3350 1657 3407 nulli
1682 3359 1944 3406 creatura:
1974 3352 2121 3407 inve-

513 3484 517 3491 .
539 3443 686 3497 nitur
710 3442 1006 3509 indultum;
1038 3450 1099 3497 ut
1125 3442 1427 3514 proprietas
1448 3442 1548 3497 ista
1570 3442 1934 3512 processionis
1958 3442 2127 3499 solius

540 3546 658 3586 esse
679 3532 1077 3589 demonstretur
1097 3533 1342 3609 essentia:
1393 3533 1675 3590 naturalis.
1702 3532 1953 3602 Legimus
1981 3536 2123 3589 enim

541 3619 730 3677 Filium
774 3624 838 3678 de
899 3625 1056 3679 Patre
1102 3624 1360 3695 genitum,
1413 3633 1467 3678 et
1523 3624 1769 3693 quamvis
1797 3625 1850 3679 in
1890 3640 1956 3680 eo
1982 3624 2127 3695 quod

2232 3363 2413 3418 omnia
2436 3378 2546 3418 sum
2566 3372 2822 3432 operatur
2834 3363 3056 3418 arbitrio
3070 3359 3518 3418 voluntatis.Una
3541 3367 3623 3416 est
3640 3369 3835 3415 autem

2232 3462 2433 3509 sancta:
2460 3452 2737 3509 Trinitatis
2789 3453 3066 3518 voluntas,
3119 3467 3331 3522 unaque
3379 3458 3638 3520 potestas,
3669 3449 3843 3518 cujus

2237 3559 2344 3599 una
2374 3552 2455 3599 est
2483 3545 2801 3600 naturaliter
2825 3545 3093 3601 divinitas.

1155 3857 1181 3902 ι
1201 3856 1248 3902 Χ
1287 3853 1514 3904 LIBBO
1554 3855 1704 3903 νιιι.
1747 3855 1844 3903 DE
1881 3854 2124 3903 M18810

2226 3884 2227 3891 η
2266 3856 2439 3903 mnu
2479 3857 2571 3903 ετ
2609 3855 2932 3904 εριιιιτυε
2973 3842 3255 3903 “non.

960 3980 1432 4037 FRAGMENTUM
1463 3978 1692 4035 XXVIII.

543 4071 711 4124 Unam
742 4071 889 4123 habet
920 4070 1148 4123 Trinitas
1169 4080 1217 4123 et
1243 4071 1550 4125 locutionem
1571 4080 1620 4124 et
1646 4070 1977 4129 voluntatem.
2006 4070 2127 4126 Non

611 4141 830 4193 mittitur
870 4139 1096 4209 Spiritus
1127 4152 1334 4209 sanctus
1376 4144 1508 4194 sicut
1545 4140 1715 4209 angeli
1743 4156 1760 4193 :
1794 4158 1926 4194 unus
1955 4152 2050 4203 est,
2081 4153 2130 4197 et

598 4207 927 4280 immensum:
955 4208 1125 4280 Datur
1166 4207 1419 4279 baptisma
1457 4207 1632 4264 etiam
1652 4210 1707 4263 in
1745 4211 1857 4280 ejus
1901 4214 2125 4266 nomine.

588 4277 747 4350 lVon
780 4279 970 4350 recedit
997 4278 1061 4332 ab
1090 4279 1156 4333 iis
1193 4277 1277 4350 qui
1319 4296 1435 4333 eum
1475 4281 1741 4349 postulant
1768 4277 1840 4334 ad
1878 4297 1932 4335 se
1973 4284 2126 4338 mitti.

598 4346 748 4414 :Quid
768 4349 893 4417 petit
924 4348 1158 4403 Ecclesia
1185 4346 1298 4402 cum
1330 4346 1585 4421 Spiritum
1614 4360 1846 4404 sanctunt
1872 4352 2018 4422 petit.

611 4438 716 4494 Nec
745 4438 865 4493 ideo
883 4438 1125 4510 .Spiritus
1155 4438 1401 4509 proditor
1438 4448 1522 4494 est
1550 4439 1747 4494 secreti
1776 4432 2128 4510 divini,'quia

538 4549 657 4600 qua:
685 4531 831 4596 dicit,
867 4531 1081 4601 propria
1117 4531 1392 4586 voluntate
1428 4531 1576 4586 dicit.
1634 4529 1745 4585 Una
1771 4532 1913 4586 enim
1942 4541 2128 4587 sancta

2236 3990 2368 4037 turre
2417 3998 2762 4052 congruere:
2798 3992 2856 4038 ut
2901 4000 2968 4038 ex
3023 3983 3105 4038 his
3151 3984 3398 4038 omnibus
3448 3994 3593 4038 recta
3626 3984 3721 4038 tibi
3759 3984 3836 4038 de

2234 4072 2490 4128 missione
2515 4072 2748 4144 Spiritus
2788 4074 2959 4129 sancti
3008 4082 3195 4143 posset
3241 4074 3593 4141 intelligentia
3631 4072 3834 4129 suffra-

2231 4166 2365 4233 gari.
2398 4165 2583 4236 Itaque
2613 4182 2719 4221 non
2753 4175 2804 4221 te
2834 4166 2997 4222 credo
3027 4166 3363 4236 aliquatenus
3391 4167 3661 4236 dubitare,
3681 4168 3845 4239 quod,

2232 4259 2375 4314 sicut
2404 4276 2542 4317 unus
2569 4260 2762 4327 Pater,
2795 4268 2851 4315 et
2886 4275 3020 4315 unus
3049 4258 3243 4326 Filius,
3286 4260 3365 4315 sic
3395 4270 3449 4314 et
3488 4276 3626 4315 unus
3663 4260 3838 4332 διε.

2232 4351 2463 4422 Spiritus
2493 4361 2714 4407 sanctus
2741 4353 2934 4407 divinis
2964 4340 3159 4421 ubique
3201 4351 3523 4421 praedicetur
3560 4352 3836 4421 eloquiis;

2232 4445 2447 4500 dicente
2495 4444 2655 4500 beato
2701 4444 2959 4514 Apostolo
2994 4462 3005 4497 :
3050 4441 3340 4498 Divisiones
3381 4459 3497 4497 rero
3536 4447 3851 4515 gratiarum,

2231 4543 2384 4600 sunt,
2419 4533 2555 4586 idem
2587 4542 2754 4587 autent
2794 4533 3024 4598 Spiritus
3050 4550 3067 4586 .'
3094 4542 3143 4587 et
3172 4533 3445 4587 divisiones
3484 4533 3839 4597 ministratio-

430 4689 441 4701 .
508 4623 769 4677 Trinitas
799 4637 955 4675 unam
987 4637 1204 4692 seraper
1232 4622 1396 4678 habet
1420 4622 1769 4688 locutionem,
1800 4624 1941 4680 sicut
1968 4639 2124 4679 unam
2157 4607 2207 4665 υ
2231 4640 2353 4678 num
2402 4635 2552 4689 sunt,
2588 4624 2725 4678 idem
2765 4634 2934 4678 autem
2977 4622 3276 4678 Dominus:
3307 4632 3356 4677 et
3382 4623 3655 4678 divisiones
3699 4641 3835 4694 ope-

532 4713 695 4767 habet
725 4727 819 4782 per
846 4713 1026 4767 omnia
1052 4712 1384 4768 voluntatem
1423 4730 1435 4766 :
1469 4723 1523 4768 et
1552 4713 1605 4768 in
1635 4729 1701 4769 eo
1730 4714 1875 4783 quod
1902 4730 1931 4769 a
1963 4714 2122 4770 Patre

530 4818 593 4857 ac
622 4802 757 4857 Filio
787 4800 930 4871 quod
958 4802 1196 4871 loquitur
1221 4803 1368 4858 audit
1397 4803 1627 4874 Spiritus
1655 4813 1877 4861 sanctus
1900 4845 1915 4870 ,
1958 4803 2124 4859 solius

529 4901 613 4946 est
655 4893 916 4971 originis,
949 4908 1055 4947 non
1085 4892 1369 4962 cujuslibet
1420 4895 1797 4964 inmqualitatis
1846 4895 2120 4953 indicium.

506 4984 650 5050 ‘Quo
680 4976 864 5053 utique
897 5000 1009 5039 non
1053 4984 1355 5040 ostenditur
1381 4986 1466 5041 cui
1496 4987 1832 5057 obtemperet
1859 4988 2147 5067 subditus,

527 5075 622 5129 sed
650 5074 791 5129 unde
817 5075 1075 5145 procedat
1104 5076 1370 5132 excelsus.
1402 5076 1709 5134 Missionem
1739 5094 1868 5132 vero
1891 5077 2124 5149 Spiritus

527 5167 705 5223 sancti
737 5167 1041 5222 nullatenus
1074 5168 1303 5224 similem
1329 5169 1672 5225 missionibus
1698 5170 1991 5225 aestimares
2028 5186 2124 5224 an-

526 5259 734 5327 gelicis,
765 5258 810 5313 si
839 5258 1028 5313 humili
1058 5259 1222 5314 corde
1253 5259 1350 5313 ista
1381 5275 1671 5330 qumreres,
1700 5269 1756 5317 et
1794 5278 1899 5316 non
1930 5278 2123 5333 super-

522 5351 624 5406 bus
652 5352 705 5406 in
735 5350 1115 5407 contumeliam
1162 5352 1332 5407 sancti
1382 5350 1613 5422 Spiritus
1662 5353 1956 5422 prosilires.
2010 5352 2120 5410 Iloc

527 5442 667 5496 enim
693 5442 915 5511 cupiens
940 5456 1182 5511 quaerere
1208 5481 1222 5505 ,
1274 5441 1502 5496 debuisti
1549 5442 1803 5510 quidnam
1843 5443 2116 5513 Scriptura

526 5534 705 5589 divina
735 5535 803 5591 de
831 5542 1018 5591 sancto
1047 5533 1250 5603 Spiritu
1274 5533 1491 5597 dixerit,
1517 5535 1782 5605 vestigare
1811 5554 1823 5589 :
1857 5544 1910 5590 et
1942 5537 2115 5606 primo

528 5634 705 5678 utrum
740 5626 968 5691 multos
1003 5631 1269 5680 assereret
1293 5665 1307 5689 ,
1356 5639 1422 5677 an
1472 5640 1635 5677 unum
1668 5643 1683 5678 :
1716 5624 1910 5680 deinde
1939 5633 2115 5680 utrum

527 5714 755 5769 localem
785 5701 1003 5785 dixerit,
1034 5732 1101 5770 an
1133 5717 1451 5771 immensum
1489 5733 1499 5767 :
1535 5722 1837 5784 postremo,
1870 5716 2118 5772 conside-

527 5823 653 5862 rans
683 5822 849 5877 opera
880 5809 1023 5876 ejus,
1056 5824 1388 5878 cognoscere
1427 5807 1657 5863 debuisti
1701 5815 1878 5862 utrmn
1909 5809 2007 5862 soli
2037 5807 2118 5862 di-

525 5898 1072 5968 tinitaticompetant
1098 5939 1111 5963 ,
1145 5914 1213 5954 an
1254 5897 1930 5984 etiampossintcuiquam
1962 5913 2115 5953 crea-

2224 4717 2484 4771 rationum
2514 4727 2653 4783 sunt,
2677 4717 2809 4770 idem
2837 4734 2953 4770 vero
2985 4715 3141 4781 Deus,
3172 4716 3257 4786 qui
3285 4726 3528 4786 operatur
3558 4719 3737 4771 omnia
3768 4719 3838 4772 in

2225 4805 2458 4860 omnibus
2485 4804 2538 4876 (Ι
2566 4806 2685 4862 Cor.
2720 4824 2811 4873 xu,
2844 4806 2898 4872 4,
2932 4805 2983 4873 5,
3016 4805 3090 4877 ϐ).
3135 4804 3200 4859 Et
3229 4804 3389 4876 paulo
3415 4814 3539 4876 post
3569 4810 3638 4878 (υ.
3676 4807 3769 4879 Η)
3815 4828 3853 4879 ελ

2232 4896 2360 4952 Παῖς
2388 4908 2558 4953 autem
2586 4900 2759 4955 omnia
2801 4908 3042 4971 operatur
3071 4915 3200 4953 unus
3228 4908 3378 4970 atque
3406 4899 3540 4953 idem
3571 4898 3837 4970 Spiritus,

2228 4989 2459 5044 dividens
2481 4991 2700 5062 singulis
2726 4998 2877 5058 prout
2905 4991 3027 5044 vult.
3071 4988 3147 5044 Ne
3176 5004 3307 5045 vero
3329 4989 3415 5044 hic
3443 4989 3652 5057 singula
3680 4990 3839 5044 divi-

2227 5077 2445 5135 dentem
2489 5078 2747 5150 Spiritum
2789 5089 3034 5136 sanctum
3079 5079 3327 5151 accipere
3365 5080 3530 5147 nolis,
3564 5089 3618 5135 et
3656 5080 3840 5138 alium

2226 5169 2320 5225 tibi
2369 5168 2627 5240 Spiritum
2674 5171 3000 5242 suspiceris,
3051 5172 3177 5226 audi
3221 5171 3347 5242 quid
3389 5171 3443 5226 in
3484 5170 3724 5242 Epistula
3756 5175 3841 5229 ad

2222 5258 2478 5316 Hebraaos
2504 5261 2714 5316 dicatur
2738 5279 2751 5314 :
2775 5260 3109 5316 Contestante
3130 5259 3239 5316 Deo
3265 5261 3430 5331 signis
3456 5269 3505 5315 et
3540 5264 3837 5333 portentis,

2221 5360 2270 5405 et
2299 5353 2454 5406 variis
2485 5353 2774 5418 virtutibus,
2808 5362 2856 5406 et
2887 5352 3118 5424 Spiritus
3145 5354 3315 5407 sancti
3351 5353 3861 5421 distributionibus,~

2220 5445 2499 5498 secundum
2537 5462 2683 5499 suum
2723 5445 3032 5499 voluntatem
3082 5443 3273 5516 (Hebr.
3303 5461 3360 5510 ιι,
3387 5443 3467 5516 4).
3524 5445 3643 5508 Alio
3680 5430 3837 5516 quo-

2220 5548 2326 5603 que
2356 5533 2477 5590 loco
2514 5534 2655 5589 idem
2695 5534 2886 5591 beatus
2920 5533 3214 5605 Apostolus
3242 5535 3319 5591 ait
3351 5554 3364 5588 :
3405 5534 3578 5591 Unum
3605 5553 3827 5607 corpus,

2219 5633 2268 5677 et
2292 5640 2425 5679 unus
2451 5624 2702 5696 Spiritus,
2730 5627 2862 5691 sicut
2885 5628 3050 5681 vocati
3071 5627 3193 5681 estis
3216 5628 3267 5680 in
3299 5643 3402 5681 una
3421 5644 3513 5698 spe
3530 5630 3830 5684 vocationis

2207 5725 2401 5770 κυρίη-ιε
2432 5714 2647 5786 (Ep/tes.
2683 5733 2751 5782 tv,
2785 5716 2864 5787 4).
2913 5714 3015 5772 Ubi
3045 5717 3133 5772 uni
3163 5716 3413 5788 Spiritui,
3446 5734 3611 5773 unum
3640 5722 3831 5774 conti-

2224 5821 2330 5860 nuo
2354 5803 2601 5873 Patrem,
2634 5822 2797 5861 unum
2829 5806 3102 5878 copulavit
3128 5815 3182 5861 et
3210 5806 3433 5876 Filium,
3466 5808 3768 5879 adjungens
3805 5832 3822 5865 :
3856 5862 3857 5867 η

2228 5895 2373 5952 Unus
2424 5896 2715 5970 Dominus,
2752 5897 3023 5956 Christum
3073 5898 3287 5977 scilicet.
3321 5898 3656 5974 signiﬁcans,
3706 5920 3825 5958 una
