4090 6342
240 467 336 520 783

1298 463 1572 521 CONTRA
1613 462 1960 520 FABIANUM
2004 466 2450 553 FRAGMENTA.

3379 468 3543 529 πε.

242 578 362 646 ﬁdes
384 618 399 641 ,
442 592 598 630 unum
628 576 885 647 baptisma
911 616 925 643 ,
967 576 1098 630 unus
1142 573 1284 630 Deus
1303 588 1352 631 et
1386 576 1544 632 Pater
1571 579 1817 644 ontnium,
1849 580 1897 640 Α
1928 577 2102 634 Patris
2126 623 2149 646 γ
2170 590 2225 635 et
2254 581 2372 635 Filii
2400 619 2415 643 ,
2444 582 2526 634 Sita
2571 581 2909 652 baptizantur
2946 582 3190 639 homines
3215 585 3267 647 in
3299 586 3513 641 nomine

242 668 319 739 qui
352 684 501 737 super
525 683 704 721 omnes
724 709 740 734 ,
777 676 830 720 et
868 683 961 736 per
995 668 1198 733 omnia,
1229 677 1279 721 et
1317 670 1370 722 in
1399 671 1638 723 omnibus
1675 668 1823 725 nobis

245 755 455 827 (Enhes.
493 772 566 819 tv,
608 754 754 823 5,6).
772 756 891 812 Alio
925 772 1140 827 quoque
1161 758 1280 814 loco
1306 758 1634 816 aitzEtenint
1652 763 1706 815 in
1720 777 1823 817 uno

244 845 440 916 Spiritu
464 863 644 900 omnes
691 863 785 901 nos
822 847 878 900 in
925 863 1085 901 unum
1120 865 1305 919 corpus
1343 849 1591 919 baptizati
1625 867 1821 920 sumus,

242 940 340 992 sire
356 936 389 990 .1
397 937 553 1002 udtei,
578 938 682 991 sire
700 938 935 1007 gentiles,
959 939 1063 992 sive
1078 940 1233 1005 servi,
1257 939 1361 993 sire
1382 938 1550 1008 liberi,
1571 952 1621 995 et
1648 958 1823 996 omnes

242 1043 339 1082 uno
384 1025 586 1099 Spiritu
636 1028 805 1096 potati
846 1044 1021 1083 sumus
1069 1028 1125 1097 (I
1155 1029 1275 1083 Cor.
1311 1047 1401 1092 xu,
1438 1030 1545 1100 l5).
1597 1031 1728 1085 Nam
1768 1040 1825 1087 et

243 1116 488 1172 Salvator
515 1125 699 1171 noster
725 1132 889 1170 unum
932 1132 1053 1173 esse
1083 1116 1338 1189 Spiritum
1370 1129 1609 1176 sanctum
1641 1129 1825 1176 osten-

245 1206 338 1273 dit,
366 1205 553 1261 dicens
583 1224 596 1259 :
630 1205 728 1271 Ite,
760 1207 935 1261 docete
958 1224 1135 1263 omnes
1163 1219 1357 1280 gentes,
1386 1210 1708 1281 baptizattles
1736 1229 1823 1268 eos

245 1300 297 1351 in
321 1299 529 1353 nomine
576 1296 755 1352 Patris
794 1308 848 1352 et
892 1297 1021 1353 Filii
1054 1308 1106 1354 et
1135 1300 1363 1370 Spiritus
1401 1302 1567 1355 sancti
1608 1301 1820 1372 (Matth.

247 1405 428 1456 xxvur,
459 1389 571 1455 19).
618 1389 1037 1445 lmmensitatem
1078 1405 1210 1446 vero
1252 1391 1407 1460 hujus
1436 1392 1666 1461 Spiritus
1696 1407 1823 1461 pro-

248 1481 401 1550 pheta
432 1493 749 1549 agnoscens,
773 1489 830 1535 et
859 1496 982 1535 eum
1010 1495 1108 1551 per
1134 1483 1315 1535 omnia
1344 1490 1527 1565 totum
1544 1497 1664 1538 esse
1685 1499 1826 1537 sem-

246 1588 339 1644 per
360 1573 703 1643 intelligens,
737 1573 848 1628 Deo
876 1572 1020 1626 Patri
1048 1573 1177 1628 dicit
1221 1591 1236 1625 :
1276 1571 1390 1637 Quo
1429 1573 1511 1628 ibo
1552 1592 1583 1627 a
1626 1573 1826 1643 Spiritu

249 1674 346 1728 tuo,
369 1672 422 1717 et
449 1679 483 1716 α
511 1664 644 1735 {acie
666 1671 756 1715 tua
779 1662 1135 1734 (profugiam-2‘
1160 1661 1221 1716 Si
1244 1663 1524 1717 ascendere
1545 1663 1598 1715 in
1626 1665 1825 1726 calum,

245 1762 295 1804 tu
314 1752 424 1806 illic
443 1768 538 1816 es;
576 1761 627 1806 et
651 1752 698 1805 si
724 1752 1033 1825 descendero
1061 1752 1112 1805 in
1145 1753 1423 1824 infernum,
1471 1753 1595 1806 ades
1645 1752 1819 1821 (Psal.

247 1857 500 1908 cxxxvm,
532 1842 607 1913 7).
661 1841 761 1897 Ubi
790 1842 975 1913 utique
1024 1841 1188 1897 Deum
1230 1841 1547 1911 signiﬁcavit
1582 1858 1702 1897 cum
1729 1857 1827 1898 suo

1920 669 2153 741 Spiritus
2179 673 2372 728 sancti.
2405 671 2472 727 Et
2493 690 2560 728 ne
2584 674 2703 743 quis
2727 672 2948 730 forsitan
2971 677 3281 741 arbitretur,
3315 693 3512 735 nomen

1921 759 2153 832 Spiritus
2180 764 2350 819 sancti
2382 765 2579 834 ubique
2598 766 2812 836 quidem
2838 768 2890 821 in
2921 768 3188 837 baptismo
3220 771 3509 834 nominari,

1924 868 2031 909 non
2062 863 2241 917 tamen
2276 854 2392 925 ejus
2420 857 2616 926 ubique
2664 873 2878 928 semper
2921 859 3109 913 adesse
3148 861 3509 930 prmsentiam,

1925 940 2167 1000 ﬁdelibus
2196 944 2486 1015 Apostolus
2514 947 2644 1002 dicit
2675 966 2687 1000 :
2721 946 2900 1002 Nolite
2925 952 3231 1003 contristare
3260 951 3515 1021 Spiritum

1924 1045 2160 1089 sanctum
2190 1035 2308 1100 Dei,
2334 1038 2389 1090 in
2409 1054 2507 1108 quo
2532 1039 2733 1109 signati
2765 1040 2885 1093 estis
2905 1041 2960 1093 in
2994 1040 3129 1093 diem
3150 1041 3514 1108 redemptionis

1914 1122 2142 1195 (Ep/tes.
2174 1142 2243 1189 tv,
2277 1124 2403 1194 50);
2453 1134 2507 1180 et
2536 1127 2641 1181 alio
2670 1126 2792 1182 loco
2831 1145 2845 1180 :
2881 1128 2981 1193 Qui
3022 1137 3191 1181 autent
3240 1128 3515 1197 conﬁrmat

1923 1229 2017 1268 nos
2046 1214 2299 1269 vobiscum
2329 1217 2399 1269 in.
2414 1214 2693 1280 Christum,
2725 1226 2774 1270 et
2800 1218 2884 1284 qui
2923 1219 3071 1271 unxit
3116 1235 3209 1271 nos
3256 1216 3393 1271 Deus
3418 1259 3432 1281 ,
3464 1228 3514 1271 et

1912 1304 2012 1373 qui
2036 1304 2257 1373 signauit
2284 1321 2380 1357 nos
2402 1344 2417 1367 ,
2448 1315 2497 1358 et
2524 1305 2666 1359 dedit
2703 1307 2889 1376 pignus
2918 1305 3147 1376 Spiritus
3189 1308 3244 1361 in
3276 1307 3513 1361 cordibus

1916 1393 2121 1446 nostris
2151 1392 2238 1458 (ll
2274 1392 2394 1446 Cor.
2428 1410 2474 1456 ι,
2504 1393 2614 1462 21).
2661 1393 2728 1447 Et
2757 1395 2950 1448 iterum
2985 1412 2997 1446 :
3037 1394 3136 1458 Qui
3167 1404 3337 1448 autem
3365 1396 3513 1464 eﬂirit

1927 1498 2020 1536 nos
2046 1482 2102 1535 in
2131 1482 2226 1537 hoc
2253 1484 2418 1551 ipsum
2448 1481 2588 1536 Deus
2612 1521 2628 1546 ,
2668 1484 2755 1553 qui
2781 1483 2921 1545 dedit
2951 1500 3046 1536 nos
3075 1484 3260 1553 pignus
3287 1484 3515 1552 Spiritus

1927 1571 2017 1639 (II
2044 1571 2167 1627 Cor.
2195 1590 2245 1638 v,
2279 1572 2355 1643 5).
2408 1572 2527 1628 Alio
2566 1588 2782 1643 quoque
2826 1574 2945 1629 loco
2974 1576 3050 1628 ait
3083 1592 3095 1627 :
3124 1572 3309 1645 Inque
3330 1585 3377 1628 et
3404 1593 3514 1629 cre-

1928 1665 2104 1719 dentes
2129 1666 2322 1735 signati
2347 1667 2470 1720 estis
2500 1665 2699 1735 Spiritu
2725 1667 3085 1735 promissionis
3114 1661 3309 1729 sancto,
3333 1668 3418 1736 qui
3438 1676 3515 1719 est

1922 1754 2111 1824 pignus
2134 1754 2451 1808 litereditatis
2481 1764 2674 1808 nostra:
2710 1753 2929 1824 (Ephes.
2958 1772 2995 1822 ι,
3036 1754 3117 1817 l3,
3151 1753 3260 1823 14).
3310 1754 3514 1820 Quibus

1930 1843 2108 1898 verbis
2146 1859 2250 1898 non
2282 1843 2453 1899 solum
2482 1844 2797 1899 naturaliter
2835 1844 3152 1899 immensum
3172 1887 3186 1909 ,
3229 1847 3322 1900 sed
3350 1846 3512 1899 etiam

251 1928 454 1999 Spiritu
488 1930 686 1999 ubique
723 1945 939 2000 semper
966 1945 1084 1985 esse
1107 1971 1122 1997 ,
1152 1946 1182 1984 a
1206 1946 1315 2001 quo
1362 1947 1421 1987 se
1461 1930 1647 2000 fugere
1693 1931 1828 1985 dixit
1856 1951 1902 2012 Β
1929 1947 2123 1986 verum
2139 1932 2309 1988 Deum
2325 1931 2831 2003 ostenditSpiritum
2856 1943 3120 1998 sanctum,
3142 1949 3299 2004 quem
3325 1934 3514 2003 pignus

244 2022 466 2077 omnino
495 2037 601 2077 non
631 2036 809 2092 posse.
854 2021 949 2077 llic
978 2030 1035 2076 tu
1064 2022 1284 2078 forsitan
1312 2023 1538 2078 alterum
1568 2022 1825 2093 Spiritum

180 2106 181 2109 “
248 2111 338 2167 Dei
364 2154 379 2177 ,
410 2120 470 2169 et
495 2112 723 2168 alterum
770 2110 1026 2182 Spiritum
1071 2122 1312 2168 sanctum
1351 2127 1471 2169 esse
1497 2112 1777 2169 contendis
1808 2129 1821 2165 :

248 2204 332 2257 ubi
362 2203 558 2258 divinis
589 2217 809 2257 necesse
838 2210 923 2257 est
950 2203 1208 2258 continuo
1260 2202 1529 2273 supereris
1574 2202 1822 2271 eloquiis.

247 2292 420 2366 Ipsum
460 2292 602 2349 enim
632 2310 750 2349 esse
777 2293 1034 2364 Spiritum
1064 2302 1308 2350 sanctum
1327 2336 1342 2360 ,
1373 2295 1464 2364 qui
1491 2303 1572 2351 est
1598 2294 1828 2366 Spiritus

247 2352 403 2451 Deus,
435 2384 625 2440 beatus
661 2352 926 2455 propheta
953 2393 1198 2449 testatur,
1223 2352 1405 2441 dicens
1430 2402 1443 2438 :
1470 2382 1555 2438 Ne
1581 2352 1829 2455 pr-ojt/cias

245 2494 325 2531 me
351 2494 384 2530 a
414 2478 549 2548 facie
569 2488 676 2542 tua,
708 2484 758 2530 et
784 2475 1039 2547 Spiritum
1060 2486 1296 2531 sanctum
1316 2486 1457 2530 tuum
1479 2493 1542 2531 ne
1567 2479 1775 2547 auferas
1794 2494 1827 2530 a

247 2585 328 2622 me
359 2566 529 2639 (Psal.
578 2584 631 2633 ι,
683 2567 793 2637 15).
824 2566 892 2621 Ει
915 2568 1168 2636 quoniam
1199 2584 1335 2622 unus
1358 2568 1587 2637 Spiritus
1613 2577 1829 2622 sanctus

241 2659 399 2713 datus
426 2667 510 2713 est
533 2657 790 2728 apostolis
816 2667 868 2712 et
898 2657 1175 2727 prophetis
1203 2656 1367 2729 [quod
1396 2658 1581 2711 beatus
1603 2665 1830 2711 testatur

240 2747 534 2819 apostolus
562 2745 748 2802 dicens
779 2765 792 2801 :
824 2746 1086 2802 Habentes
1115 2758 1289 2802 autem
1314 2748 1827 2818 eumdemSpiritum

242 2838 390 2911 fidei,
412 2840 544 2893 sicut
572 2840 817 2908 scriptum
843 2847 921 2892 est
945 2854 962 2892 :
986 2836 1216 2907 Credidi,
1247 2849 1457 2909 propter
1477 2841 1614 2909 quod
1632 2840 1827 2895 locutus

240 2946 389 2995 sunt;
416 2938 468 2984 et
485 2945 581 2983 nos
602 2928 875 2991 credimus,
900 2936 1109 2999 propter
1127 2928 1263 3000 quod
1283 2936 1332 2981 et
1354 2929 1609 2999 loquimur
1630 2929 1684 2999 (1
1703 2928 1824 2984 Cor.

240 3039 316 3090 tv,
350 3021 436 3091 15)
458 3019 509 3092 l;
549 3019 796 3075 eumdem
832 3020 1089 3090 Spiritum
1136 3018 1228 3073 Dei
1270 3035 1390 3075 esse
1417 3020 1673 3090 Spiritum
1701 3008 1827 3076 san-

239 3122 386 3169 ctum
435 3111 798 3167 indubitanter
841 3111 1168 3176 ostendens,
1220 3112 1295 3164 ait
1336 3129 1348 3165 :
1383 3109 1482 3175 Qui
1523 3120 1692 3165 autem
1721 3112 1829 3166 haec

239 3205 441 3275 spernit
470 3246 485 3271 ,
522 3219 624 3257 non
652 3203 907 3257 hominem
934 3203 1165 3273 spernit,
1208 3203 1299 3256 sed
1328 3201 1493 3257 Deum
1515 3243 1529 3267 ,
1561 3203 1649 3274 qui
1673 3204 1828 3257 etiam

238 3292 384 3383 dedit
404 3290 667 3383 Spiritum
679 3305 826 3344 suum
852 3290 1094 3343 sanctum
1108 3291 1161 3343 in
1193 3289 1338 3383 nobis
1369 3288 1422 3361 (Ι
1451 3289 1625 3344 Thess.
1653 3306 1724 3356 Iv,
1746 3289 1822 3362 8).
1854 3319 1902 3383 C

237 3379 337 3437 Die
375 3394 592 3452 quoque
635 3379 1017 3447 Pentecostes,
1065 3395 1186 3436 cum
1237 3379 1467 3451 Spiritus
1509 3391 1729 3437 sanctus
1774 3383 1827 3437 in

239 3472 522 3543 apostolos
548 3471 887 3536 advenisset,
918 3471 1032 3541 ipse
1062 3472 1246 3543 utique
1290 3471 1600 3528 Paracletus
1622 3511 1637 3534 ,
1668 3488 1826 3541 quem

236 3565 320 3618 eis
348 3564 611 3619 Dominus
638 3563 886 3633 promisit
914 3572 969 3617 et
997 3563 1141 3617 misit
1166 3604 1181 3631 ,
1219 3563 1389 3631 ipsum
1428 3578 1548 3618 esse
1571 3563 1826 3634 Spiritum

237 3656 368 3720 Dei,
399 3655 717 3727 prophetico
743 3655 930 3709 beatus
964 3652 1154 3709 Petrus
1183 3654 1417 3710 ostendit
1459 3653 1704 3724 eloquio,
1743 3654 1829 3731 di-g

237 3762 398 3812 cens,
437 3746 543 3801 hoc
568 3745 864 3815 essequod
903 3761 992 3813 per
1018 3742 1135 3798 Jorl
1162 3744 1464 3816 prophetam
1486 3743 1676 3797 dictum
1702 3753 1781 3798 est
1810 3760 1828 3797 :

237 3834 308 3889 Et
334 3838 435 3890 erit
462 3836 515 3888 in
546 3835 838 3889 novissimis
866 3834 1074 3901 diebus,
1109 3835 1235 3889 dicit
1262 3833 1536 3899 Dominus,
1567 3833 1831 3902 eﬂ'undum

235 3926 304 3979 de
330 3923 537 3995 Spiritu
560 3940 671 3978 meo
699 3940 853 3994 super
877 3941 1078 3979 omnem
1110 3940 1319 3978 carnem
1348 3924 1485 3995 (Act.
1514 3940 1547 3978 ll
1597 3924 1681 3987 16,
1723 3923 1826 3993 t7).

235 4014 304 4069 Et
330 4015 494 4085 paulo
522 4022 645 4084 post
673 4015 742 4084 (υ.
782 4013 867 4084 18)
905 4032 917 4067 :
951 4013 1017 4067 Et
1049 4015 1253 4086 quidem
1282 4032 1435 4086 super
1467 4032 1639 4070 serros
1670 4033 1828 4081 meos,

231 4115 287 4159 et
306 4122 464 4176 super
484 4105 706 4158 ancillas
730 4120 894 4172 meas,
923 4106 978 4157 in
997 4105 1174 4159 diebus
1198 4106 1302 4159 illis
1330 4106 1595 4175 effundam
1623 4106 1686 4159 de
1708 4106 1832 4176 Spi-

232 4197 343 4248 ritu
365 4211 504 4262 meo,
525 4202 574 4248 et
594 4194 990 4264 prophetabunt.
1020 4193 1189 4263 Hujus
1218 4196 1396 4262 itaque
1418 4192 1578 4250 u'nius
1598 4196 1832 4267 Spiritus

234 4284 681 4351 immensitatem,
703 4298 862 4353 quam
891 4285 1005 4340 sola
1033 4293 1210 4355 potest
1233 4302 1360 4342 vera
1392 4288 1705 4343 naturaliter
1731 4290 1829 4343 ha-

234 4374 390 4441 bere,
413 4376 524 4431 imo
544 4390 709 4444 quam
728 4375 842 4431 sola
868 4376 1185 4432 naturaliter
1213 4378 1379 4433 habet
1405 4393 1529 4433 vera
1549 4378 1830 4445 divinitas,

233 4480 348 4519 non
379 4463 554 4519 solum
592 4463 783 4518 beatus
818 4463 984 4519 David
1013 4466 1275 4529 ostendit,
1307 4481 1494 4521 verum
1522 4467 1683 4522 etiam
1716 4466 1832 4523 Jocl

229 4554 507 4626 propheta
552 4555 917 4612 indubitanter
957 4558 1230 4625 asseruit,
1278 4560 1331 4613 in
1377 4574 1446 4614 eo
1480 4561 1624 4630 quod
1661 4562 1736 4616 ait
1764 4578 1831 4616 ex

1924 2021 2259 2078 baereditatis
2287 2030 2482 2078 nostra:
2512 2023 2758 2080 asseruit.
2814 2022 2948 2078 Cum
2980 2023 3163 2093 utique
3195 2038 3315 2091 pars
3345 2024 3514 2087 hasrc—

1926 2111 2109 2166 ditatis
2133 2119 2331 2166 nostras
2356 2127 2463 2167 non
2490 2113 2559 2166 sit
2588 2112 2687 2167 nisi
2711 2111 2968 2166 Dominus
2988 2110 3149 2178 Deus,
3173 2111 3239 2165 de
3258 2126 3366 2179 quo
3385 2110 3515 2166 dicit

1929 2199 2176 2255 universa
2210 2199 2447 2256 Ecclesia
2481 2218 2493 2254 :
2528 2199 2780 2255 Dominus
2816 2217 2939 2271 pars
2967 2201 3284 2254 Inereditatis
3313 2214 3439 2252 mete
3464 2207 3516 2252 et

1918 2290 2103 2345 colicis
2154 2293 2251 2345 mei
2300 2291 2470 2362 (Psal.
2506 2309 2603 2356 xv,
2636 2291 2714 2361 5),
2758 2300 2982 2360 apparet
3025 2291 3205 2360 itaque
3249 2289 3509 2359 Spiritum

1927 2390 2169 2436 sanctum
2208 2397 2327 2436 esse
2372 2382 2687 2436 naturaliter
2725 2382 3072 2446 immensum;
3106 2396 3205 2435 nec
3243 2380 3415 2435 solum
3460 2381 3512 2433 in

1926 2471 2050 2526 loco
2081 2471 2320 2526 localiter
2360 2487 2465 2525 non
2494 2471 2811 2537 consistere,
2847 2470 2940 2525 sed
2971 2485 3071 2525 nec
3095 2470 3161 2524 tle
3192 2470 3310 2523 loco
3337 2468 3405 2523 ad
3431 2469 3513 2523 lo-

1929 2578 2052 2619 cum
2091 2578 2250 2634 posse
2288 2563 2536 2619 transire.
2582 2561 2713 2616 Nam
2760 2575 2949 2616 omnes
2981 2560 3197 2630 quidem
3228 2560 3515 2615 rationales

1926 2655 2147 2725 spiritus
2172 2670 2310 2724 quos
2339 2654 2478 2709 Deus
2499 2653 2723 2717 creavit,
2752 2652 2877 2707 licet
2904 2652 2956 2706 in
2987 2651 3120 2707 locis
3146 2651 3388 2734 localiter
3407 2665 3513 2704 non

1927 2747 2268 2812 sint,,tamen
2291 2745 2359 2801 de
2386 2745 2527 2801 locis
2545 2744 2612 2799 ad
2644 2746 2761 2799 loca
2791 2750 3068 2798 transeunt
3100 2759 3112 2794 :
3145 2741 3286 2811 quod
3330 2740 3514 2809 utique

1930 2853 2037 2892 non
2062 2836 2337 2901 fecissent,
2359 2836 2461 2891 nisi
2491 2835 2668 2890 locum
2698 2835 2750 2889 in
2773 2848 2880 2904 quo
2910 2830 3120 2888 inerant
3138 2832 3514 2901 relinquendo,
3546 2881 3552 2885 ,

1929 2924 1997 2981 ad
2026 2926 2201 2981 locum
2226 2926 2279 2980 in
2309 2940 2419 2994 quo
2448 2939 2559 2980 non
2587 2924 2797 2980 fuerant
2826 2922 3191 2978 advenissent.
3220 2921 3355 2989 Quis
3372 2922 3516 2977 enim

1931 3017 2158 3086 nesciat,
2198 3016 2501 3072 Gabrielem
2530 3015 2777 3084 angelum
2816 3023 2945 3070 tunc
2972 3013 3023 3068 in
3057 3012 3311 3083 templum
3337 3011 3517 3066 venis-

1930 3125 2008 3173 se,
2040 3109 2257 3178 quando
2282 3108 2550 3163 Zachariae
2580 3108 2849 3177 apparuit,
2882 3114 2937 3162 et
2963 3106 3032 3162 de
3074 3106 3276 3175 templo
3317 3105 3519 3160 disces-
3566 3120 3573 3127 ’

1914 3200 2083 3265 λεὶεεθ,
2109 3207 2390 3269 postquam
2413 3196 2645 3252 ollicium
2673 3213 2783 3252 sua:
2806 3196 3230 3251 annuntiationis
3256 3195 3517 3265 implevit.

1929 3298 2127 3345 etcum
2157 3290 2209 3343 in
2242 3289 2442 3359 templo
2472 3287 2572 3342 fuit
2599 3288 2725 3343 alibi
2754 3305 2860 3343 non
2892 3288 3084 3342 fuisse?
3116 3286 3251 3354 Quia
3273 3287 3417 3341 nulla
3437 3297 3519 3343 est
3559 3332 3567 3338 .

1930 3389 2195 3446 creatura,
2220 3393 2338 3448 qua:
2368 3386 2534 3434 totam
2561 3378 2718 3433 simul
2746 3387 3047 3433 creaturam
3092 3393 3186 3431 sua
3232 3377 3519 3446 pnesentia
3545 3408 3551 3415 -

1912 3474 2101 3545 possit
2122 3473 2367 3543 implere,
2397 3470 2542 3541 quod
2569 3471 2736 3525 solius
2783 3479 2865 3525 est
2895 3469 3168 3523 Trinitatis
3203 3489 3215 3522 :
3248 3468 3403 3538 cujus
3442 3467 3520 3523 sic

1931 3574 2015 3620 est
2040 3565 2156 3620 sine
2185 3564 2417 3619 termino
2448 3562 2707 3617 naturalis
2734 3561 3066 3616 immensitas
3084 3600 3100 3625 ,
3131 3561 3269 3616 sicut
3296 3568 3380 3615 est
3404 3560 3521 3614 sine

1921 3654 2085 3721 initio
2134 3661 2333 3708 aeterna
2382 3652 2651 3707 divinitas.
2731 3649 2883 3706 Unde
2931 3652 3030 3721 ipsi
3075 3665 3290 3720 quoque
3329 3666 3520 3706 omnes

1928 3748 2101 3804 sancti
2132 3746 2331 3814 angeli,
2353 3746 2424 3799 de
2449 3744 2643 3814 quibus
2681 3743 2870 3798 beatus
2910 3742 3101 3797 Petrus
3127 3741 3289 3808 dicit;
3308 3742 3434 3811 quia
3464 3743 3518 3797 in
3554 3779 3558 3785 ι

1929 3838 2187 3910 Spiritum
2217 3843 2461 3892 sanetum
2491 3835 2873 3904 concupiscunt
2896 3832 3217 3903 prospicere
3240 3871 3256 3895 ,
3287 3832 3519 3887 nullate—

1932 3946 2032 3985 nus
2060 3930 2115 3984 in
2154 3943 2278 3984 eum
2307 3926 2619 3997 prospicere
2661 3924 3134 3994 concupiscerent,
3165 3923 3212 3978 si
3247 3923 3300 3977 in
3329 3923 3521 3993 seipsis
3551 3966 3556 3971 .

1931 4017 2181 4075 eumdem
2212 4016 2469 4087 Spiritum
2516 4024 2762 4070 sanetum
2810 4029 2917 4068 non
2957 4013 3236 4069 haberent.
3283 4011 3522 4069 Caritate

1936 4114 2139 4184 quippe
2167 4112 2220 4165 in
2266 4125 2389 4165 eum
2418 4108 2726 4179 prospicere
2753 4107 3180 4177 concupiscunt,
3210 4106 3335 4175 quia
3361 4119 3522 4161 nemo
3550 4144 3556 4152 ρ

1930 4203 2076 4274 quod
2104 4217 2218 4257 non
2239 4199 2416 4268 diligit
2458 4196 2794 4267 concupiscit
2825 4214 2837 4250 :
2868 4198 3146 4252 caritatem
3184 4203 3384 4262 autem,
3415 4211 3523 4266 qua
3548 4224 3551 4225 ν

1930 4295 2187 4366 Spiritum
2241 4299 2485 4348 sanetum
2549 4290 2817 4358 diligunt,
2884 4289 3112 4343 nonnisi
3155 4303 3252 4358 per
3315 4288 3516 4342 donum

1933 4384 2162 4454 Spiritus
2195 4382 2366 4438 sancti
2402 4388 2747 4467 acceperunt.
2792 4377 3170 4433 Caritasenim
3204 4376 3303 4431 Dei
3329 4377 3524 4445 diﬂ'usa

1930 4477 2079 4529 estin
2099 4474 2343 4529 cordibus
2366 4474 2578 4537 nostris,
2601 4488 2691 4541 per
2719 4470 2975 4541 Spiritum
2993 4479 3222 4524 simctum
3251 4470 3339 4541 qui
3365 4469 3521 4524 datus

1931 4574 2008 4619 est
2027 4563 2182 4618 nobis
2212 4562 2387 4633 (Rom.
2413 4578 2464 4627 v,
2494 4561 2568 4630 5).
2599 4561 2698 4615 Per
2722 4560 2893 4629 ipsum
2922 4567 3100 4613 autem
3127 4558 3386 4628 Spiritum
3412 4558 3516 4613 dif-

228 4647 472 4719 persdna
503 4647 853 4704 Dei'dicentis
883 4668 893 4702 :
925 4649 968 4702 E
972 4650 1210 4719 [fundam
1237 4650 1301 4703 de
1325 4650 1524 4721 Spititu
1553 4669 1667 4708 meo
1680 4671 1833 4723 super
1864 4691 1912 4749 Β
1938 4654 2049 4708 fusa
2079 4662 2161 4709 est
2189 4653 2385 4708 caritas
2407 4652 2459 4704 in
2492 4650 2744 4705 cordibus
2773 4649 3080 4713 hominum,
3108 4664 3204 4719 per
3230 4664 3392 4718 quem
3421 4648 3525 4704 dif-

222 4752 451 4792 omnest
473 4752 683 4791 carnem
712 4737 870 4807 (Joel,
905 4756 964 4806 ης
991 4739 1105 4807 Ξ8).
1138 4737 1275 4795 llinc
1302 4748 1384 4795 est
1410 4741 1556 4810 quod
1586 4744 1747 4796 etiam
1779 4744 1831 4798 in
1864 4737 1905 4749 ”
1937 4746 2051 4800 fusa
2079 4754 2163 4800 est
2189 4743 2239 4797 in
2269 4743 2537 4799 mentibus
2564 4740 2906 4809 angelorum.
2926 4739 3223 4796 lmmensus
3252 4750 3335 4797 est
3364 4741 3525 4810 igitur

226 4829 377 4884 libro
407 4828 702 4898 Sapientim
728 4831 891 4901 615
913 4832 1106 4886 dicitur
1140 4849 1151 4884 :
1186 4830 1442 4896 Quoniam
1474 4833 1700 4904 Spiritus
1729 4833 1836 4890 Do-
1936 4837 2168 4908 Spiritus
2211 4844 2451 4902 sanctus,
2482 4834 2571 4902 qui
2603 4848 2738 4888 unus
2775 4841 2937 4902 atque
2965 4832 3105 4887 idem
3134 4832 3305 4901 replet
3334 4832 3522 4886 orbem

413 4921 629 4991 replevit
673 4920 855 4976 orbem
888 4932 1163 4988 terrarum,-
1204 4932 1251 4976 et
1299 4925 1573 4995 hoc-quod
1611 4928 1836 4980 continet
1939 4940 2219 4991 terrarum,
2245 4927 2419 4997 replet
2438 4926 2599 4981 etiam
2631 4925 2925 4980 ccelestium
2947 4926 3164 4994 sp'ritus
3185 4924 3519 4994 angelorum.

216 5012 414 5064 omnia
433 5010 708 5064 scientiam
734 5010 883 5065 habet
903 5013 1041 5067 vocis
1063 5012 1216 5084 (Sep.
1243 5030 1278 5079 ι,
1302 5015 1332 5066 7
1342 5023 1379 5081 ).
1413 5014 1682 5086 Nusquam
1706 5030 1835 5085 ergo
1936 5019 2055 5090 Ipse
2085 5026 2168 5073 est
2200 5018 2363 5080 enim,
2393 5015 2531 5071 sicut
2557 5015 2837 5084 Scriptura
2867 5015 3017 5079 dicit,
3079 5015 3305 5084 Spiritus
3333 5015 3526 5068 intelli-

219 5100 418 5165 deest,
447 5099 545 5155 sed
574 5099 781 5169 ubique
806 5110 952 5156 totus
980 5103 1273 5159 immensus
1298 5114 1418 5171 est,
1446 5107 1535 5175 qui
1561 5115 1616 5161 et
1644 5108 1829 5163 orbem
1922 5112 2144 5181 ‘gentiw,
2176 5118 2404 5172 sanctus,
2430 5108 2632 5169 unicus,
2660 5108 2824 5177 616
2847 5107 3133 5177 multiplex,
3163 5107 3385 5171 subtilis,
3416 5122 3526 5161 mo-

219 5202 516 5248 terrarum
553 5190 803 5259 replere,
845 5201 900 5245 et
941 5193 1219 5247 continere
1275 5194 1453 5247 omnia
1498 5195 1826 5263 perhibetur.
1941 5201 2076 5265 bilis,
2110 5200 2362 5263 disertus,
2406 5200 2517 5251 sine
2547 5200 2955 5266 inquinamento,
2984 5199 3310 5269 manifestus,
3341 5215 3523 5259 sanus.

214 5287 359 5342 Ideo
380 5284 587 5356 quippe
606 5284 864 5338 asset-itur
883 5285 1159 5340 continere
1173 5286 1475 5351 omnia,ne,
1499 5285 1623 5341 dum
1645 5287 1832 5342 orbem
1922 5302 2122 5346 amans
2152 5290 2339 5344 bonum
2368 5329 2381 5353 ,
2428 5297 2609 5342 acutus
2631 5326 2646 5351 ,
2678 5289 2763 5358 qui
2794 5287 2922 5341 nihil
2951 5297 3167 5350 uelatur,
3197 5301 3245 5342 et
3285 5291 3370 5359 qui
3399 5290 3525 5343 bene

214 5390 511 5436 terrarum
545 5377 755 5446 replere
782 5376 1010 5444 dicitur,
1052 5379 1240 5434 deesse
1267 5379 1577 5435 coelestibus
1604 5381 1834 5435 :estime-
1942 5384 2121 5454 faciat,
2156 5384 2428 5443 humanus,
2460 5378 2683 5443 stabilis,
2715 5390 2904 5445 certus,
2937 5395 3160 5441 securus,
3191 5396 3398 5433 omnem
3426 5382 3525 5433 Ita—

218 5474 337 5519 tur.
376 5462 555 5530 Quem
600 5472 781 5522 tamen
810 5470 973 5538 paulo
1001 5470 1247 5539 superius
1292 5477 1533 5525 sanctum
1577 5471 1834 5539 Spiritum
1944 5473 2066 5526 bens
2105 5473 2339 5525 rirtutem
2363 5511 2376 5533 ,
2423 5470 2597 5522 omnia
2639 5470 2953 5540 prospiciens
2981 5511 2995 5535 ,
3024 5476 3084 5521 ret
3113 5471 3197 5539 qui
3226 5470 3399 5539 rapiat
3437 5488 3528 5534 per

213 5556 519 5626 Scriptura
567 5556 745 5613 divina
796 5569 1105 5631 nuncupat,
1147 5561 1332 5617 dicens
1375 5582 1385 5614 :
1430 5562 1652 5618 Sanctus
1700 5564 1836 5617 enim
1924 5577 2120 5615 lontues
2143 5560 2356 5629 spiritus
2384 5557 2762 5633 intelligibiles,
2808 5558 3022 5612 mundos
3052 5597 3065 5620 ,
3112 5560 3319 5613 subtiles
3370 5561 3524 5630 (Sap.

219 5646 475 5713 Spiritus
493 5647 790 5719 disciplina:
818 5652 1029 5723 eﬁ‘ugiet
1057 5654 1262 5724 ﬁctum,
1294 5664 1342 5706 et
1371 5656 1570 5722 auferet
1600 5671 1655 5707 se
1682 5671 1714 5706 η
1751 5670 1837 5706 ιὀ-
1946 5673 2031 5717 νη,
2060 5653 2146 5717 22,
2178 5652 2291 5720 23).
2342 5651 2518 5721 Opera
2559 5666 2772 5719 quoque
2814 5649 3045 5721 Spiritus
3072 5652 3242 5706 sancti
3270 5654 3539 5721 quis-nou.

1943 5746 2116 5800 videat
2139 5759 2358 5799 summa:
2382 5751 2583 5797 tantum
2607 5757 2905 5810 congruere
2929 5742 3156 5798 Deitati?
3196 5743 3359 5799 Verbo
3385 5748 3526 5800 enin

1947 5834 2156 5889 Domini
2197 5833 2307 5887 cali
2338 5833 2532 5901 ﬁrmati
2570 5843 2724 5899 sunt,
2770 5844 2817 5887 et
2858 5835 3055 5904 Spiritu
3087 5837 3190 5888 oris
3221 5838 3332 5905 ejus
3360 5838 3527 5890 omnis

1943 5928 2102 5981 rirtus
2142 5940 2317 5980 eorum
2364 5921 2536 5993 (Psal.
2570 5939 2736 5990 χχχιι,
2779 5924 2854 5996 6).
2902 5924 2960 5979 In
3013 5938 3122 5993 quo
3165 5940 3223 5981 sc
3270 5925 3526 5980 Dominus

218 5737 582 5808 gitationibus
610 5757 724 5811 quae
760 5753 878 5796 sunt
907 5745 1017 5797 sine
1046 5745 1304 5798 intellectu
1355 5743 1515 5811 (Ibid.
1538 5785 1552 5807 ,
1584 5745 1658 5813 5).
1709 5745 1839 5798 Nam

206 5841 281 5884 rt
314 5833 375 5886 in
401 5833 509 5886 hoc
536 5836 705 5888 sancti
738 5835 968 5904 Spiritus
997 5843 1304 5904 agnoscitur
1334 5837 1587 5891 naturalis
1615 5837 1841 5891 immen-

219 5924 370 5977 sitas
396 5925 501 5990 ,.in
530 5939 637 5995 quo
666 5940 764 5996 per
792 5929 975 5982 orbem
1016 5935 1278 5982 terrarum
1304 5968 1317 5994 ,
1351 5927 1505 5981 sicut
1527 5927 1577 5980 in
1612 5927 1839 5983 nomine
