4064 6358
587 454 690 511 787
1595 460 1651 514 s.
1691 458 2055 515 FULGENTII
2096 419 2397 516 EPISCOPI
2434 462 2803 519 RUSPENSIS
3726 463 3833 519 vss

529 594 531 596 ·
577 570 739 626 Iesus
784 573 977 645 ejicere
1021 572 1280 626 dmmonia
1325 573 1629 627 manifestat
1668 593 1681 626 ι
1726 582 1779 627 et
1831 582 2151 642 potestatem
2180 573 2232 632 Δ
2259 574 2392 627 ritus
2421 576 2589 628 sancti
2608 615 2622 638 ,
2653 577 2696 628 si
2727 589 2832 628 non
2858 589 2942 627 es.
2969 573 3196 641 Spiritus
3224 581 3437 628 sanctus
3467 572 3705 641 ejusdem
3734 591 3833 628 na-

583 663 856 729 signorum
884 671 940 716 et
968 662 1351 730 prodigiorum,
1379 677 1496 730 quae
1518 679 1612 734 per
1638 679 1697 718 se
1726 679 1754 717 a
1784 663 1997 718 Christo
2023 662 2161 718 Pau-

585 751 667 806 Ius
697 752 806 806 ﬁeri
834 752 959 806 dicit
984 792 999 814 ,
1041 753 1092 805 in
1123 754 1318 808 virtute
1366 753 1594 824 Spiritus
1631 757 1801 810 sancti
1831 757 1942 810 ﬁeri
1973 767 2158 826 prote-

585 849 775 903 statur,
806 841 988 894 dicens
1018 859 1028 893 :
1063 840 1185 896 Non
1215 846 1351 896 enim
1390 845 1553 898 audeo
1596 846 1791 916 aliquid
1819 847 1955 917 loqui
1984 865 2160 902 eorum

581 949 697 1002 qua:
723 949 812 1000 per
840 949 918 985 me
947 950 1046 986 non
1075 935 1222 1004 e/ﬁcit
1252 934 1482 989 Christus
1507 973 1527 999 ,
1569 939 1622 991 in
1665 939 2003 993 obedientiam
2031 958 2156 1009 gen-

584 1024 728 1086 tium,
754 1023 898 1078 verbo
919 1035 966 1078 et
995 1026 1166 1095 factis,
1187 1028 1241 1080 in
1262 1036 1510 1097 potestate
1537 1029 1798 1100 signorum
1827 1039 1876 1084 et
1896 1032 2157 1101 prodigia-

582 1130 696 1166 rum
721 1156 737 1180 ,
784 1117 836 1168 in
887 1117 1066 1169 virtute
1116 1117 1344 1185 Spiritus
1383 1120 1549 1171 sancti
1600 1119 1780 1186 (Rom.
1810 1136 1902 1185 xv,
1928 1120 2010 1184 18,
2046 1120 2152 1190 19).

587 1201 736 1257 Unde
748 1206 1099 1262 etcumalteri
1112 1205 1268 1260 datur
1280 1222 1374 1274 per
1385 1206 1640 1276 Spiritum
1661 1225 1837 1263 sermo
1857 1212 2152 1280 sapientia},

582 1293 670 1346 alii
701 1307 879 1348 sermo
914 1294 1149 1349 scientia:
1175 1295 1467 1350 secundum
1494 1297 1739 1351 eumdem
1768 1297 2046 1366 Spiritum,
2077 1301 2155 1353 al-

581 1382 680 1436 teri
711 1381 840 1436 ﬁdes
867 1384 918 1438 in
944 1384 1133 1438 eodem
1159 1383 1360 1453 Spiritu
1384 1425 1397 1448 ,
1431 1395 1483 1440 et
1513 1397 1703 1441 cmtera
1731 1403 1848 1456 qua:
1873 1391 2151 1458 apostolici

580 1471 818 1527 continet
849 1480 1025 1526 textus
1051 1473 1281 1540 eloquii,
1342 1477 1534 1539 omina,
1568 1477 1705 1530 sicut
1727 1494 1884 1546 supra
1911 1495 2150 1533 comme-

578 1562 922 1624 moravimus,
955 1572 1194 1631 operatur
1226 1580 1357 1616 unus
1390 1575 1541 1634 atque
1570 1567 1712 1620 idem
1745 1568 1994 1635 Spiritus,
2019 1571 2148 1622 divi-

575 1649 704 1704 dens
725 1651 946 1721 multis
970 1662 1120 1721 prout
1152 1655 1252 1707 vult
1303 1654 1353 1722 (1
1385 1654 1502 1708 Cor.
1539 1672 1631 1724 xu,
1665 1657 1770 1725 ll).
1824 1658 1878 1711 In
1909 1660 2024 1726 ejus
2053 1677 2149 1714 no-

575 1740 720 1793 mine
745 1739 1044 1795 credentes
1087 1741 1423 1808 baptizantur
1451 1784 1464 1808 ,
1517 1752 1572 1796 et
1609 1745 1658 1797 in
1698 1746 1813 1813 ipso
1849 1747 2143 1813 signantur.

573 1831 694 1900 Ipse
743 1847 904 1898 διερει-
949 1830 1128 1888 Iesum
1169 1833 1489 1900 baptizatum
1531 1835 1803 1889 descendit
1841 1845 1896 1890 et
1933 1840 2140 1892 mansit.

2264 671 2393 715 turne
2421 679 2483 716 ac
2511 664 2740 726 virtutis,
2773 662 2924 730 cujus
2953 670 3077 716 sunt
3095 661 3254 715 Pater
3277 669 3332 715 et
3359 660 3545 716 Filius.
3571 661 3710 726 Quid
3727 665 3831 719 sibi

2259 753 2372 805 vult
2402 753 2452 804 in
2482 753 2822 822 baptismatis
2865 759 3201 806 sacramento
3241 765 3344 804 una
3392 754 3832 807 commemoratio

2262 843 2511 904 nominis,
2538 843 2583 896 si
2612 859 2717 896 non
2745 850 2826 895 est
2848 842 2954 896 illic
2975 857 3076 894 una
3101 840 3342 910 operatio
3363 837 3667 895 Trinitatis?
3689 841 3831 906 Quid

2257 947 2477 986 necesse
2502 941 2585 985 est
2614 941 2673 985 ut
2698 931 2862 985 homo
2894 933 2943 984 in
2977 930 3239 999 baptismo
3262 929 3377 984 sine
3397 930 3625 998 Spiritus
3651 932 3828 985 sancti

2239 1025 2476 1078 -nomine
2505 1023 2698 1076 salvari
2723 1038 2828 1074 non
2860 1021 3044 1089 possit,
3070 1021 3110 1074 si
3133 1029 3349 1074 sanctus
3377 1019 3604 1088 Spiritus
3653 1020 3831 1074 homi-

2244 1131 2378 1169 nem
2426 1130 2531 1168 non
2575 1114 2806 1167 ereavit?
2837 1113 2940 1164 Aut
2969 1111 3094 1165 illud
3129 1110 3272 1178 quod
3309 1103 3481 1178 majus
3526 1118 3611 1164 est
3654 1110 3828 1177 magis

2255 1206 2506 1269 attende;
2537 1221 2630 1258 cur
2661 1219 2820 1272 supra
2869 1203 2962 1256 Dei
2993 1201 3181 1256 Filium
3205 1202 3369 1260 venit.
3400 1202 3443 1254 si
3483 1209 3694 1255 creatus
3719 1210 3826 1265 est,

2245 1312 2361 1350 .non
2384 1306 2622 1359 creator;
2646 1303 2738 1348 aut
2757 1293 3024 1362 quomodo
3047 1307 3166 1346 eum
3187 1292 3428 1360 replevit,
3453 1293 3496 1346 si
3521 1307 3627 1346 non
3647 1307 3829 1361 aequae

2245 1387 2317 1440 alis
2337 1385 2630 1440 credendus
2673 1393 2754 1438 est
2779 1400 2918 1449 esse,
2963 1384 3056 1438 sed
3085 1384 3292 1438 minor?
3333 1382 3464 1436 Cum
3504 1385 3686 1452 utique
3726 1401 3828 1440 nec

2237 1477 2394 1529 .illius
2417 1475 2660 1542 Operatio
2697 1473 3014 1528 renovando
3053 1481 3196 1526 esset
3243 1472 3446 1526 homini
3493 1475 3824 1542 necessaria,

2249 1569 2340 1636 qui
2361 1567 2632 1620 hominem
2665 1583 2766 1620 non
2800 1565 2950 1629 fecit;
2979 1580 3078 1619 nec
3116 1580 3275 1632 super
3302 1562 3568 1618 Christum
3613 1568 3828 1621 veniret

2250 1657 2498 1727 Spiritus,
2527 1673 2686 1725 quem
2717 1656 2892 1711 dicitis
2921 1656 3046 1724 quia
3095 1653 3254 1709 Pater
3293 1669 3389 1723 per
3431 1655 3614 1710 Filium
3665 1656 3823 1722 fecit;

2247 1763 2350 1802 nec
2378 1737 2627 1815 impleret
2658 1745 2824 1807 illum,
2857 1745 2942 1800 cui
2969 1741 3202 1811 aequalis
3230 1759 3348 1798 esse
3376 1761 3482 1798 non
3513 1745 3707 1813 potuit.
3755 1749 3828 1802 At

2249 1847 2324 1904 tu,
2355 1837 2528 1906 quide
2548 1837 2801 1892 missione
2835 1821 3266 1906 Spiritus'sancti
3298 1852 3522 1890 renovas
3561 1840 3825 1905 quzestio-

576 1922 744 1986 Quem
772 1935 931 1989 super
949 1936 1172 1986 seesse,
1193 1931 1248 1974 et
1275 1938 1382 1990 quo
1403 1938 1464 1977 se
1485 1933 1700 1978 unctum
1730 1940 1870 1990 esse,
1897 1935 1950 1980 et
1978 1943 2006 1980 a
2037 1943 2143 1996 quo
2176 1942 2222 2000 Β
2251 1947 2393 1994 nem,
2418 1938 2473 1983 et
2502 1928 2635 1984 dicis
2662 1928 2787 1996 quia
2810 1925 3039 1996 Spiritus
3065 1936 3280 1982 sanctus
3320 1929 3455 1981 mitti
3485 1929 3711 1983 docetur
3759 1947 3826 1985 ac

573 2026 632 2081 se
661 2011 877 2064 missum
909 2026 1026 2066 esse
1055 2027 1150 2080 per
1173 2011 1362 2068 Isaiam
1398 2014 1651 2069 Dominus
1689 2017 1931 2073 Christus
1961 2029 2143 2075 osten-

573 2099 706 2155 dens
727 2142 743 2166 ,
780 2102 856 2153 ait
887 2120 896 2152 :
935 2100 1158 2171 Spiritus
1200 2103 1403 2157 L'omini
1445 2123 1598 2174 super
1627 2124 1705 2159 me
1727 2147 1740 2169 ,
1780 2119 1986 2178 propter
2013 2113 2148 2180 quod

572 2192 719 2244 unxit
751 2208 848 2255 me,
877 2193 1225 2263 evangelizure
1247 2196 1550 2264 pauperibus
1571 2199 1715 2251 misit
1743 2216 1821 2252 me
1853 2199 2006 2268 (lsai.
2039 2219 2143 2267 LXI,

571 2281 648 2352 1).
703 2280 852 2336 Unde
891 2299 1012 2338 cum
1043 2284 1095 2338 in
1125 2299 1386 2354 synagoga
1440 2287 1583 2342 hunc
1627 2288 1800 2343 locum
1848 2292 2146 2360 prophetici

571 2370 856 2426 voluminis
884 2382 1208 2440 recenseret,
1241 2375 1314 2427 ait
1333 2373 1526 2430 Judzeis
1557 2395 1568 2428 :
1601 2375 1732 2440 Quia
1763 2379 1912 2432 hodie
1938 2381 2147 2449 impleta

569 2473 647 2516 est
693 2465 801 2516 haec
849 2463 1122 2534 Scriptura
1173 2467 1223 2518 in
1271 2465 1478 2520 auribus
1525 2470 1698 2520 restris
1751 2467 1897 2538 (Luc.
1929 2486 1998 2533 tv,
2029 2469 2141 2538 21).

573 2551 860 2622 Postquam
907 2571 1032 2609 vero
1069 2557 1120 2608 in
1164 2573 1290 2620 eum
1319 2541 1644 2626 baptizatum
1673 2560 1946 2614 descendit
1971 2603 1985 2626 ,
2015 2562 2148 2614 dixit

569 2640 924 2711 Evangelista,
947 2643 1098 2698 Jcsus
1122 2656 1290 2700 autent
1311 2647 1490 2714 plenus
1521 2647 1720 2717 Spiritu
1746 2658 1920 2702 sancto
1948 2667 2144 2718 regres-

570 2751 658 2788 sus
712 2743 786 2788 est
845 2736 908 2790 ab
959 2737 1189 2790 Jordane
1220 2738 1286 2806 (v.
1343 2736 1417 2807 1).
1480 2739 1555 2793 Ac
1601 2739 1814 2803 deinde,
1865 2749 2143 2809 postquam

567 2823 812 2880 diabolus
833 2835 1200 2882 consummata
1229 2829 1521 2882 tentatione
1541 2829 1759 2883 recessit
1779 2828 1845 2882 ab
1869 2830 1957 2883 illo
1981 2845 2146 2897 usque

565 2914 632 2969 ad
663 2923 896 2985 tempus,
922 2918 996 2970 ait
1021 2927 1238 2972 sanctus
1275 2919 1600 2986 evangelista
1634 2937 1644 2970 :
1679 2918 1746 2972 Et
1776 2937 2032 2990 regressus
2071 2931 2146 2974 est

566 3004 716 3061 Iesus
747 3010 800 3061 in
830 3011 1012 3061 uirtute
1050 3009 1277 3078 Spiritus
1309 3012 1360 3063 in
1399 3008 1669 3064 Calilwam
1708 3014 1775 3079 (v.
1817 3010 1919 3080 14).
1959 3013 2145 3068 Consi-

567 3098 695 3154 dera
735 3101 914 3166 itaque
959 3110 1146 3155 cuncta
1184 3116 1300 3168 qua:
1343 3118 1372 3154 a
1405 3103 1557 3155 nobis
1586 3111 1877 3157 memorata
1906 3114 2059 3168 sunt,
2092 3116 2146 3159 et

568 3205 828 3260 agnosces
849 3191 1100 3260 Spiritum
1125 3200 1390 3260 sanctum,
1410 3194 1532 3262 quia
1556 3209 1693 3248 unus
1714 3203 1796 3248 est
1822 3195 1960 3248 sicut
1987 3195 2145 3249 Pater

2247 2022 2402 2090 dirigi
2434 2029 2489 2074 ut
2527 2020 2746 2088 angelus
2783 2027 2838 2073 et
2875 2019 3136 2083 minister,
3183 2020 3418 2086 recogita
3447 2035 3565 2088 quae
3615 2032 3742 2076 sunt
3792 2039 3822 2077 ει

2244 2114 2400 2167 nobis
2420 2112 2663 2181 superius
2687 2110 2846 2174 dicta,
2889 2119 2942 2164 et
2991 2111 3230 2165 invenies
3276 2110 3528 2180 Spiritum
3574 2123 3823 2170 sanctum

2243 2221 2349 2259 mu
2380 2206 2518 2258 sicut
2543 2203 2787 2272 angelum
2818 2202 2976 2256 mitti.
3002 2202 3092 2255 Ille
3113 2201 3310 2272 quippe
3331 2203 3559 2257 mittitur
3586 2204 3654 2258 de
3700 2206 3824 2261 loco

2245 2296 2537 2359 adducam,
2571 2310 2634 2348 ac
2655 2294 2734 2348 sic
2762 2293 2886 2346 illuc
2915 2293 3145 2346 mittitur
3171 2292 3258 2346 ubi
3290 2308 3394 2346 non
3425 2293 3541 2346 fuit.
3589 2293 3825 2364 Spiritus

2245 2394 2425 2439 autem
2455 2393 2690 2447 sanctus,
2721 2383 2809 2451 qui
2841 2391 3008 2436 totum
3036 2382 3239 2452 implet,
3271 2391 3327 2436 et
3355 2399 3613 2452 nusquam
3642 2385 3822 2446 deest,

2247 2474 2371 2528 illuc
2396 2473 2644 2540 dignatur
2673 2487 2701 2524 a
2731 2470 2890 2524 Patre
2917 2471 3053 2524 mitti
3104 2485 3199 2538 per
3245 2472 3472 2538 gratiam
3524 2487 3698 2536 suam,
3729 2475 3823 2529 ubi

2243 2579 2456 2632 semper
2483 2571 2567 2616 est
2587 2577 2681 2630 per
2707 2561 3018 2614 immensam
3047 2559 3375 2613 divinitatem
3403 2576 3578 2626 suam,
3618 2569 3672 2614 et
3693 2560 3825 2618 illuc

2246 2655 2391 2708 venit
2415 2653 2702 2707 collatione
2724 2651 2976 2714 muneris,
3011 2648 3150 2703 unde
3188 2663 3456 2716 nunquam
3502 2649 3655 2703 deest
3707 2665 3825 2702 ma-

2243 2743 2522 2810 gnitudine
2547 2741 2778 2795 deitatis.
2812 2739 2926 2792 Non
2957 2753 3106 2806 ergo,
3130 2738 3267 2791 sicut
3297 2746 3351 2790 tu
3383 2738 3474 2790 tibi
3505 2753 3602 2807 pro
3631 2739 3829 2792 volun-

2247 2843 2357 2887 tate
2389 2842 2475 2886 tua
2505 2849 2568 2887 ex
2597 2846 2718 2886 meo
2748 2827 2964 2885 nomine
2993 2827 3335 2898 respondisti,
3377 2830 3560 2883 missio
3587 2829 3828 2898 Spiritus

2245 2924 2434 2981 sancti.
2469 2922 2731 2992 apparitio
2756 2922 2871 2988 ejus
2899 2919 3118 2974 dicenda
3162 2927 3278 2972 est:
3308 2919 3430 2986 quia
3475 2927 3602 2972 tunc
3627 2905 3828 2974 visibili

2245 3014 2702 3069 demonstratione
2729 3013 2920 3066 missus
2944 3019 3042 3076 est,
3074 3011 3286 3080 quando
3317 3011 3381 3064 ad
3416 3009 3827 3077 signiﬁcandam

2245 3107 2468 3172 gratiam
2493 3104 2608 3172 ejus
2636 3105 2712 3157 sic
2741 3111 2858 3156 erat
2884 3102 3064 3156 missio
3088 3103 3202 3170 ejus
3230 3101 3513 3155 intimanda
3543 3101 3830 3166 ﬁdelibus,

2247 3206 2304 3250 ut
2332 3213 2395 3250 ex
2420 3212 2486 3250 eo
2515 3196 2656 3264 quod
2686 3195 2854 3250 oculis
2887 3193 3164 3248 visibiliter
3207 3201 3504 3259 cernerent,
3534 3193 3831 3250 invisibilis

566 3293 622 3338 et
647 3283 841 3347 Filius,
875 3285 1190 3351 immensus,
1225 3284 1451 3353 impleas
1480 3299 1690 3338 onmem
1722 3294 2056 3350 creaturam,
2087 3295 2141 3340 et
2169 3306 2210 3364 ε
2244 3290 2428 3358 gratia:
2454 3304 2672 3342 munera
2703 3287 3098 3356 cognovissent.
3134 3286 3316 3340 Visum
3341 3301 3468 3339 vero
3499 3285 3594 3338 tibi
3616 3295 3718 3349 est,
3752 3287 3827 3342 de

567 3390 732 3444 opera
757 3375 954 3437 iaciens
978 3391 1095 3443 qua:
1120 3375 1232 3429 sola
1255 3375 1503 3430 divinitas
1533 3377 1656 3446 facit
1680 3394 1691 3428 :
1720 3391 1823 3444 qua
1845 3377 1983 3430 idem
2008 3394 2142 3432 unus

566 3466 634 3522 de
663 3467 783 3522 loco
811 3467 876 3520 ad
905 3466 1080 3520 locum
1124 3467 1259 3519 mitti
1290 3482 1394 3522 non
1433 3473 1651 3536 potest,
1696 3469 1784 3535 qui
1836 3468 2145 3521 naturaliter

566 3559 791 3615 docetur
821 3560 1114 3615 immensus
1145 3577 1157 3611 :
1189 3575 1288 3613 nec
1315 3559 1364 3612 ei
1397 3567 1649 3627 tanquam
1690 3559 1903 3612 subdito
1947 3560 2142 3627 aliquid

567 3646 883 3718 imperatur,
912 3649 1035 3716 quia
1075 3647 1376 3700 voluntarie
1422 3647 1510 3700 illa
1553 3663 1714 3716 opera
1763 3648 1884 3702 fecit
1913 3656 1966 3701 et
1997 3648 2138 3710 facit,

563 3754 683 3807 qua:
703 3755 810 3793 non
839 3747 1014 3808 potest
1042 3739 1216 3792 facere
1249 3739 1344 3792 nisi
1379 3737 1536 3792 Deus.
1566 3739 1904 3808 Quapropter
1930 3740 2142 3812 sapien-

563 3838 648 3886 ter
675 3831 1060 3886 consideranda
1091 3839 1172 3884 est
1201 3831 1382 3884 missio
1413 3831 1642 3899 Spiritus
1670 3832 1838 3885 sancti
1871 3848 1884 3884 :
1915 3832 2006 3899 qui
2035 3833 2139 3888 uti-

562 3935 667 3989 que
711 3937 816 3976 non
849 3921 1095 3974 «mittitur
1134 3922 1272 3975 sicut
1313 3922 1532 3988 angelus
1557 3960 1572 3984 ,
1615 3921 1766 3989 cujus
1796 3930 1877 3976 est
1905 3922 2138 3976 ollicium

561 4013 754 4066 debitae
794 4013 1068 4066 servitutis
1110 4012 1365 4080 implere;
1409 4011 1502 4066 sed
1527 4013 1663 4066 sicut
1692 4012 1850 4074 Deus,
1883 4012 2034 4080 cujus
2059 4021 2140 4066 est

563 4117 784 4155 munera
813 4101 1248 4155 sanctiﬁcationis
1272 4110 1326 4155 et
1350 4109 1544 4156 sanch
1569 4103 1920 4171 operationis,
1947 4102 2137 4156 volun-

565 4191 700 4246 taria
748 4191 990 4245 bonit.te
1036 4190 1300 4244 conferre.
1358 4190 1586 4246 Sanctus
1637 4207 1864 4260 namque
1912 4190 2140 4260 Spiritus

565 4283 721 4352 (sicut
741 4297 899 4351 supra
926 4281 1432 4352 docnimus).replet
1460 4282 1646 4337 orbem
1677 4292 1966 4344 terrarum;
1997 4281 2138 4350 quod

562 4371 629 4426 de
660 4372 804 4426 nullo
835 4387 1066 4440 unquam
1095 4380 1545 4427 commemoratur
1567 4372 1776 4439 angelo,
1808 4372 1901 4427 sed
1929 4373 1996 4425 de
2022 4372 2138 4426 solo

562 4463 755 4518 dicitur
803 4464 911 4518 Deo
935 4503 951 4529 ,
997 4463 1081 4518 cui
1119 4464 1308 4519 beatus
1337 4463 1552 4518 Azarias
1582 4463 1633 4516 in
1671 4461 1882 4516 camino
1913 4463 2134 4531 positus,

560 4554 688 4608 dicit
715 4574 726 4606 :
756 4553 1055 4608 Benedictus
1087 4552 1339 4607 Dominus
1370 4553 1506 4607 Deus
1531 4562 1734 4623 patrum
1759 4560 2066 4615 nostrorum,
2090 4561 2138 4604 et

2250 3395 2407 3449 prece
2435 3395 2537 3448 qua
2565 3388 2804 3448 tempore
2832 3376 3075 3431 sacriﬁcii
3106 3377 3405 3446 postulatur
3420 3375 3677 3429 adventus
3695 3374 3827 3445 Spi-

2248 3471 2380 3523 ritns
2409 3469 2600 3530 sancti,
2631 3468 2766 3522 velle
2794 3467 3016 3522 localem
3037 3466 3152 3536 ejus
3174 3465 3456 3520 ostendere
3483 3465 3821 3520 missionem.

2245 3560 2348 3615 Sed
2375 3561 2440 3614 de
2460 3560 2660 3629 Spiritu
2689 3567 2872 3613 sancto
2907 3568 3031 3612 tunc
3059 3558 3216 3624 digne
3247 3557 3482 3623 cogitare
3513 3557 3732 3624 poteris,
3776 3557 3838 3613 si.

2241 3653 2418 3705 carnis
2446 3651 2800 3720 prudentiam,
2832 3664 2952 3718 qua:
2980 3648 3191 3702 inimica
3235 3655 3316 3701 est
3354 3645 3465 3699 Deo
3498 3643 3672 3712 (Rom.
3702 3661 3825 3710 vui,

2246 3742 2317 3809 7),
2352 3758 2456 3794 non
2482 3742 2741 3808 sequaris.
2772 3739 2900 3792 Illud
2951 3740 3093 3792 enim
3137 3738 3380 3806 primitus
3429 3722 3824 3791 attendendum

2241 3841 2341 3894 est,
2373 3831 2513 3898 quod
2559 3832 2745 3884 beatus
2776 3828 2971 3883 Paulus
3014 3829 3257 3882 ﬁdelibus
3285 3828 3397 3880 ait:
3432 3826 3660 3882 Nescitis
3694 3829 3828 3898 quia

2242 3923 2479 3991 templum
2514 3921 2607 3974 Dei
2637 3923 2778 3984 estis,
2811 3931 2859 3974 et
2887 3920 3112 3989 Spiritus
3147 3919 3238 3972 Dei
3266 3919 3465 3972 habitat
3505 3920 3558 3972 in
3593 3918 3734 3972 robis
3769 3917 3830 3988 (ι

2241 4012 2356 4065 Cor.
2392 4028 2463 4073 Ill,
2498 4010 2618 4080 l6)?
2651 4010 2801 4076 Quod
2830 4012 3010 4078 utique
3057 4018 3113 4062 ut
3139 4009 3361 4072 diceret,
3407 4008 3832 4077 promissionem

2241 4103 2408 4156 nostri
2439 4102 2733 4155 Salvatoris
2754 4100 2997 4164 attendit,
3029 4099 3256 4154 dicentis
3288 4117 3300 4150 :
3342 4097 3454 4168 Ego
3482 4097 3673 4167 rogabo
3709 4097 3834 4150 Pa-

2241 4206 2384 4259 trem,
2416 4204 2464 4248 et
2493 4195 2649 4247 alium
2680 4193 3000 4246 Paracletum
3027 4192 3166 4244 dabit
3192 4189 3350 4251 vobis,
3389 4199 3445 4242 ut
3480 4199 3687 4243 maneat
3729 4206 3836 4244 vo-

2241 4289 2433 4340 biscum
2457 4288 2509 4339 in
2541 4295 2815 4347 internum;
2847 4284 3096 4352 Spiritum
3143 4285 3391 4346 ueritatis,
3423 4298 3566 4352 quem
3595 4283 3838 4335 mundus

2241 4395 2342 4430 non
2367 4387 2529 4447 potest
2557 4379 2807 4446 accipere,
2833 4377 2951 4445 quia
2975 4392 3075 4428 non
3101 4375 3231 4428 ridet
3259 4390 3390 4436 eum,
3423 4389 3514 4425 nec
3543 4372 3637 4424 scit
3657 4387 3789 4424 eum
3817 4387 3841 4424 :

2240 4483 2325 4520 vos
2348 4477 2513 4519 autem
2541 4466 2844 4536 cognovistis
2875 4479 3006 4526 eum,
3039 4464 3157 4532 quia
3180 4463 3317 4532 apud
3345 4478 3432 4515 vos
3460 4469 3650 4523 manet,
3680 4470 3740 4513 et
3776 4464 3842 4514 in

2240 4556 2378 4610 vobis
2405 4565 2479 4609 est
2508 4554 2686 4625 (Joan.
2712 4569 2822 4619 xw,
2849 4553 2934 4617 16,
2968 4552 3079 4619 l7).
3102 4549 3239 4604 Ecce
3270 4550 3521 4604 Dominus
3557 4547 3718 4602 Iesus
3765 4548 3845 4600 ﬁ-

559 4647 818 4700 laudabtle
847 4655 896 4700 et
924 4644 1201 4715 gloriosum
1229 4657 1412 4697 nomen
1469 4653 1607 4694 tuum
1649 4642 1700 4694 in
1730 4641 1918 4695 saecula
1969 4640 2130 4711 (Dan.
2166 4664 2216 4721 Ι)
2239 4649 2446 4703 delibus
2465 4647 2575 4702 suis
2594 4646 2736 4701 dedit
2769 4645 3022 4714 Spiritum
3044 4652 3308 4709 sanctum,
3343 4654 3398 4696 ut
3425 4655 3545 4698 cum
3570 4641 3650 4696 eis
3668 4641 3756 4694 sit
3781 4642 3846 4696 in

547 4748 633 4798 ut,
659 4735 774 4801 ἓως
811 4743 865 4789 et
885 4733 1043 4802 paulo
1059 4740 1181 4801 post
1203 4733 1308 4786 ait:
1333 4729 1398 4783 Et
1419 4743 1727 4800 cognoscant
1747 4730 1984 4801 quoniam
2008 4739 2057 4780 tu
2081 4747 2134 4780 es

557 4826 810 4880 Dominus
838 4824 978 4878 Deus
1007 4824 1146 4878 solus
1183 4824 1237 4878 in
1279 4824 1416 4875 omni
1453 4821 1572 4874 orbe
1618 4829 1870 4874 terrarum
1918 4821 1985 4889 (v.
2019 4819 2128 4886 45).

560 4915 659 4972 Ubi
691 4919 872 4985 utique
899 4914 1100 4977 docuit,
1124 4927 1250 4968 vere
1279 4912 1557 4966 Dominum
1588 4910 1753 4964 Deum
1783 4925 1918 4974 esse,
1943 4910 2030 4978 qui
2055 4919 2133 4962 est

560 5013 614 5064 in
639 5011 786 5066 omni
816 5009 946 5062 orbe
965 5016 1260 5063 terrarum.
1315 5004 1414 5070 Qui
1443 5013 1622 5058 autem
1651 5003 1837 5057 orbem
1869 5012 2130 5057 terrarum

2239 4748 2517 4801 aeternum,
2550 4746 2603 4791 et
2633 4737 2685 4790 in
2715 4737 2794 4791 eis
2821 4743 3054 4790 maneat.
3082 4733 3234 4800 Quod
3281 4735 3324 4787 si
3374 4748 3534 4786 verax
3561 4739 3644 4785 est
3687 4746 3851 4799 pro-

2240 4829 2424 4882 missio
2465 4827 2779 4889 Salvatoris,
2823 4825 2966 4896 quod
3012 4840 3172 4879 nemo
3201 4821 3535 4877 Christianus
3581 4820 3852 4891 dubitat,

2240 4935 2458 4975 necesse
2483 4927 2565 4973 est
2589 4927 2646 4972 ut
2675 4918 2906 4986 Spiritus
2933 4927 3148 4971 sanctus
3184 4930 3214 4968 a
3263 4913 3505 4968 ﬁdelibus
3536 4927 3649 4965 non
3680 4927 3854 4969 rece-

2239 5012 2328 5066 dat
2356 5030 2368 5064 :
2400 5010 2492 5078 qui
2523 5025 2629 5063 non
2658 5009 2758 5062 nisi
2787 5008 2854 5062 ab
2883 5007 2987 5061 illis
3009 5005 3266 5069 aufertur,
3297 5017 3434 5071 quos
3456 5002 3598 5055 Deus
3626 5017 3658 5054 a
3689 5000 3857 5058 facie

2238 5118 2335 5157 sua
2361 5099 2666 5170 projecerit.
2702 5096 2926 5167 Propter
2952 5096 3096 5166 quod
3127 5095 3314 5149 beatus
3345 5091 3506 5169 David
3543 5091 3680 5145 dicit
3699 5111 3715 5144 :
3757 5090 3859 5146 Ne

2239 5191 2484 5261 projicias
2509 5207 2588 5243 me
2616 5203 2648 5242 α
2674 5189 2808 5258 [acie
2830 5197 2938 5253 tua,
2967 5197 3015 5239 et
3040 5185 3296 5254 Spiritum
3324 5191 3555 5236 sanctum
3587 5189 3748 5235 tuum
3785 5201 3862 5238 ne

2239 5283 2448 5352 auferas
2477 5297 2508 5333 α
2537 5295 2616 5333 me
2647 5278 2819 5347 (Psal.
2851 5293 2906 5343 1.,
2931 5276 3040 5345 l5).
3071 5275 3207 5330 Cum.
3223 5287 3352 5342 ergo
3377 5272 3430 5326 in
3456 5271 3538 5325 his
3557 5271 3658 5339 qui
3681 5284 3864 5328 recte

2242 5371 2427 5425 colunt
2453 5368 2641 5436 Deum,
2668 5375 2885 5423 sanctus
2900 5366 3129 5436 Spiritus
3146 5373 3344 5418 aeterna
3364 5375 3585 5431 prorsus
3609 5361 3865 5417 habita-

2241 5462 2386 5516 tione
2413 5459 2737 5528 requiescat,
2762 5454 3036 5524 quomodo
3063 5469 3186 5508 eum
3209 5451 3483 5520 postulant
3511 5449 3615 5503 sibi
3641 5452 3910 5507 mitti-3-

2235 5551 2371 5617 Quia
2400 5550 2584 5617 utique
2631 5547 2696 5601 ad
2727 5545 3138 5600 sacriﬁcandum
3167 5542 3312 5609 digni
3343 5555 3451 5595 non
3480 5539 3866 5606 assistere-nt,

2231 5645 2274 5698 si
2300 5643 2352 5697 in
2382 5657 2440 5696 se
2468 5648 2710 5695 sanctum
2731 5639 2987 5708 Spiritum
3011 5651 3116 5690 non
3139 5635 3421 5687 haberent.
3448 5631 3502 5684 In
3525 5646 3638 5698 quo
3663 5634 3871 5686 etiam

2232 5733 2490 5789 orandum
2521 5740 2736 5787 sanctus
2785 5729 3073 5799 Apostolus
3111 5727 3366 5780 admonet
3392 5726 3555 5794 618
3586 5723 3816 5785 dicens
3849 5748 3864 5782 ε

2213 5826 2455 5880 .Orantes
2483 5826 2623 5879 omni
2655 5835 2878 5891 tempore.
2907 5824 2959 5875 in
2991 5821 3209 5890 Spiritu,
3239 5827 3286 5869 et
3325 5818 3378 5870 iu
3411 5817 3518 5885 ipso
3549 5816 3874 5884 vigilantes

2233 5915 2284 5968 iu
2311 5916 2450 5969 omni
2482 5914 2732 5967 instantia
2754 5911 3166 5966 ctobserratione
3190 5905 3402 5976 (Ep/:(s.
3441 5920 3514 5970 vi,
3543 5902 3657 5973 l8).
3688 5907 3869 5976 Quo.

559 5119 667 5158 non
698 5101 902 5171 implet,
926 5116 1044 5154 esse
1071 5101 1123 5153 in
1156 5099 1286 5153 orbe
1316 5107 1578 5153 terrarum
1603 5112 1706 5154 non
1731 5104 1927 5165 potest,
1955 5111 2014 5149 ac
2037 5111 2132 5164 per

535 5194 662 5248 hoc
687 5208 788 5248 nec
817 5191 1068 5248 Dominus
1099 5189 1240 5244 Deus
1275 5196 1376 5244 est.
1412 5187 1640 5243 Necesse
1672 5197 1753 5241 cst
1783 5189 1940 5255 igitur
1966 5186 2131 5240 fatea-

555 5301 677 5340 mur
703 5283 984 5338 Dominum
1015 5281 1181 5336 Deum
1211 5295 1330 5334 esse
1357 5277 1612 5347 Spiritum
1637 5286 1905 5341 sanctum,
1938 5279 2004 5331 de
2029 5291 2135 5343 quo

530 5413 532 5416 ν
556 5377 690 5432 dicit
701 5375 999 5444 Scriptura,
1019 5373 1143 5442 quia
1163 5372 1385 5442 Spiritus
1407 5369 1611 5427 Domini
1627 5369 1834 5439 replevit
1849 5367 1955 5423 orb.
1969 5384 2018 5422 m
2035 5376 2137 5421 ter-

552 5483 729 5524 rarum
744 5467 897 5536 (Sap.
914 5463 1202 5536 |,'I).Multa
1219 5478 1427 5532 possem
1441 5454 1620 5516 dicere
1629 5460 1696 5515 de
1712 5460 1912 5529 Spiritu
1929 5466 2136 5525 sancto,

551 5565 712 5635 617
741 5578 860 5632 qua)
895 5560 1211 5616 terminandi
1252 5559 1411 5627 hujus
1437 5557 1617 5628 operis
1659 5555 1956 5609 intentione
1999 5567 2131 5621 prte-

512 5694 520 5702 .
557 5663 726 5709 tereo.
753 5653 887 5710 Illud
916 5662 1105 5707 tamen.
1123 5652 1280 5706 velim
1309 5650 1474 5712 dicas,
1494 5649 1619 5717 quid
1644 5661 1865 5701 necesse
1880 5646 2024 5701 situt
2044 5661 2129 5698 sa-

551 5742 1258 5812 eramentumbaptismatis
1287 5756 1393 5793 non
1436 5739 1592 5792 detur
1621 5738 1672 5791 in
1703 5737 1919 5792 nomine
1963 5736 2130 5790 solius

551 5831 744 5893 Patris,
775 5847 874 5885 nec
903 5832 953 5884 in
983 5833 1201 5886 nomine
1243 5838 1446 5884 tantum
1485 5827 1660 5881 Patris
1697 5837 1751 5880 et
1783 5827 1921 5892 Filii,
1952 5825 2046 5880 sed
2078 5825 2128 5878 in

467 5932 481 5946 ‘
551 5923 770 5977 nomine
803 5922 962 5975 totius
990 5920 1282 5986 Trinitatis,
1317 5919 1366 5974 id
1391 5926 1491 5983 est,
1516 5916 1687 5987 Patris
1715 5926 1768 5973 et
1789 5917 1905 5974 Filii
1934 5925 1988 5971 et
2009 5915 2130 5986 Spi-
