4090 6342
299 461 413 518 789

1368 461 1637 517 CONTRA
1678 458 2020 514 FABIANUM
2064 456 2501 514 FRAGMENTA.

3466 457 3569 512 790

302 580 470 638 modo
491 593 621 649 ergo
649 579 749 634 sibi
783 578 919 632 mitti
950 578 1244 649 postulant,
1277 576 1435 647 quem
1462 576 1565 632 sibi
1595 576 1777 633 datum
1807 575 1887 630 di—
1917 581 1962 636 Α
1990 589 2111 631 cum
2143 572 2358 628 Christo
2382 574 2434 627 in
2466 573 2591 633 Deo,
2626 586 2949 641 carnemque
2977 580 3216 625 nostram
3238 564 3404 642 619
3445 587 3570 626 cru-

305 673 522 737 vinitus,
554 679 610 726 et
647 670 702 724 in
748 683 807 725 se
833 683 1055 724 manere
1081 668 1285 739 jugiter
1322 684 1431 724 non
1473 668 1755 737 ignorant?
1802 667 1883 722 An

300 762 529 819 forsitan
550 762 859 832 priusquam
880 761 1050 816 sancti
1066 760 1309 816 homines
1331 775 1543 832 precem
1566 758 1885 829 fundant,in

301 855 385 911 eis
422 863 645 909 sanctus
671 852 905 923 Spiritus
943 852 1254 921 requiescit,
1302 860 1357 908 et
1401 869 1523 909 cum
1573 863 1886 924 precaturos

301 945 553 1004 senserit.
585 961 709 1000 mox
740 944 987 999 recedit?
1010 943 1163 1010 Quod
1191 944 1235 999 si
1262 944 1336 1000 ita
1366 953 1509 1000 esset
1528 984 1543 1008 ,
1573 945 1765 1000 melius
1783 945 1885 1000 fuit

300 1038 369 1093 'ut
412 1038 584 1093 sancti
614 1037 861 1092 homines
888 1051 1160 1107 nunquam
1191 1044 1435 1104 orarent,
1450 1044 1532 1121 Ἶρι
1571 1037 1625 1091 in
1674 1051 1735 1091 se
1765 1052 1895 1092 san-

304 1137 456 1184 ctum
478 1126 737 1196 Spiritum
763 1124 962 1197 iugiter
990 1126 1274 1189 haberent,
1307 1140 1466 1194 quam
1506 1134 1755 1181 oraturos
1800 1126 1891 1180 ali-

304 1218 528 1288 quando
556 1217 645 1273 ille
675 1217 950 1273 desereret
975 1237 991 1271 :
1021 1218 1163 1273 unde
1201 1226 1597 1287 consequenter
1624 1218 1755 1274 illud
1782 1230 1889 1274 non

304 1312 648 1369 commodum
677 1312 1006 1367 inveniretur
1031 1327 1181 1379 esse,
1221 1311 1315 1366 sed
1360 1310 1602 1377 noxium,
1629 1310 1770 1383 quod
1816 1311 1895 1367 ait

305 1402 672 1470 evangelista,
695 1404 812 1474 quia
843 1410 1040 1481 oportet
1067 1418 1263 1472 semper
1282 1419 1433 1456 orare
1460 1400 1610 1472 (Luc.
1644 1417 1792 1466 xviii,
1819 1402 1894 1471 l).

304 1497 467 1551 Omni
498 1506 741 1568 tempore
764 1496 1023 1566 prtecipit.
1052 1494 1185 1561 Quis
1214 1503 1393 1550 autem
1426 1495 1545 1550 sani
1582 1495 1776 1565 capitis
1819 1496 1894 1549 di-

304 1595 417 1653 cat,
459 1588 600 1658 quod
630 1588 683 1642 in
710 1589 887 1657 seipso
915 1587 1174 1657 Spiritum
1204 1603 1311 1642 non
1340 1588 1536 1642 habeat
1556 1588 1648 1657 qui
1690 1588 1742 1642 in
1768 1584 1893 1657 Spi-

306 1678 416 1731 ritu
439 1678 595 1733 orat?
620 1677 702 1732 An
724 1677 948 1732 forsitan
977 1685 1223 1747 tempore
1250 1692 1359 1747 quo
1385 1677 1706 1732 sacriﬁcium
1732 1676 1892 1731 offer-

226 1762 229 1765 ’
307 1776 419 1834 tur,
442 1767 718 1823 existimas
738 1768 790 1822 in
812 1767 915 1822 illis
934 1767 1151 1837 quidem
1171 1767 1264 1836 qui
1285 1782 1504 1838 precem
1525 1766 1756 1823 fundunt
1775 1782 1892 1824 esse

303 1855 569 1927 Spiritum
588 1865 857 1920 sanctum,
886 1857 980 1913 sed
1014 1859 1066 1913 in
1096 1858 1212 1929 ipso
1242 1858 1365 1915 loco
1396 1875 1503 1915 non
1530 1875 1651 1915 esse
1688 1859 1778 1914 ubi
1807 1874 1893 1915 sa-

1989 664 2265 736 ciligamus
2314 681 2438 721 cum
2485 664 2629 718 vitiis
2661 671 2716 718 et
2762 662 3207 734 concupiscentiis
3235 658 3366 718 suis.
3397 660 3487 717 Sic
3516 660 3574 716 lit

1990 765 2050 813 ut
2093 772 2283 812 omnes
2319 755 2522 819 ﬁdeles,
2556 758 2646 826 qui
2671 755 2838 811 Deum
2876 763 2931 811 et
2978 757 3283 826 proximum
3324 754 3571 825 diligunt,

1989 830 2200 905 etiamsi
2232 864 2337 904 non
2378 848 2566 903 bibant
2605 848 2829 904 calicem
2854 863 3133 918 corporea:
3161 848 3450 927 passionis,
3490 848 3574 904 bi-

1990 940 2121 994 bant
2150 949 2333 996 tamen
2360 940 2912 999 calicem.dominicae
2951 941 3193 996 caritatis
3224 960 3237 994 :
3296 956 3405 1010 quo
3457 942 3577 999 ine-

1990 1030 2169 1097 briati,
2193 1031 2434 1087 membra
2462 1045 2557 1085 sua
2577 1046 2696 1102 quae
2742 1040 2869 1086 sunt
2918 1046 3081 1101 super
3118 1039 3314 1087 terram
3354 1031 3580 1086 mortiﬁ-

1990 1128 2141 1186 ceut,
2165 1129 2223 1176 et
2250 1120 2421 1176 induti
2446 1120 2731 1176 Dominum
2759 1120 2941 1177 Jesum
2961 1120 3254 1185 Christum,
3282 1122 3458 1176 carnis
3487 1138 3582 1176 cu-

1991 1227 2108 1267 ram
2124 1228 2244 1275 non
2276 1212 2477 1267 faciant
2504 1213 2556 1267 in
2589 1211 2899 1278 desideriis;
2929 1226 3105 1281 neque
3150 1211 3583 1281 contemplemur

1992 1318 2113 1373 qua:
2147 1303 2416 1369 videntur,
2446 1303 2539 1359 sed
2564 1318 2684 1372 qua:
2706 1319 2813 1358 non
2862 1302 3125 1358 videntur.
3161 1301 3252 1357 Sic
3273 1303 3415 1357 enim
3442 1284 3584 1357 calix

1995 1391 2207 1446 Domini
2237 1391 2458 1457 bibitur,
2487 1392 2611 1447 dum
2642 1400 2828 1447 sancta
2857 1392 3055 1447 caritas
3108 1391 3434 1458 custoditur;
3464 1393 3583 1448 sine

1993 1499 2124 1555 qua,
2149 1486 2193 1541 si
2230 1501 2427 1555 corpus
2465 1501 2619 1540 suum
2653 1484 2935 1555 quisquam
2970 1483 3251 1539 tradiderit
3279 1492 3337 1539 ut
3374 1472 3581 1549 ardeat,

1996 1575 2130 1632 nihil
2159 1578 2210 1632 ei
2239 1577 2476 1647 prodest.
2511 1577 2662 1632 Dono
2684 1584 2861 1632 autem
2877 1576 3117 1632 caritatis
3146 1577 3251 1632 hoc
3279 1577 3433 1633 nobis
3452 1570 3585 1633 con;

1995 1667 2186 1729 fertur.
2230 1677 2289 1724 ut
2336 1669 2522 1723 hocin
2550 1669 2780 1723 veritate
2809 1668 2995 1731 simus,
3028 1668 3173 1738 quod
3216 1669 3269 1723 in
3318 1670 3584 1726 sacriﬁcio

1995 1760 2223 1833 mystice
2251 1761 2604 1815 celebramus.
2621 1760 2754 1813 Illud
2784 1761 2967 1829 utique
2988 1761 3131 1828 quod
3154 1760 3443 1831 Apostolus
3468 1761 3581 1826 ait,

1998 1851 2257 1916 Quoniam
2282 1867 2415 1903 unus
2442 1851 2617 1918 panis,
2644 1867 2802 1904 unum
2830 1867 3011 1920 corpus
3039 1851 3187 1905 multi
3209 1867 3382 1915 sumus
3405 1868 3422 1916 ;
3461 1850 3583 1906 ideo

303 1946 568 2002 criticiuin
597 1948 850 2017 ponftur?
876 1947 985 2004 Sed
1013 1949 1133 2019 quis
1152 1950 1225 2004 ita
1255 1950 1412 2019 sapit,
1444 1950 1543 2006 nisi
1562 1952 1653 2021 qui
1676 1951 1894 2022 desipit?
1928 1951 1971 2011 Β
1998 1942 2236 2007 addidit,
2268 1941 2460 1996 Omnes
2485 1944 2570 2011 qui
2600 1943 2662 1995 de
2689 1958 2790 1997 uno
2819 1959 2953 2013 pane
2973 1944 3343 2013 participamus
3375 1943 3429 2013 (I
3459 1943 3580 1999 Cor.

308 2038 419 2092 Aut
445 2038 564 2107 quis
592 2039 861 2094 existimet
894 2040 1181 2095 adventum
1207 2042 1379 2096 sancti
1416 2040 1645 2112 Spiritus
1697 2043 1889 2107 locale,

307 2130 413 2186 nisi
441 2131 531 2200 qui
576 2132 776 2186 canali
806 2133 1135 2201 cogitatione
1175 2149 1473 2203 possessus,
1522 2143 1578 2190 et
1606 2135 1676 2190 ob
1715 2135 1819 2192 hoc
1862 2152 1892 2189 a

304 2221 536 2292 spiritali
561 2222 888 2291 cogitatione
907 2224 1167 2289 seclusus,
1199 2224 1277 2279 sic
1298 2225 1412 2279 vult
1433 2226 1671 2294 cogitare
1692 2226 1902 2292 divina,

304 2313 448 2368 sicut
471 2313 675 2381 cogitat
704 2313 967 2380 humana;
999 2321 1056 2369 et
1081 2314 1161 2370 sic
1179 2314 1382 2385 cogitat
1403 2314 1661 2385 Spiritum
1689 2316 1784 2372 Dei
1803 2318 1894 2386 qui

307 2403 484 2473 replet
503 2403 690 2459 orbem
723 2412 1004 2472 terrarum,
1034 2404 1178 2461 sicut
1208 2392 1660 2475 potest'cogitare
1705 2408 1893 2462 huma-

308 2511 439 2549 num
464 2495 547 2551 vel
577 2494 878 2565 angelicum
899 2496 1185 2566 spiritum?
1214 2495 1348 2551 Cum
1378 2497 1470 2551 ille
1507 2496 1740 2568 Spiritus
1765 2508 1893 2552 san‘~

304 2593 427 2640 ctus
455 2584 532 2639 sic
555 2592 719 2639 totam
739 2584 943 2656 repleat
961 2594 1285 2653 creaturam,
1306 2595 1365 2642 ut
1388 2587 1505 2657 ipse
1525 2603 1661 2642 unus
1683 2603 1897 2658 semper

304 2674 509 2742 ubique
537 2673 608 2728 sit
641 2682 803 2729 totus.
853 2673 1104 2744 Agnosce
1152 2676 1314 2746 igitur
1338 2678 1465 2748 quid
1506 2678 1561 2733 in
1608 2677 1896 2735 ollerendis

304 2762 586 2820 sacriﬁciis
614 2764 809 2834 agitur,
838 2774 899 2821 ut
924 2766 1118 2822 exinde
1158 2767 1429 2839 intelligas
1468 2783 1640 2838 quare
1687 2769 1765 2824 ibi
1800 2769 1895 2824 ad-

262 2862 277 2874 ‘
305 2864 502 2912 ventus
530 2858 705 2911 sancti
740 2855 970 2927 Spiritus
998 2859 1323 2929 postuletur.
1376 2858 1581 2931 Nempe
1620 2859 1750 2915 illud
1791 2861 1893 2914 im-

302 2947 486 3019 pletur
516 2948 569 3003 in
609 2948 887 3005 sacriﬁciis
922 2947 1227 3016 oﬁ‘erendis,
1261 2952 1408 3022 quod
1447 2952 1617 3021 ipsum
1648 2949 1896 3006 Salvato-

302 3056 422 3095 rem
468 3048 710 3095 nostrum
749 3040 1066 3111 praecepisse
1091 3040 1283 3096 beatus
1308 3049 1534 3096 testatur
1579 3042 1892 3112 Apostolus,

302 3131 531 3187 dicens':
564 3129 820 3195 Quoniam
855 3130 1279 3187 Dominuslesus
1306 3134 1361 3186 in
1388 3150 1488 3205 qua
1531 3143 1680 3188 nocte
1714 3135 1893 3189 trade-

302 3220 491 3289 batur,
510 3223 707 3291 accepit
746 3238 950 3290 panem,
976 3234 1027 3276 et
1059 3224 1260 3293 gratias
1288 3240 1448 3293 agens
1470 3226 1622 3295 fregit
1650 3233 1697 3278 et
1719 3226 1892 3280 dixit:

1998 2051 2053 2099 ι,
2088 2034 2199 2103 l7).
2231 2032 2346 2090 Hoc
2375 2041 2555 2088 autem
2580 2042 2644 2088 'ut
2675 2042 2919 2103 tempore
2947 2034 3192 2089 sacrilicii
3229 2034 3583 2104 postulemus,

1996 2125 2407 2181 saluberrimum
2439 2126 2699 2180 habemus
2723 2127 2893 2181 nostri
2921 2126 3217 2181 Salvatoris
3246 2116 3584 2197 exemplum,

1996 2217 2087 2285 qui
2117 2216 2222 2272 hoc
2250 2232 2349 2272 nos
2376 2216 2428 2270 in
2456 2218 2972 2273 commemoratione
2994 2216 3183 2273 mortis
3212 2216 3331 2287 ejus
3359 2232 3587 2287 poscere

1998 2306 2199 2371 voluit,
2222 2306 2365 2377 quod
2388 2306 2543 2362 nobis
2557 2306 2891 2377 ipse,.verus
2921 2305 3187 2372 Pontifex,
3218 2308 3376 2361 morti
3404 2307 3586 2377 proxi-

1996 2413 2116 2452 mus
2141 2397 2449 2467 postulavit,
2477 2398 2619 2452 inter
2644 2398 2747 2451 alia
2774 2397 2958 2453 dicens
2981 2416 2994 2450 :
3020 2396 3182 2451 Pater
3208 2407 3407 2463 sancte,
3441 2415 3611 2454 serra

1995 2505 2081 2544 eos
2109 2491 2163 2543 in
2193 2490 2403 2544 nomine
2432 2501 2666 2560 tuoquos
2693 2489 2881 2543 dedisti
2902 2488 3048 2551 milii,
3073 2495 3127 2540 ut
3155 2488 3260 2540 sint
3279 2504 3438 2541 unum
3458 2489 3588 2541 sicut
3632 2518 3637 2523 ι

1994 2589 2044 2636 et
2073 2598 2168 2636 nos
2195 2580 2375 2653 (Joan.
2406 2597 2539 2648 xm,
2572 2580 2690 2647 ll);
2733 2588 2789 2635 et
2824 2579 2986 2649 paulo
3016 2588 3172 2649 post:
3210 2577 3334 2633 Non
3375 2597 3470 2651 pro
3509 2581 3587 2634 Itis
3618 2622 3621 2623 ν

1994 2683 2162 2727 autem
2192 2690 2316 2743 rogo
2339 2680 2561 2738 tantum,
2585 2671 2676 2725 sed
2699 2681 2749 2725 et
2769 2689 2861 2742 pro
2884 2672 2956 2725 eis
2978 2670 3064 2743 qui
3091 2670 3340 2725 credituri
3357 2681 3477 2725 sunt
3498 2689 3597 2744 per.

1995 2762 2199 2817 verbum
2244 2778 2422 2817 eorum
2446 2762 2502 2817 in
2547 2779 2661 2827 me;
2705 2772 2761 2815 ut
2794 2779 2972 2817 omnes
2999 2746 3157 2816 unum
3194 2763 3317 2826 sint,
3359 2764 3489 2817 sicut
3534 2771 3589 2816 tu

2003 2855 2163 2909 Pater
2191 2856 2245 2909 in
2267 2873 2365 2920 me,
2396 2866 2447 2909 et
2473 2872 2567 2927 ego
2594 2856 2646 2909 in
2667 2866 2736 2920 te,
2762 2865 2817 2908 ut
2837 2866 2887 2909 et
2914 2855 3018 2925 ipsi
3042 2857 3095 2909 in
3117 2855 3267 2910 nobis
3284 2872 3443 2909 unum
3461 2856 3593 2918 sint,
3610 2907 3625 2914 ,

1995 2952 2045 2998 et
2074 2946 2294 3000 mundus
2323 2945 2500 2999 credat
2528 2947 2646 3017 quia
2672 2954 2744 2998 ‘tu
2784 2963 2864 2999 me
2908 2946 3113 3000 misisti.
3147 2944 3213 2999 Et
3241 2963 3334 3017 ego
3374 2947 3589 3000 clarita-

1998 3045 2117 3103 tem,
2156 3053 2310 3108 quam
2341 3038 2466 3091 mihi
2489 3037 2693 3100 dedisti,
2720 3037 2839 3090 dedi
2861 3037 2955 3099 eis,
2986 3046 3041 3090 ut
3071 3038 3177 3097 sint
3204 3055 3361 3095 unum
3384 3039 3516 3093 sicut
3541 3048 3595 3092 et

1997 3144 2091 3182 nos
2112 3142 2272 3180 unum
2294 3143 2490 3181 sumus.
2523 3125 2637 3197 Ego
2666 3127 2719 3180 in
2740 3128 2833 3189 eis,
2864 3136 2914 3180 et
2944 3136 2995 3180 tu
3021 3129 3077 3182 in
3105 3145 3203 3194 me,
3249 3138 3306 3182 ut
3332 3129 3437 3183 sint
3461 3112 3590 3184 con-

1997 3218 2239 3271 summati
2268 3219 2323 3271 in
2352 3233 2508 3270 unum
2539 3214 2729 3282 (Ibid,
2756 3216 2826 3271 20
2854 3226 2905 3271 et
2923 3219 3080 3290 seq.).
3124 3218 3239 3275 Hoc
3277 3234 3408 3290 ergo
3437 3222 3591 3277 nobis
3624 3264 3628 3266 γ

307 3313 424 3365 Hoc
443 3321 519 3366 est
539 3328 731 3378 corpus
747 3329 912 3366 meum
934 3313 1071 3385 quod
1095 3331 1191 3384 pro
1230 3312 1368 3368 vobis
1398 3315 1653 3381 tradetur;
1693 3317 1790 3372 hoc
1816 3320 1897 3389 fa—
1923 3321 1968 3385 ς
2000 3313 2294 3384 poscimus,
2318 3327 2438 3366 cum
2470 3326 2669 3381 corpus
2708 3319 2764 3366 et
2806 3313 3122 3382 sanguinem
3165 3312 3364 3368 Christi
3404 3313 3590 3370 oll‘eri-
3623 3353 3631 3359 ο

301 3406 405 3457 cite
432 3404 486 3456 in
527 3419 693 3457 meam
719 3404 1274 3458 commemorationem.
1305 3404 1560 3461 Similiter
1594 3417 1644 3460 et
1682 3408 1895 3462 calicem

302 3505 574 3565 postquam
603 3496 836 3559 cenavit,
860 3494 1065 3549 dicens:
1098 3494 1202 3549 llic
1226 3495 1366 3550 culis:
1385 3514 1566 3551 novum
1593 3496 1895 3553 Testamen-

304 3597 410 3641 tum
433 3596 508 3643 est
538 3588 590 3641 in
612 3605 727 3641 meo
750 3588 1021 3659 sanguine;
1062 3588 1157 3641 hoc
1180 3588 1357 3660 facile,
1381 3592 1773 3663 quotiescunque
1814 3592 1895 3646 bi-

302 3678 453 3742 betis,
483 3680 537 3733 in
562 3696 724 3733 meam
748 3680 1301 3734 commemorationem.
1329 3678 1735 3755 Quotiescunque
1760 3685 1897 3738 enim

304 3770 688 3826 manducabitis
716 3789 901 3843 panem
929 3773 1086 3839 hunc,
1118 3782 1167 3827 et
1195 3774 1410 3828 calicem
1452 3773 1649 3841 bibatis,
1678 3785 1897 3830 mortem

306 3863 522 3918 Domini
538 3860 910 3919 annuntiubitis
931 3865 1093 3920 donec
1108 3866 1277 3920 veniat
1293 3866 1347 3937 (I
1360 3865 1479 3922 Cor.
1507 3884 1562 3934 ιι,
1576 3866 1646 3921 '25
1669 3876 1719 3921 et
1738 3868 1892 3940 θέᾳ).

304 3954 431 4009 Ideo
462 3954 623 4022 igitur
674 3954 991 4011 sacrificium
1028 3957 1268 4024 offertur,
1294 3965 1354 4012 ut
1381 3974 1528 4015 mors
1554 3958 1770 4015 Domini
1797 3975 1897 4014 an-

308 4044 608 4111 nuntietur,
639 4054 694 4101 et
715 4045 832 4115 ejus
862 4045 955 4101 ﬁat
980 4048 1450 4124 commemoratio,
1474 4048 1565 4118 qui
1611 4065 1711 4119 pro
1740 4049 1897 4105 nobis

304 4130 489 4206 posuit
516 4136 749 4189 animam
798 4152 970 4194 suam.
1001 4138 1119 4209 lpse
1147 4147 1326 4194 autem
1376 4140 1488 4193 ait:
1515 4123 1771 4212 Hajorem
1802 4141 1898 4197 hac

307 4223 636 4279 dilectionem
666 4243 814 4280 nemo
856 4226 1026 4296 habet,
1059 4246 1212 4300 quam
1256 4238 1311 4283 ut
1341 4230 1568 4284 animum
1595 4232 1710 4302 quis
1738 4239 1899 4302 ponat

307 4332 400 4385 pro
420 4314 604 4370 amicis
627 4316 737 4370 suis
766 4316 944 4386 (Joan.
975 4335 1063 4382 xv,
1110 4319 1222 4389 15).
1259 4319 1524 4387 Quoniam
1566 4334 1696 4389 ergo
1740 4319 1897 4375 Chri—

307 4416 422 4481 stus
443 4422 546 4477 pro
585 4408 741 4462 nobis
783 4410 1007 4464 caritate
1053 4419 1299 4466 mortuus
1345 4418 1451 4478 est,
1482 4427 1606 4466 cum
1656 4420 1899 4481 tempore

309 4496 560 4563 sacrificii
588 4500 1162 4555 commemorationem
1187 4500 1378 4556 mortis
1399 4501 1517 4570 ejus
1547 4500 1770 4557 facimus
1800 4501 1894 4571 (al.

306 4590 613 4662 faciamus),
644 4594 925 4648 caritatem
955 4592 1114 4648 nobis
1135 4593 1293 4648 tribui
1317 4608 1415 4664 per
1450 4595 1737 4649 adventum
1774 4607 1898 4648 san-

1999 3417 2140 3468 mus,
2165 3401 2310 3469 quod
2338 3402 2494 3457 nobis
2521 3401 2788 3472 poposcit,
2819 3403 3037 3472 quando
3068 3419 3127 3458 se
3177 3420 3277 3474 pro
3307 3396 3467 3461 nobis
3516 3406 3590 3460 of.
3618 3444 3633 3451 -

1997 3497 2140 3552 ferre
2152 3497 2399 3566 dignatus
2419 3505 2503 3552 est
2521 3496 2782 3553 Christus.
2809 3498 2941 3554 Nam
2972 3515 3194 3556 recense
3217 3499 3586 3572 Evangelium,
3617 3554 3625 3567 ,

1997 3594 2054 3640 et
2081 3587 2322 3642 invenies
2350 3587 2525 3657 ipsum
2564 3587 2974 3660 Redemptorem
3015 3600 3259 3647 nostrum
3307 3592 3409 3648 ista
3459 3610 3586 3651 ora-

2000 3677 2147 3732 tione
2176 3678 2444 3748 completa
2476 3679 2774 3749 ingressum
2817 3681 2870 3736 in
2923 3681 3158 3751 hortum,
3186 3691 3235 3739 et
3286 3685 3469 3741 statim
3495 3685 3588 3743 Ju-

2000 3767 2239 3825 daeorum
2267 3771 2518 3827 manibus
2546 3773 3016 3843 comprehensum.
3042 3774 3297 3832 Attamen
3320 3786 3444 3849 post
3475 3795 3586 3835 coe-

1998 3878 2125 3917 nam
2151 3864 2331 3934 inqua
2370 3865 2643 3937 discipulis
2680 3879 3076 3925 sacramentum
3117 3871 3199 3926 sui
3240 3873 3485 3944 corporis
3527 3883 3614 3929 et:

2000 3958 2276 4028 sanguinis
2305 3959 2471 4027 dedit,
2506 3959 2665 4017 istam
2704 3976 2803 4032 pro
2847 3963 2958 4018 suis
2996 3962 3243 4021 ﬁdelibus
3281 3966 3615 4031 orationem:

2001 4050 2250 4107 Salvator
2294 4051 2519 4108 cll‘udit:
2570 4054 2882 4124 ostendens,
2907 4056 3021 4112 hoc.
3041 4073 3141 4113 nos
3175 4058 3409 4115 maxime
3449 4067 3588 4117 tem-

2000 4163 2134 4217 pore
2180 4146 2432 4202 sacriﬁcii
2463 4163 2622 4204 orare
2662 4149 2882 4216 debere,
2916 4153 3061 4221 quod
3088 4151 3204 4222 ipse
3251 4151 3618 4215 sacriﬁcandi.

2000 4241 2239 4311 regulam
2262 4242 2616 4309 constituens,
2664 4243 2916 4312 dignatus
2952 4253 3037 4300 est
3065 4261 3304 4302 summus
3341 4245 3617 4307 Pontifex.

1999 4331 2292 4400 postulare.
2339 4328 2455 4388 Hoc
2502 4342 2681 4387 autem
2737 4333 2881 4403 quod
2931 4328 3185 4404 petimus,
3234 4334 3286 4390 id
3310 4342 3394 4391 est
3435 4334 3621 4399 utin

2000 4421 2161 4478 Patre
2190 4431 2247 4478 et
2277 4421 2414 4479 Filio
2444 4440 2606 4479 unum
2635 4425 2822 4488 simus,
2849 4440 2948 4495 per
2976 4427 3235 4480 unitatem
3266 4427 3452 4496 gratia:
3477 4428 3589 4495 spi—

1999 4513 2171 4569 ritalis
2181 4514 2474 4586 accipimus
2495 4558 2510 4583 ,
2533 4531 2690 4585 quam
2710 4532 2740 4570 a
2758 4517 2913 4572 nobis
2926 4517 3155 4573 sollicite
3170 4518 3373 4573 servari
3395 4518 3589 4579 beatus

2000 4604 2290 4675 Apostolus
2318 4604 2580 4674 prmcipit,
2606 4604 2823 4661 dicens:
2875 4606 3251 4677 Supportantes
3288 4608 3503 4663 invicem
3531 4609 3587 4663 in

304 4686 377 4740 cti
403 4684 640 4754 Spiritus
664 4685 999 4753 postulamus
1037 4702 1050 4738 :
1100 4685 1206 4740 hoc
1230 4684 1547 4755 suppliciter
1585 4693 1891 4753 exat-anteit,
1925 4695 1975 4754 D
1999 4697 2237 4761 caritate,
2279 4695 2492 4749 solliciti
2534 4712 2739 4750 servare
2785 4699 3037 4753 unitatem
3065 4700 3359 4770 spiritusin
3389 4701 3595 4756 vinculo

306 4784 367 4829 ut
389 4791 491 4846 per
521 4775 691 4844 ipsam
721 4775 1002 4830 caritatem
1029 4789 1135 4845 qua
1175 4789 1272 4845 pro
1302 4774 1458 4830 nobis
1486 4773 1733 4832 Christus
1777 4790 1900 4832 cru-

306 4867 449 4937 ciﬁgi
481 4866 732 4936 dignatus
751 4874 853 4933 est,
888 4882 987 4921 nos
1014 4880 1231 4936 quoque
1259 4866 1432 4935 gratia
1469 4866 1639 4923 sancti
1666 4865 1900 4937 Spiritus

308 4965 560 5028 accepta,
593 4957 851 5012 mundum
882 4958 1196 5014 cruciﬁxum
1227 4959 1447 5025 habere,
1476 4966 1533 5014 et
1556 4958 1760 5014 mundo
1776 4974 1897 5014 cru-

308 5047 452 5118 ciﬁgi
479 5048 775 5117 possimus:
803 5047 1181 5118 imitantesque
1208 5048 1419 5105 Domini
1450 5050 1621 5105 nostri
1647 5058 1898 5116 mortem,

308 5140 449 5195 sicut
477 5138 725 5217 Christus
743 5139 882 5212 quod
921 5148 1151 5194 mortuus
1190 5148 1269 5195 est
1294 5148 1526 5212 peccato,
1565 5151 1796 5196 mortuus
1821 5150 1909 5197 est.

309 5232 497 5297 semel;
519 5231 655 5305 quod
674 5241 846 5303 autem
871 5233 1016 5301 vicit,
1032 5234 1149 5287 vivit
1176 5231 1485 5305 Deo(Rom.
1502 5250 1572 5298 vt,
1600 5233 1710 5303 l0),
1736 5235 1897 5292 etiam

311 5338 410 5378 nos
440 5323 497 5376 in
536 5324 780 5379 novitate
808 5323 931 5378 vita:
959 5322 1294 5381 ambulemus
1338 5323 1408 5392 (υ.
1440 5324 1526 5395 l);
1575 5332 1631 5380 et
1677 5338 1899 5381 munere

312 5414 553 5473 caritatis
580 5423 826 5485 accepto,
852 5415 1144 5469 moriamur
1172 5424 1423 5485 peccato,
1444 5424 1500 5491 et
1516 5417 1758 5473 vivamus
1785 5419 1913 5474 Deo-

311 5503 385 5574 (u.
410 5502 521 5573 ll).
546 5504 751 5559 Caritas
768 5507 908 5560 enim
930 5504 1023 5559 Dei
1044 5506 1238 5574 Δίπαια
1250 5514 1337 5563 .est
1365 5507 1420 5560 in
1447 5506 1687 5562 cordibus
1706 5513 1910 5565 nostris.

309 5610 403 5664 per
422 5594 681 5668 Spiritum
702 5606 958 5662 sanctum,
985 5600 1070 5669 qui
1094 5597 1246 5652 datus
1275 5597 1514 5654 estnobis
1540 5598 1714 5670 (Rom.
1733 5617 1784 5664 v,
1812 5600 1890 5673 5).

310 5685 444 5743 Nam
476 5696 533 5759 et
578 5688 693 5759 ipsa
732 5677 1075 5759 participatio
1104 5690 1347 5759 corporis
1384 5699 1442 5753 et
1485 5692 1762 5760 sanguinis
1789 5693 1911 5749 Do-.

311 5780 465 5849 mini,
488 5795 612 5836 cum
638 5780 757 5850 ejus
783 5796 976 5850 panem
1006 5781 1405 5847 manducamus,
1437 5790 1492 5837 et
1535 5781 1755 5839 calicem
1809 5784 1890 5841 ωε

312 5869 519 5937 bimus,
577 5870 683 5927 hoc
738 5872 921 5940 tuique
965 5872 1120 5927 nobis
1167 5871 1433 5937 insinuat,
1494 5880 1551 5926 ut
1603 5873 1895 5930 moriamur

314 5961 532 6029 mundo,
569 5948 625 6017 et
672 5961 836 6018 vitam
888 5970 1124 6019 nostram
1175 5962 1542 6019 absconditam
1600 5962 1915 6020 habeamus

2004 4784 2170 4852 pacis.
2199 4781 2440 4839 Petimus
2460 4788 2671 4853 ergout
2700 4785 2935 4856 Spiritus
2981 4797 3201 4847 sanctus
3226 4791 3424 4856 veniat,
3480 4807 3588 4846 non

2005 4872 2297 4928 secundum
2324 4873 2681 4930 substantiam
2723 4877 2997 4933 immensa:
3022 4879 3335 4943 divinitatis,
3381 4881 3475 4936 sed
3503 4898 3590 4935 se-

2003 4961 2235 5016 cundum
2267 4962 2464 5017 donum
2496 4964 2781 5020 individuze
2822 4968 3083 5022 caritatis.
3121 4969 3252 5025 Nam
3295 4971 3338 5026 si
3369 4970 3435 5026 de
3464 4971 3587 5026 loco

2004 5052 2070 5107 ad
2098 5052 2281 5108 locum
2303 5054 2580 5110 existimas
2610 5056 2791 5112 venire
2819 5055 3076 5126 Spiritum
3105 5070 3373 5124 sanctum,
3392 5076 3605 5115 cause--

2003 5158 2173 5213 quens
2198 5152 2291 5201 est.
2323 5153 2380 5199 ut
2407 5144 2569 5200 etiam
2600 5144 2774 5201 Patris
2802 5156 2857 5201 et
2900 5147 3020 5202 Filii
3048 5148 3116 5203 de
3146 5149 3265 5204 loco
3294 5150 3363 5203 ad
3406 5151 3588 5205 locum

2001 5234 2218 5294 fatearis
2244 5236 2554 5292 adventum.
2587 5236 2677 5293 Ait
2703 5238 2849 5293 enim
2873 5239 2967 5293 Dei
2997 5240 3164 5294 Filius
3186 5258 3202 5295 :
3224 5241 3293 5296 ‘Si
3318 5242 3588 5312 σκίδνάὶιὶ-

1999 5328 2075 5398 git
2100 5344 2202 5393 me,
2227 5343 2512 5382 sermonem
2533 5344 2701 5382 meum
2727 5328 2971 5397 servabit,
3004 5338 3053 5383 et
3084 5328 3251 5384 Pater
3276 5342 3419 5383 meus
3459 5330 3586 5384 (ἤιξε

1998 5430 2083 5491 get
2107 5436 2244 5483 eum,
2275 5430 2324 5475 et
2346 5421 2414 5474 ad
2439 5436 2553 5475 eum
2582 5421 2857 5488 veniemus,
2885 5434 2936 5477 et
2961 5425 3284 5479 mansionem
3313 5424 3450 5493 apud
3469 5422 3612 5478 eum-

2001 5512 2251 5581 faciemus
2280 5509 2459 5581 (Joan.
2492 5526 2599 5577 xw,
2630 5511 2746 5581 25).
2783 5512 3015 5569 Venitmt
3042 5515 3225 5582 itaque
3243 5511 3406 5569 Pater
3424 5522 3481 5568 et
3503 5514 3589 5569 Fia-

2000 5599 2105 5655 lius
2140 5602 2213 5655 ad
2236 5600 2552 5659 dilectorem
2598 5616 2775 5666 suum,
2807 5602 2898 5672 qui
2921 5610 3108 5658 tamen
3151 5618 3258 5657 lion
3291 5601 3586 5671 diliguntur

2000 5694 2105 5751 nisi
2133 5692 2203 5747 ab
2229 5708 2295 5748 eo
2320 5692 2374 5747 in
2395 5707 2505 5760 quo
2526 5692 2772 5749 habitare
2796 5695 3100 5762 dignantur.
3132 5694 3277 5749 Deus
3310 5695 3457 5751 enim
3487 5712 3577 5752 cs.

2001 5782 2128 5836 ritas
2147 5791 2226 5836 est
2253 5780 2307 5852 (1
2332 5781 2489 5836 Joan.
2528 5799 2597 5847 tv,
2628 5782 2685 5853 8)
2713 5801 2724 5837 :
2755 5785 2897 5841 Deus
2936 5794 3113 5841 autem
3141 5787 3371 5843 caritate
3406 5787 3582 5855 diligi:

2002 5882 2123 5927 tur:
2168 5882 2294 5929 tunc
2341 5887 2470 5941 ergo
2512 5874 2653 5929 Deus
2693 5876 2929 5947 diligitur
2964 5895 3088 5934 cum
3136 5879 3382 5936 habetur.
3428 5879 3579 5955 Siet;

2002 5965 2142 6021 enim
2167 5965 2371 6035 oculus,
2402 5965 2500 6021 nisi
2532 5966 2707 6026 lucem
2738 5971 3026 6041 acceperit,
3060 5971 3232 6042 ipsam
3281 5972 3452 6028 lucem
3480 5984 3574 6043 pe-
