4090 6342
528 404 620 460 79!

1562 411 1619 465 s.
1662 408 2022 466 FULGENTII
2050 405 2367 464 «EPISCOPI
2409 362 2775 464 suspensus

3688 394 3792 456 7941

528 519 671 571 nitus
700 535 808 573 non
839 519 1070 585 videbit;
1103 521 1175 575 ita
1225 521 1367 575 Deus
1404 530 1530 576 tunc
1554 520 1742 592 incipit
1780 522 1847 576 ab
1888 522 2106 577 homine
2134 522 2186 583 Α
2210 520 2440 591 Spiritus
2465 520 2636 575 sancti
2665 523 3059 588 cognoscantur
3082 516 3201 585 ejus
3219 532 3436 571 nomine
3463 527 3793 587 nuncupata.

525 609 697 680 diligi,
724 628 845 667 cum
875 612 1039 668 homo
1076 614 1304 684 cmperit
1344 630 1374 669 a
1418 614 1646 669 Domino
1680 616 1902 670 visitari.
1961 616 2107 682 Quo-

524 702 689 757 modo
715 719 845 773 ergo
875 705 942 759 ad
966 706 1283 763 dilectorem
1311 725 1465 764 suum
1495 710 1718 765 veniunt
1745 708 1907 767 Pater
1936 719 1992 766 et
2011 710 2105 765 Fi-

526 791 648 854 lius,
682 809 839 863 aquo
885 794 1030 865 diligi
1068 813 1177 853 non
1212 798 1375 871 620
1405 808 1648 870 possent,
1692 803 1735 857 si
1784 802 1835 855 in
1884 817 1951 857 eo
1997 818 2105 856 non

524 890 736 945 essent;
760 883 859 940 nisi
881 886 1005 954 quia
1032 885 1195 956 digne
1212 889 1396 945 venire
1424 887 1703 958 dicuntur,
1730 907 1849 945 cum
1878 892 2103 960 gratiam

527 986 685 1040 quam
712 972 938 1039 donant,
981 975 1317 1033 incremento
1353 960 1626 1049 profectus
1673 980 1909 1034 melioris
1956 996 2106 1034 accu~

521 1060 765 1114 mulam?
796 1061 1028 1118 Veniunt
1063 1078 1193 1134 ergo
1222 1066 1287 1121 ad
1315 1067 1632 1123 dilectorem
1671 1084 1846 1130 suum,
1880 1086 1990 1123 non
2016 1085 2106 1124 ac-

520 1150 765 1207 cedendo
795 1153 864 1208 ad
893 1154 1166 1212 hominem
1191 1158 1241 1211 in
1272 1174 1378 1227 quo
1395 1158 1505 1227 jam
1534 1167 1709 1225 erant,
1739 1160 1832 1213 sed
1860 1160 2103 1230 augendo

518 1242 576 1300 in
596 1241 816 1299 homine
844 1244 984 1300 dona
1013 1262 1108 1302 sua
1133 1264 1252 1319 qua:
1270 1248 1553 1304 dederant.
1586 1249 1675 1303 Sic
1702 1258 1758 1304 et
1777 1249 2005 1321 Spiritus
2023 1251 2104 1304 di-

516 1333 655 1387 citur
681 1334 881 1397 venire,
905 1334 1031 1390 dum
1053 1352 1084 1390 a
1113 1337 1357 1393 ﬁdelibus
1379 1340 1638 1408 poscitur,
1668 1339 1883 1410 quando
1905 1340 2103 1395 donum

517 1425 761 1480 caritatis
806 1436 861 1481 et
907 1429 1298 1499 unanimitatis,
1341 1432 1425 1487 vel
1459 1432 1724 1496 conferre,
1778 1434 1862 1487 vel
1907 1449 2104 1502 augere

516 1515 786 1585 dignatur.
820 1517 875 1571 In
905 1534 1015 1589 quo
1043 1536 1264 1576 munere
1292 1523 1580 1593 pnecipue,
1612 1531 1685 1585 et,
1718 1532 1775 1577 ut
1805 1524 1875 1577 ita
1904 1523 2098 1587 dicam,

517 1609 732 1679 proprie
753 1612 1096 1679 cognoscitur
1115 1612 1340 1683 Spiritus
1364 1622 1598 1670 sanctus.
1630 1612 1809 1669 Potest
1836 1614 1976 1669 enim
1999 1614 2103 1668 alia

517 1700 769 1769 qua-libet
799 1717 895 1772 per
917 1704 1364 1774 omnipotentiam
1392 1704 1618 1769 donare,
1645 1714 1699 1759 et
1724 1706 1837 1776 ipse
1865 1722 1962 1778 per
1982 1722 2102 1776 gra-

517 1789 647 1843 tiam
676 1806 780 1844 uon
803 1791 992 1847 adesse
1012 1808 1099 1848 :se
1121 1801 1299 1849 autem
1326 1795 1497 1864 ipsum
1523 1795 1853 1875 demonstrat
1869 1811 1965 1866 per
1987 1811 2104 1865 gron

2208 611 2460 681 Legimus
2486 611 2629 665 enim
2660 609 2911 678 quoniam
2938 622 3060 662 cum
3089 616 3231 662 esset
3253 616 3473 663 sanctus
3501 603 3687 663 Helias
3720 608 3796 660 le~

2206 703 2411 757 vandus
2441 702 2493 756 in
2522 701 2741 762 coelum,
2766 699 2899 755 dixit
2920 697 3150 753 Helisaao
3168 705 3226 752 ut
3246 698 3391 768 quod
3418 697 3577 752 vellet
3604 707 3794 768 postu—

2207 794 2362 856 laret,
2388 794 2695 863 priusquam
2748 791 3027 844 tolleretur
3077 790 3144 843 ab
3191 805 3277 844 eo.
3327 788 3584 844 Heliszeus
3610 798 3793 843 autem

2207 885 2281 939 ait
2329 902 2341 936 :
2391 883 2617 936 Obsecro
2658 890 2713 934 ut
2752 881 2845 950 ﬁat
2891 879 3080 948 duplex
3120 880 3333 949 spiritus
3363 889 3477 931 tuus
3503 876 3794 950 inme(lV

2209 972 2337 1044 Reg.
2361 989 2416 1037 ιι,
2448 972 2527 1042 9).
2561 969 2659 1025 Ubi
2690 970 2874 1038 utique
2904 968 3148 1038 spiritale
3176 968 3378 1023 donum
3406 968 3652 1023 videmus
3680 968 3797 1039 Spi-

2205 1064 2341 1119 ritus
2388 1063 2604 1116 nomine
2651 1068 3034 1129 nuucupatum.
3059 1059 3191 1113 Nam
3232 1060 3319 1113 illa
3360 1058 3592 1130 Spiritus
3617 1059 3797 1115 sancti

2205 1153 2432 1223 simplex
2480 1160 2686 1213 natura.
2720 1152 2776 1205 in
2819 1151 2993 1219 seipsa
3026 1149 3181 1221 (sicut
3205 1158 3287 1204 est
3315 1149 3469 1218 plena
3494 1164 3712 1219 semper
3741 1157 3798 1204 et

2206 1240 2652 1297 incommutabilis
2680 1240 2925 1308 manens)
2958 1254 3055 1293 nec
3080 1239 3354 1304 minuitur,
3391 1255 3489 1294 nec
3539 1248 3790 1310 augetur.

2209 1331 2387 1387 Dictus
2407 1339 2491 1386 est
2513 1329 2728 1400 quidem
2760 1329 2812 1383 in
2842 1328 2979 1383 libro
3015 1329 3306 1398 Sapientia:
3340 1346 3353 1381 :
3389 1327 3617 1399 Spiritus
3663 1347 3792 1383 san-

2207 1433 2339 1488 ctus,
2376 1425 2575 1488 unicus,
2618 1421 2888 1493 multiplex
2927 1421 3082 1492 (Sap.
3113 1438 3208 1488 vit,
3237 1419 3348 1490 2‘2).
3383 1420 3490 1476 Sed
3516 1422 3621 1477 hoc
3649 1422 3797 1491 quod

2204 1512 2482 1583 multiplex
2509 1512 2722 1577 dicitur,
2763 1527 2870 1566 non
2913 1511 2967 1565 in
3004 1511 3202 1580 seipso,
3235 1511 3329 1565 sed
3374 1512 3423 1565 in
3454 1513 3566 1566 suis
3595 1529 3794 1566 mune-

2204 1602 2351 1656 ribus
2380 1601 2666 1657 invenitur.
2693 1600 2783 1657 Sic
2808 1609 2988 1655 autem
3025 1599 3220 1655 dicitur
3242 1600 3294 1654 in
3323 1603 3593 1656 veteribus
3639 1601 3796 1658 libris

2205 1690 2480 1761 multiplex
2537 1688 2767 1760 Spiritus
2811 1688 2926 1754 Dei,
2950 1688 3086 1742 sicut
3117 1686 3167 1740 in
3197 1688 3507 1759 apostolicis
3537 1687 3798 1758 Epistolis

2204 1782 2535 1851 multiformis
2560 1782 2815 1845 sapientia
2837 1778 2935 1833 Dei
2966 1778 3182 1851 (Ep/tes.
3206 1797 3281 1844 tu,
3312 1779 3397 1847 10)
3424 1796 3579 1848 ιριιξῐξ
3612 1790 3797 1837 tamen
3842 1796 3847 1801 ‘

519 1880 648 1935 tiam
678 1892 1020 1950 ιιι-ωεεηιθηι,
1052 1885 1265 1954 quando
1310 1886 1497 1941 ιιιίιηιίι
1522 1869 1824 1942 carnalem,
1858 1886 2007 1943 unde
2054 1887 2097 1942 si
2134 1889 2178 1949 Β
2204 1888 2313 1926 non
2341 1872 2395 1926 in
2418 1872 2616 1942 seipsa,
2640 1869 2733 1926 sed
2757 1871 2807 1923 in
2829 1869 2941 1927 suis
2962 1880 3045 1925 est
3073 1871 3404 1939 largitatibus
3427 1870 3797 1928 multiformis.

514 1964 714 2036 linguis
760 1970 1038 2033 hominum
1080 1975 1362 2044 quisquam
1392 1975 1645 2045 loquatur
1679 1985 1729 2032 et
1770 1978 2101 2047 angelorum,

522 2060 804 2116 caritatem
836 2048 1013 2118 autem
1041 2080 1148 2119 non
1192 2066 1410 2129 habeat,
1452 2066 1539 2121 liet
1580 2067 1721 2121 velut
1753 2076 2104 2122 mrameutum

523 2168 747 2217 sonans,
778 2161 872 2208 aut
899 2154 1200 2226 cymbalum
1243 2157 1501 2223 tinnieus;
1532 2167 1587 2213 et
1614 2160 1658 2212 si
1700 2159 1946 2213 habuerit
1982 2176 2107 2229 pro-

522 2244 786 2314 phetiam,
814 2252 869 2300 et
889 2246 1098 2301 noverit
1125 2248 1376 2318 mysteria
1392 2249 1592 2313 omnia,
1618 2256 1673 2303 et
1696 2265 1910 2305 onmem
1934 2251 2108 2305 scien-

522 2335 686 2400 tiam;
738 2344 793 2390 et
836 2336 881 2391 si
930 2336 1181 2392 habuerit
1214 2354 1427 2395 omnem
1460 2339 1637 2406 tidem,
1686 2340 1758 2395 ita
1800 2350 1858 2395 ut
1898 2349 2109 2397 montes

524 2424 841 2488 transferat.
868 2429 1151 2484 caritatem
1191 2437 1370 2485 autem
1419 2447 1525 2487 non
1547 2432 1765 2488 habeat.
1797 2434 1947 2509 nilnil
1986 2445 2105 2497 est;

522 2525 577 2572 et
601 2517 647 2572 si
678 2518 1009 2574 distribuerit
1039 2519 1093 2574 in
1114 2519 1264 2576 cibos
1293 2536 1588 2591 pauperum
1615 2538 1804 2577 omnes
1829 2521 2108 2579 facultates

521 2623 664 2673 suas,
691 2616 746 2663 et
768 2607 1048 2665 tradiderit
1074 2625 1273 2680 corpus
1308 2626 1463 2667 suum
1494 2620 1552 2665 ut
1591 2616 1798 2679 ardeat,
1828 2614 2106 2683 caritatem

524 2706 707 2753 autem
736 2715 842 2754 non
870 2700 1090 2767 habeat,
1120 2702 1252 2757 nihil
1280 2702 1329 2756 ei
1365 2703 1585 2773 prodest
1616 2703 1666 2774 (I
1691 2702 1812 2759 Cor.
1858 2686 1971 2770 x'u,
2009 2708 2024 2759 Ι
2059 2716 2109 2760 et

520 2789 678 2860 σεεμ).
710 2789 842 2856 Quis
867 2799 1047 2844 autem
1086 2792 1172 2846 illa
1212 2793 1391 2857 omnia
1425 2802 1584 2863 neget
1611 2794 1749 2849 dona
1780 2811 1897 2851 esse
1939 2796 2107 2866 Spiri-

521 2889 608 2936 tus
632 2881 827 2946 sancti,
849 2896 968 2937 cum
991 2898 1054 2937 ca
1078 2898 1175 2953 per
1196 2884 1453 2956 Spiritum
1480 2885 1594 2939 dari
1626 2893 1852 2940 testetur
1878 2886 2106 2957 Aposto-

519 2970 641 3025 lus?
670 2970 777 3026 Sed
799 2973 930 3027 nihil
952 2974 1145 3028 horum
1177 2976 1396 3044 prodest
1424 2976 1510 3031 ubi
1536 2976 1731 3031 caritas
1753 2992 1859 3031 non
1884 2986 1986 3033 est.
2015 2978 2106 3033 Illa

519 3060 665 3115 enim
691 3061 871 3115 omnia
894 3061 987 3116 dat
1014 3061 1249 3132 Spiritus
1277 3073 1518 3130 sanctus,
1544 3066 1706 3125 etiam
1752 3066 1853 3122 illis
1892 3067 1943 3121 in
1985 3068 2102 3138 qui-

519 3152 621 3207 bus
650 3152 766 3223 ipse
796 3168 901 3208 nou
932 3153 1168 3221 habitat;
1198 3156 1266 3210 ab
1288 3156 1391 3209 illis
1408 3167 1586 3210 autem
1610 3157 1801 3225 quibus
1829 3159 2105 3213 caritatem

520 3244 708 3299 tribuit
728 3260 834 3300 non
859 3245 1083 3300 recedit.
1114 3246 1308 3302 Sancta
1341 3261 1470 3316 ergo
1497 3242 1753 3314 Ecclesia,
1784 3250 1907 3305 dum
1939 3252 1990 3306 in
2022 3267 2104 3306 sa-
2133 3263 2178 3324 ο

519 3333 725 3389 criﬁcio
754 3335 1000 3405 corporis
1027 3345 1081 3391 et
1104 3337 1378 3406 sanguinis
1404 3337 1625 3405 Christi,
1658 3341 1795 3394 mitti
1839 3342 1936 3396 sibi
1976 3357 2101 3411 pre-

519 3433 674 3480 catur
699 3424 958 3499 Spiritum
980 3437 1252 3493 sanctum,
1281 3428 1479 3485 donum
1528 3430 1764 3501 postulat
1808 3432 1992 3501 utique
2021 3448 2106 3488 ca-

454 3560 461 3573 .
518 3517 718 3586 ritatis,
734 3532 842 3587 quo
863 3533 1082 3573 servare
1103 3519 1271 3591 possit
1302 3519 1559 3574 unitatem
1575 3520 1794 3590 spiritus
1817 3521 1868 3574 in
1889 3521 2103 3577 vinculo

518 3608 669 3677 pacis
699 3606 914 3680 (Ephes.
942 3625 1015 3675 tv,
1042 3608 1129 3679 5):
1159 3619 1208 3665 et
1239 3610 1364 3681 quia
1386 3610 1643 3680 scriptum
1673 3618 1787 3666 est:
1826 3610 2008 3665 Valida
2027 3622 2105 3666 est

524 3700 657 3753 sicut
678 3716 817 3753 mors
843 3700 1049 3758 dilectio
1081 3699 1257 3769 (Cant.
1291 3718 1403 3767 vm,
1436 3701 1514 3773 6),
1546 3701 1611 3756 ad
1639 3701 2103 3758 mortiﬁcationem

518 3794 884 3849 membrorum
909 3809 1030 3864 qum
1072 3803 1198 3849 sunt
1239 3809 1403 3865 super
1433 3802 1653 3863 terram,
1695 3794 1837 3848 illam
1866 3795 2106 3866 postulat

519 3886 823 3948 caritatem,
866 3903 961 3958 per
992 3903 1152 3958 quam
1186 3904 1283 3958 pro
1322 3904 1382 3944 se
1424 3889 1591 3958 gratis
1630 3897 1901 3943 mortuum
1948 3906 2101 3944 suum

519 3980 763 4036 meminit
790 3980 1226 4051 Redemptorem.
1253 3978 1561 4036 Sanctiﬁcat
1582 3982 1762 4051 itaque
1783 3980 2102 4037 sacrificium

518 4070 774 4126 Ecclesia:
800 4072 1080 4127 catholica:
1123 4071 1353 4141 Spiritus
1381 4081 1632 4127 sanctus:
1669 4081 1720 4127 et
1751 4071 1871 4127 idco
1908 4072 1962 4127 in
2003 4072 2104 4127 tile

520 4169 579 4216 et
602 4161 828 4216 caritate
855 4160 1082 4232 populus
1104 4172 1383 4232 permanet
1406 4163 1759 4228 Christianus,
1785 4163 1910 4218 dum
1942 4179 2105 4218 unus-

520 4250 749 4320 quisque
797 4249 1055 4319 ﬁdelium,
1084 4267 1181 4321 per
1222 4250 1421 4306 donum
1460 4252 1633 4306 sancti
1684 4251 1934 4322 Spiritus,
1986 4251 2106 4306 idco

520 4341 680 4413 digne
701 4357 896 4413 corpus
916 4350 972 4398 et
991 4334 1307 4414 sanguinem
1335 4343 1544 4398 Domini
1568 4344 1851 4399 manducat
1873 4353 1926 4399 et
1953 4343 2104 4410 bibit,

520 4437 648 4507 quia
676 4444 729 4492 et
750 4446 953 4492 rectam
983 4445 1130 4493 tenet
1157 4437 1225 4493 de
1256 4438 1365 4491 Deo
1413 4454 1508 4493 suo
1547 4435 1726 4502 fidem,
1758 4446 1812 4491 et
1857 4437 1995 4492 bene
2037 4437 2109 4490 vi-

521 4525 697 4583 vendo
723 4542 829 4582 non
855 4525 1055 4583 deserit
1088 4527 1438 4583 ecclesiastici
1469 4527 1713 4597 corporis
1735 4527 2012 4581 unitatem.

869 4619 1026 4690 621
1057 4616 1526 4672 FRAGMENTUM
1568 4616 1751 4672 XXIX.

525 4707 591 4764 In
616 4710 1155 4780 fontisibenedictioue
1181 4727 1271 4762 cur
1294 4709 1577 4773 rostuletur
1607 4709 1831 4780 Spiritus
1860 4719 2089 4780 sanctus.

645 4780 733 4833 uid
778 4779 947 4835 Helia:
990 4781 1202 4849 spiri'us
1248 4779 1616 4849 duplex;quid
1652 4779 1871 4846 spiritus
1922 4779 2095 4831 multi-

593 4850 901 4921 plex;_quid
920 4852 980 4921 in
994 4849 1312 4921 Apocalypsi
1351 4858 1542 4917 septem
1571 4849 1782 4921 spiritus
1800 4858 1921 4921 ante
1949 4849 2094 4921 thro-

595 4916 717 4973 imm
755 4916 868 4990 Qui.
906 4916 1134 4990 Spiritus
1164 4916 1377 4990 sanctus
1400 4916 1474 4971 est
1503 4918 1706 4990 arbitrii
1730 4919 1832 4971 sui.
1866 4916 2095 4990 Quids‘it

596 4991 732 5042 mitti
758 4985 1009 5042 Filium'a
1040 4987 1218 5058 Putre,
1258 4989 1381 5058 quid
1405 4988 1537 5040 mitti
1583 5004 1615 5040 a
1665 4986 1821 5040 Patre
1857 4996 1905 5041 et
1953 4985 2096 5058 Filio

596 5060 849 5128 Spiritum
875 5069 1125 5111 sanctum.
1164 5056 1328 5109 Filius
1350 5067 1405 5109 ut
1430 5058 1596 5121 homo,
1630 5058 1816 5110 missus
1839 5065 1913 5109 est
1934 5074 1965 5109 a
2001 5056 2098 5108 1ἰι-

599 5139 676 5183 tre
703 5134 752 5182 et
780 5147 812 5181 tt
842 5128 1042 5199 Spiritu
1071 5138 1269 5180 sancto.

596 5219 664 5274 Et
691 5219 744 5273 in
774 5217 938 5273 fontis
965 5219 1146 5287 itaque
1178 5218 1549 5273 benedictione
1575 5232 1682 5271 non
1720 5218 1800 5272 sic
1834 5216 1975 5271 mitti
2005 5232 2100 5285 pe-

524 5313 687 5367 timus
706 5309 960 5380 Spiritum
988 5317 1250 5371 sanctum,
1287 5318 1538 5379 tanquam
1570 5308 1795 5364 localem
1851 5307 1967 5376 ejus
2006 5324 2105 5377 po-

525 5418 742 5458 scamus
765 5403 1085 5469 adventum;
1107 5402 1201 5459 sed
1228 5402 1281 5457 in
1307 5403 1417 5457 Deo
1449 5400 1607 5456 Patre
1633 5398 1867 5456 scientes
1879 5399 2109 5469 Spiritus

526 5494 697 5548 sancti
726 5494 1042 5549 naturaliter
1085 5507 1205 5549 esse
1247 5493 1526 5561 originem,
1555 5491 1622 5546 ab
1664 5491 1781 5560 ipso
1810 5490 1921 5545 Deo
1949 5489 2107 5545 Patre

528 5583 781 5653 spiritalis
801 5582 927 5641 doni
949 5584 1215 5654 poscimus
1242 5583 1566 5651 largitatem.
1594 5580 1808 5635 nomine
1833 5578 1950 5647 ejus
1974 5595 2110 5634 nun-

529 5682 788 5744 cupantes
804 5676 943 5730 dona
971 5674 1123 5745 ejus;
1153 5675 1296 5745 quod
1323 5690 1425 5729 nou
1454 5674 1571 5728 sine
1596 5679 1795 5728 sanctre
1822 5670 2109 5741 Scriptum

532 5766 851 5820 auctoritate
888 5766 1128 5822 facimus.
1155 5766 1293 5822 Sunt
1325 5767 1466 5819 etiim
1512 5766 1703 5818 horum
1726 5762 2109 5817 vocabulorum

535 5857 764 5931 plurima
792 5858 842 5911 iu
872 5857 1142 5912 canonicis
1172 5855 1319 5911 libris
1347 5855 1588 5925 exempla
1608 5896 1621 5921 ,
1652 5854 1703 5908 in
1752 5853 1944 5923 quibus
1971 5852 2111 5908 dona

2135 4634 2187 4692 D

2205 1958 2359 2025 Quod
2408 1958 2833 2013 manifestissime
2880 1959 3067 2013 beatus
3116 1956 3309 2013 Petrus
3336 1961 3644 2024 ostendens,
3680 1964 3797 2016 ait:

2211 2047 2569 2120 Unusquisque
2612 2050 2810 2116 qualem
2863 2049 3059 2116 accepit
3098 2050 3348 2120 gratiam,
3375 2051 3508 2104 inter
3551 2069 3641 2105 ros
3679 2071 3801 2108 eam

2208 2141 2575 2199 ministrantes,
2606 2139 2738 2191 sicut
2765 2138 2881 2190 boni
2904 2138 3286 2207 dispensatores
3314 2139 3647 2211 multiformis
3671 2160 3798 2212 gra-

2210 2233 2294 2285 tia?
2320 2229 2412 2283 Dei
2445 2230 2494 2299 (Ι
2529 2231 2666 2283 Petr.
2703 2228 2772 2294 tv,
2806 2229 2913 2299 10).
2950 2228 3061 2284 Una
3116 2239 3199 2285 est
3245 2230 3428 2300 itaque
3457 2232 3802 2302 simplexque

2208 2330 2397 2374 natura
2456 2318 2627 2374 Patris
2668 2328 2720 2374 et
2757 2318 2875 2372 Filii
2918 2326 2972 2373 et
3019 2317 3248 2389 Spiritus
3273 2321 3472 2384 sancti;
3500 2323 3800 2378 secundum

2207 2425 2369 2480 quam
2402 2420 2667 2474 naturam,
2698 2409 2926 2479 simplex
2956 2418 3038 2463 est
3057 2418 3111 2465 et
3130 2401 3406 2480 Sapientia
3435 2412 3549 2476 Dei,
3583 2423 3639 2468 et
3668 2414 3795 2485 Spi-

2210 2507 2342 2560 ritus
2372 2503 2484 2558 Dei.
2514 2503 2774 2558 Habentes
2806 2513 2975 2557 autem
3015 2503 3320 2560 donationes
3358 2508 3638 2561 secundum
3670 2527 3799 2579 gra-

2211 2598 2335 2648 tiam
2375 2611 2488 2666 qua:
2523 2595 2647 2647 data
2697 2603 2773 2648 est
2827 2586 2973 2648 nobis
3013 2595 3308 2664 (li/ferentes
3344 2596 3525 2667 (Rom.
3572 2616 3669 2667 xu,
3717 2600 3796 2667 6),

2209 2686 2537 2755 Sapientiam
2568 2685 2659 2739 Dei
2690 2693 2741 2738 et
2771 2685 3026 2755 Spiritum
3058 2685 3177 2751 Dei,
3206 2702 3364 2756 quem
3395 2690 3446 2743 iu
3478 2706 3572 2745 sua
3605 2702 3800 2747 natura

2209 2776 2506 2846 simplicem
2531 2776 2799 2840 novimus,
2817 2778 2868 2829 in
2884 2777 2995 2831 suis
3013 2777 3395 2833 multiformem
3413 2779 3801 2839 donationibus

2210 2868 2527 2923 invenimus.
2560 2867 2793 2938 Spiritus
2840 2875 3019 2924 autem
3071 2871 3291 2925 nomine
3333 2871 3473 2926 dona
3520 2873 3797 2943 spiritalia

2208 2956 2399 3012 beatus
2447 2972 2662 3028 quoque
2699 2957 2935 3014 Joannes
2985 2960 3037 3013 iu
3077 2960 3397 3033 Apocalypsi
3437 2979 3793 3033 nuttcupans,

2210 3048 2282 3101 ait
2306 3066 2317 3100 :
2347 3045 2578 3101 Joannes
2603 3056 2793 3119 septem
2813 3047 3057 3102 Ecclesiis
3079 3067 3191 3121 qua:
3212 3060 3333 3105 sunt
3361 3053 3413 3106 in
3430 3053 3551 3105 Asia
3577 3069 3598 3106 :
3612 3056 3797 3123 gratia

2209 3139 2347 3195 vobis
2375 3149 2424 3193 et
2456 3156 2562 3212 pax
2583 3140 2646 3193 ab
2679 3157 2738 3194 ea
2778 3141 2864 3212 qui
2882 3149 2977 3205 est,
3002 3153 3051 3195 et
3077 3144 3161 3213 qui
3204 3153 3339 3208 erat,
3363 3153 3409 3197 et
3433 3145 3518 3213 qui
3538 3155 3791 3200 venturus

2209 3240 2305 3297 est,
2327 3242 2375 3286 et
2401 3250 2433 3285 α
2472 3242 2660 3302 septem
2699 3232 2961 3304 spiritibus
3001 3235 3156 3305 quiin
3188 3248 3456 3299 conspectu
3478 3237 3651 3291 throni
3674 3238 3791 3308 ejus

2208 3334 2327 3380 sunt
2352 3326 2532 3398 (Apoc.
2570 3342 2607 3390 ι,
2641 3324 2717 3395 4).
2748 3324 2847 3381 llic
2877 3326 3058 3396 utique
3096 3335 3303 3397 septem
3341 3329 3560 3400 spiritus
3580 3328 3792 3397 dicens,

2206 3430 2369 3469 unum
2404 3413 2659 3484 Spiritum
2706 3414 3031 3484 septiformis
3066 3416 3249 3486 gratim
3278 3417 3587 3485 largitorem
3619 3419 3795 3473 voluit

2205 3506 2463 3575 intelligi;
2501 3521 2660 3575 quem
2715 3505 2879 3561 Isaias
2926 3505 3185 3577 Spiritum
3226 3509 3506 3578 sapientia:
3545 3519 3600 3564 et
3638 3511 3794 3565 intel-

2204 3597 2406 3660 lectus,
2461 3596 2717 3667 Spiritum
2769 3598 2979 3652 consulii
3034 3607 3089 3653 et
3141 3597 3497 3664 fortitudinis,
3530 3598 3792 3669 Spiritum

2204 3686 2444 3741 scientia:
2486 3693 2540 3740 et
2582 3685 2817 3756 pietatis,
2848 3695 2901 3741 et
2928 3685 3182 3756 Spiritum
3208 3690 3414 3744 timoris
3444 3689 3536 3745 Dei
3566 3689 3703 3759 (Isa.
3734 3708 3792 3758 ιι,

2207 3775 2316 3842 12⁸,
2366 3776 2530 3846 ipsius
2577 3775 2746 3846 gratia
2796 3776 3125 3832 illuminatus
3177 3779 3413 3847 agnovit.
3474 3778 3795 3851 Ubicunque

2205 3867 2366 3935 igitur
2391 3867 2553 3938 622
2582 3866 2634 3920 in
2666 3866 2990 3937 Apocalypsi
3020 3866 3161 3921 beati
3186 3866 3413 3923 Joannis
3433 3878 3643 3940 septem
3667 3873 3787 3943 spi-

2204 3956 2339 4011 ritus
2368 3955 2736 4021 nominantur,
2767 3963 2976 4027 septem
3006 3957 3146 4012 dona
3175 3957 3332 4013 unius
3353 3960 3589 4029 Spiritus
3611 3963 3793 4018 sancti

2207 4054 2584 4115 agnoscantur.
2617 4044 2773 4113 Quod
2801 4046 2844 4101 si
2878 4044 3017 4100 forte
3044 4046 3131 4101 hic
3172 4046 3224 4101 in
3253 4057 3459 4118 septem
3486 4049 3792 4119 spiritibus,

2202 4155 2313 4194 non
2343 4140 2512 4209 ipsam
2532 4137 2899 4208 septiformem
2919 4140 3240 4209 spiritalium
3264 4140 3529 4196 donorum
3558 4140 3793 4210 gratiam

2207 4229 2402 4296 credis,
2432 4230 2524 4285 sed
2554 4236 2762 4300 septem
2808 4245 3029 4301 prorsus
3077 4231 3301 4300 spiritus
3348 4231 3629 4287 existimas
3659 4247 3792 4300 pro-

2208 4320 2337 4390 priis
2355 4320 2554 4375 distare
2584 4320 2828 4391 personis
2872 4337 2886 4371 :
2927 4320 3013 4375 dic
3042 4320 3196 4375 nobis
3225 4330 3400 4375 utrum
3449 4337 3544 4376 eos
3587 4319 3796 4391 Spiritu

2208 4418 2415 4476 sancto,
2448 4410 2499 4464 id
2534 4417 2615 4464 est
2646 4409 2926 4465 Paracleto
2948 4409 3014 4463 de
3030 4424 3139 4478 quo
3170 4425 3309 4464 nunc
3338 4410 3571 4477 agimus,
3602 4424 3794 4478 aequa-

2210 4504 2305 4566 les,
2330 4517 2396 4556 an
2418 4501 2672 4565 minores,
2692 4516 2758 4555 an
2772 4500 3029 4569 potiores,
3052 4499 3347 4555 existimes.
3374 4501 3454 4553 An
3470 4498 3608 4554 forte
3627 4514 3795 4553 unum

2209 4593 2276 4648 de
2310 4593 2415 4648 illis
2442 4600 2648 4662 septem
2695 4591 2855 4645 istum
2905 4601 3149 4645 sanctum
3201 4589 3459 4660 Spiritum
3507 4588 3798 4659 putes?Si

2208 4684 2350 4739 enim
2373 4683 2503 4737 istos
2522 4694 2658 4749 quos
2678 4689 2833 4750 putas
2853 4688 3059 4749 septem
3074 4679 3310 4749 spiritus,
3341 4679 3576 4748 :equalcs
3597 4687 3796 4735 sancto

2196 4771 2414 4843 Spiritui
2445 4770 2665 4835 dixeris,
2695 4769 2805 4839 jam
2848 4786 2956 4824 non
2985 4776 3218 4839 septem,
3244 4768 3338 4824 sed
3388 4776 3516 4825 octo
3569 4768 3798 4839 spiritus

2192 4869 2410 4919 sanctos
2445 4863 2602 4916 unius
2623 4861 2899 4930 dignitatis
2929 4861 3047 4916 sine
3076 4861 3240 4915 dubio
3269 4860 3627 4930 nuncupabis.
3658 4857 3795 4925 Quae

2196 4955 2355 5022 igitur
2378 4968 2539 5008 causa
2565 4951 2661 5006 fuit
2684 4960 2741 5006 ut
2769 4953 2836 5006 ab
2873 4951 2987 5007 illis
3012 4959 3222 5021 septem
3252 4950 3533 5020 spiritibus
3563 4950 3797 5018 gratiam

2200 5041 2455 5097 Ecclesiis
2482 5042 2672 5095 beatus
2708 5038 2943 5094 Joannes
2971 5046 3204 5109 optaret,
3235 5046 3292 5093 et
3329 5039 3398 5092 ab
3439 5038 3519 5092 eis
3558 5038 3797 5105 gratiam

2208 5132 2469 5189 Paracleti
2495 5132 2727 5203 Spiritus
2751 5130 3152 5203 submovisset?
3177 5145 3297 5184 cum
3322 5129 3375 5183 in
3398 5129 3537 5183 libro
3561 5128 3799 5183 Actuum

2207 5226 2574 5296 apostolorum
2623 5224 2883 5293 scriptum
2921 5221 3011 5287 sit,
3044 5219 3188 5291 quod
3219 5235 3341 5276 cum
3384 5220 3574 5275 beatus
3601 5216 3804 5277 Petrus

2208 5314 2479 5378 Cornelio,
2510 5321 2565 5367 et
2584 5312 2796 5368 cmteris
2817 5311 2907 5381 qui
2951 5325 3071 5365 cum
3102 5324 3169 5364 eo
3195 5309 3430 5375 fuerant,
3462 5310 3689 5365 verbum
3734 5310 3801 5362 ti-

2208 5404 2295 5460 dci
2323 5405 2651 5474 loqueretur,
2704 5402 2900 5457 Cecidit
2935 5402 3165 5471 Spiritus
3194 5410 3401 5455 sanctus
3436 5417 3591 5471 super
3618 5417 3802 5455 omnes

2208 5495 2292 5563 qui
2311 5492 2587 5547 audiebant
2609 5493 2908 5556 verbum,-et
2923 5490 3296 5558 obstupuerunt
3315 5504 3379 5542 ea:
3407 5489 3806 5543 circumcisione

2210 5585 2389 5656 ﬁdeles
2410 5587 2495 5657 qui
2509 5594 2748 5639 venerant
2771 5599 2884 5636 cum
2910 5580 3083 5645 Petro,
3107 5582 3226 5651 quia
3254 5582 3374 5636 etin
3406 5582 3648 5635 nationes
3674 5598 3804 5651 gra—

2213 5677 2285 5728 tia
2310 5675 2535 5744 Spiritus
2583 5675 2750 5728 sancti
2797 5673 2965 5741 eiusa
3008 5680 3083 5725 est
3126 5672 3264 5741 (Act.
3299 5689 3352 5732 ι,
3386 5669 3474 5736 Η,
3501 5668 3622 5740 45).
3646 5671 3801 5725 Nun-

2212 5765 2465 5834 quidnam
2535 5765 2693 5834 hujus
2738 5762 2908 5819 sancti
2966 5761 3200 5832 Spiritus
3251 5761 3475 5829 gratiam
3531 5760 3801 5815 minorem

2215 5855 2404 5909 beatus
2432 5854 2665 5910 Joannes
2689 5862 2930 5919 noverat,
2954 5862 3008 5907 et
3058 5852 3179 5907 ideo
3221 5851 3474 5908 Ecclesiis
3501 5868 3620 5922 quin
3641 5862 3801 5907 erant
