4064 6358
293 406 395 466 ’ἶΘῖ

1355 407 1624 469 CONTRA
1665 407 2010 468 FABIANUM
2044 409 2479 469 FRAGMENTA.

3440 423 3539 478 795

294 526 344 579 in
372 524 497 600 Am,-
519 553 650 600 ,καί
684 521 958 591 .isseptein
987 522 1260 591 spiritibus
1279 524 1502 591 gratiam
1521 526 1858 581 postulabat?
1889 529 1937 584 Α
1966 524 2090 577 lium
2122 525 2364 588 dedisse;
2395 518 2535 594 quod
2570 543 2663 594 per
2709 527 2896 582 Isaiam
2924 531 3121 587 dictum
3153 544 3366 589 sanctus
3389 553 3540 590 θνηη.

288 612 486 696 Γινχνη,
515 627 637 684 29w
666 611 710 664 si
739 619 864 664 octo
887 612 1105 680 spiritus
1134 622 1332 676 essent,
1364 615 1522 667 simul
1560 616 1747 669 debuit
1795 618 1861 670 ab

236 697 241 706 ’
291 723 542 780 οηιὝθηί.
587 701 858 770 spiritibus
896 702 1001 758 illis
1041 702 1292 758 Eeclesiis
1340 705 1610 774 postulare
1661 706 1861 760 donum

290 797 474 878 gratim
519 793 813 862 spiritalis,
869 801 926 846 ut
972 809 1156 848 eorum
1213 805 1349 862 quos
1393 795 1626 862 wquales
1669 797 1862 850 asseris

293 887 436 942 nulla
468 893 608 939 esset
637 885 906 953 separatio
945 884 1224 952 largitatis.
1255 883 1312 937 Si
1342 900 1473 939 vero
1505 886 1625 940 illos
1655 895 1861 954 septem

292 973 508 1043 spiritus
531 973 764 1026 minores
784 972 916 1026 dicis
947 987 1064 1026 esse
1103 971 1403 1038 Paracleto,
1435 974 1610 1026 denuo
1635 975 1858 1044 requiri-

292 1073 378 1118 tur
407 1079 503 1116 cur
529 1063 790 1116 minorum
839 1062 1118 1130 spirituum
1165 1061 1387 1128 gratiam
1410 1062 1598 1116 beatus
1626 1061 1860 1117 Joannes

292 1153 538 1207 ﬁdelibus
565 1152 679 1206 dari
720 1153 907 1217 voluit,
941 1160 995 1206 et
1017 1150 1244 1220 potioris
1274 1151 1501 1218 gratiam
1530 1168 1635 1206 non
1663 1154 1857 1220 quaesi-

289 1247 401 1299 vit?
421 1245 552 1300 Cum
567 1244 806 1314 profecto
823 1243 909 1298 ille
922 1244 1092 1313 possit
1113 1259 1230 1298 esse
1254 1243 1478 1311 largitor
1491 1243 1728 1298 melioris
1747 1258 1860 1312 gra-

290 1339 505 1405 tize,qui
529 1337 914 1406 superiorisest
936 1344 990 1389 et
1013 1343 1234 1389 naturae.
1253 1333 1308 1404 Si
1341 1349 1469 1388 vero
1500 1333 1632 1388 istos
1653 1342 1858 1402 septem

289 1430 513 1498 spiritus
543 1428 782 1497 potiores
798 1436 982 1481 sancto
996 1425 1196 1492 Spiritu
1211 1423 1550 1494 pronunties,
1565 1439 1683 1492 qua:
1697 1437 1858 1476 causa

287 1529 371 1575 est
395 1528 452 1574 ut
480 1521 582 1573 illis
609 1519 836 1580 omissis,
863 1519 1010 1573 solus
1041 1517 1274 1586 Spiritus
1303 1525 1521 1570 sanctus
1545 1530 1668 1569 cum
1693 1513 1855 1568 Patre

289 1618 343 1663 et
365 1609 497 1663 Filio
526 1610 580 1662 in
608 1609 927 1677 baptismate
964 1607 1286 1670 nominetur,
1329 1606 1417 1673 qui
1450 1606 1610 1659 etiam
1641 1605 1861 1673 spiritus

287 1700 595 1770 adoptionis
637 1699 867 1753 filiorum
904 1698 971 1752 ab
1007 1696 1266 1766 Apostolo
1305 1704 1646 1764 nuncupatur
1677 1693 1855 1764 (Rom.

287 1807 400 1853 VIII,
431 1789 548 1859 lii)?
569 1788 705 1843 Cum
735 1790 850 1844 sine
879 1788 1040 1843 dubio
1064 1788 1139 1841 illi
1160 1802 1295 1856 quos
1334 1787 1468 1842 dicis
1507 1801 1624 1842 esse
1652 1794 1857 1854 septem

1965 614 2150 680 gelista
2183 615 2233 666 in
2275 629 2500 681 persona
2528 615 2728 668 Christi
2752 620 3093 674 commendat
3119 622 3202 674 lus
3230 625 3406 676 verbis
3433 642 3444 675 :
3472 623 3540 677 Ut

1964 701 2328 770 adimpleretur
2356 701 2492 770 quod
2514 703 2711 756 dictum
2757 713 2830 757 est
2861 723 2951 775 per
2993 706 3187 762 Isaiam
3217 712 3537 780 proin/telam,

1963 790 2211 842 dicentem
2242 808 2259 842 :
2289 789 2425 844 Ecce
2453 809 2578 862 puer
2615 809 2755 846 meus
2797 811 2941 864 quem
2977 799 3127 864 elegi,
3158 800 3372 853 dilectus
3401 817 3539 853 meus

1962 882 2014 934 in
2030 899 2125 952 quo
2148 881 2271 934 bene
2292 882 2480 951 placuit
2503 883 2690 936 animw
2711 901 2836 938 mea:
2853 903 2869 936 :
2893 904 3081 955 ponam
3105 888 3356 956 Spiritum
3373 907 3538 944 meum

1963 987 2116 1040 super
2143 988 2255 1023 eum
2289 970 2504 1040 (Matth.
2536 989 2624 1036 xu,
2658 974 2750 1039 17;
2783 974 2891 1028 lsa.
2920 993 3022 1029 xui
3047 1016 3060 1037 ,
3087 976 3105 1027 l
3129 981 3166 1044 ).
3193 976 3344 1042 Quod
3369 980 3530 1032 etiam

1963 1060 2015 1112 in
2046 1060 2160 1127 ejus
2186 1061 2506 1130 baptismate
2536 1062 2804 1118 insinuare
2833 1066 3060 1131 curavit,
3091 1065 3274 1120 dicens
3305 1085 3316 1118 :
3346 1066 3530 1135 Bapti-

1963 1160 2108 1204 zatus
2163 1162 2368 1216 autem,
2427 1155 2696 1223 confestim
2743 1156 2971 1208 ascendit
3019 1157 3082 1208 de
3131 1174 3263 1226 aqua
3295 1174 3311 1210 :
3342 1169 3389 1210 et
3423 1175 3538 1212 ecce

1963 1245 2125 1312 aperti
2147 1253 2262 1295 sunt
2284 1245 2328 1296 ei
2351 1244 2480 1309 caeli,
2511 1253 2558 1296 et
2589 1245 2712 1298 vidit
2744 1245 2998 1315 Spiritum
3031 1246 3121 1300 Dei
3145 1247 3534 1302 descendentem

1962 1333 2092 1384 sicut
2136 1331 2420 1384 columbam
2448 1342 2495 1385 et
2533 1335 2813 1386 venientem
2858 1352 3008 1404 super
3037 1352 3091 1388 se
3138 1336 3326 1406 (illam.
3355 1355 3391 1403 ι,
3423 1338 3528 1407 10).

1963 1421 2215 1481 Videsne,
2277 1422 2448 1489 ipsum
2497 1437 2616 1477 esse
2661 1423 2916 1491 Spiritum
2966 1423 3080 1486 Dei,
3113 1440 3270 1492 quem
3303 1441 3396 1479 vos
3419 1427 3535 1479 sine

1961 1513 2262 1566 reverentia
2315 1513 2715 1582 b!asphematis,
2747 1525 2802 1568 et
2857 1517 3126 1570 minorare
3174 1518 3535 1572 contenditis?

1963 1602 2042 1656 An
2075 1602 2212 1656 forte
2262 1604 2395 1657 dicis
2451 1605 2615 1658 etiam
2664 1607 2821 1660 istum
2867 1607 3079 1674 quidem
3136 1608 3390 1676 Spiritum
3439 1609 3532 1662 Dei

1961 1707 2101 1756 esse,
2132 1693 2223 1746 sed
2265 1701 2439 1748 tamen
2495 1710 2611 1749 esse
2656 1695 2884 1750 alterum
2914 1696 3168 1765 Spiritum
3217 1697 3332 1765 Dei,
3361 1699 3448 1766 qui
3481 1700 3532 1752 in

1962 1791 2303 1836 sacramento
2333 1783 2671 1852 baptismatis
2695 1801 2814 1839 cum
2848 1784 3006 1839 Patre
3035 1797 3090 1840 et
3131 1786 3262 1840 Filio
3293 1789 3534 1841 nomina-
3559 1823 3570 1854 κ

285 1880 522 1949 spiritus,
553 1878 843 1934 secundum
872 1877 1194 1932 sententiam
1225 1883 1372 1930 tuam
1421 1883 1477 1930 et
1520 1884 1708 1930 natura
1739 1890 1855 1929 me-
1893 1888 1933 1946 Β
1963 1873 2083 1927 tur?
2104 1871 2208 1927 Sed
2235 1873 2393 1941 (sicut
2430 1875 2677 1943 superius
2707 1874 2837 1945 dixi)
2883 1892 2948 1929 ex
2979 1893 3044 1931 eo
3072 1878 3213 1945 quod
3247 1879 3346 1932 iste
3372 1894 3534 1947 super

286 1971 450 2026 liores
472 1978 527 2024 et
546 1985 768 2024 numero
797 1968 998 2038 plures,
1023 1967 1304 2022 debuerint
1323 1981 1442 2020 cum
1457 1965 1615 2020 Patre
1644 1973 1696 2020 et
1715 1963 1850 2020 Filio

286 2065 339 2117 in
369 2069 708 2118 sacramento
755 2059 1089 2130 baptismatis
1119 2057 1420 2120 nominari;
1453 2057 1543 2125 qui
1567 2064 1622 2110 et
1652 2055 1856 2109 numeri

285 2153 558 2224 pluritate,
585 2161 641 2207 et
667 2151 928 2220 dignitate
951 2159 1174 2214 natum,
1205 2154 1428 2218 possent
1453 2145 1858 2201 renascentibus

283 2245 511 2312 gratiam
557 2243 823 2312 potiorem
877 2239 1341 2310 copiosioremque
1391 2235 1595 2304 largiri.
1669 2234 1860 2288 Debuit

283 2348 434 2403 ergo,
461 2333 505 2388 si
536 2333 610 2388 ita
654 2341 798 2388 esset
824 2340 882 2386 ut
907 2331 1060 2394 dicis,
1089 2337 1330 2383 sanctum
1376 2326 1641 2396 baptisma
1670 2341 1777 2379 non
1809 2325 1859 2378 in

283 2425 504 2480 nomine
533 2422 706 2478 Patris
737 2431 791 2478 et
829 2421 950 2476 Filii
977 2430 1032 2475 et
1058 2419 1290 2490 Spiritus
1336 2416 1524 2480 sancti,
1556 2415 1647 2470 sed
1681 2415 1736 2468 in
1764 2429 1862 2468 no-

282 2516 428 2569 mine
457 2514 710 2569 Patris-et
736 2512 853 2567 Filii
878 2520 930 2567 et
962 2519 1170 2581 septem
1197 2509 1480 2578 spirituum
1508 2505 1643 2560 dari.
1662 2503 1862 2558 Similis

281 2605 468 2672 regula
513 2604 714 2658 servari
759 2602 944 2658 debuit
975 2608 1030 2656 et
1059 2601 1112 2654 in
1165 2592 1505 2666 baptismate.
1537 2595 1581 2648 si
1623 2609 1759 2648 unus
1795 2608 1858 2647 ex

284 2697 390 2750 illis
415 2704 620 2764 septem
651 2693 924 2763 spiritibus
975 2698 1119 2746 esset
1166 2688 1399 2758 Spiritus
1441 2692 1680 2739 sanctus.
1705 2681 1861 2747 Quod

283 2788 327 2842 si
352 2787 458 2841 hoc
479 2785 777 2841 faciendum
806 2783 994 2849 sentis,
1023 2789 1112 2835 aut
1142 2779 1292 2838 dicis.
1325 2776 1541 2831 attende
1582 2773 1855 2828 Christum

284 2879 439 2948 cujus
488 2877 686 2946 regulae
737 2873 1075 2931 contradicis.
1105 2873 1185 2925 An
1232 2869 1476 2932 forsitan,
1509 2875 1566 2920 ut
1609 2865 1862 2935 Spiritum

283 2977 531 3025 sanctum
573 2969 836 3022 minorem
878 2962 1133 3019 ostendas
1160 2961 1319 3015 Patre
1355 2975 1418 3014 ac
1459 2958 1616 3024 Filio,
1641 2971 1762 3010 eum
1796 2955 1865 3010 de

281 3067 622 3116 sacramento
648 3055 982 3126 baptismatis
1007 3053 1216 3117 eximis,
1246 3059 1301 3106 et
1329 3051 1490 3104 alium
1521 3047 1593 3102 ibi
1623 3046 1716 3102 Dei
1743 3044 1865 3114 Spi-

281 3153 446 3206 ritum
473 3147 812 3204 introducis?
842 3145 1030 3200 Solent
1081 3142 1222 3197 enim
1272 3139 1433 3208 aliqui
1464 3146 1720 3202 vestrum,
1743 3150 1864 3189 eum

1962 1962 2229 2017 Christum
2279 1963 2578 2028 descendit,
2630 1981 2736 2019 non
2787 1982 2815 2019 a
2859 1967 3009 2020 vobis
3038 1967 3195 2020 debet
3241 1968 3415 2021 minor
3446 1967 3536 2020 illo

1961 2052 2318 2128 Spiritu,.sed
2349 2054 2529 2122 potior
2573 2055 2843 2109 aestimari.
2894 2055 3095 2109 Deinde
3137 2071 3319 2123 qumro
3361 2064 3535 2109 utrum

1963 2146 2050 2201 ille
2077 2145 2308 2215 Spiritus
2331 2161 2488 2215 quem
2519 2145 2612 2199 Dei
2646 2161 2760 2200 esse
2783 2146 3048 2215 Spiritum
3080 2147 3275 2210 dicitis,
3307 2163 3442 2202 unus
3469 2149 3537 2202 sit

1963 2234 2259 2287 communis
2285 2231 2460 2287 Patris
2489 2240 2545 2286 et
2574 2232 2715 2297 Filii,
2747 2249 2812 2288 an
2843 2235 3008 2289 solius
3036 2233 3212 2288 Patris
3250 2250 3368 2288 esse
3393 2235 3538 2289 dica-

1964 2322 2087 2374 tur?
2112 2320 2166 2374 Si
2190 2321 2330 2375 enim
2361 2336 2497 2374 unus
2519 2327 2600 2374 est
2633 2321 2734 2374 iste
2761 2320 2992 2390 Spiritus
3021 2320 3193 2375 Patris
3225 2331 3279 2374 et
3302 2323 3456 2387 Filii,
3481 2331 3538 2376 et

1964 2413 2103 2466 idem
2135 2411 2366 2481 Spiritus
2396 2413 2552 2465 unius
2581 2420 2663 2465 est
2713 2419 2916 2464 natura:
2942 2427 3060 2465 cum
3092 2410 3270 2474 Patre,
3297 2412 3538 2480 profecto

1965 2504 2119 2557 unius
2167 2511 2250 2556 est
2277 2504 2439 2556 etiam
2469 2509 2671 2555 natura!
2700 2517 2820 2556 cum
2874 2502 3029 2556 Filio.
3065 2502 3230 2556 Unius
3258 2517 3385 2570 ergo
3414 2514 3538 2559 sunt

1963 2600 2187 2657 natura},
2217 2591 2479 2658 uniusque
2531 2589 2824 2644 divinitatis
2867 2589 3026 2645 Pater
3073 2600 3128 2644 ct
3171 2592 3538 2662 Filius;‘quia

1965 2696 2101 2735 unus
2128 2681 2400 2748 utriusque
2430 2679 2661 2748 Spiritus
2704 2695 2865 2734 unam
2911 2680 3073 2734 habet
3121 2697 3242 2734 cum
3271 2680 3428 2736 Patre
3454 2682 3540 2736 Fi-

1964 2773 2143 2840 lioque
2165 2782 2430 2824 naturam.
2454 2768 2510 2823 Si
2536 2784 2666 2823 vero
2697 2770 2853 2824 istum
2878 2785 3040 2823 unum
3064 2770 3320 2839 Spiritunt
3373 2770 3541 2825 solius

1964 2876 2083 2916 esse
2126 2861 2304 2915 dicitis
2359 2859 2549 2923 Patris,
2582 2875 2691 2912 non
2733 2861 2894 2913 etiam
2925 2859 3079 2922 Filii,
3112 2860 3370 2915 attendite
3413 2861 3542 2916 illud

1965 2941 2109 3021 quod
2136 2950 2425 3020 Apostolus
2454 2949 2530 3002 ait
2558 2965 2569 3000 :
2603 2948 2666 3002 Si
2691 2949 2803 3019 quis
2834 2956 3001 3001 autem
3053 2948 3308 3018 Spiritum
3353 2947 3542 3003 Christi

1967 3058 2069 3095 non
2094 3040 2264 3104 habet,
2288 3039 2369 3091 hic
2397 3055 2499 3092 non
2528 3047 2602 3092 est
2633 3038 2746 3108 ejus
2776 3035 2935 3107 (Rom
2979 3054 3066 3096 vtu
3085 3077 3100 3101 ,
3134 3037 3219 3104 9);
3243 3046 3300 3092 et
3327 3046 3419 3092 aut
3447 3054 3543 3092 ne-

1967 3139 2090 3199 gate
2111 3147 2208 3184 vos
2235 3127 2432 3183 Christi
2464 3143 2602 3193 esse,
2631 3130 2675 3182 si
2708 3129 2936 3198 Spiritus
2967 3143 3080 3193 (Ἴης
3111 3145 3215 3184 non
3248 3138 3330 3184 est
3359 3131 3409 3183 in
3441 3146 3539 3184 vo-

281 3240 550 3310 cteperint
576 3238 643 3293 de
688 3235 858 3291 sancti
905 3233 1135 3302 Spiritus
1162 3230 1442 3285 divinitate
1476 3225 1741 3288 convinci,
1769 3239 1864 3294 pro
1894 3256 1938 3318 Ε
1971 3222 2080 3283 bis;
2124 3228 2218 3273 aut
2255 3219 2436 3280 dicite,
2484 3235 2592 3272 non
2623 3217 2834 3272 Patrem
2868 3228 2920 3273 et
2971 3219 3158 3272 tilium
3204 3229 3258 3273 et
3285 3220 3544 3289 Spiritum

281 3347 350 3387 eo
399 3326 545 3397 quod
601 3334 806 3380 certum
853 3331 936 3378 est
973 3321 1217 3376 homines
1266 3320 1319 3374 in
1356 3316 1573 3372 nomine
1607 3314 1780 3368 Patris
1811 3321 1867 3366 et

282 3421 406 3476 Filii
433 3428 489 3474 et
509 3418 737 3488 Spiritus
765 3416 936 3470 sancti
967 3413 1278 3484 (secundum
1325 3410 1533 3465 Domini
1571 3407 1866 3460 Salvatoris

233 3504 241 3509 ’
281 3510 548 3579 regulam)
598 3505 876 3576 baptizari,
907 3503 972 3558 ad
1017 3518 1134 3557 eam
1193 3517 1253 3556 se
1307 3506 1622 3554 convertere
1684 3494 1865 3563 pravi-

283 3609 476 3665 tatem,
526 3607 586 3652 ut
628 3597 812 3652 dicant
861 3611 965 3648 non
1008 3595 1167 3647 istmn
1197 3590 1460 3660 Spiritum
1508 3585 1861 3648 Paracletum,

282 3691 380 3746 sed
431 3690 658 3744 alterum
712 3702 830 3742 esse
883 3684 1138 3754 Spiritum
1188 3681 1301 3746 Dei,
1345 3681 1396 3734 in
1447 3677 1600 3746 cujus
1652 3677 1865 3730 nomine

284 3780 557 3850 accipiunt
634 3777 912 3833 credentes
983 3772 1320 3842 baptismatis
1397 3774 1792 3824 sacramentum
1845 3784 1860 3828 ;

282 3890 449 3944 quem
513 3871 790 3927 Paracleto
864 3867 1086 3937 Spiritui
1141 3865 1258 3920 sine
1328 3863 1490 3917 dubio
1557 3861 1860 3932 przeferunt.

285 3965 449 4033 Quod
477 3965 520 4018 si
544 3964 646 4018 hoc
677 3963 747 4015 ita
775 3969 877 4023 est,
921 3959 1082 4014 dicite
1128 3956 1281 4011 nobis
1328 3961 1507 4011 utrum
1534 3964 1690 4008 istum
1741 3949 1863 4018 Spi-

286 4057 474 4118 ritum,
518 4053 684 4108 solius
731 4049 921 4113 Patris,
969 4063 1034 4101 an
1082 4046 1249 4101 solius
1294 4043 1434 4108 Filii,
1478 4058 1544 4096 an
1589 4041 1866 4108 utriusque

285 4148 450 4218 623
471 4160 588 4200 esse
613 4142 878 4199 credatis?
910 4138 1059 4206 Quod
1085 4138 1129 4191 si
1158 4137 1323 4192 solius
1346 4135 1517 4188 Patris
1549 4133 1708 4186 istum
1735 4130 1858 4199 Spi-

288 4239 452 4291 ritum
484 4233 679 4298 dicitis,
711 4232 826 4286 sine
854 4229 1015 4283 dubio
1044 4243 1167 4282 eum
1197 4226 1461 4294 potiorem
1505 4221 1639 4275 Filio
1671 4219 1866 4289 prtedia

289 4328 444 4384 catis.
471 4325 768 4391 Quaerimus
794 4335 940 4388 ergo,
974 4327 1150 4372 utrum
1172 4316 1362 4371 saltem
1387 4315 1542 4368 istum
1566 4312 1723 4366 unius
1746 4323 1866 4363 eum

291 4420 406 4474 Deo
431 4417 590 4471 Patre
620 4413 809 4470 dicatis
829 4427 948 4467 esse
974 4410 1206 4464 naturae?
1230 4406 1380 4473 Quod
1403 4407 1445 4460 si
1474 4413 1632 4458 unam
1661 4402 1753 4456 Dei
1776 4401 1869 4455 Pa-

290 4512 391 4564 tris
415 4517 473 4563 et
493 4508 645 4562 istius
666 4505 900 4574 Spiritus
919 4508 1163 4555 naturam
1192 4498 1391 4560 dicitis,
1424 4509 1642 4549 necesse
1666 4501 1750 4548 est
1774 4508 1868 4546 au-

291 4609 403 4653 tem
451 4597 545 4650 Dei
576 4594 726 4648 Filio.
756 4590 1069 4658 prteferatis.
1101 4585 1254 4652 Quod
1283 4585 1329 4639 si
1372 4584 1475 4637 hoc
1502 4583 1574 4636 ita
1602 4589 1708 4647 est,
1739 4593 1868 4647 ergo

289 4684 584 4742 secundum
615 4698 831 4737 sensum
860 4688 1114 4742 vestrum,
1141 4676 1274 4732 ordo
1303 4673 1580 4728 nominum
1609 4671 1748 4725 male
1776 4686 1872 4740 po—

289 4779 427 4834 situs
448 4784 532 4831 est
553 4791 580 4828 a
602 4775 815 4830 Christo
839 4773 889 4825 in
913 4768 1246 4840 baptismatis
1265 4771 1621 4821 sacramento.
1645 4762 1702 4817 Si
1729 4762 1872 4816 enim

291 4885 414 4924 cum
438 4866 551 4921 Deo
579 4865 738 4919 Patre
759 4873 816 4919 et
842 4862 1043 4932 Spiritu
1071 4859 1188 4928 ejus
1219 4873 1324 4912 non
1350 4857 1508 4912 unius
1537 4863 1618 4908 est
1648 4861 1870 4916 naturae,

294 4973 401 5012 non
426 4956 590 5010 debet
618 4955 759 5008 inter
786 4967 980 5007 nomen
1003 4949 1176 5004 Patris
1204 4957 1260 5003 et
1311 4946 1543 5016 Spiritus
1571 4945 1740 4999 sancti
1782 4943 1872 4997 Fi-

294 5047 348 5101 lii
378 5060 574 5100 nomen
606 5043 886 5107 interseri;
919 5056 1041 5096 cum
1071 5053 1264 5093 nomen
1319 5034 1492 5089 Patris
1537 5043 1592 5089 et
1639 5033 1873 5102 Spiritus

293 5136 488 5197 sancti,
523 5133 783 5188 naturalis
819 5131 1013 5186 doceat
1037 5129 1211 5184 unitas
1240 5127 1437 5180 debere
1465 5125 1735 5194 conjungi.
1767 5123 1874 5177 Ve-

290 5235 596 5281 rumtamen
628 5225 714 5278 hic
743 5221 1049 5276 meminisse
1074 5234 1173 5274 vos
1202 5217 1472 5282 convenit,
1504 5231 1665 5284 super
1692 5213 1872 5268 Jesum

291 5316 650 5386 baptizatum,
674 5313 931 5382 Spiritum
972 5308 1308 5363 Paracletum
1339 5307 1428 5376 (de
1454 5320 1562 5373 quo
1593 5319 1733 5358 nunc
1759 5304 1871 5372 agi-

292 5408 436 5474 mus)
483 5405 846 5461 descendisse.
879 5400 1231 5456 Considerate
1282 5398 1440 5466 igitur
1460 5439 1474 5464 ,
1505 5411 1572 5450 ne
1602 5395 1747 5448 illum
1777 5410 1876 5463 po-

293 5498 488 5553 tiorem
521 5495 702 5550 dicere
729 5492 970 5547 debeatis
993 5491 1082 5558 qui
1113 5503 1273 5558 super
1299 5485 1569 5540 Christum
1599 5481 1878 5537 descendit

295 5587 350 5641 in
377 5583 637 5650 Jordane,
667 5597 829 5650 quam
861 5581 1006 5633 illum
1055 5579 1280 5630 alterum
1308 5590 1467 5643 quem
1519 5589 1658 5627 nunc
1687 5571 1874 5626 existi-

278 5676 454 5736 .Inatis
483 5673 598 5728 dari
631 5672 874 5726 lidelibus
904 5671 952 5723 in
985 5676 1172 5723 sancto
1194 5666 1535 5734 baptismate.
1563 5661 1670 5715 Sed
1692 5662 1743 5714 in
1768 5675 1876 5712 om-

294 5766 452 5820 nibus
473 5781 572 5819 vos
594 5762 845 5817 divinitas
867 5776 1070 5814 summa
1101 5757 1372 5813 convincit
1401 5764 1455 5808 et
1497 5753 1742 5806 destruit.
1769 5751 1873 5804 Te-

302 5868 472 5913 statur
493 5857 634 5911 enim
669 5855 804 5907 Deus
837 5852 991 5904 Pater
1041 5850 1292 5920 Spiritum
1322 5863 1473 5900 suum
1505 5861 1560 5898 se
1598 5860 1757 5924 super
1789 5841 1871 5895 Fi-

1970 3319 2236 3376 sanctum,
2263 3309 2355 3364 sed
2387 3309 2594 3362 Patrem
2625 3317 2680 3361 et
2706 3308 2918 3372 Filium,
2945 3318 3000 3362 et
3028 3308 3162 3363 duos
3188 3311 3238 3362 in
3262 3311 3415 3364 vobis
3443 3310 3546 3378 spi-

1970 3403 2104 3456 ritus
2130 3400 2394 3454 habitare.
2419 3398 2524 3452 Sed
2549 3413 2667 3452 cum
2698 3414 2856 3452 nemo
2886 3400 3053 3470 possit
3081 3399 3291 3453 duobus
3315 3400 3545 3454 dominis

1967 3497 2170 3548 servire
2200 3491 2411 3562 (Matth.
2445 3507 2527 3554 vi,
2557 3489 2671 3558 24),
2701 3489 2974 3556 quomodo
3001 3506 3096 3544 vos
3129 3491 3270 3558 jnste
3299 3492 3545 3559 poteritis

1968 3592 2196 3652 quatuor
2225 3580 2560 3635 dominorum
2611 3593 2796 3632 servos
2844 3581 3118 3632 asserere?
3144 3579 3221 3631 An
3258 3595 3418 3632 unum
3449 3579 3546 3634 do-

1968 3676 2168 3729 minum
2194 3672 2408 3725 Patrem
2438 3685 2558 3724 cum
2589 3669 2788 3738 Spiritu
2811 3684 2932 3735 suo,
2950 3678 3002 3722 et
3025 3670 3248 3722 alterum
3272 3669 3546 3724 dominum

1968 3765 2158 3820 Filium
2188 3777 2309 3817 cum
2338 3760 2542 3829 Spiritu
2574 3775 2672 3813 suo
2720 3774 2840 3813 esse
2885 3759 3097 3813 dicitis?
3125 3758 3230 3812 Sed
3280 3759 3440 3812 etiam
3470 3761 3547 3813 sic

1968 3855 2196 3908 duorum
2249 3849 2591 3904 dominorum
2620 3848 2782 3901 vultis
2825 3863 2944 3903 esse
2971 3849 3132 3911 servi,
3162 3848 3397 3915 quandiu
3445 3846 3546 3900 Pa-

1970 3953 2106 3999 trem
2129 3951 2183 3997 et
2211 3939 2400 3994 Filium
2431 3954 2534 3993 non
2561 3939 2718 3992 vultis
2749 3954 2911 3992 unum
2957 3938 3240 3992 Dominum
3279 3938 3546 3992 contiteri.

1969 4035 2074 4091 Sed
2104 4049 2205 4088 nec
2251 4031 2424 4085 Patris
2463 4039 2517 4085 et
2573 4030 2692 4084 Filii
2736 4030 2879 4084 servi
2925 4044 3042 4083 esse
3085 4031 3348 4098 poteritis,
3379 4030 3549 4084 donec

1972 4139 2130 4178 unam
2153 4123 2574 4177 dominationem
2600 4119 2773 4174 Patris
2798 4119 3025 4188 Filiique
3064 4136 3171 4174 non
3201 4121 3418 4175 creditis
3451 4140 3462 4173 :
3487 4137 3551 4175 ac

1971 4228 2066 4281 per
2096 4211 2220 4273 hoc,
2253 4209 2486 4278 quandin
2521 4207 2731 4263 Patrem
2763 4217 2816 4262 et
2867 4208 3056 4262 Filium
3110 4208 3244 4264 duos
3298 4209 3548 4265 dominos

1975 4303 2173 4365 dicitis,
2205 4312 2261 4355 et
2288 4310 2465 4354 tamen
2491 4301 2697 4354 duobus
2742 4301 2944 4354 servire
2973 4301 3202 4355 dominis
3239 4317 3342 4356 non
3399 4311 3552 4371 pote-

1971 4392 2085 4453 stis,
2136 4407 2242 4444 non
2273 4391 2529 4443 servitute
2576 4390 2845 4454 carebitis,
2876 4391 2970 4443 sed
2995 4391 3187 4445 salute.
3217 4391 3553 4460 Quapropter

1971 4481 2136 4552 oga.
2151 4481 2486 4548 majestatem
2517 4479 2684 4532 sancti
2707 4479 2956 4547 Spiritus,
2990 4479 3241 4543 Fabiane,
3263 4495 3550 4546 eoo-nosce.

1974 4581 2028 4627 et
2052 4587 2173 4625 eum
2201 4569 2571 4638 blasphemare
2596 4567 2706 4636 jam
2738 4567 2924 4621 desine
2950 4585 2960 4617 :
2995 4569 3086 4635 qui
3128 4568 3309 4637 utique
3339 4568 3458 4621 ideo
3485 4569 3552 4623 ad

1979 4660 2400 4717 benedicendum
2421 4658 2620 4712 fontem
2644 4659 2946 4727 postulatur
2968 4666 3026 4712 ut
3053 4657 3250 4724 veniat,
3277 4666 3334 4710 ut
3354 4658 3549 4711 donum

1979 4751 2279 4820 adoptionis
2318 4749 2547 4801 liliorum
2595 4747 2791 4801 donata
2843 4757 3187 4815 peccatorum
3241 4747 3554 4800 remissione

1979 4840 2263 4898 concedat.
2295 4839 2455 4893 Venit
2483 4837 2623 4892 enim
2649 4838 2699 4891 in
2729 4837 2979 4905 largitate
3007 4853 3222 4890 suorum
3248 4851 3565 4908 munerum,

1979 4949 2098 4991 cum
2131 4933 2242 5002 ipse
2269 4948 2375 4985 non
2405 4930 2614 4985 desinat
2639 4932 2824 4983 orbem
2856 4929 3063 4998 replere
3087 4937 3366 4983 terrarum.
3397 4927 3555 4981 Pater

1983 5033 2161 5078 autem
2189 5035 2310 5076 eum
2351 5020 2532 5086 mittit,
2561 5019 2683 5088 quia
2708 5034 2736 5071 a
2761 5018 2918 5072 Patre
2947 5017 3191 5088 procedit
3225 5037 3236 5071 :
3270 5019 3433 5071 mittit
3458 5033 3554 5071 au-

1980 5126 2085 5172 tem
2125 5114 2334 5182 origine
2387 5111 2701 5180 niajestatis,
2737 5127 2840 5164 non
2901 5111 3124 5178 imperio
3158 5110 3428 5178 jussionis.
3463 5109 3553 5162 Sic

1979 5214 2154 5260 autem
2197 5204 2428 5273 Spiritus
2452 5210 2687 5264 sanctus,
2720 5201 2808 5270 qui
2850 5201 3044 5268 ubique
3088 5209 3230 5254 totus
3257 5209 3357 5263 est,
3387 5200 3552 5260 venit.

1977 5296 2113 5350 sicut
2143 5294 2322 5348 venire
2352 5307 2471 5346 cum
2524 5291 2631 5343 Deo
2663 5289 2819 5344 Patre
2853 5289 3016 5344 Filius
3046 5291 3343 5344 consuevit.
3371 5289 3552 5344 Missio

1979 5401 2106 5454 ergo
2135 5383 2362 5452 Spiritus
2390 5381 2558 5434 sancti
2592 5381 2808 5433 collatio
2873 5389 2954 5432 cst
2992 5380 3269 5441 invisibilis
3296 5380 3553 5445 muneris,

1982 5492 2086 5530 non
2115 5473 2378 5544 apparitio
2411 5471 2704 5540 personalis
2734 5488 2744 5521 :
2779 5472 2901 5538 quia
2936 5487 3032 5524 nec
3057 5471 3165 5538 ipsa
3199 5470 3381 5524 missio
3407 5471 3551 5524 loca-

1981 5570 2047 5623 lis
2077 5556 2408 5633 intelligitur,
2441 5563 2526 5616 ubi
2555 5563 2643 5630 qui
2669 5562 2894 5614 mittitur
2923 5562 3209 5614 immensus
3239 5561 3552 5615 naturaliter

1980 5656 2262 5711 invenitur.
2294 5653 2458 5721 Cujus
2479 5651 2784 5705 missionem
2818 5662 2873 5703 ttt
2904 5651 2953 5702 in
2985 5650 3092 5701 suis
3123 5651 3427 5710 muneribus
3447 5653 3553 5706 cvi-

1978 5748 2165 5802 denter
2192 5759 2484 5814 agnoscas,
2516 5742 2639 5796 illud
2669 5743 2888 5797 attende
2919 5741 3061 5811 quod
3093 5744 3278 5796 beatus
3317 5742 3552 5798 Joannes

1979 5839 2031 5891 in
2087 5835 2397 5907 Apocalypsi
2429 5833 2578 5896 dixit,
2613 5842 2814 5902 septem
2864 5834 3080 5902 spiritus
3115 5834 3202 5888 Dei
3236 5835 3424 5892 missos
3457 5848 3550 5902 per
