4090 6342
520 371 624 426 795

515 581 732 646 dixerit,
765 581 1099 636 Salvatorem
1148 590 1389 634 nostrum
1421 595 1526 633 non
1581 588 1788 648 septem
1831 579 2048 648 spiritus
2071 594 2102 632 a

517 687 580 728 se
633 681 797 740 atque
826 688 855 725 a
888 671 1047 726 Patre
1090 671 1402 741 promisisse
1446 669 1762 738 mittendos,
1789 669 1884 724 sed
1939 685 2103 723 unum

522 753 882 831 Paraclettfm,
912 760 1167 831 Spiritum
1212 762 1443 814 veritatis
1489 762 1572 830 qui
1609 779 1642 813 α
1672 759 1830 813 Patre
1873 761 2106 830 procedit

521 851 705 922 (Joan.
743 828 832 918 θ,
875 828 987 920 26).
1017 850 1263 920 Nunquid
1289 865 1416 918 ergo
1448 828 1720 919 Evangelii
1769 828 1881 904 sui?
1909 852 2100 905 beatus

517 945 752 1000 Joannes
781 945 955 1013 potuit
983 945 1246 1011 oblivisci,
1280 954 1339 999 ut
1368 946 1476 1001 illic
1521 961 1683 999 unum
1714 944 1971 1014 Spiritum
2019 943 2103 997 di-

519 1044 670 1091 ceret
690 1051 806 1090 esse
835 1037 1179 1105 promissum,
1213 1044 1268 1090 et
1294 1037 1382 1090 hic
1422 1044 1630 1104 septem
1653 1035 1870 1104 spiritus
1900 1033 2103 1087 diceret

516 1143 636 1182 esse
685 1128 914 1182 missos?
942 1136 1036 1181 aut
1075 1128 1190 1196 ipse
1217 1127 1473 1182 Dominus
1513 1143 1619 1181 non
1663 1141 1848 1180 omnes
1894 1134 2098 1194 septem

519 1217 739 1286 spiritus
795 1216 978 1271 debuit
1033 1218 1295 1287 apostolis
1341 1217 1496 1280 dare,
1529 1231 1664 1285 quos
1693 1217 1963 1285 principes
1991 1231 2101 1269 sua:

520 1308 883 1362 constituebat
909 1307 1196 1362 Ecclesiae?
1236 1308 1315 1361 An
1350 1317 1405 1362 et
1433 1309 1578 1378 ipsos
1607 1309 1866 1378 apostolis
1895 1317 2099 1378 septem

520 1399 740 1468 spiritus
765 1399 960 1453 asseris
989 1399 1219 1456 missos?
1247 1398 1391 1468 quod
1413 1407 1465 1453 te
1499 1399 1679 1454 dicere
1699 1407 1885 1453 sancta
1925 1399 2098 1451 nulla-

520 1496 677 1541 tenus
705 1487 969 1556 permittit
1011 1487 1322 1542 auctoritas.
1356 1486 1491 1540 Nam
1520 1495 1575 1541 et
1622 1486 1708 1540 die
1757 1486 2103 1541 Pentecostes

521 1577 696 1645 ipsum
730 1585 974 1630 sanctum
1017 1575 1278 1644 Spiritum
1307 1576 1541 1646 apostoli
1588 1586 1916 1644 acceperunt
1942 1589 2098 1644 quem

522 1667 602 1721 eis
656 1667 979 1735 promiserat
1006 1667 1300 1733 Dominus;
1329 1674 1384 1721 et
1406 1667 1619 1722 cunctis
1669 1666 1913 1720 fidelibus
1943 1675 2103 1735 atque

522 1757 898 1812 obedientibus
931 1758 1236 1812 Deo_unum
1267 1761 1629 1826 eamdemque
1669 1757 1932 1826 Spiritum
1969 1772 2096 1810 san-

1567 371 1617 428 S.
1660 369 2019 426 FULGENTII
2060 369 2362 427 ΕΡΒΕΘΡῙ
2399 372 2776 430 ΒΠΞΡΕΝΞΙΒ

517 489 705 544 orbem
738 495 997 543 terrarum
1029 489 1212 560 (Apoc.
1242 505 1293 552 ν,
1319 487 1378 556 6)
1406 505 1418 538 :
1447 501 1566 541 cum
1599 486 1711 554 ipse
1737 485 1786 538 in
1814 484 2100 552 Evangelia

2211 495 2390 542 tamen
2419 489 2686 544 visibilem
2714 504 2822 544 non
2851 491 3066 545 amittit.
3102 495 3194 549 Dte

3681 385 3788 439 7‘16

3277 511 3332 548 Ὗ
3365 529 3410 558 \e
3439 507 3685 582 nuncu’p".
3705 519 3794 555 "In

2207 578 2550 633 et-minorem
2580 580 2790 634 ostendi
2818 580 3074 650 Spiritum
3091 593 3354 649 sanctum,
3390 605 3450 658 (μ
3477 578 3660 655 uena—5
3697 604 3810 657 1,43-

2208 669 2509 737 postulatur
2536 677 2597 723 ut
2621 669 2914 725 descendat
2941 681 3038 726 aut
3079 676 3292 744 veniat,
3326 678 3370 732 si
3414 657 3471 732 in
3512 703 3551 747 ιι
3571 657 3714 786 1
3746 657 3780 747 ξ
3837 735 3842 743 ,

2208 767 2343 786 nonin
2395 760 2476 786 ..ιιι
2510 759 2659 786 “In”;
2707 760 2908 786 Αῄιιζθαιζζ
2943 771 3022 786 ,ιρι
3095 762 3153 786 Ds
3191 781 3341 786 _-_-_A
3371 769 3418 786 ,1
3488 768 3537 786 ιιι
3649 759 3705 786 Β
3742 782 3775 786 _
3831 761 3836 766 ‘

2205 767 2362 823 state,
2395 760 2478 812 vel
2510 759 2664 813 liberi
2705 760 2910 814 arbitrii
2939 771 3040 815 est.
3092 762 3157 815 Et
3185 769 3458 834 quomodo
3487 744 3620 828 liber
3831 751 3844 766 ’θ

2205 852 2407 904 arbitrii
2433 851 2653 920 Spiritui
2685 861 2871 906 sancto
2905 853 3134 923 denegat
3162 856 3445 924 Fabianus,
3495 851 3676 929 ιιυνζαῖ
3712 851 3794 933 p’si

2199 944 2471 1012 pratcipue
2504 942 2698 998 Paulus
2741 945 2973 1013 assignat
3019 951 3316 1016 apostolus,
3346 952 3525 1008 dicens
3557 974 3569 1006 :
3602 954 3794 1009 Domi-

2204 1050 2298 1086 nus
2328 1043 2496 1086 autent
2529 1033 2755 1102 Spiritus
2801 1047 2895 1088 est.
2945 1036 3043 1090 Ubi
3094 1024 3261 1093 autem
3303 1041 3528 1110 Spiritus
3555 1043 3810 1110 Domint,

2202 1121 2272 1175 ibi
2300 1123 2510 1176 libertas
2554 1122 2640 1194 (ΙΙ
2668 1122 2787 1176 Cor.
2821 1141 2894 1189 ιιι,
2931 1125 3058 1193 l7)?
3105 1125 3316 1195 Ergone
3341 1129 3562 1199 Spiritui
3600 1144 3812 1188 sancto!

2202 1229 2230 1267 a
2265 1222 2338 1278 te,
2365 1213 2620 1275 Fabiane,
2655 1215 2873 1270 libertas
2903 1226 3132 1286 negatur
3161 1220 3386 1283 arbitrii,
3416 1223 3505 1291 qui
3536 1224 3701 1277 nobis
3731 1225 3810 1278 ad.

2201 1305 2305 1357 hoc
2331 1304 2507 1365 datur,
2541 1312 2598 1357 ut
2621 1319 2718 1372 per
2748 1319 2868 1358 cum
2892 1306 3113 1361 libertas
3135 1310 3311 1362 nostri
3327 1311 3529 1365 arbitrii
3555 1315 3810 1380 gratuito-

2201 1407 2424 1446 munere
2437 1408 2559 1462 repa
2567 1394 2738 1446 retur?
2750 1393 2878 1458 Quis
2895 1395 3037 1448 enim
3056 1411 3286 1464 unquam
3299 1399 3414 1452 sine
3435 1402 3605 1467 gratia
3619 1403 3794 1470 Spiri-

2203 1494 2288 1539 tus
2313 1486 2483 1539 sancti
2511 1485 2686 1554 potuit
2725 1484 2998 1540 mortifera
3025 1490 3283 1543 servitute
3307 1507 3493 1546 carere
3536 1496 3754 1562 peccati
3771 1497 3809 1547 7·

2203 1575 2350 1641 Quis,
2378 1589 2529 1643 rogo,
2557 1576 2673 1630 sine
2701 1577 2871 1629 sant-ti
2889 1577 3121 1645 Spiritus
3146 1595 3388 1647 munere,
3418 1582 3482 1636 ad
3516 1583 3797 1638 interioris

2201 1664 2434 1720 recidiva
2469 1665 2729 1720 libertatis
2767 1667 2984 1721 exordia
3035 1670 3210 1736 potuit
3255 1672 3593 1739 aliquatenus
3642 1676 3798 1743 aspi-

2204 1757 2362 1810 rare?
2405 1755 2544 1810 Proh
2579 1756 2757 1811 nefas!
2814 1767 3071 1826 quantum
3117 1776 3176 1815 se
3203 1764 3562 1830 superbiendo
3595 1768 3797 1834 princi-

3736 818 3792 834 ⁸.

518 1858 662 1905 ctum
691 1850 874 1905 datum
896 1865 1014 1905 esse
1039 1852 1215 1904 testati
1247 1859 1388 1907 sunt.
1415 1852 1656 1905 dicentes
1691 1849 1901 1903 :Etnos
1927 1867 2100 1903 sumas
2132 1853 2178 1910 B
2206 1847 2342 1918 pitat
2369 1848 2598 1906 humana
2624 1849 2928 1903 temeritas!
2977 1859 3031 1904 et
3058 1850 3184 1905 dum
3216 1853 3268 1906 in
3309 1855 3388 1908 sui
3415 1853 3701 1910 Creatoris
3730 1874 3800 1913 ac

517 1949 670 1996 testes
698 1943 878 1996 horum
906 1942 1189 2008 verborum,
1206 1953 1256 1996 et
1282 1944 1511 2013 Spiritus
1539 1950 1768 2005 sanctus,
1797 1957 1942 2013 qttem
1962 1942 2103 1995 dedit

519 2025 660 2086 Deus
689 2033 925 2086 omnibus
950 2032 1296 2086 obedientibus
1319 2033 1414 2086 sibi
1443 2034 1579 2101 (Act.
1605 2049 1656 2096 v,
1685 2032 1798 2086 52).
1828 2031 1944 2102 Ipse
1967 2048 2103 2086 unus

518 2123 750 2194 Spiritus
780 2126 1028 2178 omnibus
1052 2135 1132 2179 est
1163 2126 1408 2180 fidelibus
1436 2125 1616 2187 datus,
1647 2125 1715 2180 de
1743 2141 1851 2194 quo
1881 2125 2106 2193 Aposto-

518 2217 604 2272 lus
629 2220 720 2276 ait,
752 2217 818 2269 Et
866 2233 1041 2270 omnes
1089 2222 1209 2270 uuo'
1246 2216 1444 2285 Spiritu
1495 2217 1658 2284 potati
1705 2232 1880 2268 sumus
1905 2215 1959 2287 (Ι
1981 2215 2097 2270 Cor.

518 2323 613 2372 xu,
651 2309 756 2376 l5).
792 2308 945 2373 Quod
977 2321 1106 2374 ergo
1136 2307 1210 2360 ait
1243 2307 1429 2360 beatus
1451 2304 1708 2368 Joannes,
1741 2313 1948 2374 septem
1991 2306 2102 2374 spi-

521 2398 655 2451 ritus
695 2397 789 2451 Dei
821 2397 1010 2450 missos
1039 2411 1133 2464 per
1162 2395 1346 2449 orbem
1380 2403 1660 2459 terrarum,
1688 2392 1975 2447 ostendere
1998 2409 2098 2447 vo-

518 2488 618 2542 luit
642 2488 873 2558 qualiter
902 2503 1040 2541 unus
1060 2485 1292 2556 Spiritus
1321 2485 1434 2547 Dei,
1463 2501 1567 2538 non
1601 2487 1650 2537 in
1681 2499 1740 2539 se
1767 2485 1878 2555 (qui
1905 2485 2101 2553 ubique

516 2593 732 2647 semper
759 2579 1055 2631 immensus
1084 2577 1208 2648 est),
1239 2576 1332 2630 sed
1357 2575 1410 2628 in
1431 2590 1649 2629 suorum
1684 2590 1964 2629 munerum
1995 2575 2102 2637 lar-

515 2668 682 2736 gitate
705 2669 967 2721 mittatur.
989 2667 1131 2720 Dixit
1154 2680 1282 2734 ergo
1311 2673 1514 2733 septem
1543 2664 1762 2732 spiritus
1786 2664 1879 2718 Dei
1907 2663 2099 2719 missos

515 2777 615 2831 per
669 2761 853 2815 orbem
893 2768 1178 2822 terrarum,
1214 2765 1272 2810 ut
1318 2755 1652 2819 ostenderet,
1705 2754 1958 2808 Ecclesize
2005 2769 2102 2823 per

515 2852 699 2907 orbem
731 2858 993 2904 terrarum
1024 2849 1219 2917 ubique
1241 2845 1443 2900 diffusae
1472 2845 1845 2914 septiformem
1875 2845 2098 2912 gratiam

515 2941 686 2996 sancti
707 2940 937 3009 Spiritus
961 2939 1205 3006 largitate
1227 2937 1495 2991 collatam.
1523 2935 1751 2989 Sanctus
1773 2935 1952 3004 itaque
1981 2934 2100 3003 Spi-

516 3034 676 3097 ritus,
707 3033 796 3099 qui
843 3030 1094 3084 Ecclesia:
1140 3028 1419 3083 caritatem
1453 3034 1506 3081 et
1535 3027 1699 3081 donat
1723 3034 1775 3080 et
1801 3035 2013 3091 servat,
2044 3035 2101 3080 et

517 3121 856 3183 sacrificium,
890 3126 946 3173 et
992 3120 1256 3188 baptisma
1297 3119 1489 3171 divinae
1520 3118 1734 3170 virtutis
1784 3119 2097 3187 operatione

2207 1937 2535 1993 Liberatoris
2563 1940 2940 1992 contumeliam
2975 1941 3220 2009 prosilire
3261 1945 3561 2006 contendit,
3594 1947 3797 2001 divina:

2205 2029 2462 2084 bonitatis
2490 2029 2744 2083 beneficia
2778 2045 2885 2083 non
2917 2033 3168 2087 attendit.
3195 2033 3281 2087 Ait
3303 2035 3443 2089 enim
3465 2035 3560 2089 Dei
3587 2037 3794 2093 Filius:

2207 2121 2267 2175 Si
2297 2139 2382 2176 eos
2412 2121 2458 2173 F
2461 2121 2580 2194 ilius
2620 2121 2930 2187 liberaverit,
2963 2140 3075 2177 rere
3102 2125 3249 2178 liberi
3285 2127 3427 2180 eritis
3469 2126 3649 2194 (Joan.
3673 2145 3800 2196 vm,

2204 2212 2317 2282 56).
2350 2212 2404 2266 In
2428 2229 2494 2268 eo
2516 2222 2694 2267 autem
2725 2214 2868 2282 quod
2899 2215 3204 2281 liberamur,
3235 2216 3330 2270 Dei
3368 2217 3458 2271 lilii
3501 2219 3792 2286 efficimur,

2203 2303 2325 2373 quia
2357 2303 2566 2357 liberati
2592 2321 2624 2356 a
2645 2314 2872 2372 peccato,
2917 2305 3049 2357 servi
3095 2317 3264 2358 autem
3309 2307 3435 2376 facti
3465 2305 3575 2361 Deo
3606 2307 3792 2374 (Rom.

2205 2409 2276 2455 vt,
2310 2392 2422 2461 2‘2),
2468 2394 2517 2446 in
2544 2407 2652 2461 quo
2682 2393 2972 2461 accipimus
2999 2394 3196 2448 donum
3235 2395 3423 2449 divina:
3462 2395 3792 2465 adoptionis,

2206 2485 2258 2537 in
2304 2499 2370 2538 co
2418 2484 2599 2552 utique
2647 2483 2942 2552 accipimus
2991 2485 3216 2551 gratiam
3269 2485 3548 2540 libertatis.
3593 2487 3795 2542 Beatus

2204 2582 2382 2627 autem
2412 2572 2700 2641 Apostolus
2731 2573 2842 2626 ait:
2878 2571 3002 2626 Non
3041 2576 3178 2627 enim
3226 2577 3499 2641 accepistis
3550 2579 3792 2645 spiritum

2203 2664 2460 2716 servitutis
2501 2664 2684 2715 iterum
2731 2663 2784 2716 in
2831 2665 3050 2716 timore:
3081 2667 3174 2717 sed
3221 2668 3492 2734 accepistis
3535 2667 3791 2736 Spiritum

2205 2754 2499 2823 adoptionis
2546 2753 2792 2822 ﬁliorum,
2842 2755 2895 2806 in
2938 2770 3036 2824 quo
3075 2755 3378 2819 clamamus,
3418 2756 3579 2821 Abba,
3631 2757 3792 2812 Pater

2205 2842 2384 2914 (Rom.
2415 2859 2524 2907 vni,
2553 2841 2662 2912 15).
2697 2842 2976 2908 Quomodo
3006 2859 3134 2913 ergo
3162 2846 3258 2915 ipsi
3287 2846 3509 2916 Spiritui
3540 2848 3790 2918 adoptio—

2205 2934 2287 2988 nis
2315 2935 2478 2988 homo
2507 2934 2811 2988 libertatem
2843 2934 3002 2989 audet
3031 2936 3288 3000 adimere,
3339 2953 3498 3006 quam
3525 2940 3643 2993 sine
3671 2941 3790 3008 ipso

2203 3023 2425 3093 Spiritu,
2450 3039 2550 3078 nec
2570 3025 2810 3094 recipere
2839 3033 3017 3095 potest
3041 3027 3325 3096 perditam,
3375 3045 3473 3084 nec
3513 3031 3654 3083 valet
3685 3033 3789 3084 ob-

2205 3115 2376 3168 tinere
2399 3114 2687 3169 collatam?
2727 3115 2792 3169 Et
2821 3116 2964 3184 quod
2993 3118 3145 3186 pejus
3175 3128 3276 3182 est,
3309 3120 3489 3183 audes,
3524 3121 3787 3187 Fabiane,

519 3210 840 3264 sanctificat.
872 3208 1130 3272 Proinde,
1161 3225 1267 3262 non
1299 3215 1381 3262 est
1412 3208 1675 3275 baptisma
1708 3216 1947 3261 nostrum
1981 3208 2097 3277 (si-
2129 3208 2173 3269 C
2205 3202 2383 3257 dicere
2417 3204 2540 3271 quia
2573 3204 2797 3258 liberum
2847 3205 3125 3260 arbitrium
3168 3208 3371 3262 homini
3416 3209 3630 3276 quidem
3679 3227 3790 3264 non

517 3306 610 3354 cut
639 3308 695 3352 tu
719 3297 891 3366 dicis)
918 3298 1113 3352 nullius
1141 3297 1414 3360 momenti,
1441 3297 1744 3365 nulliusque
1766 3296 2096 3351 substantim.

518 3389 788 3457 Baptisma
819 3388 1040 3457 quippe,
1069 3386 1211 3455 quod
1265 3387 1316 3439 in
1349 3386 1564 3439 nomine
1620 3383 1793 3438 Patris
1822 3393 1876 3438 et
1904 3385 2021 3439 Filii
2047 3393 2104 3441 et

516 3480 748 3548 Spiritus
777 3479 946 3532 sancti
998 3477 1175 3538 datur,
1209 3476 1422 3545 quando
1471 3476 1609 3530 intra
1662 3473 1955 3529 Ecclesiam
2011 3491 2103 3531 ca-

517 3570 772 3623 tholicam
795 3569 970 3632 datur,
997 3576 1052 3621 et
1081 3567 1303 3620 formam
1343 3567 1395 3620 in
1425 3582 1483 3621 se
1512 3565 1728 3635 pietatis
1756 3567 2018 3630 continet,
2049 3574 2103 3621 et

517 3661 790 3714 virtutem.
852 3659 1047 3713 Forma
1105 3659 1286 3726 itaque
1330 3657 1547 3727 pietatis
1598 3656 1792 3710 visibili
1843 3657 2102 3710 tinctione

518 3748 795 3804 confertur
829 3768 840 3801 :
876 3750 1042 3802 virtus
1073 3755 1253 3801 autem
1292 3746 1531 3816 pictatis,
1555 3745 1700 3800 dono
1722 3760 1864 3798 vera:
1894 3745 2012 3798 fidei
2046 3753 2103 3798 et

516 3839 758 3894 caritatis
784 3837 1096 3894 infunditur.
1122 3835 1373 3890 Hmretici
1404 3851 1530 3890 vero
1560 3842 1615 3888 et
1643 3834 1966 3889 schismatici
1987 3874 2000 3898 ,
2034 3835 2102 3888 de

515 3927 754 3983 Ecclesia
799 3928 1137 3992 recedentes,
1169 3925 1521 3995 perdiderunt
1559 3924 1774 3994 pietatis
1821 3924 2096 3985 virtutem,

515 4019 642 4087 quia
669 4033 774 4071 non
815 4024 1106 4071 tenuerunt
1146 4019 1328 4068 veram
1376 4012 1554 4079 ﬁdem,
1587 4029 1686 4069 nec
1731 4012 2103 4068 custodierunt

516 4109 936 4163 ecclesiasticam
992 4108 1320 4162 caritatem:
1369 4106 1594 4160 formam
1657 4121 1786 4160 vero
1841 4106 2096 4176 pietatis,

517 4198 664 4265 quod
687 4207 768 4252 est
810 4196 1084 4251 tinctionis
1111 4195 1321 4248 visibile
1364 4204 1777 4256 sacramentum,
1810 4211 1915 4248 non
1963 4195 2099 4247 ami-

517 4296 701 4343 serunt
732 4286 946 4354 quando
984 4285 1052 4339 de
1099 4283 1334 4338 Ecclesia
1377 4277 1647 4337 exierunt.
1698 4283 1973 4338 Remansit
2001 4300 2099 4338 au-

519 4387 628 4431 tem
661 4377 711 4429 in
740 4376 818 4430 eis
851 4375 916 4429 ad
944 4374 1304 4428 damnationis
1347 4374 1731 4440 testimonium,
1766 4390 1871 4428 non
1920 4375 1986 4428 ad
2013 4390 2102 4429 sa-

519 4469 642 4523 lutis
664 4467 936 4521 auxilium.
969 4463 1084 4522 Hoc
1112 4480 1240 4534 ergo
1268 4474 1419 4520 extra
1469 4465 1765 4521 Ecclesiam
1813 4465 2094 4531 dederunt,

2203 3293 2374 3356 deest,
2406 3301 2461 3346 et
2490 3301 2706 3347 sanctus
2736 3295 2965 3363 Spiritus
2990 3296 3140 3349 liberi
3173 3298 3376 3350 arbitrii
3405 3314 3510 3351 non
3541 3307 3651 3352 est.
3682 3297 3790 3352 No-

2202 3382 2285 3436 bis
2312 3383 2441 3436 dicit
2472 3382 2762 3452 Apostolus
2803 3402 2814 3436 :
2861 3383 2960 3438 Vos
3006 3387 3144 3438 enim
3185 3388 3248 3439 in.
3289 3387 3576 3441 libertatem
3624 3391 3790 3443 vocati

2203 3475 2346 3538 estis,
2399 3477 2635 3545 fratres:
2681 3485 2877 3529 tantum
2925 3493 2988 3528 ne
3036 3478 3321 3531 libertatem
3367 3479 3422 3530 iu
3469 3483 3808 3534 occasionem.

2203 3565 2377 3616 curuis
2400 3565 2561 3629 detis;
2606 3565 2697 3618 sed
2734 3583 2824 3634 per
2862 3568 3133 3619 caritatem
3167 3567 3398 3637 Spiritus
3437 3573 3616 3623 servile
3654 3572 3790 3623 inei-

2203 3671 2312 3708 cem
2345 3654 2486 3724 (Gal.
2521 3671 2571 3719 v,
2609 3655 2715 3723 l3).
2749 3654 2888 3710 Ecce
2910 3657 3105 3710 caritas
3133 3656 3364 3726 Spiritus
3394 3675 3493 3713 nos
3538 3661 3588 3712 in
3623 3660 3790 3715 liber-

2205 3752 2368 3798 tatem
2394 3745 2520 3799 fecit
2541 3745 2719 3798 vocari
2753 3763 2764 3795 :
2797 3746 3069 3812 quomodo
3093 3746 3206 3816 ipse
3231 3747 3462 3816 Spiritus
3483 3749 3640 3803 liberi
3673 3765 3792 3804 esse

2205 3835 2716 3902 negatur/arbitrii?
2762 3833 2866 3888 Sed
2911 3835 3168 3902 quendam
3219 3837 3308 3892 ille
3337 3838 3569 3908 Spiritus
3615 3841 3795 3907 arguit

2203 3915 2461 3980 mundum
2505 3926 2574 3979 de
2599 3934 2841 3994 peccato,
2884 3934 2938 3980 et
2988 3926 3054 3979 de
3097 3926 3324 3994 justitia,
3374 3937 3429 3982 et
3475 3929 3542 3982 de
3582 3928 3793 3996 judicio

2206 4015 2384 4085 (Joan.
2417 4031 2526 4080 xvr,
2555 4015 2646 4084 8);
2675 4030 2794 4070 cum
2821 4030 2919 4084 pro
2942 4016 3045 4070 hoc
3071 4027 3292 4084 peccato
3321 4019 3535 4071 veneris
3555 4019 3625 4072 ad
3649 4019 3795 4087 judi-

2203 4107 2365 4169 cium,
2412 4115 2538 4160 tunc
2565 4105 2790 4159 liberum
2820 4107 2991 4160 sancti
3035 4105 3270 4175 Spiritus
3303 4108 3598 4176 experieris
3642 4108 3794 4162 πω-

2204 4197 2385 4250 trium.
2418 4194 2560 4250 Dicis
2598 4196 2800 4249 interea
2844 4196 2896 4248 in
2924 4211 2991 4251 eo
3019 4211 3139 4250 esse
3166 4197 3426 4252 minorem
3469 4207 3632 4268 atque
3659 4199 3790 4252 sub-

2198 4285 2400 4354 jectum
2417 4285 2671 4355 Spiritum
2695 4295 2958 4350 sanctum,
2983 4288 3106 4354 quia
3133 4304 3238 4341 non
3262 4289 3462 4357 petitur
3489 4298 3546 4342 ut
3570 4288 3796 4345 descen~

2204 4375 2314 4442 dat,
2341 4383 2399 4430 ut
2427 4378 2622 4439 veniat,
2656 4383 2714 4429 ut
2753 4376 2867 4446 ipse
2893 4391 2951 4430 se
2985 4377 3163 4430 mittat
3192 4393 3256 4432 ac
3284 4377 3478 4446 dirigat
3503 4397 3516 4431 :
3548 4395 3658 4434 non
3687 4393 3789 4432 au-

2205 4475 2312 4522 tem
2343 4481 2508 4535 negas
2530 4467 2717 4520 Filium
2748 4469 2966 4522 missum
2991 4484 3020 4522 a
3046 4468 3224 4534 Patre,
3249 4477 3472 4538 propter
3494 4471 3640 4539 quod
3662 4487 3808 4526 eum-

515 4560 661 4631 quod
737 4568 1014 4630 acceptum
1089 4559 1392 4613 nullatenus
1460 4558 1807 4628 perdiderunt
1831 4599 1845 4624 ,
1903 4558 1954 4612 id
2020 4568 2103 4614 est
2135 4567 2181 4625 1)
2207 4558 2466 4611 minorem
2495 4557 2708 4612 conaris
2738 4572 2998 4613 asserere.
3023 4559 3078 4613 Si
3107 4574 3236 4628 ergo
3255 4560 3559 4615 divinorum
3588 4575 3796 4630 cogno-

516 4650 852 4719 baptismatis
903 4650 1114 4704 visibile
1167 4657 1582 4703 sacramentum.
1624 4649 1777 4715 Quod
1832 4649 2097 4718 baptisma

516 4743 675 4813 625
707 4757 812 4796 non
860 4741 981 4794 ideo
1003 4738 1302 4810 .dicendum
1349 4747 1433 4794 est
1476 4738 1615 4808 apud
1662 4737 1945 4794 haereticos
1989 4755 2096 4793 non

517 4833 716 4888 habere
740 4832 952 4902 pietatis
974 4830 1219 4899 formam,
1240 4831 1366 4900 quia
1388 4832 1636 4885 virtutem
1657 4831 1875 4899 pietatis
1899 4831 1967 4884 ibi
1992 4846 2099 4885 non

517 4923 682 4978 habet
710 4941 722 4975 :
753 4923 847 4977 sed
870 4923 1051 4977 formae
1080 4922 1294 4992 pietatis
1318 4919 1587 4974 reddenda
1618 4928 1702 4972 est
1725 4920 1911 4984 virtus,
1939 4935 2097 4988 quam

517 5013 630 5068 sola
648 5014 824 5068 unitas
847 5013 1108 5068 catholica
1133 5011 1389 5082 possidet,
1413 5011 1465 5064 in
1489 5025 1593 5078 qua
1610 5019 1690 5063 est
1717 5019 1771 5063 et
1787 5017 1948 5064 recta:
1977 5009 2099 5064 fidei

517 5107 744 5172 veritas,
764 5113 817 5159 et
832 5105 1074 5159 caritatis
1092 5104 1384 5172 indisrupta
1396 5102 1646 5157 societas.
1669 5100 1783 5155 Hoc
1806 5117 1966 5156 unum
1982 5117 2097 5156 cor-

516 5212 618 5267 pus
647 5195 897 5251 Ecclesia:
919 5212 1055 5250 unus
1074 5196 1304 5265 Spiritus
1324 5194 1575 5248 vivificat.
1609 5191 1835 5262 Propter
1861 5191 2003 5261 quod
2026 5191 2101 5245 ait

519 5287 710 5342 beatus
733 5285 956 5340 Paulus:
985 5285 1152 5340 Unum
1181 5302 1385 5356 corpus,
1411 5293 1459 5338 et
1483 5301 1614 5337 unus
1633 5282 1860 5354 Spiritus
1885 5281 2098 5352 (Ep/res.

519 5393 589 5441 tv,
621 5377 695 5447 4).
745 5376 802 5431 ιιι
833 5377 936 5432 hoc
974 5391 1082 5431 uno
1120 5391 1347 5444 corpore
1394 5374 1831 5443 permanentibus
1880 5373 2101 5442 singulis

519 5468 817 5538 quibusque
842 5468 1115 5531 membris,
1139 5476 1192 5521 et
1214 5466 1380 5520 forma
1402 5465 1579 5519 inesse
1603 5463 1870 5518 invenitur
1888 5471 1943 5518 et
1966 5464 2096 5517 vita.

521 5561 600 5616 Ab
631 5563 729 5618 hoc
758 5571 934 5618 autem
975 5576 1202 5632 corpore
1239 5574 1398 5615 omne
1436 5559 1732 5612 membrum
1763 5555 1908 5626 quod
1940 5555 2102 5609 fuerit

519 5651 631 5706 sive
660 5651 985 5717 infidelitate,
1014 5654 1126 5707 sive
1154 5651 1498 5705 animositate
1540 5650 1840 5718 pmcisum,
1872 5647 2100 5701 formam

521 5741 735 5805 retinet,
767 5743 877 5795 vita
925 5751 1089 5797 caret.
1125 5741 1420 5796 Membrum
1461 5739 1605 5796 enim
1637 5737 1778 5809 quod
1814 5753 1843 5791 a
1874 5752 2103 5808 corpore

519 5841 818 5902 separatur,
853 5833 1167 5888 invisibiletn
1189 5831 1405 5900 quidem
1437 5832 1598 5884 vitam
1631 5828 1824 5900 perdit,
1878 5827 2101 5882 formam

2211 4649 2353 4703 veris
2409 4648 2755 4703 attestatione
2802 4649 3155 4716 voluminum,
3204 4649 3393 4703 Filium
3440 4665 3470 4703 a
3513 4651 3798 4720 prophetis

2203 4739 2534 4810 postulatum
2566 4747 2625 4792 ut
2668 4738 3022 4794 descenderet
3048 4755 3112 4794 ac
3151 4741 3375 4800 veniret,
3423 4739 3617 4794 saltem
3659 4740 3795 4796 hinc

2204 4846 2326 4886 eum
2368 4829 2619 4885 fateberis
2662 4846 2767 4884 non
2814 4846 2933 4885 esse
2980 4831 3314 4899 subjectum;
3363 4831 3617 4901 dioesque
3659 4848 3795 4888 eum

2164 4976 2176 4988 ,
2205 4938 2325 4977 esse
2375 4922 2664 4976 voluntatis
2711 4921 2910 4986 libera),
2954 4937 3017 4976 ac
3062 4923 3294 4997 propr-im
3344 4925 3644 4993 potestatis.
3687 4923 3794 4980 Cui

2206 5012 2348 5066 enim
2398 5011 2499 5065 nisi
2530 5011 2665 5065 Filio
2694 5026 2854 5079 quem
2885 5011 3266 5066 descensurum
3307 5021 3549 5080 noverat,
3598 5014 3797 5070 beatus

2206 5105 2467 5174 propheta
2499 5103 2748 5158 dicebat:
2783 5103 3026 5170 Domine,
3073 5105 3268 5158 inclina
3315 5106 3488 5168 stelas,
3531 5116 3582 5160 et
3623 5107 3810 5178 628.

2206 5195 2456 5247 descende
2489 5192 2660 5264 (Psal.
2694 5210 2877 5261 estin,
2910 5191 3001 5264 5)?
3047 5203 3140 5246 aut
3181 5194 3352 5262 cujus,
3403 5195 3504 5248 nisi
3534 5195 3625 5249 Dei
3659 5193 3797 5250 Uni-

2203 5285 2366 5353 geniti
2397 5287 2657 5354 poscebat
2680 5285 2989 5350 adventum,
3015 5283 3203 5338 dicens
3229 5302 3240 5336 :
3269 5284 3369 5348 Qui
3397 5287 3567 5356 pascis
3597 5284 3798 5349 Israel,

2203 5376 2436 5440 intende;
2465 5378 2547 5447 qui
2570 5375 2781 5428 deducis
2810 5375 2941 5427 velut
2966 5390 3082 5427 oves
3102 5373 3314 5445 Joseph.
3341 5373 3439 5437 Qui
3468 5376 3611 5428 sedes
3635 5390 3797 5444 super

2205 5467 2496 5531 Cherubim,
2539 5482 2734 5536 appare
2755 5481 2928 5518 coram
2955 5463 3159 5535 Efrem,
3204 5475 3253 5518 et
3281 5465 3576 5535 Benjamin,
3603 5473 3654 5517 et
3678 5463 3800 5516 Ma-

2203 5575 2373 5612 uasse.
2407 5557 2595 5612 Excita
2633 5559 2915 5627 potentiam
2947 5566 3105 5621 tuam,
3148 5566 3199 5609 et
3238 5558 3350 5610 veni
3386 5566 3440 5609 ut
3471 5555 3654 5610 liberes
3691 5569 3793 5607 nos

2207 5649 2376 5719 (l‘sal.
2405 5666 2587 5714 usus,
2606 5649 2655 5712 1,
2676 5648 2729 5712 9.,
2746 5648 2800 5718 5)
2819 5647 3103 5716 ?Agnosce
3123 5649 3303 5715 igitur,
3319 5649 3370 5700 in
3391 5663 3456 5703 eo
3470 5645 3615 5716 quod
3633 5645 3796 5699 Pater

2209 5739 2599 5808 postulabatur,
2649 5737 2861 5792 dicente
2891 5739 3187 5808 propheta:
3222 5737 3414 5791 Emitte
3443 5738 3606 5791 lucem
3650 5745 3804 5788 tum

2207 5840 2254 5883 et
2277 5831 2536 5884 veritatem
2568 5839 2705 5883 tuam
2737 5829 2907 5901 (Psal.
2942 5846 3070 5897 nu,
3099 5829 3190 5899 5);
3241 5837 3297 5885 et
3324 5846 3336 5883 :
3372 5827 3592 5894 Munda,
3627 5825 3800 5891 Deus,
