  <div class='ocr_page' id='page_1' title='image "/cluster/home/n/w/nwhite01/storage/ocr_20150623/65/hvd.32044054128558/404.png"; bbox 0 0 4090 6342; ppageno 0'>
   <div class='ocr_carea' id='block_1_1' title="bbox 326 427 427 482">
    <p class='ocr_par' dir='ltr' id='par_1_1' title="bbox 326 427 427 482">
     <span class='ocr_line' id='line_1_1' title="bbox 326 427 427 482; baseline 0 0"><span class='ocrx_word' id='word_1_1' title='bbox 326 427 427 482; x_wconf 79' lang='lat'><strong>797</strong></span> 
     </span>
    </p>
   </div>
   <div class='ocr_carea' id='block_1_2' title="bbox 1391 399 2538 466">
    <p class='ocr_par' dir='ltr' id='par_1_2' title="bbox 1391 399 2538 466">
     <span class='ocr_line' id='line_1_2' title="bbox 1391 399 2538 466; baseline -0.01 0"><span class='ocrx_word' id='word_1_2' title='bbox 1391 406 1666 466; x_wconf 72' lang='lat' dir='ltr'><strong>CONTRA</strong></span> <span class='ocrx_word' id='word_1_3' title='bbox 1705 401 2053 459; x_wconf 71' lang='lat' dir='ltr'><strong>FABIANU.“</strong></span> <span class='ocrx_word' id='word_1_4' title='bbox 2099 400 2277 456; x_wconf 78' lang='lat' dir='ltr'><strong>FRAG</strong></span> <span class='ocrx_word' id='word_1_5' title='bbox 2288 401 2328 453; x_wconf 70' lang='lat' dir='ltr'><strong>ll</strong></span> <span class='ocrx_word' id='word_1_6' title='bbox 2341 399 2538 454; x_wconf 63' lang='lat' dir='ltr'><strong>ENTA.</strong></span> 
     </span>
    </p>
   </div>
   <div class='ocr_carea' id='block_1_3' title="bbox 3484 391 3585 444">
    <p class='ocr_par' dir='ltr' id='par_1_3' title="bbox 3484 391 3585 444">
     <span class='ocr_line' id='line_1_3' title="bbox 3484 391 3585 444; baseline 0 0"><span class='ocrx_word' id='word_1_7' title='bbox 3484 391 3585 444; x_wconf 75' lang='lat'><strong>798</strong></span> 
     </span>
    </p>
   </div>
   <div class='ocr_carea' id='block_1_4' title="bbox 326 501 3583 604">
    <p class='ocr_par' dir='ltr' id='par_1_4' title="bbox 326 501 3583 604">
     <span class='ocr_line' id='line_1_4' title="bbox 326 501 3583 604; baseline -0.014 -6"><span class='ocrx_word' id='word_1_8' title='bbox 326 542 498 599; x_wconf 70' lang='lat' dir='ltr'><strong>virtuti</strong></span> <span class='ocrx_word' id='word_1_9' title='bbox 521 550 652 601; x_wconf 73' lang='lat' dir='ltr'><strong>tute;</strong></span> <span class='ocrx_word' id='word_1_10' title='bbox 684 535 932 604; x_wconf 76' lang='lat' dir='ltr'><strong>conﬁrmo</strong></span> <span class='ocrx_word' id='word_1_11' title='bbox 958 530 1092 603; x_wconf 82' lang='lat' dir='ltr'><strong>quod</strong></span> <span class='ocrx_word' id='word_1_12' title='bbox 1131 536 1370 599; x_wconf 74' lang='lat' dir='ltr'><strong>operatus</strong></span> <span class='ocrx_word' id='word_1_13' title='bbox 1399 543 1452 578; x_wconf 80' lang='lat' dir='ltr'><strong>es</strong></span> <span class='ocrx_word' id='word_1_14' title='bbox 1481 525 1533 578; x_wconf 85' lang='lat' dir='ltr'><strong>iu</strong></span> <span class='ocrx_word' id='word_1_15' title='bbox 1563 517 1899 587; x_wconf 80' lang='lat' dir='ltr'><strong>nobis(Psal.</strong></span> <span class='ocrx_word' id='word_1_16' title='bbox 1935 520 1978 576; x_wconf 76' lang='grc' dir='ltr'>Α</span> <span class='ocrx_word' id='word_1_17' title='bbox 2011 526 2174 578; x_wconf 78' lang='lat' dir='ltr'><strong>ratur,</strong></span> <span class='ocrx_word' id='word_1_18' title='bbox 2227 513 2455 566; x_wconf 76' lang='lat' dir='ltr'><strong>dividens</strong></span> <span class='ocrx_word' id='word_1_19' title='bbox 2501 508 2715 578; x_wconf 74' lang='lat' dir='ltr'><strong>singulis</strong></span> <span class='ocrx_word' id='word_1_20' title='bbox 2774 514 2923 576; x_wconf 81' lang='lat' dir='ltr'><strong>prout</strong></span> <span class='ocrx_word' id='word_1_21' title='bbox 2972 506 3072 558; x_wconf 72' lang='lat' dir='ltr'><strong>vult</strong></span> <span class='ocrx_word' id='word_1_22' title='bbox 3113 503 3164 575; x_wconf 89' lang='lat' dir='ltr'><strong>(I</strong></span> <span class='ocrx_word' id='word_1_23' title='bbox 3195 503 3314 558; x_wconf 89' lang='lat' dir='ltr'><strong>Cor.</strong></span> <span class='ocrx_word' id='word_1_24' title='bbox 3347 518 3440 561; x_wconf 83' lang='lat' dir='ltr'><strong>xtl.</strong></span> <span class='ocrx_word' id='word_1_25' title='bbox 3471 501 3583 568; x_wconf 82' lang='lat' dir='ltr'><strong>ll)-</strong></span> 
     </span>
    </p>
   </div>
   <div class='ocr_carea' id='block_1_5' title="bbox 325 607 1905 698">
    <p class='ocr_par' dir='ltr' id='par_1_5' title="bbox 325 607 1905 698">
     <span class='ocr_line' id='line_1_5' title="bbox 325 607 1905 698; baseline -0.018 -10"><span class='ocrx_word' id='word_1_26' title='bbox 325 647 488 694; x_wconf 76' lang='lat' dir='ltr'><strong>van,</strong></span> <span class='ocrx_word' id='word_1_27' title='bbox 516 628 642 698; x_wconf 72' lang='lat'><strong>29),</strong></span> <span class='ocrx_word' id='word_1_28' title='bbox 673 642 703 680; x_wconf 91' lang='lat' dir='ltr'><strong>a</strong></span> <span class='ocrx_word' id='word_1_29' title='bbox 735 623 890 678; x_wconf 90' lang='lat' dir='ltr'><strong>Patre</strong></span> <span class='ocrx_word' id='word_1_30' title='bbox 917 622 1104 674; x_wconf 88' lang='lat' dir='ltr'><strong>Filium</strong></span> <span class='ocrx_word' id='word_1_31' title='bbox 1133 619 1348 672; x_wconf 84' lang='lat' dir='ltr'><strong>missum</strong></span> <span class='ocrx_word' id='word_1_32' title='bbox 1379 632 1394 680; x_wconf 93' lang='lat'><strong>;</strong></span> <span class='ocrx_word' id='word_1_33' title='bbox 1427 616 1478 667; x_wconf 92' lang='lat' dir='ltr'><strong>in</strong></span> <span class='ocrx_word' id='word_1_34' title='bbox 1507 628 1573 667; x_wconf 89' lang='lat' dir='ltr'><strong>eo</strong></span> <span class='ocrx_word' id='word_1_35' title='bbox 1603 626 1732 665; x_wconf 87' lang='lat' dir='ltr'><strong>vero</strong></span> <span class='ocrx_word' id='word_1_36' title='bbox 1761 607 1905 678; x_wconf 84' lang='lat' dir='ltr'><strong>quod</strong></span> 
     </span>
    </p>
   </div>
   <div class='ocr_carea' id='block_1_6' title="bbox 327 699 1904 787">
    <p class='ocr_par' dir='ltr' id='par_1_6' title="bbox 327 699 1904 787">
     <span class='ocr_line' id='line_1_6' title="bbox 327 699 1904 787; baseline -0.02 -7"><span class='ocrx_word' id='word_1_37' title='bbox 327 734 387 780; x_wconf 89' lang='lat' dir='ltr'><strong>ut</strong></span> <span class='ocrx_word' id='word_1_38' title='bbox 407 721 616 778; x_wconf 76' lang='lat' dir='ltr'><strong>veniret</strong></span> <span class='ocrx_word' id='word_1_39' title='bbox 642 734 672 772; x_wconf 90' lang='lat' dir='ltr'><strong>a</strong></span> <span class='ocrx_word' id='word_1_40' title='bbox 712 713 992 787; x_wconf 72' lang='lat' dir='ltr'><strong>prophetis</strong></span> <span class='ocrx_word' id='word_1_41' title='bbox 1019 712 1132 780; x_wconf 89' lang='lat' dir='ltr'><strong>ipse</strong></span> <span class='ocrx_word' id='word_1_42' title='bbox 1162 708 1328 762; x_wconf 89' lang='lat' dir='ltr'><strong>Filius</strong></span> <span class='ocrx_word' id='word_1_43' title='bbox 1373 703 1681 773; x_wconf 73' lang='lat' dir='ltr'><strong>rogabatur,</strong></span> <span class='ocrx_word' id='word_1_44' title='bbox 1711 699 1904 754; x_wconf 88' lang='lat' dir='ltr'><strong>Filium</strong></span> 
     </span>
    </p>
   </div>
   <div class='ocr_carea' id='block_1_7' title="bbox 329 787 1908 886">
    <p class='ocr_par' dir='ltr' id='par_1_7' title="bbox 329 787 1908 886">
     <span class='ocr_line' id='line_1_7' title="bbox 329 787 1908 886; baseline -0.019 -17"><span class='ocrx_word' id='word_1_45' title='bbox 329 813 545 886; x_wconf 84' lang='lat' dir='ltr'><strong>propria</strong></span> <span class='ocrx_word' id='word_1_46' title='bbox 574 809 848 864; x_wconf 79' lang='lat' dir='ltr'><strong>voluntate</strong></span> <span class='ocrx_word' id='word_1_47' title='bbox 876 803 1106 856; x_wconf 84' lang='lat' dir='ltr'><strong>venisse.</strong></span> <span class='ocrx_word' id='word_1_48' title='bbox 1141 797 1420 864; x_wconf 82' lang='lat' dir='ltr'><strong>Nunquam</strong></span> <span class='ocrx_word' id='word_1_49' title='bbox 1450 793 1591 846; x_wconf 89' lang='lat' dir='ltr'><strong>enim</strong></span> <span class='ocrx_word' id='word_1_50' title='bbox 1623 805 1652 843; x_wconf 90' lang='lat' dir='ltr'><strong>a</strong></span> <span class='ocrx_word' id='word_1_51' title='bbox 1684 787 1908 858; x_wconf 88' lang='lat' dir='ltr'><strong>prophe-</strong></span> 
     </span>
    </p>
   </div>
   <div class='ocr_carea' id='block_1_8' title="bbox 328 884 1905 973">
    <p class='ocr_par' dir='ltr' id='par_1_8' title="bbox 328 884 1905 973">
     <span class='ocr_line' id='line_1_8' title="bbox 328 884 1905 973; baseline -0.019 -16"><span class='ocrx_word' id='word_1_52' title='bbox 328 884 398 959; x_wconf 83' lang='lat' dir='ltr'><strong>tis</strong></span> <span class='ocrx_word' id='word_1_53' title='bbox 425 900 786 973; x_wconf 86' lang='lat' dir='ltr'><strong>postularetur</strong></span> <span class='ocrx_word' id='word_1_54' title='bbox 816 893 1000 952; x_wconf 83' lang='lat' dir='ltr'><strong>Filius,</strong></span> <span class='ocrx_word' id='word_1_55' title='bbox 1051 890 1094 943; x_wconf 89' lang='lat' dir='ltr'><strong>si</strong></span> <span class='ocrx_word' id='word_1_56' title='bbox 1139 889 1194 941; x_wconf 88' lang='lat' dir='ltr'><strong>in</strong></span> <span class='ocrx_word' id='word_1_57' title='bbox 1234 884 1447 956; x_wconf 88' lang='lat' dir='ltr'><strong>propria</strong></span> <span class='ocrx_word' id='word_1_58' title='bbox 1494 887 1758 950; x_wconf 85' lang='lat' dir='ltr'><strong>potestate</strong></span> <span class='ocrx_word' id='word_1_59' title='bbox 1801 892 1905 930; x_wconf 91' lang='lat' dir='ltr'><strong>non</strong></span> 
     </span>
    </p>
   </div>
   <div class='ocr_carea' id='block_1_9' title="bbox 329 967 1909 1065">
    <p class='ocr_par' dir='ltr' id='par_1_9' title="bbox 329 967 1909 1065">
     <span class='ocr_line' id='line_1_9' title="bbox 329 967 1909 1065; baseline -0.021 -15"><span class='ocrx_word' id='word_1_60' title='bbox 329 967 447 1065; x_wconf 77' lang='lat' dir='ltr'><strong>ejus</strong></span> <span class='ocrx_word' id='word_1_61' title='bbox 475 992 660 1046; x_wconf 82' lang='lat' dir='ltr'><strong>fuisset</strong></span> <span class='ocrx_word' id='word_1_62' title='bbox 686 987 967 1040; x_wconf 80' lang='lat' dir='ltr'><strong>adventus.</strong></span> <span class='ocrx_word' id='word_1_63' title='bbox 1003 978 1312 1048; x_wconf 66' lang='lat' dir='ltr'><strong>llogabatur</strong></span> <span class='ocrx_word' id='word_1_64' title='bbox 1341 987 1470 1041; x_wconf 86' lang='lat' dir='ltr'><strong>ergo</strong></span> <span class='ocrx_word' id='word_1_65' title='bbox 1499 970 1673 1030; x_wconf 86' lang='lat' dir='ltr'><strong>Pater,</strong></span> <span class='ocrx_word' id='word_1_66' title='bbox 1710 976 1766 1021; x_wconf 92' lang='lat' dir='ltr'><strong>ut</strong></span> <span class='ocrx_word' id='word_1_67' title='bbox 1796 967 1909 1034; x_wconf 90' lang='lat' dir='ltr'><strong>ipse</strong></span> 
     </span>
    </p>
   </div>
   <div class='ocr_carea' id='block_1_10' title="bbox 331 1064 1908 1141">
    <p class='ocr_par' dir='ltr' id='par_1_10' title="bbox 331 1064 1908 1141">
     <span class='ocr_line' id='line_1_10' title="bbox 331 1064 1908 1141; baseline -0.021 -2"><span class='ocrx_word' id='word_1_68' title='bbox 331 1064 571 1138; x_wconf 90' lang='lat' dir='ltr'><strong>mitteret</strong></span> <span class='ocrx_word' id='word_1_69' title='bbox 595 1077 808 1137; x_wconf 91' lang='lat' dir='ltr'><strong>Filium,</strong></span> <span class='ocrx_word' id='word_1_70' title='bbox 849 1071 972 1141; x_wconf 90' lang='lat' dir='ltr'><strong>quia</strong></span> <span class='ocrx_word' id='word_1_71' title='bbox 1021 1067 1205 1138; x_wconf 80' lang='lat' dir='ltr'><strong>genuit</strong></span> <span class='ocrx_word' id='word_1_72' title='bbox 1235 1064 1454 1126; x_wconf 87' lang='lat' dir='ltr'><strong>Filiutn;</strong></span> <span class='ocrx_word' id='word_1_73' title='bbox 1507 1074 1681 1127; x_wconf 89' lang='lat' dir='ltr'><strong>neque</strong></span> <span class='ocrx_word' id='word_1_74' title='bbox 1732 1066 1908 1109; x_wconf 89' lang='lat' dir='ltr'><strong>tamen</strong></span> 
     </span>
    </p>
   </div>
   <div class='ocr_carea' id='block_1_11' title="bbox 332 1148 1909 1238">
    <p class='ocr_par' dir='ltr' id='par_1_11' title="bbox 332 1148 1909 1238">
     <span class='ocr_line' id='line_1_11' title="bbox 332 1148 1909 1238; baseline -0.021 -9"><span class='ocrx_word' id='word_1_75' title='bbox 332 1173 497 1230; x_wconf 88' lang='lat' dir='ltr'><strong>Filius</strong></span> <span class='ocrx_word' id='word_1_76' title='bbox 525 1175 807 1238; x_wconf 72' lang='lat' dir='ltr'><strong>rogaretur</strong></span> <span class='ocrx_word' id='word_1_77' title='bbox 833 1172 892 1217; x_wconf 92' lang='lat' dir='ltr'><strong>ut</strong></span> <span class='ocrx_word' id='word_1_78' title='bbox 919 1157 1270 1215; x_wconf 84' lang='lat' dir='ltr'><strong>descenderet</strong></span> <span class='ocrx_word' id='word_1_79' title='bbox 1309 1169 1372 1208; x_wconf 92' lang='lat' dir='ltr'><strong>ac</strong></span> <span class='ocrx_word' id='word_1_80' title='bbox 1400 1151 1626 1212; x_wconf 90' lang='lat' dir='ltr'><strong>veniret,</strong></span> <span class='ocrx_word' id='word_1_81' title='bbox 1676 1148 1720 1201; x_wconf 89' lang='lat' dir='ltr'><strong>si</strong></span> <span class='ocrx_word' id='word_1_82' title='bbox 1752 1160 1909 1200; x_wconf 90' lang='lat' dir='ltr'><strong>unam</strong></span> 
     </span>
    </p>
   </div>
   <div class='ocr_carea' id='block_1_12' title="bbox 335 1239 1910 1329">
    <p class='ocr_par' dir='ltr' id='par_1_12' title="bbox 335 1239 1910 1329">
     <span class='ocr_line' id='line_1_12' title="bbox 335 1239 1910 1329; baseline -0.02 -10"><span class='ocrx_word' id='word_1_83' title='bbox 335 1263 690 1329; x_wconf 82' lang='lat' dir='ltr'><strong>eamdemque</strong></span> <span class='ocrx_word' id='word_1_84' title='bbox 720 1271 840 1312; x_wconf 91' lang='lat' dir='ltr'><strong>cum</strong></span> <span class='ocrx_word' id='word_1_85' title='bbox 868 1254 1027 1307; x_wconf 86' lang='lat' dir='ltr'><strong>Patre</strong></span> <span class='ocrx_word' id='word_1_86' title='bbox 1081 1253 1403 1318; x_wconf 89' lang='lat' dir='ltr'><strong>potestatem</strong></span> <span class='ocrx_word' id='word_1_87' title='bbox 1445 1239 1758 1316; x_wconf 88' lang='lat' dir='ltr'><strong>naturaliter</strong></span> <span class='ocrx_word' id='word_1_88' title='bbox 1806 1251 1910 1289; x_wconf 92' lang='lat' dir='ltr'><strong>non</strong></span> 
     </span>
    </p>
   </div>
   <div class='ocr_carea' id='block_1_13' title="bbox 333 1328 1911 1412">
    <p class='ocr_par' dir='ltr' id='par_1_13' title="bbox 333 1328 1911 1412">
     <span class='ocr_line' id='line_1_13' title="bbox 333 1328 1911 1412; baseline -0.02 -1"><span class='ocrx_word' id='word_1_89' title='bbox 333 1328 815 1410; x_wconf 23' lang='lat' dir='ltr'><strong>haberetaSancti</strong></span> <span class='ocrx_word' id='word_1_90' title='bbox 861 1359 988 1412; x_wconf 88' lang='lat' dir='ltr'><strong>ergo</strong></span> <span class='ocrx_word' id='word_1_91' title='bbox 1035 1340 1311 1410; x_wconf 84' lang='lat' dir='ltr'><strong>prophetae</strong></span> <span class='ocrx_word' id='word_1_92' title='bbox 1347 1335 1588 1390; x_wconf 90' lang='lat' dir='ltr'><strong>sciebant</strong></span> <span class='ocrx_word' id='word_1_93' title='bbox 1634 1346 1692 1384; x_wconf 88' lang='lat' dir='ltr'><strong>se</strong></span> <span class='ocrx_word' id='word_1_94' title='bbox 1721 1328 1911 1382; x_wconf 91' lang='lat' dir='ltr'><strong>Filium</strong></span> 
     </span>
    </p>
   </div>
   <div class='ocr_carea' id='block_1_14' title="bbox 334 1420 1914 1515">
    <p class='ocr_par' dir='ltr' id='par_1_14' title="bbox 334 1420 1914 1515">
     <span class='ocr_line' id='line_1_14' title="bbox 334 1420 1914 1515; baseline -0.02 -14"><span class='ocrx_word' id='word_1_95' title='bbox 334 1438 566 1515; x_wconf 57' lang='lat' dir='ltr'><strong>rogare;</strong></span> <span class='ocrx_word' id='word_1_96' title='bbox 598 1456 718 1496; x_wconf 90' lang='lat' dir='ltr'><strong>cum</strong></span> <span class='ocrx_word' id='word_1_97' title='bbox 749 1437 1010 1504; x_wconf 89' lang='lat' dir='ltr'><strong>rogabant</strong></span> <span class='ocrx_word' id='word_1_98' title='bbox 1039 1432 1284 1491; x_wconf 85' lang='lat' dir='ltr'><strong>Patrem;</strong></span> <span class='ocrx_word' id='word_1_99' title='bbox 1334 1425 1577 1481; x_wconf 87' lang='lat' dir='ltr'><strong>similiter</strong></span> <span class='ocrx_word' id='word_1_100' title='bbox 1619 1430 1672 1476; x_wconf 89' lang='lat' dir='ltr'><strong>et</strong></span> <span class='ocrx_word' id='word_1_101' title='bbox 1701 1420 1914 1472; x_wconf 89' lang='lat' dir='ltr'><strong>Patrem</strong></span> 
     </span>
    </p>
   </div>
   <div class='ocr_carea' id='block_1_15' title="bbox 334 1507 1914 1608">
    <p class='ocr_par' dir='ltr' id='par_1_15' title="bbox 334 1507 1914 1608">
     <span class='ocr_line' id='line_1_15' title="bbox 334 1507 1914 1608; baseline -0.018 -17"><span class='ocrx_word' id='word_1_102' title='bbox 334 1507 636 1608; x_wconf 68' lang='lat' dir='ltr'><strong>postulare,</strong></span> <span class='ocrx_word' id='word_1_103' title='bbox 683 1543 804 1584; x_wconf 91' lang='lat' dir='ltr'><strong>cum</strong></span> <span class='ocrx_word' id='word_1_104' title='bbox 848 1525 1040 1578; x_wconf 91' lang='lat' dir='ltr'><strong>Filium</strong></span> <span class='ocrx_word' id='word_1_105' title='bbox 1089 1518 1476 1590; x_wconf 87' lang='lat' dir='ltr'><strong>postulabant:</strong></span> <span class='ocrx_word' id='word_1_106' title='bbox 1525 1513 1643 1566; x_wconf 87' lang='lat' dir='ltr'><strong>ideo</strong></span> <span class='ocrx_word' id='word_1_107' title='bbox 1690 1511 1804 1563; x_wconf 85' lang='lat' dir='ltr'><strong>sive</strong></span> <span class='ocrx_word' id='word_1_108' title='bbox 1848 1507 1914 1562; x_wconf 88' lang='lat' dir='ltr'><strong>ad</strong></span> 
     </span>
    </p>
   </div>
   <div class='ocr_carea' id='block_1_16' title="bbox 337 1601 1913 1688">
    <p class='ocr_par' dir='ltr' id='par_1_16' title="bbox 337 1601 1913 1688">
     <span class='ocr_line' id='line_1_16' title="bbox 337 1601 1913 1688; baseline -0.02 -7"><span class='ocrx_word' id='word_1_109' title='bbox 337 1601 533 1688; x_wconf 81' lang='lat' dir='ltr'><strong>Patris,</strong></span> <span class='ocrx_word' id='word_1_110' title='bbox 586 1622 700 1675; x_wconf 86' lang='lat' dir='ltr'><strong>sive</strong></span> <span class='ocrx_word' id='word_1_111' title='bbox 750 1617 813 1671; x_wconf 88' lang='lat' dir='ltr'><strong>ad</strong></span> <span class='ocrx_word' id='word_1_112' title='bbox 853 1615 968 1668; x_wconf 81' lang='lat' dir='ltr'><strong>Filii</strong></span> <span class='ocrx_word' id='word_1_113' title='bbox 1014 1625 1298 1682; x_wconf 90' lang='lat' dir='ltr'><strong>personam</strong></span> <span class='ocrx_word' id='word_1_114' title='bbox 1348 1620 1562 1676; x_wconf 88' lang='lat' dir='ltr'><strong>precem</strong></span> <span class='ocrx_word' id='word_1_115' title='bbox 1607 1601 1913 1668; x_wconf 77' lang='lat' dir='ltr'><strong>dirigerent,</strong></span> 
     </span>
    </p>
   </div>
   <div class='ocr_carea' id='block_1_17' title="bbox 337 1691 1919 1771">
    <p class='ocr_par' dir='ltr' id='par_1_17' title="bbox 337 1691 1919 1771">
     <span class='ocr_line' id='line_1_17' title="bbox 337 1691 1919 1771; baseline -0.017 -2"><span class='ocrx_word' id='word_1_116' title='bbox 337 1725 508 1771; x_wconf 89' lang='lat' dir='ltr'><strong>totam</strong></span> <span class='ocrx_word' id='word_1_117' title='bbox 552 1710 868 1765; x_wconf 85' lang='lat' dir='ltr'><strong>Trinitatem</strong></span> <span class='ocrx_word' id='word_1_118' title='bbox 914 1705 966 1757; x_wconf 91' lang='lat' dir='ltr'><strong>in</strong></span> <span class='ocrx_word' id='word_1_119' title='bbox 1015 1702 1170 1755; x_wconf 88' lang='lat' dir='ltr'><strong>unius</strong></span> <span class='ocrx_word' id='word_1_120' title='bbox 1213 1711 1458 1767; x_wconf 71' lang='lat' dir='ltr'><strong>personzc</strong></span> <span class='ocrx_word' id='word_1_121' title='bbox 1506 1691 1919 1761; x_wconf 88' lang='lat' dir='ltr'><strong>compellatione</strong></span> 
     </span>
    </p>
   </div>
   <div class='ocr_carea' id='block_1_18' title="bbox 338 1784 1918 1879">
    <p class='ocr_par' dir='ltr' id='par_1_18' title="bbox 338 1784 1918 1879">
     <span class='ocr_line' id='line_1_18' title="bbox 338 1784 1918 1879; baseline -0.02 -17"><span class='ocrx_word' id='word_1_122' title='bbox 338 1806 655 1879; x_wconf 86' lang='lat' dir='ltr'><strong>poscebant,</strong></span> <span class='ocrx_word' id='word_1_123' title='bbox 685 1799 810 1869; x_wconf 91' lang='lat' dir='ltr'><strong>quia</strong></span> <span class='ocrx_word' id='word_1_124' title='bbox 840 1810 996 1850; x_wconf 89' lang='lat' dir='ltr'><strong>unam</strong></span> <span class='ocrx_word' id='word_1_125' title='bbox 1028 1791 1308 1846; x_wconf 86' lang='lat' dir='ltr'><strong>Trinitatis</strong></span> <span class='ocrx_word' id='word_1_126' title='bbox 1354 1784 1706 1842; x_wconf 89' lang='lat' dir='ltr'><strong>substantiam</strong></span> <span class='ocrx_word' id='word_1_127' title='bbox 1752 1794 1918 1834; x_wconf 88' lang='lat' dir='ltr'><strong>nove-</strong></span> 
     </span>
    </p>
   </div>
   <div class='ocr_carea' id='block_1_19' title="bbox 339 1873 1998 1956">
    <p class='ocr_par' dir='ltr' id='par_1_19' title="bbox 339 1873 1998 1956">
     <span class='ocr_line' id='line_1_19' title="bbox 339 1873 1998 1956; baseline -0.019 -2"><span class='ocrx_word' id='word_1_128' title='bbox 339 1873 478 1955; x_wconf 75' lang='lat' dir='ltr'><strong>rant.</strong></span> <span class='ocrx_word' id='word_1_129' title='bbox 525 1895 690 1950; x_wconf 90' lang='lat' dir='ltr'><strong>Filius</strong></span> <span class='ocrx_word' id='word_1_130' title='bbox 718 1899 800 1946; x_wconf 90' lang='lat' dir='ltr'><strong>est</strong></span> <span class='ocrx_word' id='word_1_131' title='bbox 829 1876 1001 1956; x_wconf 13' lang='lat' dir='ltr'><strong>(igitur</strong></span> <span class='ocrx_word' id='word_1_132' title='bbox 1024 1901 1052 1939; x_wconf 91' lang='lat' dir='ltr'><strong>a</strong></span> <span class='ocrx_word' id='word_1_133' title='bbox 1081 1884 1238 1936; x_wconf 89' lang='lat' dir='ltr'><strong>Patre</strong></span> <span class='ocrx_word' id='word_1_134' title='bbox 1281 1881 1494 1941; x_wconf 88' lang='lat' dir='ltr'><strong>missus,</strong></span> <span class='ocrx_word' id='word_1_135' title='bbox 1545 1891 1650 1930; x_wconf 91' lang='lat' dir='ltr'><strong>non</strong></span> <span class='ocrx_word' id='word_1_136' title='bbox 1703 1873 1860 1927; x_wconf 86' lang='lat' dir='ltr'><strong>Pater</strong></span> <span class='ocrx_word' id='word_1_137' title='bbox 1887 1886 1916 1924; x_wconf 89' lang='lat' dir='ltr'><strong>a</strong></span> <span class='ocrx_word' id='word_1_138' title='bbox 1953 1888 1998 1946; x_wconf 80' lang='grc' dir='ltr'>Β</span> 
     </span>
    </p>
   </div>
   <div class='ocr_carea' id='block_1_20' title="bbox 340 1964 1916 2053">
    <p class='ocr_par' dir='ltr' id='par_1_20' title="bbox 340 1964 1916 2053">
     <span class='ocr_line' id='line_1_20' title="bbox 340 1964 1916 2053; baseline -0.02 -7"><span class='ocrx_word' id='word_1_139' title='bbox 340 1989 475 2046; x_wconf 83' lang='lat' dir='ltr'><strong>Filio</strong></span> <span class='ocrx_word' id='word_1_140' title='bbox 507 2005 520 2039; x_wconf 90' lang='lat'>:</span> <span class='ocrx_word' id='word_1_141' title='bbox 552 1985 677 2053; x_wconf 90' lang='lat' dir='ltr'><strong>quia</strong></span> <span class='ocrx_word' id='word_1_142' title='bbox 723 1980 888 2035; x_wconf 89' lang='lat' dir='ltr'><strong>Filius</strong></span> <span class='ocrx_word' id='word_1_143' title='bbox 935 1988 1018 2032; x_wconf 90' lang='lat' dir='ltr'><strong>est</strong></span> <span class='ocrx_word' id='word_1_144' title='bbox 1062 1991 1092 2028; x_wconf 90' lang='lat' dir='ltr'><strong>a</strong></span> <span class='ocrx_word' id='word_1_145' title='bbox 1122 1974 1282 2027; x_wconf 90' lang='lat' dir='ltr'><strong>Patre</strong></span> <span class='ocrx_word' id='word_1_146' title='bbox 1327 1978 1502 2032; x_wconf 91' lang='lat' dir='ltr'><strong>natus,</strong></span> <span class='ocrx_word' id='word_1_147' title='bbox 1552 1983 1658 2021; x_wconf 91' lang='lat' dir='ltr'><strong>non</strong></span> <span class='ocrx_word' id='word_1_148' title='bbox 1700 1964 1858 2017; x_wconf 91' lang='lat' dir='ltr'><strong>Pater</strong></span> <span class='ocrx_word' id='word_1_149' title='bbox 1886 1978 1916 2015; x_wconf 90' lang='lat' dir='ltr'><strong>a</strong></span> 
     </span>
    </p>
   </div>
   <div class='ocr_carea' id='block_1_21' title="bbox 343 2051 1923 2134">
    <p class='ocr_par' dir='ltr' id='par_1_21' title="bbox 343 2051 1923 2134">
     <span class='ocr_line' id='line_1_21' title="bbox 343 2051 1923 2134; baseline -0.019 -1"><span class='ocrx_word' id='word_1_150' title='bbox 343 2078 501 2133; x_wconf 85' lang='lat' dir='ltr'><strong>Filio.</strong></span> <span class='ocrx_word' id='word_1_151' title='bbox 534 2051 794 2129; x_wconf 81' lang='lat' dir='ltr'><strong>Similiter</strong></span> <span class='ocrx_word' id='word_1_152' title='bbox 820 2069 979 2123; x_wconf 89' lang='lat' dir='ltr'><strong>etiam</strong></span> <span class='ocrx_word' id='word_1_153' title='bbox 1008 2064 1240 2134; x_wconf 90' lang='lat' dir='ltr'><strong>Spiritus</strong></span> <span class='ocrx_word' id='word_1_154' title='bbox 1268 2068 1486 2115; x_wconf 90' lang='lat' dir='ltr'><strong>sanctus</strong></span> <span class='ocrx_word' id='word_1_155' title='bbox 1513 2073 1542 2110; x_wconf 89' lang='lat' dir='ltr'><strong>a</strong></span> <span class='ocrx_word' id='word_1_156' title='bbox 1573 2054 1734 2108; x_wconf 89' lang='lat' dir='ltr'><strong>Patre</strong></span> <span class='ocrx_word' id='word_1_157' title='bbox 1763 2061 1816 2106; x_wconf 91' lang='lat' dir='ltr'><strong>et</strong></span> <span class='ocrx_word' id='word_1_158' title='bbox 1837 2051 1923 2104; x_wconf 86' lang='lat' dir='ltr'><strong>Fi-</strong></span> 
     </span>
    </p>
   </div>
   <div class='ocr_carea' id='block_1_22' title="bbox 341 2145 1915 2237">
    <p class='ocr_par' dir='ltr' id='par_1_22' title="bbox 341 2145 1915 2237">
     <span class='ocr_line' id='line_1_22' title="bbox 341 2145 1915 2237; baseline -0.019 -11"><span class='ocrx_word' id='word_1_159' title='bbox 341 2171 413 2226; x_wconf 91' lang='lat' dir='ltr'><strong>lio</strong></span> <span class='ocrx_word' id='word_1_160' title='bbox 461 2169 654 2237; x_wconf 86' lang='lat' dir='ltr'><strong>legitur</strong></span> <span class='ocrx_word' id='word_1_161' title='bbox 682 2165 892 2227; x_wconf 86' lang='lat' dir='ltr'><strong>missus,</strong></span> <span class='ocrx_word' id='word_1_162' title='bbox 943 2159 1066 2228; x_wconf 89' lang='lat' dir='ltr'><strong>quia</strong></span> <span class='ocrx_word' id='word_1_163' title='bbox 1108 2172 1137 2211; x_wconf 92' lang='lat' dir='ltr'><strong>a</strong></span> <span class='ocrx_word' id='word_1_164' title='bbox 1167 2155 1327 2208; x_wconf 87' lang='lat' dir='ltr'><strong>Patre</strong></span> <span class='ocrx_word' id='word_1_165' title='bbox 1373 2152 1614 2218; x_wconf 86' lang='lat' dir='ltr'><strong>Filioque</strong></span> <span class='ocrx_word' id='word_1_166' title='bbox 1658 2145 1915 2216; x_wconf 88' lang='lat' dir='ltr'><strong>procedit.</strong></span> 
     </span>
    </p>
   </div>
   <div class='ocr_carea' id='block_1_23' title="bbox 341 2236 1925 2330">
    <p class='ocr_par' dir='ltr' id='par_1_23' title="bbox 341 2236 1925 2330">
     <span class='ocr_line' id='line_1_23' title="bbox 341 2236 1925 2330; baseline -0.019 -13"><span class='ocrx_word' id='word_1_167' title='bbox 341 2261 446 2317; x_wconf 77' lang='lat' dir='ltr'><strong>Sed</strong></span> <span class='ocrx_word' id='word_1_168' title='bbox 474 2236 599 2330; x_wconf 91' lang='lat' dir='ltr'><strong>quia</strong></span> <span class='ocrx_word' id='word_1_169' title='bbox 633 2271 738 2309; x_wconf 92' lang='lat' dir='ltr'><strong>non</strong></span> <span class='ocrx_word' id='word_1_170' title='bbox 769 2268 877 2308; x_wconf 90' lang='lat' dir='ltr'><strong>uno</strong></span> <span class='ocrx_word' id='word_1_171' title='bbox 903 2249 1064 2306; x_wconf 90' lang='lat' dir='ltr'><strong>modo</strong></span> <span class='ocrx_word' id='word_1_172' title='bbox 1095 2248 1146 2301; x_wconf 92' lang='lat' dir='ltr'><strong>in</strong></span> <span class='ocrx_word' id='word_1_173' title='bbox 1173 2242 1466 2314; x_wconf 88' lang='lat' dir='ltr'><strong>Scripturis</strong></span> <span class='ocrx_word' id='word_1_174' title='bbox 1504 2238 1703 2295; x_wconf 89' lang='lat' dir='ltr'><strong>sanctis</strong></span> <span class='ocrx_word' id='word_1_175' title='bbox 1731 2236 1925 2290; x_wconf 91' lang='lat' dir='ltr'><strong>dicitur</strong></span> 
     </span>
    </p>
   </div>
   <div class='ocr_carea' id='block_1_24' title="bbox 343 2329 1923 2418">
    <p class='ocr_par' dir='ltr' id='par_1_24' title="bbox 343 2329 1923 2418">
     <span class='ocr_line' id='line_1_24' title="bbox 343 2329 1923 2418; baseline -0.02 -8"><span class='ocrx_word' id='word_1_176' title='bbox 343 2354 549 2413; x_wconf 87' lang='lat' dir='ltr'><strong>missio,</strong></span> <span class='ocrx_word' id='word_1_177' title='bbox 582 2355 868 2418; x_wconf 84' lang='lat' dir='ltr'><strong>propterea</strong></span> <span class='ocrx_word' id='word_1_178' title='bbox 915 2344 968 2396; x_wconf 92' lang='lat' dir='ltr'><strong>in</strong></span> <span class='ocrx_word' id='word_1_179' title='bbox 998 2345 1335 2396; x_wconf 88' lang='lat' dir='ltr'><strong>sacramento</strong></span> <span class='ocrx_word' id='word_1_180' title='bbox 1364 2329 1773 2394; x_wconf 89' lang='lat' dir='ltr'><strong>lncarnationis,</strong></span> <span class='ocrx_word' id='word_1_181' title='bbox 1817 2342 1923 2380; x_wconf 91' lang='lat' dir='ltr'><strong>non</strong></span> 
     </span>
    </p>
   </div>
   <div class='ocr_carea' id='block_1_25' title="bbox 343 2419 1927 2504">
    <p class='ocr_par' dir='ltr' id='par_1_25' title="bbox 343 2419 1927 2504">
     <span class='ocr_line' id='line_1_25' title="bbox 343 2419 1927 2504; baseline -0.019 -3"><span class='ocrx_word' id='word_1_182' title='bbox 343 2446 517 2504; x_wconf 77' lang='lat' dir='ltr'><strong>solum</strong></span> <span class='ocrx_word' id='word_1_183' title='bbox 548 2457 579 2495; x_wconf 89' lang='lat' dir='ltr'><strong>a</strong></span> <span class='ocrx_word' id='word_1_184' title='bbox 609 2441 786 2503; x_wconf 88' lang='lat' dir='ltr'><strong>Patre,</strong></span> <span class='ocrx_word' id='word_1_185' title='bbox 837 2450 1019 2490; x_wconf 91' lang='lat' dir='ltr'><strong>verum</strong></span> <span class='ocrx_word' id='word_1_186' title='bbox 1064 2433 1227 2486; x_wconf 90' lang='lat' dir='ltr'><strong>etiam</strong></span> <span class='ocrx_word' id='word_1_187' title='bbox 1278 2445 1306 2481; x_wconf 91' lang='lat' dir='ltr'><strong>a</strong></span> <span class='ocrx_word' id='word_1_188' title='bbox 1356 2427 1560 2496; x_wconf 88' lang='lat' dir='ltr'><strong>Spiritu</strong></span> <span class='ocrx_word' id='word_1_189' title='bbox 1587 2429 1777 2476; x_wconf 89' lang='lat' dir='ltr'><strong>sancto</strong></span> <span class='ocrx_word' id='word_1_190' title='bbox 1807 2419 1927 2472; x_wconf 87' lang='lat' dir='ltr'><strong>mis-</strong></span> 
     </span>
    </p>
   </div>
   <div class='ocr_carea' id='block_1_26' title="bbox 345 2511 1925 2595">
    <p class='ocr_par' dir='ltr' id='par_1_26' title="bbox 345 2511 1925 2595">
     <span class='ocr_line' id='line_1_26' title="bbox 345 2511 1925 2595; baseline -0.019 -5"><span class='ocrx_word' id='word_1_191' title='bbox 345 2551 434 2590; x_wconf 83' lang='lat' dir='ltr'><strong>sus</strong></span> <span class='ocrx_word' id='word_1_192' title='bbox 453 2542 547 2587; x_wconf 84' lang='lat' dir='ltr'><strong>&#39;est</strong></span> <span class='ocrx_word' id='word_1_193' title='bbox 574 2530 738 2584; x_wconf 91' lang='lat' dir='ltr'><strong>Filius</strong></span> <span class='ocrx_word' id='word_1_194' title='bbox 764 2544 776 2579; x_wconf 91' lang='lat'><strong>:</strong></span> <span class='ocrx_word' id='word_1_195' title='bbox 805 2525 927 2595; x_wconf 91' lang='lat' dir='ltr'><strong>quia</strong></span> <span class='ocrx_word' id='word_1_196' title='bbox 952 2521 1218 2576; x_wconf 88' lang='lat' dir='ltr'><strong>mediator</strong></span> <span class='ocrx_word' id='word_1_197' title='bbox 1248 2518 1340 2571; x_wconf 90' lang='lat' dir='ltr'><strong>Dei</strong></span> <span class='ocrx_word' id='word_1_198' title='bbox 1371 2524 1425 2570; x_wconf 91' lang='lat' dir='ltr'><strong>et</strong></span> <span class='ocrx_word' id='word_1_199' title='bbox 1453 2514 1732 2568; x_wconf 82' lang='lat' dir='ltr'><strong>hominum</strong></span> <span class='ocrx_word' id='word_1_200' title='bbox 1762 2511 1925 2563; x_wconf 90' lang='lat' dir='ltr'><strong>homo</strong></span> 
     </span>
    </p>
   </div>
   <div class='ocr_carea' id='block_1_27' title="bbox 346 2602 1925 2683">
    <p class='ocr_par' dir='ltr' id='par_1_27' title="bbox 346 2602 1925 2683">
     <span class='ocr_line' id='line_1_27' title="bbox 346 2602 1925 2683; baseline -0.018 -2"><span class='ocrx_word' id='word_1_201' title='bbox 346 2626 591 2682; x_wconf 81' lang='lat' dir='ltr'><strong>Christus</strong></span> <span class='ocrx_word' id='word_1_202' title='bbox 616 2621 789 2683; x_wconf 80' lang='lat' dir='ltr'><strong>Jesus,</strong></span> <span class='ocrx_word' id='word_1_203' title='bbox 840 2618 1009 2670; x_wconf 83' lang='lat' dir='ltr'><strong>totius</strong></span> <span class='ocrx_word' id='word_1_204' title='bbox 1029 2621 1112 2667; x_wconf 92' lang='lat' dir='ltr'><strong>est</strong></span> <span class='ocrx_word' id='word_1_205' title='bbox 1141 2610 1415 2664; x_wconf 84' lang='lat' dir='ltr'><strong>Trinitatis</strong></span> <span class='ocrx_word' id='word_1_206' title='bbox 1441 2606 1754 2676; x_wconf 89' lang='lat' dir='ltr'><strong>operatione</strong></span> <span class='ocrx_word' id='word_1_207' title='bbox 1785 2602 1925 2670; x_wconf 54' lang='lat' dir='ltr'><strong>plase</strong></span> 
     </span>
    </p>
   </div>
   <div class='ocr_carea' id='block_1_28' title="bbox 347 2688 1927 2770">
    <p class='ocr_par' dir='ltr' id='par_1_28' title="bbox 347 2688 1927 2770">
     <span class='ocr_line' id='line_1_28' title="bbox 347 2688 1927 2770; baseline -0.018 0"><span class='ocrx_word' id='word_1_208' title='bbox 347 2725 544 2770; x_wconf 90' lang='lat' dir='ltr'><strong>matus.</strong></span> <span class='ocrx_word' id='word_1_209' title='bbox 597 2711 715 2764; x_wconf 86' lang='lat' dir='ltr'><strong>Alio</strong></span> <span class='ocrx_word' id='word_1_210' title='bbox 763 2716 941 2761; x_wconf 91' lang='lat' dir='ltr'><strong>autem</strong></span> <span class='ocrx_word' id='word_1_211' title='bbox 989 2703 1149 2756; x_wconf 91' lang='lat' dir='ltr'><strong>modo</strong></span> <span class='ocrx_word' id='word_1_212' title='bbox 1197 2688 1424 2754; x_wconf 80' lang='lat' dir='ltr'><strong>miltitur</strong></span> <span class='ocrx_word' id='word_1_213' title='bbox 1459 2713 1488 2749; x_wconf 92' lang='lat' dir='ltr'><strong>a</strong></span> <span class='ocrx_word' id='word_1_214' title='bbox 1516 2695 1673 2748; x_wconf 90' lang='lat' dir='ltr'><strong>Patre</strong></span> <span class='ocrx_word' id='word_1_215' title='bbox 1710 2700 1766 2745; x_wconf 91' lang='lat' dir='ltr'><strong>et</strong></span> <span class='ocrx_word' id='word_1_216' title='bbox 1792 2690 1927 2752; x_wconf 84' lang='lat' dir='ltr'><strong>Filio</strong></span> 
     </span>
    </p>
   </div>
   <div class='ocr_carea' id='block_1_29' title="bbox 350 2781 1925 2876">
    <p class='ocr_par' dir='ltr' id='par_1_29' title="bbox 350 2781 1925 2876">
     <span class='ocr_line' id='line_1_29' title="bbox 350 2781 1925 2876; baseline -0.02 -14"><span class='ocrx_word' id='word_1_217' title='bbox 350 2806 582 2876; x_wconf 79' lang='lat' dir='ltr'><strong>Spiritus</strong></span> <span class='ocrx_word' id='word_1_218' title='bbox 608 2807 841 2860; x_wconf 79' lang='lat' dir='ltr'><strong>sanctus,</strong></span> <span class='ocrx_word' id='word_1_219' title='bbox 874 2795 964 2865; x_wconf 88' lang='lat' dir='ltr'><strong>qui</strong></span> <span class='ocrx_word' id='word_1_220' title='bbox 997 2791 1222 2862; x_wconf 75' lang='lat' dir='ltr'><strong>(/Eneas</strong></span> <span class='ocrx_word' id='word_1_221' title='bbox 1253 2790 1288 2842; x_wconf 85' lang='grc' dir='ltr'><strong>ι.</strong></span> <span class='ocrx_word' id='word_1_222' title='bbox 1319 2797 1498 2842; x_wconf 85' lang='lat' dir='ltr'><strong>contra</strong></span> <span class='ocrx_word' id='word_1_223' title='bbox 1521 2783 1748 2844; x_wconf 65' lang='lat' dir='ltr'><strong>Graecos,</strong></span> <span class='ocrx_word' id='word_1_224' title='bbox 1780 2781 1925 2849; x_wconf 90' lang='lat' dir='ltr'><strong>quia)</strong></span> 
     </span>
    </p>
   </div>
   <div class='ocr_carea' id='block_1_30' title="bbox 349 2873 1928 2953">
    <p class='ocr_par' dir='ltr' id='par_1_30' title="bbox 349 2873 1928 2953">
     <span class='ocr_line' id='line_1_30' title="bbox 349 2873 1928 2953; baseline -0.018 0"><span class='ocrx_word' id='word_1_225' title='bbox 349 2873 668 2953; x_wconf 78' lang='lat' dir='ltr'><strong>naturaliter</strong></span> <span class='ocrx_word' id='word_1_226' title='bbox 697 2875 726 2944; x_wconf 79' lang='lat' dir='ltr'><strong>a</strong></span> <span class='ocrx_word' id='word_1_227' title='bbox 767 2889 924 2942; x_wconf 87' lang='lat' dir='ltr'><strong>Patre</strong></span> <span class='ocrx_word' id='word_1_228' title='bbox 964 2886 1208 2952; x_wconf 84' lang='lat' dir='ltr'><strong>Filioque</strong></span> <span class='ocrx_word' id='word_1_229' title='bbox 1238 2879 1502 2950; x_wconf 87' lang='lat' dir='ltr'><strong>procedit.</strong></span> <span class='ocrx_word' id='word_1_230' title='bbox 1533 2876 1759 2930; x_wconf 75' lang='lat' dir='ltr'><strong>Mittitur</strong></span> <span class='ocrx_word' id='word_1_231' title='bbox 1786 2873 1928 2927; x_wconf 90' lang='lat' dir='ltr'><strong>enim</strong></span> 
     </span>
    </p>
   </div>
   <div class='ocr_carea' id='block_1_31' title="bbox 349 2963 1930 3050">
    <p class='ocr_par' dir='ltr' id='par_1_31' title="bbox 349 2963 1930 3050">
     <span class='ocr_line' id='line_1_31' title="bbox 349 2963 1930 3050; baseline -0.018 -7"><span class='ocrx_word' id='word_1_232' title='bbox 349 3005 380 3043; x_wconf 89' lang='lat' dir='ltr'><strong>a</strong></span> <span class='ocrx_word' id='word_1_233' title='bbox 407 2987 569 3040; x_wconf 88' lang='lat' dir='ltr'><strong>Patre</strong></span> <span class='ocrx_word' id='word_1_234' title='bbox 595 2995 650 3038; x_wconf 90' lang='lat' dir='ltr'><strong>et</strong></span> <span class='ocrx_word' id='word_1_235' title='bbox 669 2981 813 3050; x_wconf 82' lang='lat' dir='ltr'><strong>Filio</strong></span> <span class='ocrx_word' id='word_1_236' title='bbox 842 2978 1078 3048; x_wconf 84' lang='lat' dir='ltr'><strong>Spiritus</strong></span> <span class='ocrx_word' id='word_1_237' title='bbox 1106 2981 1342 3036; x_wconf 88' lang='lat' dir='ltr'><strong>sanctus,</strong></span> <span class='ocrx_word' id='word_1_238' title='bbox 1372 2986 1494 3026; x_wconf 91' lang='lat' dir='ltr'><strong>cum</strong></span> <span class='ocrx_word' id='word_1_239' title='bbox 1521 2968 1588 3023; x_wconf 88' lang='lat' dir='ltr'><strong>ah</strong></span> <span class='ocrx_word' id='word_1_240' title='bbox 1618 2969 1730 3037; x_wconf 88' lang='lat' dir='ltr'><strong>ipsa</strong></span> <span class='ocrx_word' id='word_1_241' title='bbox 1758 2963 1930 3017; x_wconf 88' lang='lat' dir='ltr'><strong>Trini-</strong></span> 
     </span>
    </p>
   </div>
   <div class='ocr_carea' id='block_1_32' title="bbox 350 3055 1932 3142">
    <p class='ocr_par' dir='ltr' id='par_1_32' title="bbox 350 3055 1932 3142">
     <span class='ocr_line' id='line_1_32' title="bbox 350 3055 1932 3142; baseline -0.017 -9"><span class='ocrx_word' id='word_1_242' title='bbox 350 3088 482 3142; x_wconf 93' lang='lat' dir='ltr'><strong>tate,</strong></span> <span class='ocrx_word' id='word_1_243' title='bbox 515 3092 620 3130; x_wconf 91' lang='lat' dir='ltr'><strong>uno</strong></span> <span class='ocrx_word' id='word_1_244' title='bbox 646 3073 776 3136; x_wconf 90' lang='lat' dir='ltr'><strong>Deo,</strong></span> <span class='ocrx_word' id='word_1_245' title='bbox 805 3069 989 3139; x_wconf 75' lang='lat' dir='ltr'><strong>gratiae</strong></span> <span class='ocrx_word' id='word_1_246' title='bbox 1015 3064 1272 3135; x_wconf 87' lang='lat' dir='ltr'><strong>spiritalis</strong></span> <span class='ocrx_word' id='word_1_247' title='bbox 1299 3061 1530 3116; x_wconf 89' lang='lat' dir='ltr'><strong>donatur</strong></span> <span class='ocrx_word' id='word_1_248' title='bbox 1555 3058 1796 3114; x_wconf 71' lang='lat' dir='ltr'><strong>ell&#39;eetus.</strong></span> <span class='ocrx_word' id='word_1_249' title='bbox 1821 3055 1932 3108; x_wconf 79' lang='lat' dir='ltr'><strong>Ali-</strong></span> 
     </span>
    </p>
   </div>
   <div class='ocr_carea' id='block_1_33' title="bbox 351 3147 1927 3229">
    <p class='ocr_par' dir='ltr' id='par_1_33' title="bbox 351 3147 1927 3229">
     <span class='ocr_line' id='line_1_33' title="bbox 351 3147 1927 3229; baseline -0.016 -4"><span class='ocrx_word' id='word_1_250' title='bbox 351 3181 434 3226; x_wconf 89' lang='lat' dir='ltr'><strong>ter</strong></span> <span class='ocrx_word' id='word_1_251' title='bbox 462 3182 593 3223; x_wconf 86' lang='lat' dir='ltr'><strong>vero</strong></span> <span class='ocrx_word' id='word_1_252' title='bbox 633 3182 662 3218; x_wconf 91' lang='lat' dir='ltr'><strong>a</strong></span> <span class='ocrx_word' id='word_1_253' title='bbox 697 3163 853 3216; x_wconf 88' lang='lat' dir='ltr'><strong>Patre</strong></span> <span class='ocrx_word' id='word_1_254' title='bbox 883 3168 938 3215; x_wconf 92' lang='lat' dir='ltr'><strong>et</strong></span> <span class='ocrx_word' id='word_1_255' title='bbox 968 3157 1170 3229; x_wconf 89' lang='lat' dir='ltr'><strong>Spiritu</strong></span> <span class='ocrx_word' id='word_1_256' title='bbox 1199 3162 1385 3209; x_wconf 89' lang='lat' dir='ltr'><strong>sancto</strong></span> <span class='ocrx_word' id='word_1_257' title='bbox 1414 3152 1608 3207; x_wconf 88' lang='lat' dir='ltr'><strong>missus</strong></span> <span class='ocrx_word' id='word_1_258' title='bbox 1635 3159 1716 3203; x_wconf 85' lang='lat' dir='ltr'><strong>est</strong></span> <span class='ocrx_word' id='word_1_259' title='bbox 1745 3147 1927 3212; x_wconf 89' lang='lat' dir='ltr'><strong>Filius,</strong></span> 
     </span>
    </p>
   </div>
   <div class='ocr_carea' id='block_1_34' title="bbox 2011 595 3589 672">
    <p class='ocr_par' dir='ltr' id='par_1_34' title="bbox 2011 595 3589 672">
     <span class='ocr_line' id='line_1_34' title="bbox 2011 595 3589 672; baseline -0.011 -11"><span class='ocrx_word' id='word_1_260' title='bbox 2011 607 2131 662; x_wconf 86' lang='lat' dir='ltr'><strong>Noli</strong></span> <span class='ocrx_word' id='word_1_261' title='bbox 2171 619 2300 672; x_wconf 86' lang='lat' dir='ltr'><strong>ergo</strong></span> <span class='ocrx_word' id='word_1_262' title='bbox 2343 617 2540 671; x_wconf 86' lang='lat' dir='ltr'><strong>negare</strong></span> <span class='ocrx_word' id='word_1_263' title='bbox 2563 599 2826 668; x_wconf 85' lang='lat' dir='ltr'><strong>superbus</strong></span> <span class='ocrx_word' id='word_1_264' title='bbox 2874 597 3040 652; x_wconf 82' lang='lat' dir='ltr'><strong>sancti</strong></span> <span class='ocrx_word' id='word_1_265' title='bbox 3070 595 3300 665; x_wconf 90' lang='lat' dir='ltr'><strong>Spiritus</strong></span> <span class='ocrx_word' id='word_1_266' title='bbox 3348 600 3589 672; x_wconf 82' lang='lat' dir='ltr'><strong>potesta-</strong></span> 
     </span>
    </p>
   </div>
   <div class='ocr_carea' id='block_1_35' title="bbox 2015 669 3592 761">
    <p class='ocr_par' dir='ltr' id='par_1_35' title="bbox 2015 669 3592 761">
     <span class='ocr_line' id='line_1_35' title="bbox 2015 669 3592 761; baseline -0.008 -13"><span class='ocrx_word' id='word_1_267' title='bbox 2015 703 2154 761; x_wconf 92' lang='lat' dir='ltr'><strong>tem,</strong></span> <span class='ocrx_word' id='word_1_268' title='bbox 2218 669 2284 748; x_wconf 73' lang='lat' dir='ltr'><strong>ne</strong></span> <span class='ocrx_word' id='word_1_269' title='bbox 2332 669 2718 746; x_wconf 84' lang='lat' dir='ltr'><strong>condemnatus</strong></span> <span class='ocrx_word' id='word_1_270' title='bbox 2749 688 2950 742; x_wconf 86' lang='lat' dir='ltr'><strong>sentias</strong></span> <span class='ocrx_word' id='word_1_271' title='bbox 2986 683 3311 756; x_wconf 64' lang='lat' dir='ltr'><strong>(equitatem.</strong></span> <span class='ocrx_word' id='word_1_272' title='bbox 3362 669 3592 752; x_wconf 80' lang='lat' dir='ltr'><strong>Spiritus</strong></span> 
     </span>
    </p>
   </div>
   <div class='ocr_carea' id='block_1_36' title="bbox 2013 770 3592 850">
    <p class='ocr_par' dir='ltr' id='par_1_36' title="bbox 2013 770 3592 850">
     <span class='ocr_line' id='line_1_36' title="bbox 2013 770 3592 850; baseline -0.009 -10"><span class='ocrx_word' id='word_1_273' title='bbox 2013 785 2154 840; x_wconf 89' lang='lat' dir='ltr'><strong>enim</strong></span> <span class='ocrx_word' id='word_1_274' title='bbox 2177 791 2393 837; x_wconf 89' lang='lat' dir='ltr'><strong>sanctus</strong></span> <span class='ocrx_word' id='word_1_275' title='bbox 2415 779 2728 833; x_wconf 90' lang='lat' dir='ltr'><strong>naturaliter</strong></span> <span class='ocrx_word' id='word_1_276' title='bbox 2740 775 2993 830; x_wconf 88' lang='lat' dir='ltr'><strong>Dominus</strong></span> <span class='ocrx_word' id='word_1_277' title='bbox 3013 783 3113 837; x_wconf 86' lang='lat' dir='ltr'><strong>est,</strong></span> <span class='ocrx_word' id='word_1_278' title='bbox 3132 774 3252 850; x_wconf 86' lang='lat' dir='ltr'><strong>quia</strong></span> <span class='ocrx_word' id='word_1_279' title='bbox 3277 770 3592 826; x_wconf 66' lang='lat' dir='ltr'><strong>naturaliter</strong></span> 
     </span>
    </p>
   </div>
   <div class='ocr_carea' id='block_1_37' title="bbox 2014 861 3592 946">
    <p class='ocr_par' dir='ltr' id='par_1_37' title="bbox 2014 861 3592 946">
     <span class='ocr_line' id='line_1_37' title="bbox 2014 861 3592 946; baseline -0.011 -18"><span class='ocrx_word' id='word_1_280' title='bbox 2014 874 2242 944; x_wconf 86' lang='lat' dir='ltr'><strong>Spiritus</strong></span> <span class='ocrx_word' id='word_1_281' title='bbox 2267 870 2474 924; x_wconf 91' lang='lat' dir='ltr'><strong>Domini</strong></span> <span class='ocrx_word' id='word_1_282' title='bbox 2519 877 2634 946; x_wconf 73' lang='lat' dir='ltr'><strong>est;</strong></span> <span class='ocrx_word' id='word_1_283' title='bbox 2678 883 2785 921; x_wconf 91' lang='lat' dir='ltr'><strong>non</strong></span> <span class='ocrx_word' id='word_1_284' title='bbox 2817 867 2980 920; x_wconf 90' lang='lat' dir='ltr'><strong>solius</strong></span> <span class='ocrx_word' id='word_1_285' title='bbox 3011 864 3218 919; x_wconf 90' lang='lat' dir='ltr'><strong>Domini</strong></span> <span class='ocrx_word' id='word_1_286' title='bbox 3253 861 3444 923; x_wconf 78' lang='lat' dir='ltr'><strong>Patris,</strong></span> <span class='ocrx_word' id='word_1_287' title='bbox 3493 873 3592 912; x_wconf 84' lang='lat' dir='ltr'><strong>nec</strong></span> 
     </span>
    </p>
   </div>
   <div class='ocr_carea' id='block_1_38' title="bbox 2013 947 3595 1031">
    <p class='ocr_par' dir='ltr' id='par_1_38' title="bbox 2013 947 3595 1031">
     <span class='ocr_line' id='line_1_38' title="bbox 2013 947 3595 1031; baseline -0.01 -15"><span class='ocrx_word' id='word_1_288' title='bbox 2013 963 2180 1016; x_wconf 90' lang='lat' dir='ltr'><strong>solius</strong></span> <span class='ocrx_word' id='word_1_289' title='bbox 2208 959 2414 1013; x_wconf 89' lang='lat' dir='ltr'><strong>Domini</strong></span> <span class='ocrx_word' id='word_1_290' title='bbox 2452 957 2602 1020; x_wconf 81' lang='lat' dir='ltr'><strong>Filii;</strong></span> <span class='ocrx_word' id='word_1_291' title='bbox 2634 955 2725 1010; x_wconf 89' lang='lat' dir='ltr'><strong>sed</strong></span> <span class='ocrx_word' id='word_1_292' title='bbox 2758 956 2912 1009; x_wconf 87' lang='lat' dir='ltr'><strong>unius</strong></span> <span class='ocrx_word' id='word_1_293' title='bbox 2933 953 3164 1031; x_wconf 79' lang='lat' dir='ltr'><strong>Domini,</strong></span> <span class='ocrx_word' id='word_1_294' title='bbox 3196 951 3398 1004; x_wconf 87' lang='lat' dir='ltr'><strong>scilicet</strong></span> <span class='ocrx_word' id='word_1_295' title='bbox 3421 947 3595 1001; x_wconf 86' lang='lat' dir='ltr'><strong>Patris</strong></span> 
     </span>
    </p>
   </div>
   <div class='ocr_carea' id='block_1_39' title="bbox 2015 1038 3596 1119">
    <p class='ocr_par' dir='ltr' id='par_1_39' title="bbox 2015 1038 3596 1119">
     <span class='ocr_line' id='line_1_39' title="bbox 2015 1038 3596 1119; baseline -0.011 -12"><span class='ocrx_word' id='word_1_296' title='bbox 2015 1063 2068 1107; x_wconf 90' lang='lat' dir='ltr'><strong>et</strong></span> <span class='ocrx_word' id='word_1_297' title='bbox 2101 1052 2214 1104; x_wconf 82' lang='lat' dir='ltr'><strong>Filii</strong></span> <span class='ocrx_word' id='word_1_298' title='bbox 2248 1071 2257 1101; x_wconf 92' lang='lat'><strong>:</strong></span> <span class='ocrx_word' id='word_1_299' title='bbox 2291 1059 2344 1103; x_wconf 89' lang='lat' dir='ltr'><strong>et</strong></span> <span class='ocrx_word' id='word_1_300' title='bbox 2371 1050 2496 1119; x_wconf 87' lang='lat' dir='ltr'><strong>quia</strong></span> <span class='ocrx_word' id='word_1_301' title='bbox 2522 1046 2837 1102; x_wconf 85' lang='lat' dir='ltr'><strong>naturaliter</strong></span> <span class='ocrx_word' id='word_1_302' title='bbox 2882 1061 3017 1098; x_wconf 90' lang='lat' dir='ltr'><strong>unus</strong></span> <span class='ocrx_word' id='word_1_303' title='bbox 3053 1051 3136 1097; x_wconf 90' lang='lat' dir='ltr'><strong>est</strong></span> <span class='ocrx_word' id='word_1_304' title='bbox 3177 1041 3349 1095; x_wconf 85' lang='lat' dir='ltr'><strong>Patris</strong></span> <span class='ocrx_word' id='word_1_305' title='bbox 3393 1048 3446 1093; x_wconf 94' lang='lat' dir='ltr'><strong>et</strong></span> <span class='ocrx_word' id='word_1_306' title='bbox 3476 1038 3596 1098; x_wconf 86' lang='lat' dir='ltr'><strong>Filii</strong></span> 
     </span>
    </p>
   </div>
   <div class='ocr_carea' id='block_1_40' title="bbox 2016 1129 3596 1212">
    <p class='ocr_par' dir='ltr' id='par_1_40' title="bbox 2016 1129 3596 1212">
     <span class='ocr_line' id='line_1_40' title="bbox 2016 1129 3596 1212; baseline -0.01 -17"><span class='ocrx_word' id='word_1_307' title='bbox 2016 1141 2263 1212; x_wconf 86' lang='lat' dir='ltr'><strong>Spiritus,</strong></span> <span class='ocrx_word' id='word_1_308' title='bbox 2290 1156 2410 1194; x_wconf 87' lang='lat' dir='ltr'><strong>cum</strong></span> <span class='ocrx_word' id='word_1_309' title='bbox 2442 1138 2600 1192; x_wconf 86' lang='lat' dir='ltr'><strong>Patre</strong></span> <span class='ocrx_word' id='word_1_310' title='bbox 2627 1145 2681 1191; x_wconf 88' lang='lat' dir='ltr'><strong>et</strong></span> <span class='ocrx_word' id='word_1_311' title='bbox 2712 1137 2846 1191; x_wconf 79' lang='lat' dir='ltr'><strong>Filio</strong></span> <span class='ocrx_word' id='word_1_312' title='bbox 2876 1135 3190 1210; x_wconf 72' lang='lat' dir='ltr'><strong>naturaliter</strong></span> <span class='ocrx_word' id='word_1_313' title='bbox 3219 1147 3355 1186; x_wconf 86' lang='lat' dir='ltr'><strong>unus</strong></span> <span class='ocrx_word' id='word_1_314' title='bbox 3383 1138 3464 1184; x_wconf 88' lang='lat' dir='ltr'><strong>est</strong></span> <span class='ocrx_word' id='word_1_315' title='bbox 3489 1129 3596 1181; x_wconf 87' lang='lat' dir='ltr'><strong>Do-</strong></span> 
     </span>
    </p>
   </div>
   <div class='ocr_carea' id='block_1_41' title="bbox 2017 1208 3596 1298">
    <p class='ocr_par' dir='ltr' id='par_1_41' title="bbox 2017 1208 3596 1298">
     <span class='ocr_line' id='line_1_41' title="bbox 2017 1208 3596 1298; baseline -0.006 -15"><span class='ocrx_word' id='word_1_316' title='bbox 2017 1232 2210 1284; x_wconf 89' lang='lat' dir='ltr'><strong>minus.</strong></span> <span class='ocrx_word' id='word_1_317' title='bbox 2245 1230 2343 1295; x_wconf 89' lang='lat' dir='ltr'><strong>Qui</strong></span> <span class='ocrx_word' id='word_1_318' title='bbox 2377 1236 2670 1298; x_wconf 84' lang='lat' dir='ltr'><strong>propterea</strong></span> <span class='ocrx_word' id='word_1_319' title='bbox 2716 1243 2820 1279; x_wconf 90' lang='lat' dir='ltr'><strong>non</strong></span> <span class='ocrx_word' id='word_1_320' title='bbox 2869 1208 3040 1282; x_wconf 70' lang='lat' dir='ltr'><strong>venit,</strong></span> <span class='ocrx_word' id='word_1_321' title='bbox 3087 1224 3185 1277; x_wconf 82' lang='lat' dir='ltr'><strong>nisi</strong></span> <span class='ocrx_word' id='word_1_322' title='bbox 3233 1238 3351 1276; x_wconf 89' lang='lat' dir='ltr'><strong>cum</strong></span> <span class='ocrx_word' id='word_1_323' title='bbox 3381 1237 3408 1274; x_wconf 88' lang='lat' dir='ltr'><strong>a</strong></span> <span class='ocrx_word' id='word_1_324' title='bbox 3438 1219 3596 1273; x_wconf 82' lang='lat' dir='ltr'><strong>Patre</strong></span> 
     </span>
    </p>
   </div>
   <div class='ocr_carea' id='block_1_42' title="bbox 2017 1314 3594 1391">
    <p class='ocr_par' dir='ltr' id='par_1_42' title="bbox 2017 1314 3594 1391">
     <span class='ocr_line' id='line_1_42' title="bbox 2017 1314 3594 1391; baseline -0.007 -16"><span class='ocrx_word' id='word_1_325' title='bbox 2017 1322 2260 1391; x_wconf 78' lang='lat' dir='ltr'><strong>Filioque</strong></span> <span class='ocrx_word' id='word_1_326' title='bbox 2290 1322 2536 1380; x_wconf 74' lang='lat' dir='ltr'><strong>mittitur,</strong></span> <span class='ocrx_word' id='word_1_327' title='bbox 2583 1319 2706 1388; x_wconf 87' lang='lat' dir='ltr'><strong>quia</strong></span> <span class='ocrx_word' id='word_1_328' title='bbox 2750 1318 2868 1371; x_wconf 82' lang='lat' dir='ltr'><strong>inde</strong></span> <span class='ocrx_word' id='word_1_329' title='bbox 2899 1326 2980 1370; x_wconf 88' lang='lat' dir='ltr'><strong>est</strong></span> <span class='ocrx_word' id='word_1_330' title='bbox 3009 1316 3122 1383; x_wconf 84' lang='lat' dir='ltr'><strong>ejus</strong></span> <span class='ocrx_word' id='word_1_331' title='bbox 3153 1314 3449 1389; x_wconf 77' lang='lat' dir='ltr'><strong>voluntaria</strong></span> <span class='ocrx_word' id='word_1_332' title='bbox 3501 1327 3594 1365; x_wconf 88' lang='lat' dir='ltr'><strong>ve-</strong></span> 
     </span>
    </p>
   </div>
   <div class='ocr_carea' id='block_1_43' title="bbox 2020 1397 3596 1480">
    <p class='ocr_par' dir='ltr' id='par_1_43' title="bbox 2020 1397 3596 1480">
     <span class='ocr_line' id='line_1_43' title="bbox 2020 1397 3596 1480; baseline -0.008 -15"><span class='ocrx_word' id='word_1_333' title='bbox 2020 1412 2196 1465; x_wconf 90' lang='lat' dir='ltr'><strong>niendi</strong></span> <span class='ocrx_word' id='word_1_334' title='bbox 2226 1397 2480 1480; x_wconf 72' lang='lat' dir='ltr'><strong>potestas,</strong></span> <span class='ocrx_word' id='word_1_335' title='bbox 2515 1410 2653 1462; x_wconf 82' lang='lat' dir='ltr'><strong>unde</strong></span> <span class='ocrx_word' id='word_1_336' title='bbox 2692 1418 2773 1461; x_wconf 90' lang='lat' dir='ltr'><strong>est</strong></span> <span class='ocrx_word' id='word_1_337' title='bbox 2803 1407 2920 1474; x_wconf 83' lang='lat' dir='ltr'><strong>ejus</strong></span> <span class='ocrx_word' id='word_1_338' title='bbox 2951 1405 3265 1458; x_wconf 87' lang='lat' dir='ltr'><strong>naturaliter</strong></span> <span class='ocrx_word' id='word_1_339' title='bbox 3292 1413 3490 1456; x_wconf 66' lang='lat' dir='ltr'><strong>acterna</strong></span> <span class='ocrx_word' id='word_1_340' title='bbox 3517 1401 3596 1453; x_wconf 78' lang='lat' dir='ltr'><strong>tli-</strong></span> 
     </span>
    </p>
   </div>
   <div class='ocr_carea' id='block_1_44' title="bbox 2019 1505 3094 1564">
    <p class='ocr_par' dir='ltr' id='par_1_44' title="bbox 2019 1505 3094 1564">
     <span class='ocr_line' id='line_1_44' title="bbox 2019 1505 3094 1564; baseline -0.007 -7"><span class='ocrx_word' id='word_1_341' title='bbox 2019 1505 2231 1558; x_wconf 82' lang='lat' dir='ltr'><strong>vinilas.</strong></span> <span class='ocrx_word' id='word_1_342' title='bbox 3086 1551 3094 1564; x_wconf 68' lang='grc'>,</span> 
     </span>
    </p>
   </div>
   <div class='ocr_carea' id='block_1_45' title="bbox 2473 1603 3158 1666">
    <p class='ocr_par' dir='ltr' id='par_1_45' title="bbox 2473 1603 3158 1666">
     <span class='ocr_line' id='line_1_45' title="bbox 2473 1603 3158 1666; baseline -0.006 0"><span class='ocrx_word' id='word_1_343' title='bbox 2473 1607 2947 1666; x_wconf 63' lang='grc' dir='ltr'><strong>ΡΊὶΑΟΜΙέΝΤυΜ</strong></span> <span class='ocrx_word' id='word_1_344' title='bbox 2990 1603 3158 1662; x_wconf 72' lang='lat' dir='ltr'><strong>XXX.</strong></span> 
     </span>
    </p>
   </div>
   <div class='ocr_carea' id='block_1_46' title="bbox 2024 1700 3596 1774">
    <p class='ocr_par' dir='ltr' id='par_1_46' title="bbox 2024 1700 3596 1774">
     <span class='ocr_line' id='line_1_46' title="bbox 2024 1700 3596 1774; baseline -0.006 -14"><span class='ocrx_word' id='word_1_345' title='bbox 2024 1707 2146 1762; x_wconf 78' lang='lat' dir='ltr'><strong>Non</strong></span> <span class='ocrx_word' id='word_1_346' title='bbox 2174 1708 2338 1760; x_wconf 73' lang='lat' dir='ltr'><strong>omnis</strong></span> <span class='ocrx_word' id='word_1_347' title='bbox 2369 1707 2546 1759; x_wconf 83' lang='lat' dir='ltr'><strong>missio</strong></span> <span class='ocrx_word' id='word_1_348' title='bbox 2577 1706 2834 1774; x_wconf 78' lang='lat' dir='ltr'><strong>apparitio</strong></span> <span class='ocrx_word' id='word_1_349' title='bbox 2875 1711 2973 1774; x_wconf 55' lang='lat' dir='ltr'><strong>est:</strong></span> <span class='ocrx_word' id='word_1_350' title='bbox 3006 1701 3070 1774; x_wconf 77' lang='lat' dir='ltr'><strong>In</strong></span> <span class='ocrx_word' id='word_1_351' title='bbox 3101 1700 3333 1754; x_wconf 83' lang='lat' dir='ltr'><strong>columba</strong></span> <span class='ocrx_word' id='word_1_352' title='bbox 3380 1708 3596 1759; x_wconf 84' lang='lat' dir='ltr'><strong>tantum,</strong></span> 
     </span>
    </p>
   </div>
   <div class='ocr_carea' id='block_1_47' title="bbox 2093 1771 3601 1846">
    <p class='ocr_par' dir='ltr' id='par_1_47' title="bbox 2093 1771 3601 1846">
     <span class='ocr_line' id='line_1_47' title="bbox 2093 1771 3601 1846; baseline -0.007 -16"><span class='ocrx_word' id='word_1_353' title='bbox 2093 1789 2141 1830; x_wconf 87' lang='lat' dir='ltr'><strong>et</strong></span> <span class='ocrx_word' id='word_1_354' title='bbox 2169 1779 2221 1830; x_wconf 83' lang='lat' dir='ltr'><strong>in</strong></span> <span class='ocrx_word' id='word_1_355' title='bbox 2255 1777 2444 1846; x_wconf 84' lang='lat' dir='ltr'><strong>linguis</strong></span> <span class='ocrx_word' id='word_1_356' title='bbox 2474 1771 2915 1846; x_wconf 30' lang='lat' dir='ltr'><strong>igneis—apparuit,</strong></span> <span class='ocrx_word' id='word_1_357' title='bbox 2942 1771 3168 1846; x_wconf 64' lang='lat' dir='ltr'><strong>Spiritus</strong></span> <span class='ocrx_word' id='word_1_358' title='bbox 3207 1780 3438 1835; x_wconf 78' lang='lat' dir='ltr'><strong>sanctus,</strong></span> <span class='ocrx_word' id='word_1_359' title='bbox 3465 1785 3601 1846; x_wconf 59' lang='grc' dir='ltr'><strong>δῶρα</strong></span> 
     </span>
    </p>
   </div>
   <div class='ocr_carea' id='block_1_48' title="bbox 2095 1840 3601 1912">
    <p class='ocr_par' dir='ltr' id='par_1_48' title="bbox 2095 1840 3601 1912">
     <span class='ocr_line' id='line_1_48' title="bbox 2095 1840 3601 1912; baseline -0.007 -13"><span class='ocrx_word' id='word_1_360' title='bbox 2095 1850 2226 1900; x_wconf 77' lang='lat' dir='ltr'><strong>alios</strong></span> <span class='ocrx_word' id='word_1_361' title='bbox 2251 1840 2433 1898; x_wconf 68' lang='lat' dir='ltr'><strong>missus</strong></span> <span class='ocrx_word' id='word_1_362' title='bbox 2465 1840 2573 1897; x_wconf 77' lang='lat' dir='ltr'><strong>sine</strong></span> <span class='ocrx_word' id='word_1_363' title='bbox 2598 1840 3216 1912; x_wconf 58' lang='lat' dir='ltr'><strong>apparitione.Diabolus</strong></span> <span class='ocrx_word' id='word_1_364' title='bbox 3246 1857 3347 1892; x_wconf 84' lang='lat' dir='ltr'><strong>non</strong></span> <span class='ocrx_word' id='word_1_365' title='bbox 3377 1851 3452 1892; x_wconf 82' lang='lat' dir='ltr'><strong>est</strong></span> <span class='ocrx_word' id='word_1_366' title='bbox 3479 1840 3601 1890; x_wconf 78' lang='lat' dir='ltr'><strong>mis-</strong></span> 
     </span>
    </p>
   </div>
   <div class='ocr_carea' id='block_1_49' title="bbox 2095 1908 3603 1982">
    <p class='ocr_par' dir='ltr' id='par_1_49' title="bbox 2095 1908 3603 1982">
     <span class='ocr_line' id='line_1_49' title="bbox 2095 1908 3603 1982; baseline -0.007 -14"><span class='ocrx_word' id='word_1_367' title='bbox 2095 1935 2179 1969; x_wconf 83' lang='lat' dir='ltr'><strong>sus</strong></span> <span class='ocrx_word' id='word_1_368' title='bbox 2209 1917 2278 1969; x_wconf 77' lang='lat' dir='ltr'><strong>ad</strong></span> <span class='ocrx_word' id='word_1_369' title='bbox 2302 1915 2422 1979; x_wconf 84' lang='lat' dir='ltr'><strong>Job,</strong></span> <span class='ocrx_word' id='word_1_370' title='bbox 2455 1915 2545 1968; x_wconf 78' lang='lat' dir='ltr'><strong>sed</strong></span> <span class='ocrx_word' id='word_1_371' title='bbox 2572 1908 2872 1982; x_wconf 72' lang='lat' dir='ltr'><strong>permissus.</strong></span> <span class='ocrx_word' id='word_1_372' title='bbox 2913 1910 3186 1978; x_wconf 72' lang='lat' dir='ltr'><strong>Mittuntur</strong></span> <span class='ocrx_word' id='word_1_373' title='bbox 3225 1911 3478 1982; x_wconf 60' lang='lat' dir='ltr'><strong>angeliut</strong></span> <span class='ocrx_word' id='word_1_374' title='bbox 3507 1908 3603 1982; x_wconf 76' lang='lat' dir='ltr'><strong>od—</strong></span> 
     </span>
    </p>
   </div>
   <div class='ocr_carea' id='block_1_50' title="bbox 2095 1979 3600 2052">
    <p class='ocr_par' dir='ltr' id='par_1_50' title="bbox 2095 1979 3600 2052">
     <span class='ocr_line' id='line_1_50' title="bbox 2095 1979 3600 2052; baseline -0.006 -14"><span class='ocrx_word' id='word_1_375' title='bbox 2095 1986 2456 2038; x_wconf 82' lang='lat' dir='ltr'><strong>ministratorii</strong></span> <span class='ocrx_word' id='word_1_376' title='bbox 2486 1979 2761 2052; x_wconf 73' lang='lat' dir='ltr'><strong>Spiritus._</strong></span> <span class='ocrx_word' id='word_1_377' title='bbox 2785 1980 2905 2035; x_wconf 81' lang='lat' dir='ltr'><strong>Non</strong></span> <span class='ocrx_word' id='word_1_378' title='bbox 2931 1991 3046 2044; x_wconf 79' lang='lat' dir='ltr'><strong>orat</strong></span> <span class='ocrx_word' id='word_1_379' title='bbox 3084 1996 3175 2048; x_wconf 83' lang='lat' dir='ltr'><strong>pro</strong></span> <span class='ocrx_word' id='word_1_380' title='bbox 3205 1979 3348 2032; x_wconf 82' lang='lat' dir='ltr'><strong>nobis</strong></span> <span class='ocrx_word' id='word_1_381' title='bbox 3375 1979 3600 2047; x_wconf 82' lang='lat' dir='ltr'><strong>Spiritus</strong></span> 
     </span>
    </p>
   </div>
   <div class='ocr_carea' id='block_1_51' title="bbox 2095 2050 2907 2120">
    <p class='ocr_par' dir='ltr' id='par_1_51' title="bbox 2095 2050 2907 2120">
     <span class='ocr_line' id='line_1_51' title="bbox 2095 2050 2907 2120; baseline -0.01 -11"><span class='ocrx_word' id='word_1_382' title='bbox 2095 2065 2304 2109; x_wconf 80' lang='lat' dir='ltr'><strong>sanctus</strong></span> <span class='ocrx_word' id='word_1_383' title='bbox 2327 2071 2386 2108; x_wconf 88' lang='lat' dir='ltr'><strong>eo</strong></span> <span class='ocrx_word' id='word_1_384' title='bbox 2407 2050 2560 2107; x_wconf 85' lang='lat' dir='ltr'><strong>modo</strong></span> <span class='ocrx_word' id='word_1_385' title='bbox 2587 2069 2684 2120; x_wconf 86' lang='lat' dir='ltr'><strong>quo</strong></span> <span class='ocrx_word' id='word_1_386' title='bbox 2717 2050 2907 2104; x_wconf 72' lang='lat' dir='ltr'><strong>Filius.</strong></span> 
     </span>
    </p>
   </div>
   <div class='ocr_carea' id='block_1_52' title="bbox 2096 2160 3605 2232">
    <p class='ocr_par' dir='ltr' id='par_1_52' title="bbox 2096 2160 3605 2232">
     <span class='ocr_line' id='line_1_52' title="bbox 2096 2160 3605 2232; baseline -0.005 -12"><span class='ocrx_word' id='word_1_387' title='bbox 2096 2168 2233 2222; x_wconf 80' lang='lat' dir='ltr'><strong>Ecce</strong></span> <span class='ocrx_word' id='word_1_388' title='bbox 2264 2168 2455 2220; x_wconf 83' lang='lat' dir='ltr'><strong>iterum</strong></span> <span class='ocrx_word' id='word_1_389' title='bbox 2500 2165 2621 2218; x_wconf 87' lang='lat' dir='ltr'><strong>dico</strong></span> <span class='ocrx_word' id='word_1_390' title='bbox 2641 2163 2793 2232; x_wconf 83' lang='lat' dir='ltr'><strong>quod</strong></span> <span class='ocrx_word' id='word_1_391' title='bbox 2836 2163 3082 2232; x_wconf 90' lang='lat' dir='ltr'><strong>superius</strong></span> <span class='ocrx_word' id='word_1_392' title='bbox 3111 2161 3218 2222; x_wconf 83' lang='lat' dir='ltr'><strong>dixi</strong></span> <span class='ocrx_word' id='word_1_393' title='bbox 3249 2178 3260 2211; x_wconf 89' lang='lat'><strong><em>:</em></strong></span> <span class='ocrx_word' id='word_1_394' title='bbox 3292 2160 3407 2214; x_wconf 85' lang='lat' dir='ltr'><strong>Non</strong></span> <span class='ocrx_word' id='word_1_395' title='bbox 3430 2160 3605 2213; x_wconf 87' lang='lat' dir='ltr'><strong>omnis</strong></span> 
     </span>
    </p>
   </div>
   <div class='ocr_carea' id='block_1_53' title="bbox 2025 2249 3600 2325">
    <p class='ocr_par' dir='ltr' id='par_1_53' title="bbox 2025 2249 3600 2325">
     <span class='ocr_line' id='line_1_53' title="bbox 2025 2249 3600 2325; baseline -0.006 -14"><span class='ocrx_word' id='word_1_396' title='bbox 2025 2257 2210 2311; x_wconf 88' lang='lat' dir='ltr'><strong>missio</strong></span> <span class='ocrx_word' id='word_1_397' title='bbox 2233 2255 2497 2325; x_wconf 87' lang='lat' dir='ltr'><strong>apparitio</strong></span> <span class='ocrx_word' id='word_1_398' title='bbox 2521 2263 2623 2319; x_wconf 91' lang='lat' dir='ltr'><strong>est,</strong></span> <span class='ocrx_word' id='word_1_399' title='bbox 2641 2261 2696 2306; x_wconf 92' lang='lat' dir='ltr'><strong>et</strong></span> <span class='ocrx_word' id='word_1_400' title='bbox 2718 2251 2948 2305; x_wconf 87' lang='lat' dir='ltr'><strong>maxime</strong></span> <span class='ocrx_word' id='word_1_401' title='bbox 2963 2251 3147 2305; x_wconf 91' lang='lat' dir='ltr'><strong>missio</strong></span> <span class='ocrx_word' id='word_1_402' title='bbox 3159 2249 3389 2318; x_wconf 90' lang='lat' dir='ltr'><strong>Spiritus</strong></span> <span class='ocrx_word' id='word_1_403' title='bbox 3409 2249 3600 2304; x_wconf 89' lang='lat' dir='ltr'><strong>sancti.</strong></span> 
     </span>
    </p>
   </div>
   <div class='ocr_carea' id='block_1_54' title="bbox 2026 2342 3606 2416">
    <p class='ocr_par' dir='ltr' id='par_1_54' title="bbox 2026 2342 3606 2416">
     <span class='ocr_line' id='line_1_54' title="bbox 2026 2342 3606 2416; baseline -0.005 -14"><span class='ocrx_word' id='word_1_404' title='bbox 2026 2349 2192 2416; x_wconf 76' lang='lat' dir='ltr'><strong>Cujus</strong></span> <span class='ocrx_word' id='word_1_405' title='bbox 2223 2348 2533 2401; x_wconf 90' lang='lat' dir='ltr'><strong>missionem</strong></span> <span class='ocrx_word' id='word_1_406' title='bbox 2565 2361 2669 2399; x_wconf 94' lang='lat' dir='ltr'><strong>non</strong></span> <span class='ocrx_word' id='word_1_407' title='bbox 2702 2344 2798 2398; x_wconf 90' lang='lat' dir='ltr'><strong>nisi</strong></span> <span class='ocrx_word' id='word_1_408' title='bbox 2825 2343 3058 2398; x_wconf 88' lang='lat' dir='ltr'><strong>secundo</strong></span> <span class='ocrx_word' id='word_1_409' title='bbox 3079 2342 3357 2397; x_wconf 88' lang='lat' dir='ltr'><strong>visibiliter</strong></span> <span class='ocrx_word' id='word_1_410' title='bbox 3385 2349 3606 2412; x_wconf 87' lang='lat' dir='ltr'><strong>oporte-</strong></span> 
     </span>
    </p>
   </div>
   <div class='ocr_carea' id='block_1_55' title="bbox 2027 2430 3605 2503">
    <p class='ocr_par' dir='ltr' id='par_1_55' title="bbox 2027 2430 3605 2503">
     <span class='ocr_line' id='line_1_55' title="bbox 2027 2430 3605 2503; baseline -0.006 -11"><span class='ocrx_word' id='word_1_411' title='bbox 2027 2440 2116 2492; x_wconf 89' lang='lat' dir='ltr'><strong>bat</strong></span> <span class='ocrx_word' id='word_1_412' title='bbox 2142 2437 2379 2499; x_wconf 85' lang='lat' dir='ltr'><strong>ostendi;</strong></span> <span class='ocrx_word' id='word_1_413' title='bbox 2408 2451 2514 2488; x_wconf 93' lang='lat' dir='ltr'><strong>non</strong></span> <span class='ocrx_word' id='word_1_414' title='bbox 2538 2431 2632 2503; x_wconf 85' lang='lat' dir='ltr'><strong>per</strong></span> <span class='ocrx_word' id='word_1_415' title='bbox 2656 2433 2928 2501; x_wconf 89' lang='lat' dir='ltr'><strong>propriam</strong></span> <span class='ocrx_word' id='word_1_416' title='bbox 2951 2440 3219 2497; x_wconf 90' lang='lat' dir='ltr'><strong>naturam,</strong></span> <span class='ocrx_word' id='word_1_417' title='bbox 3251 2430 3342 2484; x_wconf 88' lang='lat' dir='ltr'><strong>sed</strong></span> <span class='ocrx_word' id='word_1_418' title='bbox 3374 2446 3468 2499; x_wconf 90' lang='lat' dir='ltr'><strong>per</strong></span> <span class='ocrx_word' id='word_1_419' title='bbox 3489 2432 3605 2483; x_wconf 88' lang='lat' dir='ltr'><strong>sub-</strong></span> 
     </span>
    </p>
   </div>
   <div class='ocr_carea' id='block_1_56' title="bbox 2027 2519 3606 2591">
    <p class='ocr_par' dir='ltr' id='par_1_56' title="bbox 2027 2519 3606 2591">
     <span class='ocr_line' id='line_1_56' title="bbox 2027 2519 3606 2591; baseline -0.006 -8"><span class='ocrx_word' id='word_1_420' title='bbox 2027 2529 2190 2583; x_wconf 87' lang='lat' dir='ltr'><strong>ditam</strong></span> <span class='ocrx_word' id='word_1_421' title='bbox 2221 2535 2542 2588; x_wconf 87' lang='lat' dir='ltr'><strong>creaturam,</strong></span> <span class='ocrx_word' id='word_1_422' title='bbox 2595 2538 2714 2591; x_wconf 63' lang='lat' dir='ltr'><strong>qua:</strong></span> <span class='ocrx_word' id='word_1_423' title='bbox 2741 2530 2988 2576; x_wconf 86' lang='lat' dir='ltr'><strong>creatura</strong></span> <span class='ocrx_word' id='word_1_424' title='bbox 3019 2530 3074 2576; x_wconf 92' lang='lat' dir='ltr'><strong>ct</strong></span> <span class='ocrx_word' id='word_1_425' title='bbox 3103 2521 3300 2590; x_wconf 88' lang='lat' dir='ltr'><strong>aliquid</strong></span> <span class='ocrx_word' id='word_1_426' title='bbox 3337 2519 3606 2588; x_wconf 81' lang='lat' dir='ltr'><strong>signiﬁca—</strong></span> 
     </span>
    </p>
   </div>
   <div class='ocr_carea' id='block_1_57' title="bbox 2027 2609 3608 2684">
    <p class='ocr_par' dir='ltr' id='par_1_57' title="bbox 2027 2609 3608 2684">
     <span class='ocr_line' id='line_1_57' title="bbox 2027 2609 3608 2684; baseline -0.005 -13"><span class='ocrx_word' id='word_1_427' title='bbox 2027 2626 2130 2680; x_wconf 90' lang='lat' dir='ltr'><strong>ret,</strong></span> <span class='ocrx_word' id='word_1_428' title='bbox 2155 2625 2208 2670; x_wconf 93' lang='lat' dir='ltr'><strong>et</strong></span> <span class='ocrx_word' id='word_1_429' title='bbox 2237 2624 2452 2684; x_wconf 89' lang='lat' dir='ltr'><strong>peracta</strong></span> <span class='ocrx_word' id='word_1_430' title='bbox 2480 2611 2872 2680; x_wconf 78' lang='lat' dir='ltr'><strong>signiﬁcatione</strong></span> <span class='ocrx_word' id='word_1_431' title='bbox 2903 2611 3170 2664; x_wconf 79' lang='lat' dir='ltr'><strong>transiret.</strong></span> <span class='ocrx_word' id='word_1_432' title='bbox 3227 2609 3314 2663; x_wconf 84' lang='lat' dir='ltr'><strong>Sic</strong></span> <span class='ocrx_word' id='word_1_433' title='bbox 3344 2617 3522 2663; x_wconf 87' lang='lat' dir='ltr'><strong>autem</strong></span> <span class='ocrx_word' id='word_1_434' title='bbox 3555 2610 3608 2664; x_wconf 91' lang='lat' dir='ltr'><strong>in</strong></span> 
     </span>
    </p>
   </div>
   <div class='ocr_carea' id='block_1_58' title="bbox 2031 2687 3609 2772">
    <p class='ocr_par' dir='ltr' id='par_1_58' title="bbox 2031 2687 3609 2772">
     <span class='ocr_line' id='line_1_58' title="bbox 2031 2687 3609 2772; baseline -0.007 -9"><span class='ocrx_word' id='word_1_435' title='bbox 2031 2709 2117 2763; x_wconf 87' lang='lat' dir='ltr'><strong>illa</strong></span> <span class='ocrx_word' id='word_1_436' title='bbox 2141 2707 2412 2771; x_wconf 89' lang='lat' dir='ltr'><strong>columba,</strong></span> <span class='ocrx_word' id='word_1_437' title='bbox 2437 2713 2490 2759; x_wconf 89' lang='lat' dir='ltr'><strong>et</strong></span> <span class='ocrx_word' id='word_1_438' title='bbox 2519 2705 2710 2772; x_wconf 87' lang='lat' dir='ltr'><strong>linguis</strong></span> <span class='ocrx_word' id='word_1_439' title='bbox 2741 2704 2909 2770; x_wconf 81' lang='lat' dir='ltr'><strong>igneis</strong></span> <span class='ocrx_word' id='word_1_440' title='bbox 2928 2701 3210 2769; x_wconf 80' lang='lat' dir='ltr'><strong>signiﬁcari</strong></span> <span class='ocrx_word' id='word_1_441' title='bbox 3237 2687 3472 2770; x_wconf 80' lang='lat' dir='ltr'><strong>Oportuit</strong></span> <span class='ocrx_word' id='word_1_442' title='bbox 3494 2699 3609 2770; x_wconf 88' lang='lat' dir='ltr'><strong>Spi-</strong></span> 
     </span>
    </p>
   </div>
   <div class='ocr_carea' id='block_1_59' title="bbox 2030 2792 3613 2868">
    <p class='ocr_par' dir='ltr' id='par_1_59' title="bbox 2030 2792 3613 2868">
     <span class='ocr_line' id='line_1_59' title="bbox 2030 2792 3613 2868; baseline -0.006 -15"><span class='ocrx_word' id='word_1_443' title='bbox 2030 2802 2190 2854; x_wconf 87' lang='lat' dir='ltr'><strong>ritum</strong></span> <span class='ocrx_word' id='word_1_444' title='bbox 2220 2808 2462 2852; x_wconf 89' lang='lat' dir='ltr'><strong>sanctum</strong></span> <span class='ocrx_word' id='word_1_445' title='bbox 2487 2798 2669 2868; x_wconf 82' lang='lat' dir='ltr'><strong>(quem</strong></span> <span class='ocrx_word' id='word_1_446' title='bbox 2692 2803 2871 2849; x_wconf 89' lang='lat' dir='ltr'><strong>tamen</strong></span> <span class='ocrx_word' id='word_1_447' title='bbox 2916 2810 3022 2846; x_wconf 89' lang='lat' dir='ltr'><strong>non</strong></span> <span class='ocrx_word' id='word_1_448' title='bbox 3064 2793 3330 2847; x_wconf 85' lang='lat' dir='ltr'><strong>credimus</strong></span> <span class='ocrx_word' id='word_1_449' title='bbox 3369 2792 3613 2846; x_wconf 84' lang='lat' dir='ltr'><strong>localiter</strong></span> 
     </span>
    </p>
   </div>
   <div class='ocr_carea' id='block_1_60' title="bbox 2033 2875 3612 2960">
    <p class='ocr_par' dir='ltr' id='par_1_60' title="bbox 2033 2875 3612 2960">
     <span class='ocr_line' id='line_1_60' title="bbox 2033 2875 3612 2960; baseline -0.006 -14"><span class='ocrx_word' id='word_1_450' title='bbox 2033 2893 2295 2960; x_wconf 75' lang='lat' dir='ltr'><strong>missum),</strong></span> <span class='ocrx_word' id='word_1_451' title='bbox 2343 2893 2478 2946; x_wconf 88' lang='lat' dir='ltr'><strong>sicut</strong></span> <span class='ocrx_word' id='word_1_452' title='bbox 2510 2889 2795 2959; x_wconf 88' lang='lat' dir='ltr'><strong>oportebat</strong></span> <span class='ocrx_word' id='word_1_453' title='bbox 2823 2875 2889 2940; x_wconf 38' lang='lat' dir='ltr'><strong>ut.</strong></span> <span class='ocrx_word' id='word_1_454' title='bbox 2908 2887 3074 2939; x_wconf 89' lang='lat' dir='ltr'><strong>Deum</strong></span> <span class='ocrx_word' id='word_1_455' title='bbox 3109 2886 3317 2939; x_wconf 82' lang='lat' dir='ltr'><strong>Patrem</strong></span> <span class='ocrx_word' id='word_1_456' title='bbox 3348 2885 3612 2952; x_wconf 82' lang='lat' dir='ltr'><strong>signiﬁca-</strong></span> 
     </span>
    </p>
   </div>
   <div class='ocr_carea' id='block_1_61' title="bbox 2033 2973 3610 3048">
    <p class='ocr_par' dir='ltr' id='par_1_61' title="bbox 2033 2973 3610 3048">
     <span class='ocr_line' id='line_1_61' title="bbox 2033 2973 3610 3048; baseline -0.006 -12"><span class='ocrx_word' id='word_1_457' title='bbox 2033 2991 2114 3037; x_wconf 80' lang='lat' dir='ltr'><strong>ret</strong></span> <span class='ocrx_word' id='word_1_458' title='bbox 2145 2983 2230 3035; x_wconf 91' lang='lat' dir='ltr'><strong>illa</strong></span> <span class='ocrx_word' id='word_1_459' title='bbox 2262 2997 2365 3035; x_wconf 91' lang='lat' dir='ltr'><strong>vox</strong></span> <span class='ocrx_word' id='word_1_460' title='bbox 2395 2996 2512 3048; x_wconf 67' lang='lat' dir='ltr'><strong>qua:</strong></span> <span class='ocrx_word' id='word_1_461' title='bbox 2568 2993 2729 3047; x_wconf 84' lang='lat' dir='ltr'><strong>super</strong></span> <span class='ocrx_word' id='word_1_462' title='bbox 2765 2976 2944 3031; x_wconf 82' lang='lat' dir='ltr'><strong>Jesum</strong></span> <span class='ocrx_word' id='word_1_463' title='bbox 2973 2976 3299 3044; x_wconf 81' lang='lat' dir='ltr'><strong>baptizatum</strong></span> <span class='ocrx_word' id='word_1_464' title='bbox 3332 2973 3464 3028; x_wconf 75' lang='lat' dir='ltr'><strong>facta</strong></span> <span class='ocrx_word' id='word_1_465' title='bbox 3490 2983 3610 3029; x_wconf 86' lang='lat' dir='ltr'><strong>est:</strong></span> 
     </span>
    </p>
   </div>
   <div class='ocr_carea' id='block_1_62' title="bbox 2037 3061 3613 3140">
    <p class='ocr_par' dir='ltr' id='par_1_62' title="bbox 2037 3061 3613 3140">
     <span class='ocr_line' id='line_1_62' title="bbox 2037 3061 3613 3140; baseline -0.006 -14"><span class='ocrx_word' id='word_1_466' title='bbox 2037 3075 2090 3126; x_wconf 92' lang='lat' dir='ltr'><strong>in</strong></span> <span class='ocrx_word' id='word_1_467' title='bbox 2119 3088 2222 3140; x_wconf 85' lang='lat' dir='ltr'><strong>qua</strong></span> <span class='ocrx_word' id='word_1_468' title='bbox 2256 3080 2432 3124; x_wconf 85' lang='lat' dir='ltr'><strong>tamen</strong></span> <span class='ocrx_word' id='word_1_469' title='bbox 2461 3061 2537 3122; x_wconf 83' lang='lat' dir='ltr'><strong>sic</strong></span> <span class='ocrx_word' id='word_1_470' title='bbox 2563 3082 2845 3140; x_wconf 80' lang='lat' dir='ltr'><strong>personam</strong></span> <span class='ocrx_word' id='word_1_471' title='bbox 2887 3064 3237 3133; x_wconf 78' lang='lat' dir='ltr'><strong>signiﬁcatam</strong></span> <span class='ocrx_word' id='word_1_472' title='bbox 3271 3065 3444 3118; x_wconf 88' lang='lat' dir='ltr'><strong>Patris</strong></span> <span class='ocrx_word' id='word_1_473' title='bbox 3469 3065 3613 3118; x_wconf 88' lang='lat' dir='ltr'><strong>acci-</strong></span> 
     </span>
    </p>
   </div>
   <div class='ocr_carea' id='block_1_63' title="bbox 2035 3155 3630 3232">
    <p class='ocr_par' dir='ltr' id='par_1_63' title="bbox 2035 3155 3630 3232">
     <span class='ocr_line' id='line_1_63' title="bbox 2035 3155 3630 3232; baseline -0.004 -18"><span class='ocrx_word' id='word_1_474' title='bbox 2035 3164 2247 3232; x_wconf 85' lang='lat' dir='ltr'><strong>pimus,</strong></span> <span class='ocrx_word' id='word_1_475' title='bbox 2309 3170 2365 3213; x_wconf 92' lang='lat' dir='ltr'><strong>ut</strong></span> <span class='ocrx_word' id='word_1_476' title='bbox 2419 3159 2533 3226; x_wconf 85' lang='lat' dir='ltr'><strong>ejus</strong></span> <span class='ocrx_word' id='word_1_477' title='bbox 2582 3157 2847 3211; x_wconf 85' lang='lat' dir='ltr'><strong>divinitati</strong></span> <span class='ocrx_word' id='word_1_478' title='bbox 2890 3156 3242 3224; x_wconf 89' lang='lat' dir='ltr'><strong>temporalem</strong></span> <span class='ocrx_word' id='word_1_479' title='bbox 3289 3155 3630 3212; x_wconf 85' lang='lat' dir='ltr'><strong>locutionem</strong></span> 
     </span>
    </p>
   </div>
   <div class='ocr_carea' id='block_1_64' title="bbox 351 3240 1926 3333">
    <p class='ocr_par' dir='ltr' id='par_1_64' title="bbox 351 3242 1926 3333">
     <span class='ocr_line' id='line_1_64' title="bbox 351 3242 1926 3333; baseline -0.017 -16"><span class='ocrx_word' id='word_1_480' title='bbox 351 3264 565 3333; x_wconf 85' lang='lat' dir='ltr'><strong>quando</strong></span> <span class='ocrx_word' id='word_1_481' title='bbox 590 3256 938 3324; x_wconf 89' lang='lat' dir='ltr'><strong>semetipsum</strong></span> <span class='ocrx_word' id='word_1_482' title='bbox 966 3249 1302 3312; x_wconf 81' lang='lat' dir='ltr'><strong>exiuaniens,</strong></span> <span class='ocrx_word' id='word_1_483' title='bbox 1348 3245 1573 3300; x_wconf 85' lang='lat' dir='ltr'><strong>formam</strong></span> <span class='ocrx_word' id='word_1_484' title='bbox 1603 3242 1742 3296; x_wconf 87' lang='lat' dir='ltr'><strong>servi</strong></span> <span class='ocrx_word' id='word_1_485' title='bbox 1771 3254 1926 3293; x_wconf 86' lang='lat' dir='ltr'><strong>acce-</strong></span> 
     </span>
    </p>
   </div>
   <div class='ocr_carea' id='block_1_65' title="bbox 2029 3240 3616 3333">
    <p class='ocr_par' dir='ltr' id='par_1_65' title="bbox 2035 3241 3616 3315">
     <span class='ocr_line' id='line_1_65' title="bbox 2035 3241 3616 3315; baseline -0.004 -10"><span class='ocrx_word' id='word_1_486' title='bbox 2035 3252 2303 3305; x_wconf 87' lang='lat' dir='ltr'><strong>ascribere</strong></span> <span class='ocrx_word' id='word_1_487' title='bbox 2333 3249 2638 3302; x_wconf 89' lang='lat' dir='ltr'><strong>nullatenus</strong></span> <span class='ocrx_word' id='word_1_488' title='bbox 2682 3247 2990 3300; x_wconf 89' lang='lat' dir='ltr'><strong>audeamus.</strong></span> <span class='ocrx_word' id='word_1_489' title='bbox 3028 3245 3297 3315; x_wconf 85' lang='lat' dir='ltr'><strong>Spiritus&#39;</strong></span> <span class='ocrx_word' id='word_1_490' title='bbox 3318 3241 3501 3300; x_wconf 77' lang='lat' dir='ltr'><strong>autem</strong></span> <span class='ocrx_word' id='word_1_491' title='bbox 3525 3243 3616 3313; x_wconf 88' lang='lat' dir='ltr'><strong>qui</strong></span> 
     </span>
    </p>
   </div>
   <div class='ocr_carea' id='block_1_66' title="bbox 351 3333 1933 3426">
    <p class='ocr_par' dir='ltr' id='par_1_66' title="bbox 351 3333 1933 3426">
     <span class='ocr_line' id='line_1_66' title="bbox 351 3333 1933 3426; baseline -0.016 -18"><span class='ocrx_word' id='word_1_492' title='bbox 351 3355 448 3426; x_wconf 91' lang='lat' dir='ltr'><strong>pit.</strong></span> <span class='ocrx_word' id='word_1_493' title='bbox 482 3352 666 3421; x_wconf 80' lang='lat' dir='ltr'><strong>Neque</strong></span> <span class='ocrx_word' id='word_1_494' title='bbox 696 3348 840 3404; x_wconf 91' lang='lat' dir='ltr'><strong>enim</strong></span> <span class='ocrx_word' id='word_1_495' title='bbox 868 3347 972 3399; x_wconf 92' lang='lat' dir='ltr'><strong>hoc</strong></span> <span class='ocrx_word' id='word_1_496' title='bbox 1003 3351 1084 3396; x_wconf 88' lang='lat' dir='ltr'><strong>est</strong></span> <span class='ocrx_word' id='word_1_497' title='bbox 1107 3342 1158 3394; x_wconf 91' lang='lat' dir='ltr'><strong>in</strong></span> <span class='ocrx_word' id='word_1_498' title='bbox 1188 3353 1472 3410; x_wconf 87' lang='lat' dir='ltr'><strong>personam</strong></span> <span class='ocrx_word' id='word_1_499' title='bbox 1500 3350 1650 3389; x_wconf 90' lang='lat' dir='ltr'><strong>suam</strong></span> <span class='ocrx_word' id='word_1_500' title='bbox 1689 3333 1933 3401; x_wconf 90' lang='lat' dir='ltr'><strong>accipere</strong></span> 
     </span>
    </p>
   </div>
   <div class='ocr_carea' id='block_1_67' title="bbox 351 3423 1934 3510">
    <p class='ocr_par' dir='ltr' id='par_1_67' title="bbox 351 3423 1934 3510">
     <span class='ocr_line' id='line_1_67' title="bbox 351 3423 1934 3510; baseline -0.02 -4"><span class='ocrx_word' id='word_1_501' title='bbox 351 3423 594 3510; x_wconf 77' lang='lat' dir='ltr'><strong>carnem,</strong></span> <span class='ocrx_word' id='word_1_502' title='bbox 623 3443 844 3510; x_wconf 89' lang='lat' dir='ltr'><strong>lierique</strong></span> <span class='ocrx_word' id='word_1_503' title='bbox 869 3437 1108 3492; x_wconf 81' lang='lat' dir='ltr'><strong>Verbum</strong></span> <span class='ocrx_word' id='word_1_504' title='bbox 1138 3433 1430 3493; x_wconf 91' lang='lat' dir='ltr'><strong>hominem,</strong></span> <span class='ocrx_word' id='word_1_505' title='bbox 1464 3427 1608 3498; x_wconf 89' lang='lat' dir='ltr'><strong>quod</strong></span> <span class='ocrx_word' id='word_1_506' title='bbox 1635 3434 1719 3480; x_wconf 90' lang='lat' dir='ltr'><strong>est</strong></span> <span class='ocrx_word' id='word_1_507' title='bbox 1751 3423 1934 3478; x_wconf 87' lang='lat' dir='ltr'><strong>invisi-</strong></span> 
     </span>
    </p>
   </div>
   <div class='ocr_carea' id='block_1_68' title="bbox 351 3514 1924 3606">
    <p class='ocr_par' dir='ltr' id='par_1_68' title="bbox 351 3514 1924 3606">
     <span class='ocr_line' id='line_1_68' title="bbox 351 3514 1924 3606; baseline -0.018 -14"><span class='ocrx_word' id='word_1_508' title='bbox 351 3537 441 3592; x_wconf 89' lang='lat' dir='ltr'><strong>bili</strong></span> <span class='ocrx_word' id='word_1_509' title='bbox 467 3533 710 3606; x_wconf 88' lang='lat' dir='ltr'><strong>potentia</strong></span> <span class='ocrx_word' id='word_1_510' title='bbox 732 3527 978 3584; x_wconf 78' lang='lat' dir='ltr'><strong>conferre</strong></span> <span class='ocrx_word' id='word_1_511' title='bbox 998 3523 1312 3592; x_wconf 89' lang='lat' dir='ltr'><strong>cujusquam</strong></span> <span class='ocrx_word' id='word_1_512' title='bbox 1336 3517 1574 3572; x_wconf 89' lang='lat' dir='ltr'><strong>muneris</strong></span> <span class='ocrx_word' id='word_1_513' title='bbox 1602 3514 1924 3582; x_wconf 78' lang='lat' dir='ltr'><strong>largitatem.</strong></span> 
     </span>
    </p>
   </div>
   <div class='ocr_carea' id='block_1_69' title="bbox 353 3602 1934 3686">
    <p class='ocr_par' dir='ltr' id='par_1_69' title="bbox 353 3602 1934 3686">
     <span class='ocr_line' id='line_1_69' title="bbox 353 3602 1934 3686; baseline -0.018 -4"><span class='ocrx_word' id='word_1_514' title='bbox 353 3602 485 3681; x_wconf 30' lang='lat' dir='ltr'><strong>Non-</strong></span> <span class='ocrx_word' id='word_1_515' title='bbox 511 3625 655 3679; x_wconf 84' lang='lat' dir='ltr'><strong>enim</strong></span> <span class='ocrx_word' id='word_1_516' title='bbox 694 3634 820 3675; x_wconf 90' lang='lat' dir='ltr'><strong>vere</strong></span> <span class='ocrx_word' id='word_1_517' title='bbox 848 3615 1079 3686; x_wconf 89' lang='lat' dir='ltr'><strong>Spiritus</strong></span> <span class='ocrx_word' id='word_1_518' title='bbox 1125 3619 1342 3666; x_wconf 90' lang='lat' dir='ltr'><strong>sanctus</strong></span> <span class='ocrx_word' id='word_1_519' title='bbox 1387 3622 1514 3663; x_wconf 87' lang='lat' dir='ltr'><strong>vere</strong></span> <span class='ocrx_word' id='word_1_520' title='bbox 1563 3603 1808 3660; x_wconf 90' lang='lat' dir='ltr'><strong>columba</strong></span> <span class='ocrx_word' id='word_1_521' title='bbox 1855 3602 1934 3654; x_wconf 80' lang='lat' dir='ltr'><strong>la-</strong></span> 
     </span>
    </p>
   </div>
   <div class='ocr_carea' id='block_1_70' title="bbox 351 3691 1932 3773">
    <p class='ocr_par' dir='ltr' id='par_1_70' title="bbox 351 3691 1932 3773">
     <span class='ocr_line' id='line_1_70' title="bbox 351 3691 1932 3773; baseline -0.02 0"><span class='ocrx_word' id='word_1_522' title='bbox 351 3726 467 3773; x_wconf 90' lang='lat' dir='ltr'><strong>ctus</strong></span> <span class='ocrx_word' id='word_1_523' title='bbox 522 3721 606 3768; x_wconf 89' lang='lat' dir='ltr'><strong>est</strong></span> <span class='ocrx_word' id='word_1_524' title='bbox 652 3719 746 3765; x_wconf 90' lang='lat' dir='ltr'><strong>aut</strong></span> <span class='ocrx_word' id='word_1_525' title='bbox 791 3721 919 3762; x_wconf 88' lang='lat' dir='ltr'><strong>vere</strong></span> <span class='ocrx_word' id='word_1_526' title='bbox 966 3703 1102 3773; x_wconf 81' lang='lat' dir='ltr'><strong>ignis</strong></span> <span class='ocrx_word' id='word_1_527' title='bbox 1159 3700 1332 3754; x_wconf 82' lang='lat' dir='ltr'><strong>factus</strong></span> <span class='ocrx_word' id='word_1_528' title='bbox 1380 3704 1503 3761; x_wconf 91' lang='lat' dir='ltr'><strong>est,</strong></span> <span class='ocrx_word' id='word_1_529' title='bbox 1548 3691 1764 3765; x_wconf 89' lang='lat' dir='ltr'><strong>quando</strong></span> <span class='ocrx_word' id='word_1_530' title='bbox 1811 3706 1932 3745; x_wconf 88' lang='lat' dir='ltr'><strong>eum</strong></span> 
     </span>
    </p>
   </div>
   <div class='ocr_carea' id='block_1_71' title="bbox 350 3782 1935 3864">
    <p class='ocr_par' dir='ltr' id='par_1_71' title="bbox 350 3782 1935 3864">
     <span class='ocr_line' id='line_1_71' title="bbox 350 3782 1935 3864; baseline -0.019 0"><span class='ocrx_word' id='word_1_531' title='bbox 350 3809 534 3864; x_wconf 88' lang='lat' dir='ltr'><strong>talium</strong></span> <span class='ocrx_word' id='word_1_532' title='bbox 585 3818 763 3859; x_wconf 90' lang='lat' dir='ltr'><strong>rerum</strong></span> <span class='ocrx_word' id='word_1_533' title='bbox 806 3799 1014 3853; x_wconf 87' lang='lat' dir='ltr'><strong>visione</strong></span> <span class='ocrx_word' id='word_1_534' title='bbox 1055 3790 1341 3863; x_wconf 83' lang='lat' dir='ltr'><strong>signiﬁcari</strong></span> <span class='ocrx_word' id='word_1_535' title='bbox 1395 3788 1608 3861; x_wconf 76' lang='lat' dir='ltr'><strong>(Florus</strong></span> <span class='ocrx_word' id='word_1_536' title='bbox 1652 3785 1813 3854; x_wconf 82' lang='lat' dir='ltr'><strong>legit,</strong></span> <span class='ocrx_word' id='word_1_537' title='bbox 1861 3782 1935 3836; x_wconf 87' lang='lat' dir='ltr'><strong>si-</strong></span> 
     </span>
    </p>
   </div>
   <div class='ocr_carea' id='block_1_72' title="bbox 350 3877 1931 3968">
    <p class='ocr_par' dir='ltr' id='par_1_72' title="bbox 350 3877 1931 3968">
     <span class='ocr_line' id='line_1_72' title="bbox 350 3877 1931 3968; baseline -0.016 -16"><span class='ocrx_word' id='word_1_538' title='bbox 350 3897 525 3968; x_wconf 90' lang='lat' dir='ltr'><strong>gnari)</strong></span> <span class='ocrx_word' id='word_1_539' title='bbox 568 3892 828 3963; x_wconf 89' lang='lat' dir='ltr'><strong>oportuit.</strong></span> <span class='ocrx_word' id='word_1_540' title='bbox 883 3887 1111 3941; x_wconf 84' lang='lat' dir='ltr'><strong>Verbum</strong></span> <span class='ocrx_word' id='word_1_541' title='bbox 1165 3889 1342 3937; x_wconf 91' lang='lat' dir='ltr'><strong>autem</strong></span> <span class='ocrx_word' id='word_1_542' title='bbox 1397 3895 1523 3934; x_wconf 91' lang='lat' dir='ltr'><strong>caro</strong></span> <span class='ocrx_word' id='word_1_543' title='bbox 1572 3877 1769 3930; x_wconf 79' lang='lat' dir='ltr'><strong>factum</strong></span> <span class='ocrx_word' id='word_1_544' title='bbox 1825 3881 1931 3941; x_wconf 91' lang='lat' dir='ltr'><strong>est,</strong></span> 
     </span>
    </p>
   </div>
   <div class='ocr_carea' id='block_1_73' title="bbox 350 3965 1933 4060">
    <p class='ocr_par' dir='ltr' id='par_1_73' title="bbox 350 3965 1933 4060">
     <span class='ocr_line' id='line_1_73' title="bbox 350 3965 1933 4060; baseline -0.017 -16"><span class='ocrx_word' id='word_1_545' title='bbox 350 3965 566 4060; x_wconf 73' lang='lat' dir='ltr'><strong>quando</strong></span> <span class='ocrx_word' id='word_1_546' title='bbox 601 3982 917 4051; x_wconf 87' lang='lat' dir='ltr'><strong>Unigenitus</strong></span> <span class='ocrx_word' id='word_1_547' title='bbox 946 3979 1087 4032; x_wconf 91' lang='lat' dir='ltr'><strong>Deus</strong></span> <span class='ocrx_word' id='word_1_548' title='bbox 1123 3989 1338 4030; x_wconf 91' lang='lat' dir='ltr'><strong>carnem</strong></span> <span class='ocrx_word' id='word_1_549' title='bbox 1390 3970 1619 4040; x_wconf 90' lang='lat' dir='ltr'><strong>accepit.</strong></span> <span class='ocrx_word' id='word_1_550' title='bbox 1670 3965 1823 4038; x_wconf 75' lang='lat' dir='ltr'><strong>Quod</strong></span> <span class='ocrx_word' id='word_1_551' title='bbox 1848 3973 1933 4018; x_wconf 93' lang='lat' dir='ltr'><strong>ta-</strong></span> 
     </span>
    </p>
   </div>
   <div class='ocr_carea' id='block_1_74' title="bbox 350 4060 1936 4140">
    <p class='ocr_par' dir='ltr' id='par_1_74' title="bbox 350 4060 1936 4140">
     <span class='ocr_line' id='line_1_74' title="bbox 350 4060 1936 4140; baseline -0.016 -5"><span class='ocrx_word' id='word_1_552' title='bbox 350 4095 472 4134; x_wconf 89' lang='lat' dir='ltr'><strong>men</strong></span> <span class='ocrx_word' id='word_1_553' title='bbox 506 4094 614 4131; x_wconf 91' lang='lat' dir='ltr'><strong>non</strong></span> <span class='ocrx_word' id='word_1_554' title='bbox 645 4075 818 4129; x_wconf 90' lang='lat' dir='ltr'><strong>aliena</strong></span> <span class='ocrx_word' id='word_1_555' title='bbox 849 4077 1137 4140; x_wconf 72' lang='lat' dir='ltr'><strong>potest-ale,</strong></span> <span class='ocrx_word' id='word_1_556' title='bbox 1172 4065 1265 4123; x_wconf 91' lang='lat' dir='ltr'><strong>sed</strong></span> <span class='ocrx_word' id='word_1_557' title='bbox 1305 4062 1521 4134; x_wconf 89' lang='lat' dir='ltr'><strong>propria</strong></span> <span class='ocrx_word' id='word_1_558' title='bbox 1552 4060 1708 4124; x_wconf 81' lang='lat' dir='ltr'><strong>fecit;</strong></span> <span class='ocrx_word' id='word_1_559' title='bbox 1760 4070 1936 4126; x_wconf 89' lang='lat' dir='ltr'><strong>neque</strong></span> 
     </span>
    </p>
   </div>
   <div class='ocr_carea' id='block_1_75' title="bbox 352 4150 1936 4235">
    <p class='ocr_par' dir='ltr' id='par_1_75' title="bbox 352 4150 1936 4235">
     <span class='ocr_line' id='line_1_75' title="bbox 352 4150 1936 4235; baseline -0.015 -8"><span class='ocrx_word' id='word_1_560' title='bbox 352 4187 444 4226; x_wconf 92' lang='lat' dir='ltr'><strong>sua</strong></span> <span class='ocrx_word' id='word_1_561' title='bbox 475 4178 705 4232; x_wconf 87' lang='lat' dir='ltr'><strong>tantum,</strong></span> <span class='ocrx_word' id='word_1_562' title='bbox 755 4165 876 4235; x_wconf 89' lang='lat' dir='ltr'><strong>quia</strong></span> <span class='ocrx_word' id='word_1_563' title='bbox 909 4161 1035 4217; x_wconf 92' lang='lat' dir='ltr'><strong>illud</strong></span> <span class='ocrx_word' id='word_1_564' title='bbox 1063 4158 1277 4230; x_wconf 85' lang='lat' dir='ltr'><strong>pietatis</strong></span> <span class='ocrx_word' id='word_1_565' title='bbox 1311 4160 1727 4214; x_wconf 89' lang='lat' dir='ltr'><strong>sacramentum,</strong></span> <span class='ocrx_word' id='word_1_566' title='bbox 1770 4150 1936 4204; x_wconf 90' lang='lat' dir='ltr'><strong>totius</strong></span> 
     </span>
    </p>
   </div>
   <div class='ocr_carea' id='block_1_76' title="bbox 354 4239 1933 4318">
    <p class='ocr_par' dir='ltr' id='par_1_76' title="bbox 354 4239 1933 4318">
     <span class='ocr_line' id='line_1_76' title="bbox 354 4239 1933 4318; baseline -0.015 -2"><span class='ocrx_word' id='word_1_567' title='bbox 354 4261 633 4318; x_wconf 83' lang='lat' dir='ltr'><strong>Trinitatis</strong></span> <span class='ocrx_word' id='word_1_568' title='bbox 663 4267 746 4312; x_wconf 88' lang='lat' dir='ltr'><strong>est</strong></span> <span class='ocrx_word' id='word_1_569' title='bbox 775 4271 874 4309; x_wconf 90' lang='lat' dir='ltr'><strong>una</strong></span> <span class='ocrx_word' id='word_1_570' title='bbox 905 4253 1180 4307; x_wconf 85' lang='lat' dir='ltr'><strong>voluntate</strong></span> <span class='ocrx_word' id='word_1_571' title='bbox 1206 4264 1269 4302; x_wconf 91' lang='lat' dir='ltr'><strong>ac</strong></span> <span class='ocrx_word' id='word_1_572' title='bbox 1307 4251 1576 4318; x_wconf 88' lang='lat' dir='ltr'><strong>potestate</strong></span> <span class='ocrx_word' id='word_1_573' title='bbox 1617 4239 1933 4312; x_wconf 83' lang='lat' dir='ltr'><strong>perfectum.</strong></span> 
     </span>
    </p>
   </div>
   <div class='ocr_carea' id='block_1_77' title="bbox 357 4332 1934 4415">
    <p class='ocr_par' dir='ltr' id='par_1_77' title="bbox 357 4332 1934 4415">
     <span class='ocr_line' id='line_1_77' title="bbox 357 4332 1934 4415; baseline -0.015 -7"><span class='ocrx_word' id='word_1_574' title='bbox 357 4354 524 4408; x_wconf 79' lang='lat' dir='ltr'><strong>Miror</strong></span> <span class='ocrx_word' id='word_1_575' title='bbox 553 4360 733 4404; x_wconf 90' lang='lat' dir='ltr'><strong>autem</strong></span> <span class='ocrx_word' id='word_1_576' title='bbox 776 4343 1044 4415; x_wconf 91' lang='lat' dir='ltr'><strong>quomodo</strong></span> <span class='ocrx_word' id='word_1_577' title='bbox 1086 4358 1116 4396; x_wconf 90' lang='lat' dir='ltr'><strong>a</strong></span> <span class='ocrx_word' id='word_1_578' title='bbox 1164 4339 1368 4409; x_wconf 90' lang='lat' dir='ltr'><strong>Spiritu</strong></span> <span class='ocrx_word' id='word_1_579' title='bbox 1411 4343 1598 4389; x_wconf 88' lang='lat' dir='ltr'><strong>sancto</strong></span> <span class='ocrx_word' id='word_1_580' title='bbox 1638 4332 1777 4386; x_wconf 89' lang='lat' dir='ltr'><strong>mitti</strong></span> <span class='ocrx_word' id='word_1_581' title='bbox 1825 4347 1934 4385; x_wconf 91' lang='lat' dir='ltr'><strong>non</strong></span> 
     </span>
    </p>
   </div>
   <div class='ocr_carea' id='block_1_78' title="bbox 353 4426 1936 4507">
    <p class='ocr_par' dir='ltr' id='par_1_78' title="bbox 353 4426 1936 4507">
     <span class='ocr_line' id='line_1_78' title="bbox 353 4426 1936 4507; baseline -0.014 -8"><span class='ocrx_word' id='word_1_582' title='bbox 353 4443 540 4499; x_wconf 89' lang='lat' dir='ltr'><strong>credas</strong></span> <span class='ocrx_word' id='word_1_583' title='bbox 571 4439 838 4507; x_wconf 81' lang='lat' dir='ltr'><strong>angelum,</strong></span> <span class='ocrx_word' id='word_1_584' title='bbox 889 4451 920 4489; x_wconf 92' lang='lat' dir='ltr'><strong>a</strong></span> <span class='ocrx_word' id='word_1_585' title='bbox 950 4451 1056 4505; x_wconf 91' lang='lat' dir='ltr'><strong>quo</strong></span> <span class='ocrx_word' id='word_1_586' title='bbox 1103 4434 1323 4488; x_wconf 89' lang='lat' dir='ltr'><strong>missum</strong></span> <span class='ocrx_word' id='word_1_587' title='bbox 1354 4430 1506 4501; x_wconf 81' lang='lat' dir='ltr'><strong>legis</strong></span> <span class='ocrx_word' id='word_1_588' title='bbox 1548 4429 1719 4498; x_wconf 89' lang='lat' dir='ltr'><strong>ipsum</strong></span> <span class='ocrx_word' id='word_1_589' title='bbox 1752 4426 1936 4480; x_wconf 91' lang='lat' dir='ltr'><strong>Domi-</strong></span> 
     </span>
    </p>
   </div>
   <div class='ocr_carea' id='block_1_79' title="bbox 353 4522 1935 4597">
    <p class='ocr_par' dir='ltr' id='par_1_79' title="bbox 353 4522 1935 4597">
     <span class='ocr_line' id='line_1_79' title="bbox 353 4522 1935 4597; baseline -0.014 -8"><span class='ocrx_word' id='word_1_590' title='bbox 353 4549 479 4589; x_wconf 92' lang='lat' dir='ltr'><strong>num</strong></span> <span class='ocrx_word' id='word_1_591' title='bbox 517 4529 854 4597; x_wconf 76' lang='lat' dir='ltr'><strong>angelorum.</strong></span> <span class='ocrx_word' id='word_1_592' title='bbox 904 4527 1116 4579; x_wconf 90' lang='lat' dir='ltr'><strong>Patrem</strong></span> <span class='ocrx_word' id='word_1_593' title='bbox 1165 4538 1294 4578; x_wconf 91' lang='lat' dir='ltr'><strong>vero</strong></span> <span class='ocrx_word' id='word_1_594' title='bbox 1344 4522 1672 4582; x_wconf 89' lang='lat' dir='ltr'><strong>invocamus,</strong></span> <span class='ocrx_word' id='word_1_595' title='bbox 1714 4522 1935 4586; x_wconf 85' lang='lat' dir='ltr'><strong>propter</strong></span> 
     </span>
    </p>
   </div>
   <div class='ocr_carea' id='block_1_80' title="bbox 2035 3336 3617 3421">
    <p class='ocr_par' dir='ltr' id='par_1_80' title="bbox 2035 3336 3617 3421">
     <span class='ocr_line' id='line_1_80' title="bbox 2035 3336 3617 3421; baseline -0.004 -26"><span class='ocrx_word' id='word_1_596' title='bbox 2035 3342 2101 3395; x_wconf 89' lang='lat' dir='ltr'><strong>de</strong></span> <span class='ocrx_word' id='word_1_597' title='bbox 2125 3341 2263 3421; x_wconf 66' lang='lat' dir='ltr'><strong>caelo</strong></span> <span class='ocrx_word' id='word_1_598' title='bbox 2292 3341 2592 3402; x_wconf 87' lang='lat' dir='ltr'><strong>tnittuntur,</strong></span> <span class='ocrx_word' id='word_1_599' title='bbox 2641 3347 2768 3392; x_wconf 91' lang='lat' dir='ltr'><strong>tunc</strong></span> <span class='ocrx_word' id='word_1_600' title='bbox 2796 3346 3053 3406; x_wconf 87' lang='lat' dir='ltr'><strong>apparent</strong></span> <span class='ocrx_word' id='word_1_601' title='bbox 3093 3337 3309 3405; x_wconf 86' lang='lat' dir='ltr'><strong>quando</strong></span> <span class='ocrx_word' id='word_1_602' title='bbox 3339 3337 3416 3390; x_wconf 87' lang='lat' dir='ltr'><strong>eis</strong></span> <span class='ocrx_word' id='word_1_603' title='bbox 3446 3352 3475 3389; x_wconf 89' lang='lat' dir='ltr'><strong>a</strong></span> <span class='ocrx_word' id='word_1_604' title='bbox 3508 3336 3617 3389; x_wconf 88' lang='lat' dir='ltr'><strong>Deo</strong></span> 
     </span>
    </p>
   </div>
   <div class='ocr_carea' id='block_1_81' title="bbox 2036 3409 3680 3500">
    <p class='ocr_par' dir='ltr' id='par_1_81' title="bbox 2036 3409 3680 3500">
     <span class='ocr_line' id='line_1_81' title="bbox 2036 3409 3680 3500; baseline -0.004 -17"><span class='ocrx_word' id='word_1_605' title='bbox 2036 3416 2358 3500; x_wconf 64' lang='lat' dir='ltr'><strong>praicipitur,</strong></span> <span class='ocrx_word' id='word_1_606' title='bbox 2381 3437 2436 3481; x_wconf 92' lang='lat' dir='ltr'><strong>et</strong></span> <span class='ocrx_word' id='word_1_607' title='bbox 2457 3436 2584 3480; x_wconf 86' lang='lat' dir='ltr'><strong>tunc</strong></span> <span class='ocrx_word' id='word_1_608' title='bbox 2609 3441 2713 3479; x_wconf 89' lang='lat' dir='ltr'><strong>non</strong></span> <span class='ocrx_word' id='word_1_609' title='bbox 2738 3438 2998 3494; x_wconf 86' lang='lat' dir='ltr'><strong>apparent</strong></span> <span class='ocrx_word' id='word_1_610' title='bbox 3025 3425 3238 3494; x_wconf 83' lang='lat' dir='ltr'><strong>quando</strong></span> <span class='ocrx_word' id='word_1_611' title='bbox 3264 3425 3341 3478; x_wconf 89' lang='lat' dir='ltr'><strong>eis</strong></span> <span class='ocrx_word' id='word_1_612' title='bbox 3359 3424 3617 3478; x_wconf 85' lang='lat' dir='ltr'><strong>divinitus</strong></span> <span class='ocrx_word' id='word_1_613' title='bbox 3676 3409 3680 3426; x_wconf 77' lang='grc'><em>’</em></span> 
     </span>
    </p>
   </div>
   <div class='ocr_carea' id='block_1_82' title="bbox 2038 3512 3617 3587">
    <p class='ocr_par' dir='ltr' id='par_1_82' title="bbox 2038 3512 3617 3587">
     <span class='ocr_line' id='line_1_82' title="bbox 2038 3512 3617 3587; baseline -0.003 -15"><span class='ocrx_word' id='word_1_614' title='bbox 2038 3535 2142 3572; x_wconf 89' lang='lat' dir='ltr'><strong>non</strong></span> <span class='ocrx_word' id='word_1_615' title='bbox 2167 3519 2409 3587; x_wconf 86' lang='lat' dir='ltr'><strong>jubetur;</strong></span> <span class='ocrx_word' id='word_1_616' title='bbox 2440 3518 2564 3570; x_wconf 90' lang='lat' dir='ltr'><strong>illuc</strong></span> <span class='ocrx_word' id='word_1_617' title='bbox 2594 3525 2770 3569; x_wconf 90' lang='lat' dir='ltr'><strong>tamen</strong></span> <span class='ocrx_word' id='word_1_618' title='bbox 2803 3517 3105 3578; x_wconf 91' lang='lat' dir='ltr'><strong>mittuntur,</strong></span> <span class='ocrx_word' id='word_1_619' title='bbox 3153 3515 3240 3567; x_wconf 92' lang='lat' dir='ltr'><strong>ubi</strong></span> <span class='ocrx_word' id='word_1_620' title='bbox 3276 3529 3381 3566; x_wconf 91' lang='lat' dir='ltr'><strong>non</strong></span> <span class='ocrx_word' id='word_1_621' title='bbox 3404 3512 3617 3568; x_wconf 81' lang='lat' dir='ltr'><strong>fuerunt</strong></span> 
     </span>
    </p>
   </div>
   <div class='ocr_carea' id='block_1_83' title="bbox 2036 3596 3618 3675">
    <p class='ocr_par' dir='ltr' id='par_1_83' title="bbox 2036 3596 3618 3675">
     <span class='ocr_line' id='line_1_83' title="bbox 2036 3596 3618 3675; baseline -0.003 -15"><span class='ocrx_word' id='word_1_622' title='bbox 2036 3619 2322 3675; x_wconf 88' lang='lat' dir='ltr'><strong>antequam</strong></span> <span class='ocrx_word' id='word_1_623' title='bbox 2373 3596 2760 3658; x_wconf 41' lang='lat' dir='ltr'><strong>mitterentur.’</strong></span> <span class='ocrx_word' id='word_1_624' title='bbox 2788 3603 2940 3669; x_wconf 91' lang='lat' dir='ltr'><strong>Quod</strong></span> <span class='ocrx_word' id='word_1_625' title='bbox 2973 3604 3040 3656; x_wconf 91' lang='lat' dir='ltr'><strong>de</strong></span> <span class='ocrx_word' id='word_1_626' title='bbox 3066 3611 3250 3656; x_wconf 89' lang='lat' dir='ltr'><strong>sancto</strong></span> <span class='ocrx_word' id='word_1_627' title='bbox 3279 3602 3481 3671; x_wconf 89' lang='lat' dir='ltr'><strong>Spiritu</strong></span> <span class='ocrx_word' id='word_1_628' title='bbox 3512 3618 3618 3657; x_wconf 93' lang='lat' dir='ltr'><strong>non</strong></span> 
     </span>
    </p>
   </div>
   <div class='ocr_carea' id='block_1_84' title="bbox 1995 3676 3618 3765">
    <p class='ocr_par' dir='ltr' id='par_1_84' title="bbox 1995 3676 3618 3765">
     <span class='ocr_line' id='line_1_84' title="bbox 1995 3676 3618 3765; baseline -0.002 -15"><span class='ocrx_word' id='word_1_629' title='bbox 1995 3708 1999 3712; x_wconf 88' lang='lat'><em>&#39;</em></span> <span class='ocrx_word' id='word_1_630' title='bbox 2035 3704 2212 3765; x_wconf 87' lang='lat' dir='ltr'><strong>potest</strong></span> <span class='ocrx_word' id='word_1_631' title='bbox 2241 3704 2384 3750; x_wconf 87' lang='lat' dir='ltr'><strong>recte</strong></span> <span class='ocrx_word' id='word_1_632' title='bbox 2413 3695 2497 3748; x_wconf 91' lang='lat' dir='ltr'><strong>vel</strong></span> <span class='ocrx_word' id='word_1_633' title='bbox 2524 3695 2668 3751; x_wconf 79' lang='lat' dir='ltr'><strong>credi</strong></span> <span class='ocrx_word' id='word_1_634' title='bbox 2701 3693 2786 3751; x_wconf 81' lang='lat' dir='ltr'><strong>vel</strong></span> <span class='ocrx_word' id='word_1_635' title='bbox 2824 3693 2950 3758; x_wconf 88' lang='lat' dir='ltr'><strong>dici,</strong></span> <span class='ocrx_word' id='word_1_636' title='bbox 2981 3707 3138 3761; x_wconf 88' lang='lat' dir='ltr'><strong>quem</strong></span> <span class='ocrx_word' id='word_1_637' title='bbox 3182 3700 3396 3747; x_wconf 89' lang='lat' dir='ltr'><strong>constat</strong></span> <span class='ocrx_word' id='word_1_638' title='bbox 3422 3676 3618 3761; x_wconf 82' lang='lat' dir='ltr'><strong>ubique</strong></span> 
     </span>
    </p>
   </div>
   <div class='ocr_carea' id='block_1_85' title="bbox 2034 3767 3618 3857">
    <p class='ocr_par' dir='ltr' id='par_1_85' title="bbox 2034 3767 3618 3857">
     <span class='ocr_line' id='line_1_85' title="bbox 2034 3767 3618 3857; baseline -0.004 -15"><span class='ocrx_word' id='word_1_639' title='bbox 2034 3802 2250 3857; x_wconf 90' lang='lat' dir='ltr'><strong>semper</strong></span> <span class='ocrx_word' id='word_1_640' title='bbox 2269 3800 2388 3841; x_wconf 91' lang='lat' dir='ltr'><strong>esse</strong></span> <span class='ocrx_word' id='word_1_641' title='bbox 2413 3790 2605 3849; x_wconf 80' lang='lat' dir='ltr'><strong>totum,</strong></span> <span class='ocrx_word' id='word_1_642' title='bbox 2636 3785 2758 3854; x_wconf 90' lang='lat' dir='ltr'><strong>quia</strong></span> <span class='ocrx_word' id='word_1_643' title='bbox 2801 3785 3028 3854; x_wconf 82' lang='lat' dir='ltr'><strong>Spiritus</strong></span> <span class='ocrx_word' id='word_1_644' title='bbox 3059 3767 3270 3837; x_wconf 65' lang='lat' dir='ltr'><strong>Domini</strong></span> <span class='ocrx_word' id='word_1_645' title='bbox 3293 3784 3508 3851; x_wconf 75' lang='lat' dir='ltr'><strong>replevit</strong></span> <span class='ocrx_word' id='word_1_646' title='bbox 3533 3801 3618 3836; x_wconf 84' lang='lat' dir='ltr'><strong>or-</strong></span> 
     </span>
    </p>
   </div>
   <div class='ocr_carea' id='block_1_86' title="bbox 2036 3875 3619 3946">
    <p class='ocr_par' dir='ltr' id='par_1_86' title="bbox 2036 3875 3619 3946">
     <span class='ocr_line' id='line_1_86' title="bbox 2036 3875 3619 3946; baseline -0.002 -14"><span class='ocrx_word' id='word_1_647' title='bbox 2036 3879 2147 3932; x_wconf 74' lang='lat' dir='ltr'><strong>(rem</strong></span> <span class='ocrx_word' id='word_1_648' title='bbox 2194 3887 2452 3932; x_wconf 86' lang='lat' dir='ltr'><strong>terrarum</strong></span> <span class='ocrx_word' id='word_1_649' title='bbox 2484 3875 2640 3946; x_wconf 84' lang='lat' dir='ltr'><strong>(Sap.</strong></span> <span class='ocrx_word' id='word_1_650' title='bbox 2673 3893 2706 3941; x_wconf 85' lang='lat' dir='ltr'><strong>I,</strong></span> <span class='ocrx_word' id='word_1_651' title='bbox 2740 3876 2815 3945; x_wconf 83' lang='lat'><strong>7).</strong></span> <span class='ocrx_word' id='word_1_652' title='bbox 2864 3876 3076 3929; x_wconf 82' lang='lat' dir='ltr'><strong>Falsum</strong></span> <span class='ocrx_word' id='word_1_653' title='bbox 3117 3884 3426 3928; x_wconf 63' lang='lat' dir='ltr'><strong>est‘autem</strong></span> <span class='ocrx_word' id='word_1_654' title='bbox 3475 3876 3619 3943; x_wconf 86' lang='lat' dir='ltr'><strong>qtlod</strong></span> 
     </span>
    </p>
   </div>
   <div class='ocr_carea' id='block_1_87' title="bbox 2035 3967 3619 4037">
    <p class='ocr_par' dir='ltr' id='par_1_87' title="bbox 2035 3967 3619 4037">
     <span class='ocr_line' id='line_1_87' title="bbox 2035 3967 3619 4037; baseline -0.003 -12"><span class='ocrx_word' id='word_1_655' title='bbox 2035 3970 2238 4037; x_wconf 78' lang='lat' dir='ltr'><strong>dixisti,</strong></span> <span class='ocrx_word' id='word_1_656' title='bbox 2269 3969 2524 4023; x_wconf 86' lang='lat' dir='ltr'><strong>Diabolus</strong></span> <span class='ocrx_word' id='word_1_657' title='bbox 2565 3983 2688 4022; x_wconf 91' lang='lat' dir='ltr'><strong>eum</strong></span> <span class='ocrx_word' id='word_1_658' title='bbox 2716 3969 2781 4020; x_wconf 92' lang='lat' dir='ltr'><strong>ad</strong></span> <span class='ocrx_word' id='word_1_659' title='bbox 2811 3967 2911 4020; x_wconf 82' lang='lat' dir='ltr'><strong>Joh</strong></span> <span class='ocrx_word' id='word_1_660' title='bbox 2943 3969 3135 4021; x_wconf 91' lang='lat' dir='ltr'><strong>missus</strong></span> <span class='ocrx_word' id='word_1_661' title='bbox 3163 3975 3267 4030; x_wconf 88' lang='lat' dir='ltr'><strong>est,</strong></span> <span class='ocrx_word' id='word_1_662' title='bbox 3313 3981 3480 4035; x_wconf 89' lang='lat' dir='ltr'><strong>quare</strong></span> <span class='ocrx_word' id='word_1_663' title='bbox 3512 3981 3619 4021; x_wconf 90' lang='lat' dir='ltr'><strong>non</strong></span> 
     </span>
    </p>
   </div>
   <div class='ocr_carea' id='block_1_88' title="bbox 2035 4057 3622 4131">
    <p class='ocr_par' dir='ltr' id='par_1_88' title="bbox 2035 4057 3622 4131">
     <span class='ocr_line' id='line_1_88' title="bbox 2035 4057 3622 4131; baseline -0.003 -14"><span class='ocrx_word' id='word_1_664' title='bbox 2035 4062 2324 4131; x_wconf 88' lang='lat' dir='ltr'><strong>apparuit?</strong></span> <span class='ocrx_word' id='word_1_665' title='bbox 2354 4059 2538 4128; x_wconf 86' lang='lat' dir='ltr'><strong>Neque</strong></span> <span class='ocrx_word' id='word_1_666' title='bbox 2582 4059 2725 4113; x_wconf 90' lang='lat' dir='ltr'><strong>enirn</strong></span> <span class='ocrx_word' id='word_1_667' title='bbox 2755 4067 2940 4113; x_wconf 89' lang='lat' dir='ltr'><strong>sancta</strong></span> <span class='ocrx_word' id='word_1_668' title='bbox 2971 4057 3244 4127; x_wconf 89' lang='lat' dir='ltr'><strong>Scriptura</strong></span> <span class='ocrx_word' id='word_1_669' title='bbox 3271 4058 3406 4112; x_wconf 80' lang='lat' dir='ltr'><strong>dixit</strong></span> <span class='ocrx_word' id='word_1_670' title='bbox 3427 4057 3492 4111; x_wconf 93' lang='lat' dir='ltr'><strong>ad</strong></span> <span class='ocrx_word' id='word_1_671' title='bbox 3519 4057 3622 4112; x_wconf 84' lang='lat' dir='ltr'><strong>Job</strong></span> 
     </span>
    </p>
   </div>
   <div class='ocr_carea' id='block_1_89' title="bbox 2037 4147 3618 4220">
    <p class='ocr_par' dir='ltr' id='par_1_89' title="bbox 2037 4147 3618 4220">
     <span class='ocr_line' id='line_1_89' title="bbox 2037 4147 3618 4220; baseline -0.004 -12"><span class='ocrx_word' id='word_1_672' title='bbox 2037 4153 2308 4209; x_wconf 87' lang='lat' dir='ltr'><strong>diabolum</strong></span> <span class='ocrx_word' id='word_1_673' title='bbox 2338 4152 2578 4216; x_wconf 89' lang='lat' dir='ltr'><strong>missum,</strong></span> <span class='ocrx_word' id='word_1_674' title='bbox 2605 4149 2850 4220; x_wconf 88' lang='lat' dir='ltr'><strong>quamvis</strong></span> <span class='ocrx_word' id='word_1_675' title='bbox 2871 4149 3066 4202; x_wconf 87' lang='lat' dir='ltr'><strong>dixerit</strong></span> <span class='ocrx_word' id='word_1_676' title='bbox 3097 4147 3256 4201; x_wconf 88' lang='lat' dir='ltr'><strong>luisse</strong></span> <span class='ocrx_word' id='word_1_677' title='bbox 3278 4149 3618 4217; x_wconf 90' lang='lat' dir='ltr'><strong>permissum.</strong></span> 
     </span>
    </p>
   </div>
   <div class='ocr_carea' id='block_1_90' title="bbox 2036 4239 3624 4312">
    <p class='ocr_par' dir='ltr' id='par_1_90' title="bbox 2036 4239 3624 4312">
     <span class='ocr_line' id='line_1_90' title="bbox 2036 4239 3624 4312; baseline -0.004 -13"><span class='ocrx_word' id='word_1_678' title='bbox 2036 4246 2274 4300; x_wconf 90' lang='lat' dir='ltr'><strong>lnanitcr</strong></span> <span class='ocrx_word' id='word_1_679' title='bbox 2302 4245 2462 4312; x_wconf 83' lang='lat' dir='ltr'><strong>igitur</strong></span> <span class='ocrx_word' id='word_1_680' title='bbox 2501 4243 2596 4296; x_wconf 90' lang='lat' dir='ltr'><strong>tibi</strong></span> <span class='ocrx_word' id='word_1_681' title='bbox 2637 4241 2798 4295; x_wconf 86' lang='lat' dir='ltr'><strong>verba</strong></span> <span class='ocrx_word' id='word_1_682' title='bbox 2828 4240 3034 4294; x_wconf 89' lang='lat' dir='ltr'><strong>inutilia</strong></span> <span class='ocrx_word' id='word_1_683' title='bbox 3060 4239 3125 4293; x_wconf 91' lang='lat' dir='ltr'><strong>de</strong></span> <span class='ocrx_word' id='word_1_684' title='bbox 3155 4239 3411 4294; x_wconf 85' lang='lat' dir='ltr'><strong>missione</strong></span> <span class='ocrx_word' id='word_1_685' title='bbox 3456 4247 3624 4309; x_wconf 87' lang='lat' dir='ltr'><strong>atque</strong></span> 
     </span>
    </p>
   </div>
   <div class='ocr_carea' id='block_1_91' title="bbox 2037 4331 3620 4406">
    <p class='ocr_par' dir='ltr' id='par_1_91' title="bbox 2037 4331 3620 4406">
     <span class='ocr_line' id='line_1_91' title="bbox 2037 4331 3620 4406; baseline -0.005 -14"><span class='ocrx_word' id='word_1_686' title='bbox 2037 4337 2374 4406; x_wconf 88' lang='lat' dir='ltr'><strong>apparitione</strong></span> <span class='ocrx_word' id='word_1_687' title='bbox 2403 4334 2712 4402; x_wconf 82' lang='lat' dir='ltr'><strong>angelorum</strong></span> <span class='ocrx_word' id='word_1_688' title='bbox 2735 4331 3141 4400; x_wconf 90' lang='lat' dir='ltr'><strong>multiplicando</strong></span> <span class='ocrx_word' id='word_1_689' title='bbox 3173 4343 3374 4394; x_wconf 89' lang='lat' dir='ltr'><strong>versas,</strong></span> <span class='ocrx_word' id='word_1_690' title='bbox 3406 4338 3461 4384; x_wconf 92' lang='lat' dir='ltr'><strong>et</strong></span> <span class='ocrx_word' id='word_1_691' title='bbox 3494 4345 3620 4384; x_wconf 84' lang='lat' dir='ltr'><strong>ver-</strong></span> 
     </span>
    </p>
   </div>
   <div class='ocr_carea' id='block_1_92' title="bbox 2035 4419 3623 4492">
    <p class='ocr_par' dir='ltr' id='par_1_92' title="bbox 2035 4419 3623 4492">
     <span class='ocr_line' id='line_1_92' title="bbox 2035 4419 3623 4492; baseline -0.005 -11"><span class='ocrx_word' id='word_1_692' title='bbox 2035 4426 2205 4482; x_wconf 90' lang='lat' dir='ltr'><strong>sando</strong></span> <span class='ocrx_word' id='word_1_693' title='bbox 2230 4424 2585 4492; x_wconf 88' lang='lat' dir='ltr'><strong>multiplieas;</strong></span> <span class='ocrx_word' id='word_1_694' title='bbox 2637 4421 2788 4489; x_wconf 89' lang='lat' dir='ltr'><strong>quasi</strong></span> <span class='ocrx_word' id='word_1_695' title='bbox 2817 4434 2918 4474; x_wconf 90' lang='lat' dir='ltr'><strong>nos</strong></span> <span class='ocrx_word' id='word_1_696' title='bbox 2951 4419 3072 4472; x_wconf 88' lang='lat' dir='ltr'><strong>ideo</strong></span> <span class='ocrx_word' id='word_1_697' title='bbox 3112 4433 3370 4485; x_wconf 81' lang='lat' dir='ltr'><strong>negemus</strong></span> <span class='ocrx_word' id='word_1_698' title='bbox 3401 4419 3623 4487; x_wconf 79' lang='lat' dir='ltr'><strong>angelos</strong></span> 
     </span>
    </p>
   </div>
   <div class='ocr_carea' id='block_1_93' title="bbox 2037 4508 3619 4584">
    <p class='ocr_par' dir='ltr' id='par_1_93' title="bbox 2037 4508 3619 4584">
     <span class='ocr_line' id='line_1_93' title="bbox 2037 4508 3619 4584; baseline -0.006 -13"><span class='ocrx_word' id='word_1_699' title='bbox 2037 4518 2249 4579; x_wconf 88' lang='lat' dir='ltr'><strong>missos,</strong></span> <span class='ocrx_word' id='word_1_700' title='bbox 2296 4515 2419 4584; x_wconf 92' lang='lat' dir='ltr'><strong>quia</strong></span> <span class='ocrx_word' id='word_1_701' title='bbox 2459 4529 2518 4568; x_wconf 87' lang='lat' dir='ltr'><strong>se</strong></span> <span class='ocrx_word' id='word_1_702' title='bbox 2560 4512 2878 4582; x_wconf 91' lang='lat' dir='ltr'><strong>plerumque</strong></span> <span class='ocrx_word' id='word_1_703' title='bbox 2931 4508 3428 4562; x_wconf 81' lang='lat' dir='ltr'><strong>manifestaverunt.</strong></span> <span class='ocrx_word' id='word_1_704' title='bbox 3483 4508 3619 4562; x_wconf 89' lang='lat' dir='ltr'><strong>Cum</strong></span> 
     </span>
    </p>
   </div>
   <div class='ocr_carea' id='block_1_94' title="bbox 351 4597 3620 4690">
    <p class='ocr_par' dir='ltr' id='par_1_94' title="bbox 351 4597 3620 4690">
     <span class='ocr_line' id='line_1_94' title="bbox 351 4597 3620 4690; baseline -0.008 -13"><span class='ocrx_word' id='word_1_705' title='bbox 351 4622 612 4690; x_wconf 78' lang='lat' dir='ltr'><strong>originem</strong></span> <span class='ocrx_word' id='word_1_706' title='bbox 641 4627 696 4673; x_wconf 91' lang='lat' dir='ltr'><strong>et</strong></span> <span class='ocrx_word' id='word_1_707' title='bbox 740 4617 1032 4670; x_wconf 88' lang='lat' dir='ltr'><strong>naturalem</strong></span> <span class='ocrx_word' id='word_1_708' title='bbox 1065 4611 1359 4667; x_wconf 90' lang='lat' dir='ltr'><strong>divinitatis</strong></span> <span class='ocrx_word' id='word_1_709' title='bbox 1393 4617 1554 4678; x_wconf 88' lang='lat' dir='ltr'><strong>atque</strong></span> <span class='ocrx_word' id='word_1_710' title='bbox 1603 4605 1930 4661; x_wconf 84' lang='lat' dir='ltr'><strong>individuam</strong></span> <span class='ocrx_word' id='word_1_711' title='bbox 1965 4601 2010 4660; x_wconf 87' lang='lat' dir='ltr'><strong>D</strong></span> <span class='ocrx_word' id='word_1_712' title='bbox 2038 4607 2221 4674; x_wconf 89' lang='lat' dir='ltr'><strong>utique</strong></span> <span class='ocrx_word' id='word_1_713' title='bbox 2248 4606 2300 4658; x_wconf 94' lang='lat' dir='ltr'><strong>in</strong></span> <span class='ocrx_word' id='word_1_714' title='bbox 2328 4618 2394 4666; x_wconf 87' lang='lat' dir='ltr'><strong>eo</strong></span> <span class='ocrx_word' id='word_1_715' title='bbox 2415 4602 2560 4671; x_wconf 91' lang='lat' dir='ltr'><strong>quod</strong></span> <span class='ocrx_word' id='word_1_716' title='bbox 2590 4602 2893 4663; x_wconf 90' lang='lat' dir='ltr'><strong>mittuntur,</strong></span> <span class='ocrx_word' id='word_1_717' title='bbox 2921 4598 3035 4653; x_wconf 86' lang='lat' dir='ltr'><strong>sive</strong></span> <span class='ocrx_word' id='word_1_718' title='bbox 3065 4598 3233 4651; x_wconf 88' lang='lat' dir='ltr'><strong>oculis</strong></span> <span class='ocrx_word' id='word_1_719' title='bbox 3260 4597 3504 4652; x_wconf 87' lang='lat' dir='ltr'><strong>humanis</strong></span> <span class='ocrx_word' id='word_1_720' title='bbox 3524 4613 3620 4666; x_wconf 88' lang='lat' dir='ltr'><strong>ap-</strong></span> 
     </span>
    </p>
   </div>
   <div class='ocr_carea' id='block_1_95' title="bbox 353 4698 1931 4777">
    <p class='ocr_par' dir='ltr' id='par_1_95' title="bbox 353 4698 1931 4777">
     <span class='ocr_line' id='line_1_95' title="bbox 353 4698 1931 4777; baseline -0.011 -9"><span class='ocrx_word' id='word_1_721' title='bbox 353 4715 633 4770; x_wconf 87' lang='lat' dir='ltr'><strong>unitatem.</strong></span> <span class='ocrx_word' id='word_1_722' title='bbox 691 4711 842 4777; x_wconf 84' lang='lat' dir='ltr'><strong>Quod</strong></span> <span class='ocrx_word' id='word_1_723' title='bbox 894 4709 1078 4777; x_wconf 82' lang='lat' dir='ltr'><strong>utique</strong></span> <span class='ocrx_word' id='word_1_724' title='bbox 1132 4706 1276 4760; x_wconf 92' lang='lat' dir='ltr'><strong>dono</strong></span> <span class='ocrx_word' id='word_1_725' title='bbox 1331 4703 1522 4757; x_wconf 75' lang='lat' dir='ltr'><strong>divina:</strong></span> <span class='ocrx_word' id='word_1_726' title='bbox 1569 4698 1931 4768; x_wconf 88' lang='lat' dir='ltr'><strong>inspirationis</strong></span> 
     </span>
    </p>
   </div>
   <div class='ocr_carea' id='block_1_96' title="bbox 351 4787 1932 4878">
    <p class='ocr_par' dir='ltr' id='par_1_96' title="bbox 351 4787 1932 4878">
     <span class='ocr_line' id='line_1_96' title="bbox 351 4787 1932 4878; baseline -0.011 -19"><span class='ocrx_word' id='word_1_727' title='bbox 351 4811 536 4859; x_wconf 88' lang='lat' dir='ltr'><strong>sancta</strong></span> <span class='ocrx_word' id='word_1_728' title='bbox 578 4799 826 4878; x_wconf 73' lang='lat' dir='ltr'><strong>custodit</strong></span> <span class='ocrx_word' id='word_1_729' title='bbox 843 4799 1102 4852; x_wconf 83' lang='lat' dir='ltr'><strong>Ecclesia.</strong></span> <span class='ocrx_word' id='word_1_730' title='bbox 1152 4795 1267 4848; x_wconf 91' lang='lat' dir='ltr'><strong>Non</strong></span> <span class='ocrx_word' id='word_1_731' title='bbox 1316 4794 1458 4848; x_wconf 88' lang='lat' dir='ltr'><strong>enim</strong></span> <span class='ocrx_word' id='word_1_732' title='bbox 1489 4797 1700 4861; x_wconf 86' lang='lat' dir='ltr'><strong>poterat</strong></span> <span class='ocrx_word' id='word_1_733' title='bbox 1741 4787 1932 4857; x_wconf 90' lang='lat' dir='ltr'><strong>plurali</strong></span> 
     </span>
    </p>
   </div>
   <div class='ocr_carea' id='block_1_97' title="bbox 350 4881 1933 4956">
    <p class='ocr_par' dir='ltr' id='par_1_97' title="bbox 350 4881 1933 4956">
     <span class='ocr_line' id='line_1_97' title="bbox 350 4881 1933 4956; baseline -0.009 -8"><span class='ocrx_word' id='word_1_734' title='bbox 350 4906 578 4949; x_wconf 89' lang='lat' dir='ltr'><strong>numero</strong></span> <span class='ocrx_word' id='word_1_735' title='bbox 615 4889 932 4944; x_wconf 88' lang='lat' dir='ltr'><strong>Trinitatem</strong></span> <span class='ocrx_word' id='word_1_736' title='bbox 973 4901 1215 4956; x_wconf 89' lang='lat' dir='ltr'><strong>poscere,</strong></span> <span class='ocrx_word' id='word_1_737' title='bbox 1260 4899 1324 4938; x_wconf 92' lang='lat' dir='ltr'><strong>ne</strong></span> <span class='ocrx_word' id='word_1_738' title='bbox 1371 4883 1437 4936; x_wconf 91' lang='lat' dir='ltr'><strong>ab</strong></span> <span class='ocrx_word' id='word_1_739' title='bbox 1487 4881 1786 4936; x_wconf 89' lang='lat' dir='ltr'><strong>inlidelibus</strong></span> <span class='ocrx_word' id='word_1_740' title='bbox 1825 4893 1933 4934; x_wconf 91' lang='lat' dir='ltr'><strong>non</strong></span> 
     </span>
    </p>
   </div>
   <div class='ocr_carea' id='block_1_98' title="bbox 352 4971 1928 5050">
    <p class='ocr_par' dir='ltr' id='par_1_98' title="bbox 352 4971 1928 5050">
     <span class='ocr_line' id='line_1_98' title="bbox 352 4971 1928 5050; baseline -0.01 -10"><span class='ocrx_word' id='word_1_741' title='bbox 352 4983 488 5050; x_wconf 86' lang='lat' dir='ltr'><strong>Deo,</strong></span> <span class='ocrx_word' id='word_1_742' title='bbox 538 4981 632 5038; x_wconf 87' lang='lat' dir='ltr'><strong>sed</strong></span> <span class='ocrx_word' id='word_1_743' title='bbox 680 4981 782 5036; x_wconf 88' lang='lat' dir='ltr'><strong>diis</strong></span> <span class='ocrx_word' id='word_1_744' title='bbox 829 4986 1109 5050; x_wconf 85' lang='lat' dir='ltr'><strong>putaretur</strong></span> <span class='ocrx_word' id='word_1_745' title='bbox 1156 4975 1344 5043; x_wconf 84' lang='lat' dir='ltr'><strong>religio</strong></span> <span class='ocrx_word' id='word_1_746' title='bbox 1384 4973 1684 5028; x_wconf 86' lang='lat' dir='ltr'><strong>Christiana</strong></span> <span class='ocrx_word' id='word_1_747' title='bbox 1705 4971 1928 5026; x_wconf 87' lang='lat' dir='ltr'><strong>servire.</strong></span> 
     </span>
    </p>
   </div>
   <div class='ocr_carea' id='block_1_99' title="bbox 351 5063 1929 5141">
    <p class='ocr_par' dir='ltr' id='par_1_99' title="bbox 351 5063 1929 5141">
     <span class='ocr_line' id='line_1_99' title="bbox 351 5063 1929 5141; baseline -0.01 -11"><span class='ocrx_word' id='word_1_748' title='bbox 351 5072 568 5130; x_wconf 84' lang='lat' dir='ltr'><strong>Patrem</strong></span> <span class='ocrx_word' id='word_1_749' title='bbox 594 5087 722 5141; x_wconf 87' lang='lat' dir='ltr'><strong>ergo</strong></span> <span class='ocrx_word' id='word_1_750' title='bbox 749 5077 933 5126; x_wconf 87' lang='lat' dir='ltr'><strong>sancta</strong></span> <span class='ocrx_word' id='word_1_751' title='bbox 955 5068 1190 5123; x_wconf 88' lang='lat' dir='ltr'><strong>Ecclesia</strong></span> <span class='ocrx_word' id='word_1_752' title='bbox 1214 5068 1266 5120; x_wconf 90' lang='lat' dir='ltr'><strong>in</strong></span> <span class='ocrx_word' id='word_1_753' title='bbox 1287 5065 1535 5135; x_wconf 87' lang='lat' dir='ltr'><strong>precibus</strong></span> <span class='ocrx_word' id='word_1_754' title='bbox 1554 5063 1746 5134; x_wconf 90' lang='lat' dir='ltr'><strong>poscit,</strong></span> <span class='ocrx_word' id='word_1_755' title='bbox 1769 5075 1929 5131; x_wconf 90' lang='lat' dir='ltr'><strong>quem</strong></span> 
     </span>
    </p>
   </div>
   <div class='ocr_carea' id='block_1_100' title="bbox 351 5152 1929 5232">
    <p class='ocr_par' dir='ltr' id='par_1_100' title="bbox 351 5152 1929 5232">
     <span class='ocr_line' id='line_1_100' title="bbox 351 5152 1929 5232; baseline -0.009 -12"><span class='ocrx_word' id='word_1_756' title='bbox 351 5179 472 5222; x_wconf 82' lang='lat' dir='ltr'><strong>esse</strong></span> <span class='ocrx_word' id='word_1_757' title='bbox 502 5163 763 5232; x_wconf 87' lang='lat' dir='ltr'><strong>originem</strong></span> <span class='ocrx_word' id='word_1_758' title='bbox 788 5160 906 5214; x_wconf 86' lang='lat' dir='ltr'><strong>Filii</strong></span> <span class='ocrx_word' id='word_1_759' title='bbox 937 5168 990 5213; x_wconf 92' lang='lat' dir='ltr'><strong>et</strong></span> <span class='ocrx_word' id='word_1_760' title='bbox 1020 5158 1250 5228; x_wconf 89' lang='lat' dir='ltr'><strong>Spiritus</strong></span> <span class='ocrx_word' id='word_1_761' title='bbox 1275 5157 1467 5221; x_wconf 90' lang='lat' dir='ltr'><strong>sancti,</strong></span> <span class='ocrx_word' id='word_1_762' title='bbox 1511 5163 1660 5209; x_wconf 89' lang='lat' dir='ltr'><strong>recta</strong></span> <span class='ocrx_word' id='word_1_763' title='bbox 1698 5152 1929 5208; x_wconf 90' lang='lat' dir='ltr'><strong>creduli-</strong></span> 
     </span>
    </p>
   </div>
   <div class='ocr_carea' id='block_1_101' title="bbox 355 5242 1934 5321">
    <p class='ocr_par' dir='ltr' id='par_1_101' title="bbox 355 5242 1934 5321">
     <span class='ocr_line' id='line_1_101' title="bbox 355 5242 1934 5321; baseline -0.007 -11"><span class='ocrx_word' id='word_1_764' title='bbox 355 5262 465 5310; x_wconf 87' lang='lat' dir='ltr'><strong>tate</strong></span> <span class='ocrx_word' id='word_1_765' title='bbox 505 5252 778 5321; x_wconf 83' lang='lat' dir='ltr'><strong>cognovit.</strong></span> <span class='ocrx_word' id='word_1_766' title='bbox 822 5250 949 5304; x_wconf 83' lang='lat' dir='ltr'><strong>Ideo</strong></span> <span class='ocrx_word' id='word_1_767' title='bbox 997 5258 1176 5304; x_wconf 90' lang='lat' dir='ltr'><strong>autem</strong></span> <span class='ocrx_word' id='word_1_768' title='bbox 1223 5248 1440 5302; x_wconf 90' lang='lat' dir='ltr'><strong>nomine</strong></span> <span class='ocrx_word' id='word_1_769' title='bbox 1468 5245 1582 5299; x_wconf 91' lang='lat' dir='ltr'><strong>Filii</strong></span> <span class='ocrx_word' id='word_1_770' title='bbox 1620 5252 1673 5298; x_wconf 88' lang='lat' dir='ltr'><strong>et</strong></span> <span class='ocrx_word' id='word_1_771' title='bbox 1702 5242 1934 5312; x_wconf 88' lang='lat' dir='ltr'><strong>Spiritus</strong></span> 
     </span>
    </p>
   </div>
   <div class='ocr_carea' id='block_1_102' title="bbox 351 5342 1932 5411">
    <p class='ocr_par' dir='ltr' id='par_1_102' title="bbox 351 5342 1932 5411">
     <span class='ocr_line' id='line_1_102' title="bbox 351 5342 1932 5411; baseline -0.008 -11"><span class='ocrx_word' id='word_1_772' title='bbox 351 5345 546 5409; x_wconf 84' lang='lat' dir='ltr'><strong>sancti,</strong></span> <span class='ocrx_word' id='word_1_773' title='bbox 577 5344 851 5399; x_wconf 89' lang='lat' dir='ltr'><strong>orationes</strong></span> <span class='ocrx_word' id='word_1_774' title='bbox 891 5353 1186 5411; x_wconf 89' lang='lat' dir='ltr'><strong>precesque</strong></span> <span class='ocrx_word' id='word_1_775' title='bbox 1217 5345 1576 5404; x_wconf 91' lang='lat' dir='ltr'><strong>consummat,</strong></span> <span class='ocrx_word' id='word_1_776' title='bbox 1604 5345 1662 5389; x_wconf 91' lang='lat' dir='ltr'><strong>ut</strong></span> <span class='ocrx_word' id='word_1_777' title='bbox 1690 5342 1932 5389; x_wconf 89' lang='lat' dir='ltr'><strong>sanctam</strong></span> 
     </span>
    </p>
   </div>
   <div class='ocr_carea' id='block_1_103' title="bbox 352 5423 1928 5495">
    <p class='ocr_par' dir='ltr' id='par_1_103' title="bbox 352 5423 1928 5495">
     <span class='ocr_line' id='line_1_103' title="bbox 352 5423 1928 5495; baseline -0.009 -4"><span class='ocrx_word' id='word_1_778' title='bbox 352 5436 672 5492; x_wconf 85' lang='lat' dir='ltr'><strong>Trinitatem</strong></span> <span class='ocrx_word' id='word_1_779' title='bbox 702 5433 859 5489; x_wconf 90' lang='lat' dir='ltr'><strong>unius</strong></span> <span class='ocrx_word' id='word_1_780' title='bbox 887 5446 1005 5487; x_wconf 88' lang='lat' dir='ltr'><strong>esse</strong></span> <span class='ocrx_word' id='word_1_781' title='bbox 1035 5440 1237 5485; x_wconf 72' lang='lat' dir='ltr'><strong>natura:</strong></span> <span class='ocrx_word' id='word_1_782' title='bbox 1258 5444 1322 5484; x_wconf 89' lang='lat' dir='ltr'><strong>ac</strong></span> <span class='ocrx_word' id='word_1_783' title='bbox 1341 5426 1636 5495; x_wconf 88' lang='lat' dir='ltr'><strong>majestatis</strong></span> <span class='ocrx_word' id='word_1_784' title='bbox 1664 5423 1928 5479; x_wconf 89' lang='lat' dir='ltr'><strong>ostendat.</strong></span> 
     </span>
    </p>
   </div>
   <div class='ocr_carea' id='block_1_104' title="bbox 351 5516 1935 5598">
    <p class='ocr_par' dir='ltr' id='par_1_104' title="bbox 351 5516 1935 5598">
     <span class='ocr_line' id='line_1_104' title="bbox 351 5516 1935 5598; baseline -0.009 -15"><span class='ocrx_word' id='word_1_785' title='bbox 351 5526 429 5582; x_wconf 87' lang='lat' dir='ltr'><strong>De</strong></span> <span class='ocrx_word' id='word_1_786' title='bbox 459 5533 725 5598; x_wconf 87' lang='lat' dir='ltr'><strong>potestate</strong></span> <span class='ocrx_word' id='word_1_787' title='bbox 753 5531 931 5577; x_wconf 90' lang='lat' dir='ltr'><strong>autem</strong></span> <span class='ocrx_word' id='word_1_788' title='bbox 957 5521 1188 5592; x_wconf 87' lang='lat' dir='ltr'><strong>Spiritus</strong></span> <span class='ocrx_word' id='word_1_789' title='bbox 1213 5520 1386 5576; x_wconf 86' lang='lat' dir='ltr'><strong>sancti</strong></span> <span class='ocrx_word' id='word_1_790' title='bbox 1427 5533 1586 5590; x_wconf 91' lang='lat' dir='ltr'><strong>quam</strong></span> <span class='ocrx_word' id='word_1_791' title='bbox 1609 5516 1681 5571; x_wconf 89' lang='lat' dir='ltr'><strong>illi</strong></span> <span class='ocrx_word' id='word_1_792' title='bbox 1704 5516 1758 5589; x_wconf 90' lang='lat' dir='ltr'><strong>in</strong></span> <span class='ocrx_word' id='word_1_793' title='bbox 1782 5529 1935 5571; x_wconf 88' lang='lat' dir='ltr'><strong>crea-</strong></span> 
     </span>
    </p>
   </div>
   <div class='ocr_carea' id='block_1_105' title="bbox 352 5607 1934 5684">
    <p class='ocr_par' dir='ltr' id='par_1_105' title="bbox 352 5607 1934 5684">
     <span class='ocr_line' id='line_1_105' title="bbox 352 5607 1934 5684; baseline -0.011 -8"><span class='ocrx_word' id='word_1_794' title='bbox 352 5628 474 5676; x_wconf 84' lang='lat' dir='ltr'><strong>tura</strong></span> <span class='ocrx_word' id='word_1_795' title='bbox 507 5616 776 5684; x_wconf 88' lang='lat' dir='ltr'><strong>denegare</strong></span> <span class='ocrx_word' id='word_1_796' title='bbox 807 5631 911 5669; x_wconf 91' lang='lat' dir='ltr'><strong>non</strong></span> <span class='ocrx_word' id='word_1_797' title='bbox 943 5613 1156 5678; x_wconf 87' lang='lat' dir='ltr'><strong>metuis,</strong></span> <span class='ocrx_word' id='word_1_798' title='bbox 1187 5627 1309 5666; x_wconf 90' lang='lat' dir='ltr'><strong>cum</strong></span> <span class='ocrx_word' id='word_1_799' title='bbox 1347 5619 1401 5665; x_wconf 90' lang='lat' dir='ltr'><strong>tu</strong></span> <span class='ocrx_word' id='word_1_800' title='bbox 1432 5609 1546 5678; x_wconf 90' lang='lat' dir='ltr'><strong>ejus</strong></span> <span class='ocrx_word' id='word_1_801' title='bbox 1571 5607 1805 5676; x_wconf 74' lang='lat' dir='ltr'><strong>ell‘ugere</strong></span> <span class='ocrx_word' id='word_1_802' title='bbox 1833 5621 1934 5676; x_wconf 85' lang='lat' dir='ltr'><strong>po-</strong></span> 
     </span>
    </p>
   </div>
   <div class='ocr_carea' id='block_1_106' title="bbox 352 5688 1935 5785">
    <p class='ocr_par' dir='ltr' id='par_1_106' title="bbox 352 5688 1935 5785">
     <span class='ocr_line' id='line_1_106' title="bbox 352 5688 1935 5785; baseline -0.009 -21"><span class='ocrx_word' id='word_1_803' title='bbox 352 5717 604 5766; x_wconf 85' lang='lat' dir='ltr'><strong>testatem</strong></span> <span class='ocrx_word' id='word_1_804' title='bbox 634 5707 790 5785; x_wconf 72' lang='lat'><strong>627</strong></span> <span class='ocrx_word' id='word_1_805' title='bbox 818 5688 1186 5774; x_wconf 83' lang='lat' dir='ltr'><strong>justitiamque</strong></span> <span class='ocrx_word' id='word_1_806' title='bbox 1212 5718 1318 5757; x_wconf 91' lang='lat' dir='ltr'><strong>non</strong></span> <span class='ocrx_word' id='word_1_807' title='bbox 1361 5701 1552 5771; x_wconf 90' lang='lat' dir='ltr'><strong>possis,</strong></span> <span class='ocrx_word' id='word_1_808' title='bbox 1581 5699 1691 5769; x_wconf 92' lang='lat' dir='ltr'><strong>jam</strong></span> <span class='ocrx_word' id='word_1_809' title='bbox 1721 5699 1818 5785; x_wconf 81' lang='lat' dir='ltr'><strong>tibi</strong></span> <span class='ocrx_word' id='word_1_810' title='bbox 1844 5713 1935 5754; x_wconf 86' lang='lat' dir='ltr'><strong>su-</strong></span> 
     </span>
    </p>
   </div>
   <div class='ocr_carea' id='block_1_107' title="bbox 349 5773 1933 5871">
    <p class='ocr_par' dir='ltr' id='par_1_107' title="bbox 349 5773 1933 5871">
     <span class='ocr_line' id='line_1_107' title="bbox 349 5773 1933 5871; baseline -0.009 -16"><span class='ocrx_word' id='word_1_811' title='bbox 349 5802 536 5871; x_wconf 88' lang='lat' dir='ltr'><strong>perius</strong></span> <span class='ocrx_word' id='word_1_812' title='bbox 565 5781 837 5868; x_wconf 86' lang='lat' dir='ltr'><strong>respondi.</strong></span> <span class='ocrx_word' id='word_1_813' title='bbox 870 5793 1206 5849; x_wconf 77' lang='lat' dir='ltr'><strong>Manifestum</strong></span> <span class='ocrx_word' id='word_1_814' title='bbox 1257 5802 1339 5848; x_wconf 87' lang='lat' dir='ltr'><strong>est.</strong></span> <span class='ocrx_word' id='word_1_815' title='bbox 1368 5791 1510 5847; x_wconf 82' lang='lat' dir='ltr'><strong>enim</strong></span> <span class='ocrx_word' id='word_1_816' title='bbox 1551 5806 1671 5844; x_wconf 72' lang='lat' dir='ltr'><strong>enim</strong></span> <span class='ocrx_word' id='word_1_817' title='bbox 1721 5773 1933 5859; x_wconf 74' lang='lat' dir='ltr'><strong>plenam</strong></span> 
     </span>
    </p>
   </div>
   <div class='ocr_carea' id='block_1_108' title="bbox 355 5881 1935 5954">
    <p class='ocr_par' dir='ltr' id='par_1_108' title="bbox 355 5881 1935 5954">
     <span class='ocr_line' id='line_1_108' title="bbox 355 5881 1935 5954; baseline -0.011 -8"><span class='ocrx_word' id='word_1_818' title='bbox 355 5892 558 5946; x_wconf 87' lang='lat' dir='ltr'><strong>nabere</strong></span> <span class='ocrx_word' id='word_1_819' title='bbox 595 5902 774 5944; x_wconf 89' lang='lat' dir='ltr'><strong>rerum</strong></span> <span class='ocrx_word' id='word_1_820' title='bbox 812 5885 1047 5942; x_wconf 87' lang='lat' dir='ltr'><strong>omnium</strong></span> <span class='ocrx_word' id='word_1_821' title='bbox 1078 5894 1420 5954; x_wconf 83' lang='lat' dir='ltr'><strong>potestatem,</strong></span> <span class='ocrx_word' id='word_1_822' title='bbox 1460 5883 1580 5950; x_wconf 88' lang='lat' dir='ltr'><strong>quia</strong></span> <span class='ocrx_word' id='word_1_823' title='bbox 1613 5881 1786 5935; x_wconf 80' lang='lat' dir='ltr'><strong>omnia</strong></span> <span class='ocrx_word' id='word_1_824' title='bbox 1816 5895 1935 5948; x_wconf 81' lang='lat' dir='ltr'><strong>ope-</strong></span> 
     </span>
    </p>
   </div>
   <div class='ocr_carea' id='block_1_109' title="bbox 2039 4688 3626 4766">
    <p class='ocr_par' dir='ltr' id='par_1_109' title="bbox 2039 4688 3626 4766">
     <span class='ocr_line' id='line_1_109' title="bbox 2039 4688 3626 4766; baseline -0.005 -17"><span class='ocrx_word' id='word_1_825' title='bbox 2039 4702 2281 4766; x_wconf 88' lang='lat' dir='ltr'><strong>pareant,</strong></span> <span class='ocrx_word' id='word_1_826' title='bbox 2311 4693 2424 4750; x_wconf 87' lang='lat' dir='ltr'><strong>sive</strong></span> <span class='ocrx_word' id='word_1_827' title='bbox 2448 4707 2477 4746; x_wconf 89' lang='lat' dir='ltr'><strong>a</strong></span> <span class='ocrx_word' id='word_1_828' title='bbox 2508 4697 2804 4760; x_wconf 87' lang='lat' dir='ltr'><strong>conspectu</strong></span> <span class='ocrx_word' id='word_1_829' title='bbox 2832 4688 3456 4757; x_wconf 88' lang='lat' dir='ltr'><strong>hominumsemetipsos</strong></span> <span class='ocrx_word' id='word_1_830' title='bbox 3497 4688 3626 4742; x_wconf 54' lang='lat' dir='ltr'><strong>abs-r</strong></span> 
     </span>
    </p>
   </div>
   <div class='ocr_carea' id='block_1_110' title="bbox 2037 4776 3620 4848">
    <p class='ocr_par' dir='ltr' id='par_1_110' title="bbox 2037 4776 3620 4848">
     <span class='ocr_line' id='line_1_110' title="bbox 2037 4776 3620 4848; baseline -0.008 -9"><span class='ocrx_word' id='word_1_831' title='bbox 2037 4785 2300 4848; x_wconf 91' lang='lat' dir='ltr'><strong>condant;</strong></span> <span class='ocrx_word' id='word_1_832' title='bbox 2355 4783 2435 4836; x_wconf 89' lang='lat' dir='ltr'><strong>sic</strong></span> <span class='ocrx_word' id='word_1_833' title='bbox 2463 4789 2647 4836; x_wconf 86' lang='lat' dir='ltr'><strong>tamen</strong></span> <span class='ocrx_word' id='word_1_834' title='bbox 2676 4779 2962 4834; x_wconf 87' lang='lat' dir='ltr'><strong>mittuntur</strong></span> <span class='ocrx_word' id='word_1_835' title='bbox 2980 4776 3428 4848; x_wconf 83' lang='lat' dir='ltr'><strong>quemadmodum</strong></span> <span class='ocrx_word' id='word_1_836' title='bbox 3455 4778 3620 4847; x_wconf 72' lang='lat'><strong>628</strong></span> 
     </span>
    </p>
   </div>
   <div class='ocr_carea' id='block_1_111' title="bbox 2038 4869 3618 4944">
    <p class='ocr_par' dir='ltr' id='par_1_111' title="bbox 2038 4869 3618 4944">
     <span class='ocr_line' id='line_1_111' title="bbox 2038 4869 3618 4944; baseline -0.006 -13"><span class='ocrx_word' id='word_1_837' title='bbox 2038 4876 2329 4932; x_wconf 87' lang='lat' dir='ltr'><strong>auctoritas</strong></span> <span class='ocrx_word' id='word_1_838' title='bbox 2353 4873 2648 4944; x_wconf 89' lang='lat' dir='ltr'><strong>apostolica</strong></span> <span class='ocrx_word' id='word_1_839' title='bbox 2670 4877 2999 4941; x_wconf 87' lang='lat' dir='ltr'><strong>protestatur</strong></span> <span class='ocrx_word' id='word_1_840' title='bbox 3017 4887 3030 4922; x_wconf 89' lang='lat'><strong>:</strong></span> <span class='ocrx_word' id='word_1_841' title='bbox 3049 4869 3490 4922; x_wconf 82' lang='lat' dir='ltr'><strong>Administratorii</strong></span> <span class='ocrx_word' id='word_1_842' title='bbox 3511 4871 3618 4938; x_wconf 73' lang='lat' dir='ltr'><strong>spi-</strong></span> 
     </span>
    </p>
   </div>
   <div class='ocr_carea' id='block_1_112' title="bbox 2035 4957 3618 5029">
    <p class='ocr_par' dir='ltr' id='par_1_112' title="bbox 2035 4957 3618 5029">
     <span class='ocr_line' id='line_1_112' title="bbox 2035 4957 3618 5029; baseline -0.005 -11"><span class='ocrx_word' id='word_1_843' title='bbox 2035 4967 2167 5019; x_wconf 79' lang='lat' dir='ltr'><strong>ritus</strong></span> <span class='ocrx_word' id='word_1_844' title='bbox 2193 4965 2244 5018; x_wconf 86' lang='lat' dir='ltr'><strong>in</strong></span> <span class='ocrx_word' id='word_1_845' title='bbox 2273 4961 2614 5027; x_wconf 73' lang='lat' dir='ltr'><strong>ministerium</strong></span> <span class='ocrx_word' id='word_1_846' title='bbox 2635 4960 2798 5023; x_wconf 77' lang='lat' dir='ltr'><strong>missi,</strong></span> <span class='ocrx_word' id='word_1_847' title='bbox 2825 4965 3033 5029; x_wconf 81' lang='lat' dir='ltr'><strong>propter</strong></span> <span class='ocrx_word' id='word_1_848' title='bbox 3059 4973 3144 5011; x_wconf 80' lang='lat' dir='ltr'><strong>eos</strong></span> <span class='ocrx_word' id='word_1_849' title='bbox 3165 4958 3250 5026; x_wconf 83' lang='lat' dir='ltr'><strong>qui</strong></span> <span class='ocrx_word' id='word_1_850' title='bbox 3270 4957 3618 5011; x_wconf 66' lang='lat' dir='ltr'><strong>humilitatem</strong></span> 
     </span>
    </p>
   </div>
   <div class='ocr_carea' id='block_1_113' title="bbox 2037 5049 3614 5130">
    <p class='ocr_par' dir='ltr' id='par_1_113' title="bbox 2037 5049 3614 5130">
     <span class='ocr_line' id='line_1_113' title="bbox 2037 5049 3614 5130; baseline -0.008 -16"><span class='ocrx_word' id='word_1_851' title='bbox 2037 5060 2247 5130; x_wconf 85' lang='lat' dir='ltr'><strong>capiunt</strong></span> <span class='ocrx_word' id='word_1_852' title='bbox 2275 5057 2458 5121; x_wconf 74' lang='lat' dir='ltr'><strong>salutis</strong></span> <span class='ocrx_word' id='word_1_853' title='bbox 2487 5052 2674 5125; x_wconf 82' lang='lat' dir='ltr'><strong>(Hebr.</strong></span> <span class='ocrx_word' id='word_1_854' title='bbox 2704 5068 2740 5118; x_wconf 88' lang='grc' dir='ltr'><strong>ι,</strong></span> <span class='ocrx_word' id='word_1_855' title='bbox 2783 5049 3032 5128; x_wconf 61' lang='grc' dir='ltr'><strong>14)..δθ(1</strong></span> <span class='ocrx_word' id='word_1_856' title='bbox 3063 5058 3333 5116; x_wconf 88' lang='lat' dir='ltr'><strong>nunquam</strong></span> <span class='ocrx_word' id='word_1_857' title='bbox 3365 5049 3486 5101; x_wconf 91' lang='lat' dir='ltr'><strong>talis</strong></span> <span class='ocrx_word' id='word_1_858' title='bbox 3513 5063 3614 5116; x_wconf 88' lang='lat' dir='ltr'><strong>po-</strong></span> 
     </span>
    </p>
   </div>
   <div class='ocr_carea' id='block_1_114' title="bbox 2036 5137 3615 5212">
    <p class='ocr_par' dir='ltr' id='par_1_114' title="bbox 2036 5137 3615 5212">
     <span class='ocr_line' id='line_1_114' title="bbox 2036 5137 3615 5212; baseline -0.005 -11"><span class='ocrx_word' id='word_1_859' title='bbox 2036 5155 2140 5202; x_wconf 91' lang='lat' dir='ltr'><strong>test</strong></span> <span class='ocrx_word' id='word_1_860' title='bbox 2169 5161 2288 5201; x_wconf 91' lang='lat' dir='ltr'><strong>esse</strong></span> <span class='ocrx_word' id='word_1_861' title='bbox 2314 5145 2496 5200; x_wconf 87' lang='lat' dir='ltr'><strong>missio</strong></span> <span class='ocrx_word' id='word_1_862' title='bbox 2520 5143 2754 5212; x_wconf 83' lang='lat' dir='ltr'><strong>Spiritus</strong></span> <span class='ocrx_word' id='word_1_863' title='bbox 2780 5139 2973 5200; x_wconf 62' lang='lat' dir='ltr'><strong>sancti.</strong></span> <span class='ocrx_word' id='word_1_864' title='bbox 3003 5138 3094 5199; x_wconf 89' lang='lat' dir='ltr'><strong>Ille</strong></span> <span class='ocrx_word' id='word_1_865' title='bbox 3120 5139 3264 5193; x_wconf 91' lang='lat' dir='ltr'><strong>enim</strong></span> <span class='ocrx_word' id='word_1_866' title='bbox 3297 5137 3492 5192; x_wconf 88' lang='lat' dir='ltr'><strong>nullam</strong></span> <span class='ocrx_word' id='word_1_867' title='bbox 3517 5153 3615 5207; x_wconf 91' lang='lat' dir='ltr'><strong>po-</strong></span> 
     </span>
    </p>
   </div>
   <div class='ocr_carea' id='block_1_115' title="bbox 1995 5230 3612 5301">
    <p class='ocr_par' dir='ltr' id='par_1_115' title="bbox 1995 5230 3612 5301">
     <span class='ocr_line' id='line_1_115' title="bbox 1995 5230 3612 5301; baseline -0.004 -10"><span class='ocrx_word' id='word_1_868' title='bbox 1995 5269 2002 5276; x_wconf 75' lang='lat'><strong><em>~</em></strong></span> <span class='ocrx_word' id='word_1_869' title='bbox 2035 5246 2142 5292; x_wconf 85' lang='lat' dir='ltr'><strong>test</strong></span> <span class='ocrx_word' id='word_1_870' title='bbox 2163 5237 2360 5291; x_wconf 88' lang='lat' dir='ltr'><strong>habere</strong></span> <span class='ocrx_word' id='word_1_871' title='bbox 2375 5251 2494 5290; x_wconf 90' lang='lat' dir='ltr'><strong>cum</strong></span> <span class='ocrx_word' id='word_1_872' title='bbox 2520 5233 2724 5301; x_wconf 88' lang='lat' dir='ltr'><strong>angelis</strong></span> <span class='ocrx_word' id='word_1_873' title='bbox 2744 5230 3144 5286; x_wconf 89' lang='lat' dir='ltr'><strong>similitudinem</strong></span> <span class='ocrx_word' id='word_1_874' title='bbox 3165 5230 3435 5284; x_wconf 83' lang='lat' dir='ltr'><strong>missionis</strong></span> <span class='ocrx_word' id='word_1_875' title='bbox 3453 5271 3466 5293; x_wconf 94' lang='lat'><strong>,</strong></span> <span class='ocrx_word' id='word_1_876' title='bbox 3487 5231 3612 5298; x_wconf 87' lang='lat' dir='ltr'><strong>quia</strong></span> 
     </span>
    </p>
   </div>
   <div class='ocr_carea' id='block_1_116' title="bbox 2035 5321 3636 5394">
    <p class='ocr_par' dir='ltr' id='par_1_116' title="bbox 2035 5321 3636 5394">
     <span class='ocr_line' id='line_1_116' title="bbox 2035 5321 3636 5394; baseline -0.003 -14"><span class='ocrx_word' id='word_1_877' title='bbox 2035 5328 2340 5394; x_wconf 90' lang='lat' dir='ltr'><strong>ubicunque</strong></span> <span class='ocrx_word' id='word_1_878' title='bbox 2368 5333 2494 5380; x_wconf 90' lang='lat' dir='ltr'><strong>sunt</strong></span> <span class='ocrx_word' id='word_1_879' title='bbox 2515 5323 2687 5378; x_wconf 88' lang='lat' dir='ltr'><strong>sancti</strong></span> <span class='ocrx_word' id='word_1_880' title='bbox 2719 5321 2914 5390; x_wconf 85' lang='lat' dir='ltr'><strong>angeli,</strong></span> <span class='ocrx_word' id='word_1_881' title='bbox 2964 5321 3084 5390; x_wconf 89' lang='lat' dir='ltr'><strong>ipso</strong></span> <span class='ocrx_word' id='word_1_882' title='bbox 3126 5328 3249 5374; x_wconf 87' lang='lat' dir='ltr'><strong>sunt</strong></span> <span class='ocrx_word' id='word_1_883' title='bbox 3291 5335 3478 5375; x_wconf 88' lang='lat' dir='ltr'><strong>omnes</strong></span> <span class='ocrx_word' id='word_1_884' title='bbox 3506 5336 3636 5375; x_wconf 49' lang='lat' dir='ltr'><strong>uno.</strong></span> 
     </span>
    </p>
   </div>
   <div class='ocr_carea' id='block_1_117' title="bbox 2037 5410 3636 5490">
    <p class='ocr_par' dir='ltr' id='par_1_117' title="bbox 2037 5410 3636 5490">
     <span class='ocr_line' id='line_1_117' title="bbox 2037 5410 3636 5490; baseline -0.004 -16"><span class='ocrx_word' id='word_1_885' title='bbox 2037 5418 2240 5490; x_wconf 90' lang='lat' dir='ltr'><strong>Spiritu</strong></span> <span class='ocrx_word' id='word_1_886' title='bbox 2268 5417 2432 5487; x_wconf 91' lang='lat' dir='ltr'><strong>pleni,</strong></span> <span class='ocrx_word' id='word_1_887' title='bbox 2478 5415 2572 5482; x_wconf 88' lang='lat' dir='ltr'><strong>qui</strong></span> <span class='ocrx_word' id='word_1_888' title='bbox 2615 5421 2760 5468; x_wconf 92' lang='lat' dir='ltr'><strong>totus</strong></span> <span class='ocrx_word' id='word_1_889' title='bbox 2801 5419 2884 5466; x_wconf 88' lang='lat' dir='ltr'><strong>est</strong></span> <span class='ocrx_word' id='word_1_890' title='bbox 2920 5412 2973 5473; x_wconf 88' lang='lat' dir='ltr'><strong>in</strong></span> <span class='ocrx_word' id='word_1_891' title='bbox 3019 5410 3264 5479; x_wconf 79' lang='lat' dir='ltr'><strong>singulis,</strong></span> <span class='ocrx_word' id='word_1_892' title='bbox 3295 5418 3352 5465; x_wconf 87' lang='lat' dir='ltr'><strong>et</strong></span> <span class='ocrx_word' id='word_1_893' title='bbox 3394 5427 3532 5467; x_wconf 88' lang='lat' dir='ltr'><strong>unus</strong></span> <span class='ocrx_word' id='word_1_894' title='bbox 3564 5413 3636 5468; x_wconf 87' lang='lat' dir='ltr'><strong>in-</strong></span> 
     </span>
    </p>
   </div>
   <div class='ocr_carea' id='block_1_118' title="bbox 2038 5504 3636 5576">
    <p class='ocr_par' dir='ltr' id='par_1_118' title="bbox 2038 5504 3636 5576">
     <span class='ocr_line' id='line_1_118' title="bbox 2038 5504 3636 5576; baseline -0.003 -10"><span class='ocrx_word' id='word_1_895' title='bbox 2038 5510 2263 5566; x_wconf 89' lang='lat' dir='ltr'><strong>cunctis.</strong></span> <span class='ocrx_word' id='word_1_896' title='bbox 2293 5507 2530 5576; x_wconf 81' lang='lat' dir='ltr'><strong>Angelus</strong></span> <span class='ocrx_word' id='word_1_897' title='bbox 2559 5521 2689 5562; x_wconf 87' lang='lat' dir='ltr'><strong>vero</strong></span> <span class='ocrx_word' id='word_1_898' title='bbox 2727 5511 2783 5559; x_wconf 91' lang='lat' dir='ltr'><strong>et</strong></span> <span class='ocrx_word' id='word_1_899' title='bbox 2811 5504 3059 5558; x_wconf 83' lang='lat' dir='ltr'><strong>minister</strong></span> <span class='ocrx_word' id='word_1_900' title='bbox 3101 5515 3364 5572; x_wconf 84' lang='lat' dir='ltr'><strong>nusquam</strong></span> <span class='ocrx_word' id='word_1_901' title='bbox 3401 5519 3636 5562; x_wconf 70' lang='lat' dir='ltr'><strong>sanctus</strong></span> 
     </span>
    </p>
   </div>
   <div class='ocr_carea' id='block_1_119' title="bbox 2038 5595 3638 5672">
    <p class='ocr_par' dir='ltr' id='par_1_119' title="bbox 2038 5595 3638 5672">
     <span class='ocr_line' id='line_1_119' title="bbox 2038 5595 3638 5672; baseline -0.001 -18"><span class='ocrx_word' id='word_1_902' title='bbox 2038 5599 2266 5672; x_wconf 82' lang='lat' dir='ltr'><strong>Spiritus</strong></span> <span class='ocrx_word' id='word_1_903' title='bbox 2311 5599 2656 5652; x_wconf 90' lang='lat' dir='ltr'><strong>nominatur:</strong></span> <span class='ocrx_word' id='word_1_904' title='bbox 2688 5611 2809 5651; x_wconf 91' lang='lat' dir='ltr'><strong>cum</strong></span> <span class='ocrx_word' id='word_1_905' title='bbox 2859 5595 2914 5650; x_wconf 90' lang='lat' dir='ltr'><strong>in</strong></span> <span class='ocrx_word' id='word_1_906' title='bbox 2955 5608 3120 5663; x_wconf 84' lang='lat' dir='ltr'><strong>opere</strong></span> <span class='ocrx_word' id='word_1_907' title='bbox 3149 5609 3253 5650; x_wconf 89' lang='lat' dir='ltr'><strong>una</strong></span> <span class='ocrx_word' id='word_1_908' title='bbox 3291 5595 3507 5665; x_wconf 88' lang='lat' dir='ltr'><strong>quidem</strong></span> <span class='ocrx_word' id='word_1_909' title='bbox 3546 5599 3638 5652; x_wconf 78' lang='lat' dir='ltr'><strong>sit</strong></span> 
     </span>
    </p>
   </div>
   <div class='ocr_carea' id='block_1_120' title="bbox 2038 5686 3615 5758">
    <p class='ocr_par' dir='ltr' id='par_1_120' title="bbox 2038 5686 3615 5758">
     <span class='ocr_line' id='line_1_120' title="bbox 2038 5686 3615 5758; baseline -0.002 -12"><span class='ocrx_word' id='word_1_910' title='bbox 2038 5690 2372 5746; x_wconf 87' lang='lat' dir='ltr'><strong>annuntiatio</strong></span> <span class='ocrx_word' id='word_1_911' title='bbox 2396 5689 2690 5753; x_wconf 88' lang='lat' dir='ltr'><strong>Trinitatis,</strong></span> <span class='ocrx_word' id='word_1_912' title='bbox 2730 5697 2785 5743; x_wconf 91' lang='lat' dir='ltr'><strong>et</strong></span> <span class='ocrx_word' id='word_1_913' title='bbox 2825 5687 2877 5741; x_wconf 90' lang='lat' dir='ltr'><strong>in</strong></span> <span class='ocrx_word' id='word_1_914' title='bbox 2916 5686 3412 5748; x_wconf 82' lang='lat' dir='ltr'><strong>subministratione</strong></span> <span class='ocrx_word' id='word_1_915' title='bbox 3444 5687 3615 5758; x_wconf 87' lang='lat' dir='ltr'><strong>Spiri-</strong></span> 
     </span>
    </p>
   </div>
   <div class='ocr_carea' id='block_1_121' title="bbox 2039 5776 3620 5849">
    <p class='ocr_par' dir='ltr' id='par_1_121' title="bbox 2039 5776 3620 5849">
     <span class='ocr_line' id='line_1_121' title="bbox 2039 5776 3620 5849; baseline -0.002 -13"><span class='ocrx_word' id='word_1_916' title='bbox 2039 5793 2144 5849; x_wconf 86' lang='lat' dir='ltr'><strong>tus,</strong></span> <span class='ocrx_word' id='word_1_917' title='bbox 2176 5799 2280 5836; x_wconf 90' lang='lat' dir='ltr'><strong>non</strong></span> <span class='ocrx_word' id='word_1_918' title='bbox 2312 5782 2382 5835; x_wconf 89' lang='lat' dir='ltr'><strong>sit</strong></span> <span class='ocrx_word' id='word_1_919' title='bbox 2412 5780 2764 5834; x_wconf 88' lang='lat' dir='ltr'><strong>ministerium</strong></span> <span class='ocrx_word' id='word_1_920' title='bbox 2804 5778 3097 5841; x_wconf 88' lang='lat' dir='ltr'><strong>servitutis,</strong></span> <span class='ocrx_word' id='word_1_921' title='bbox 3124 5776 3218 5832; x_wconf 81' lang='lat' dir='ltr'><strong>sed</strong></span> <span class='ocrx_word' id='word_1_922' title='bbox 3242 5778 3434 5833; x_wconf 74' lang='lat' dir='ltr'><strong>divinze</strong></span> <span class='ocrx_word' id='word_1_923' title='bbox 3460 5780 3620 5847; x_wconf 86' lang='lat' dir='ltr'><strong>maje-</strong></span> 
     </span>
    </p>
   </div>
   <div class='ocr_carea' id='block_1_122' title="bbox 2041 5869 3618 5944">
    <p class='ocr_par' dir='ltr' id='par_1_122' title="bbox 2041 5869 3618 5944">
     <span class='ocr_line' id='line_1_122' title="bbox 2041 5869 3618 5944; baseline -0.006 -13"><span class='ocrx_word' id='word_1_924' title='bbox 2041 5876 2195 5931; x_wconf 88' lang='lat' dir='ltr'><strong>statis</strong></span> <span class='ocrx_word' id='word_1_925' title='bbox 2243 5875 2520 5944; x_wconf 73' lang='lat' dir='ltr'><strong>auxilium.</strong></span> <span class='ocrx_word' id='word_1_926' title='bbox 2581 5871 2734 5942; x_wconf 83' lang='lat' dir='ltr'><strong>Quod</strong></span> <span class='ocrx_word' id='word_1_927' title='bbox 2780 5872 2968 5930; x_wconf 87' lang='lat' dir='ltr'><strong>beatus</strong></span> <span class='ocrx_word' id='word_1_928' title='bbox 3012 5869 3201 5935; x_wconf 86' lang='lat' dir='ltr'><strong>Petrus</strong></span> <span class='ocrx_word' id='word_1_929' title='bbox 3255 5870 3618 5942; x_wconf 78' lang='lat' dir='ltr'><strong>indubitanter</strong></span> 
     </span>
    </p>
   </div>
  </div>
