4064 6358
405 372 510 428 799

1449 364 1502 420 S.
1543 360 1902 418 FULCENTH
1942 358 2246 416 EPISCOPI
2284 352 2655 415 RUSPENSIS

3570 359 3697 413 800‘-

406 488 660 552 ostendit,
690 485 874 542 dicens
899 505 911 539 :
947 485 1067 541 Sive
1094 500 1176 555 qui
1223 483 1468 552 loquitur,
1515 491 1757 551 tanquam
1788 495 1983 531 sermo-
2017 484 2061 540 Α
2091 475 2368 530 nobiscum
2398 484 2587 529 natura
2618 474 2918 529 communis
2983 471 3217 527 Proinde
3246 472 3360 543 ipse
3390 482 3471 528 est
3501 477 3592 544 qui
3624 483 3684 531 et

312 578 321 583 ’
406 596 498 636 nes
529 579 625 634 Dei
648 596 665 633 :
688 580 792 633 sive
815 579 901 645 qui
937 577 1215 638 ministrat,
1259 581 1503 644 tanquam
1530 590 1597 625 ea:
1622 573 1806 625 rirtute
1833 587 1985 643 quam

407 669 736 724 administrat
767 667 900 721 Deus
914 657 973 734 ’(1
1002 664 1144 718 Petr.
1178 679 1246 727 tv,
1274 661 1386 731 Η).
1413 660 1511 716 Ubi
1553 658 1860 720 ostenditur
1880 675 1986 713 non

408 760 727 829 cujusquam
756 765 1033 819 creaturae,
1075 755 1168 810 sed
1217 754 1384 809 solius
1424 770 1543 809 esse
1568 754 1684 814 Dei.
1731 753 1988 807 auxilium

414 851 788 906 administrare
832 848 1065 901 virtutis.
1116 847 1198 901 llli
1255 862 1468 917 quoque
1513 845 1831 914 objectioni,
1882 858 1989 913 qua

408 946 653 993 sanctum
683 936 940 1006 Spiritum
991 935 1284 1005 postulare,
1332 949 1567 1004 gemere,
1617 944 1778 1003 alque
1821 934 1989 987 inter-

407 1027 613 1098 pellare
642 1027 844 1094 dixisti,
893 1035 1151 1095 quantum
1195 1042 1281 1080 me
1308 1026 1565 1081 Dominus
1608 1024 1829 1092 adjuvit,
1869 1022 1991 1078 dedi

408 1132 761 1187 responsum;
821 1116 1111 1171 ostendens
1160 1115 1608 1185 quemadmodum
1666 1115 1756 1168 ille
1812 1128 1991 1168 sermo

409 1205 655 1275 Apostoli
697 1204 992 1261 secundum
1033 1206 1269 1273 regulam
1319 1203 1513 1259 debeat
1560 1205 1798 1259 veritatis
1834 1203 1990 1257 intel-

412 1294 526 1363 ligi.
560 1293 690 1348 Nam
721 1310 906 1349 revera
951 1293 1215 1356 Christus,
1268 1295 1359 1363 qui
1405 1301 1487 1348 est
1531 1294 1582 1347 in
1623 1293 1843 1347 dextera
1875 1291 1989 1355 Dei,

410 1384 718 1453 interpellat
740 1384 954 1453 quidem
987 1400 1083 1454 pro
1105 1385 1258 1438 nobis
1294 1384 1468 1454 (Rom.
1505 1400 1614 1446 \m,
1638 1383 1753 1453 54),
1794 1383 1885 1437 sed
1907 1398 1993 1436 se-

407 1478 642 1534 cundum
671 1478 814 1548 quod
844 1477 1093 1546 dignatus
1119 1486 1201 1533 est
1227 1477 1496 1533 Sacerdos
1523 1493 1661 1539 esse,
1705 1485 1759 1531 et
1800 1476 1995 1531 obtulit

410 1568 757 1637 semetipsum
788 1584 885 1638 pro
918 1569 1092 1630 nobis,
1144 1568 1471 1623 oblationem
1524 1576 1581 1621 et
1610 1569 1839 1623 hostiam
1884 1567 1994 1623 Deo

408 1659 464 1715 in
493 1659 716 1713 odorem
746 1660 1024 1713 suavitatis
1050 1658 1264 1730 (Ep/tes.
1288 1659 1433 1728 νβ).
1460 1660 1585 1715 lude
1608 1662 1766 1729 igitur
1794 1660 1988 1721 oratio,

409 1748 552 1803 unde
573 1748 809 1815 oblatio;
843 1747 965 1803 inde
992 1749 1297 1804 obsecratio
1331 1749 1693 1813 sacenlota'is,
1746 1749 1885 1804 unde
1915 1749 1993 1802 illi

2090 574 2209 620 orat
2235 580 2337 634 pro
2363 565 2539 631 nobis,
2586 573 2641 617 et
2670 572 2858 618 oratur
2890 579 2919 617 a
2954 563 3127 617 nobis.
3157 561 3289 618 Orat
3314 579 3549 634 namque
3576 581 3682 635 Iro

2095 656 2251 709 nobis
2279 654 2571 708 secundum
2601 652 2744 723 quod
2773 661 2854 708 est
2881 652 3155 723 Sacerdos
3179 661 3382 719 noster,
3412 662 3467 708 et
3511 663 3686 726 caput

2088 745 2335 816 corporis
2375 743 2649 807 Ecclesiae,
2694 760 2842 801 unus.
2861 744 3127 799 mediator
3156 743 3248 798 Dei
3281 753 3339 799 et
3372 740 3678 811 hominum,

2089 836 2251 889 homo
2290 833 2534 889 Christus
2563 833 2748 893 Jesus:
2802 841 2988 888 oratur
3016 842 3196 888 autem
3237 850 3264 887 ο
3299 835 3454 889 nobis
3482 849 3680 889 secun-

2089 923 2215 977 dum
2260 922 2403 992 quod
2453 939 2574 978 cum
2619 921 2779 978 Patre
2832 923 3155 977 naturaliter
3198 939 3339 977 unus
3384 934 3466 978 est
3512 925 3678 979 Deus.

2090 1015 2316 1085 Spiritus
2359 1022 2538 1069 autem
2577 1023 2815 1081 sanctus,
2857 1030 3033 1083 neque
3059 1014 3199 1085 apud
3235 1013 3470 1082 Patrem,
3500 1030 3686 1085 neque

2092 1106 2232 1176 apud
2261 1105 2472 1169 Filium,
2500 1121 2597 1175 pro
2625 1104 2780 1159 nobis
2808 1105 2974 1159 ullum
3017 1106 3394 1175 postulationis
3439 1107 3682 1162 ofﬁcium

2091 1198 2256 1266 gerit;
2290 1198 2381 1252 sed
2413 1213 2533 1252 cum
2564 1196 2726 1253 Patre
2757 1206 2811 1252 et
2838 1198 2997 1261 Filio,
3032 1216 3194 1254 unum
3226 1201 3683 1269 postulationibus

2093 1289 2292 1343 nostris
2321 1289 2559 1343 auditum
2592 1288 2941 1358 benignitatis
2971 1289 3252 1360 impendit,
3283 1305 3442 1344 uuam
3473 1292 3679 1346 miseri-

2094 1378 2331 1434 cordiam
2363 1380 2567 1443 tribuit,
2619 1396 2783 1434 unum
2827 1379 3037 1434 confert
3065 1380 3346 1446 auxilium,
3393 1397 3553 1435 unam
3584 1397 3679 1435 re-

2095 1473 2408 1527 missionem
2437 1473 2707 1528 condonat
2730 1482 3103 1542 peccatorum.
3153 1471 3323 1526 Simul
3352 1474 3493 1527 enim
3522 1489 3551 1541 τι
3580 1490 3682 1526 no-

2095 1565 2196 1629 bis,
2228 1564 2354 1619 dum
2402 1565 2613 1619 Patrem
2646 1565 2938 1634 poscimus,
2987 1573 3099 1618 tota
3131 1563 3366 1617 Trinitas
3396 1566 3634 1633 poscitur
3665 1604 3679 1615 .

2095 1657 2220 1727 quia
2249 1656 2509 1726 quidquid
2537 1655 2755 1711 salubre
2799 1655 2953 1710 nobis
2978 1664 3079 1718 est,
3132 1663 3244 1709 tota
3276 1654 3511 1710 Trinitas
3538 1655 3685 1709 inse-

2098 1747 2319 1817 parabili
2361 1747 2559 1802 virtute
2582 1760 2644 1800 ac
2674 1745 2917 1800 bonitate
2946 1744 3188 1811 largitur.

3491 1895 3681 1908 ——-

1274 1998 1368 2044 ix
1396 1997 1619 2045 ιιΒιιο
1654 1995 1750 2042 IX.
1792 1994 1887 2041 1)νί
1925 1992 2423 2042 ιιιινοοΑτιοΝε
2460 1992 2888 2041 τιιιιιιιτιτιε.

776 2105 938 2176 629
960 2100 1430 2157 FRAGMENTUM
1451 2100 1632 2154 XXXI.

412 2214 536 2272 Non
569 2214 724 2268 Pater
755 2222 953 2267 tantum
974 2214 1257 2275 invocatur,
1284 2212 1375 2265 sed
1399 2213 1555 2265 etiam
1588 2210 1772 2265 Filius.
1804 2210 1866 2264 In
1891 2228 1994 2263 una

480 2301 698 2357 persona
726 2284 994 2357 invocatur
1022 2291 1127 2357 tota
1159 2281 1407 2357 Trinitas.
1441 2282 1593 2345 Quod
1620 2298 1724 2335 una
1774 2297 1995 2350 persona

480 2352 728 2425 poscitur,
756 2363 860 2407 tota
897 2352 1121 2406 Trinitas
1146 2352 1285 2422 [πρὶν.

493 2465 634 2521 Dicis
654 2464 799 2533 quod
821 2465 935 2518 sive
965 2463 1141 2518 oratio
1169 2462 1466 2526 Dominica,
1499 2463 1614 2518 sive
1660 2478 1849 2518 omnes
1870 2478 1996 2517 ora-

413 2557 591 2611 tiones
634 2569 949 2610 communes
976 2562 1031 2609 et
1060 2568 1266 2623 preces,
1312 2570 1420 2608 non
1472 2553 1574 2608 nisi
1616 2553 1682 2607 ad
1711 2553 1878 2608 solius
1904 2552 1999 2607 Dei

414 2645 589 2703 Patris
616 2660 903 2716 personam
925 2644 1030 2700 rite
1061 2643 1375 2699 fundantur.
1415 2644 1523 2700 Nos
1550 2653 1729 2699 autem
1752 2644 1999 2710 dicimus,

421 2740 723 2796 orationem
752 2737 971 2809 quidem
998 2737 1329 2793 Dominicam
1359 2736 1429 2791 ad
1457 2736 1624 2792 solius
1645 2735 1820 2791 Patris
1859 2751 2002 2790 sem-

416 2844 516 2901 per
543 2828 690 2884 fundi
718 2827 916 2885 debere
940 2843 1256 2897 personam;
1286 2829 1485 2897 quippe
1526 2827 1579 2881 in
1609 2841 1715 2895 qua
1744 2827 1821 2882 sic
1843 2841 2002 2881 orare

416 2919 738 2988 incipimus,
796 2926 855 2972 ut
887 2932 1060 2988 ipsum
1098 2915 1311 2970 Patrem
1351 2916 1598 2986 primitus
1641 2916 1999 2973 nominemus.

422 3007 594 3074 Unde,
626 3024 692 3063 ex
725 3009 829 3063 ista
863 3008 1045 3076 regula
1067 3022 1226 3075 quam
1254 3006 1504 3061 Salvator
1536 3007 1785 3071 instituit,
1811 3008 2002 3063 Eccle-

424 3098 526 3163 sia,
545 3112 665 3166 qua:
688 3112 886 3166 corpus
906 3093 1022 3164 ejus
1042 3104 1145 3163 est,
1168 3095 1446 3150 orationes
1467 3110 1592 3151 suas
1620 3094 1690 3150 ad
1718 3110 2004 3165 personam

420 3188 518 3243 Dei
539 3185 713 3241 Patris
738 3186 959 3241 fundere
997 3187 1294 3242 consuevit.
1329 3187 1711 3242 Verumtamen
1752 3195 1810 3241 ut
1833 3201 2003 3256 agno-

420 3293 653 3342 scamus,
671 3278 725 3331 in
747 3278 902 3334 unius
925 3278 1266 3333 invocatione
1295 3293 1544 3348 persona:
1575 3286 1744 3333 totam
1768 3278 2004 3334 Trinita—

423 3374 532 3422 tem
586 3366 847 3436 ohsequio
890 3366 1059 3422 hdelis
1105 3367 1460 3423 invocationis
1481 3369 1681 3437 pariter
1727 3369 2001 3433 honorari,

2034 2105 2077 2164 Β
2105 2107 2377 2154 vocatum.
2406 2097 2512 2154 Sed
2533 2099 2893 2168 quodcunque
2922 2099 3202 2167 delegeris,
3240 2114 3462 2155 necesse
3489 2108 3573 2156 est
3593 2117 3689 2155 ve:-

2099 2192 2279 2247 ritatis
2332 2192 2530 2247 virtute
2577 2192 2830 2247 vincaris.
2885 2192 2941 2246 Si
2995 2193 3136 2247 enim
3169 2191 3359 2246 Filium
3392 2192 3445 2246 in
3471 2194 3690 2247 nomine

2100 2280 2271 2335 Patris
2290 2281 2485 2336 asseris
2511 2281 2835 2346 invocatum,
2863 2290 3083 2352 propter
3112 2282 3241 2336 illud
3268 2282 3415 2353 quod
3443 2283 3520 2337 ait
3542 2284 3687 2355 :Ego

2097 2372 2209 2426 veni
2230 2373 2283 2424 in
2305 2373 2511 2424 nomine
2535 2369 2712 2425 Patris
2736 2371 2835 2424 mei
2858 2370 3039 2441 (Joan.
3070 2388 3125 2437 v,
3157 2371 3280 2438 45);
3312 2388 3440 2428 ecce
3469 2373 3687 2428 interim

2100 2460 2290 2519 Filium
2320 2475 2350 2514 a
2397 2460 2600 2515 sanctis
2626 2461 2946 2531 patriarchis
2988 2462 3293 2518 invocatum
3342 2450 3573 2518 necesse-
3607 2472 3693 2518 “st

2100 2541 2351 2607 fatearis.“
2369 2550 2509 2618 Quid
2537 2560 2621 2608 est
2647 2559 2826 2607 autem
2858 2552 3135 2621 invocare,
3160 2554 3261 2609 nisi
3290 2556 3483 2609 orare?
3512 2553 3694 2625 Ipsum

2101 2657 2229 2712 ergo
2256 2642 2525 2697 Abraham
2548 2643 2742 2710 oravit,
2774 2658 2938 2712 quem
2969 2644 3262 2699 invocavit.
3292 2643 3548 2700 Placetne
3571 2645 3695 2709 tibi;

2103 2748 2170 2788 an
2200 2733 2466 2804 displicet,
2489 2732 2679 2787 Filium
2701 2749 2731 2788 a
2773 2743 2963 2789 sancto
2994 2733 3264 2790 Abraham
3289 2737 3453 2806 63o
3479 2735 3676 2790 invoca

2103 2826 2254 2878 tum?
2282 2823 2338 2879 Si
2361 2825 2559 2893 placet,
2589 2830 2683 2878 aut
2711 2824 2800 2879 die.
2826 2824 2901 2879 ibi
2943 2840 3053 2880 non
3097 2825 3404 2882 invocatum
3453 2827 3698 2893 Patrem,

2103 2924 2197 2969 aut
2243 2915 2296 2969 in
2347 2914 2504 2970 unius
2544 2915 2889 2971 invocatione
2937 2930 3184 2986 persona:
3222 2915 3700 2973 honoriﬁcentiam

2104 3018 2336 3072 agnosce
2363 3020 2725 3061 communem.
2758 3005 2865 3061 Sed
2889 3005 3155 3076 profecto,
3185 3006 3369 3062 dicens
3398 3007 3593 3063 Filium
3617 3009 3702 3063 in-

2104 3106 2351 3152 vocatum
2382 3098 2434 3151 in
2476 3099 2696 3153 nomine
2732 3097 2926 3165 Patris,
2957 3114 3026 3154 ex
3054 3099 3157 3154 hac
3206 3099 3551 3155 invocatione
3592 3099 3703 3154 Pa-

2106 3194 2242 3242 trem
2270 3204 2523 3260 separare
2548 3205 2656 3244 non
2686 3191 2919 3260 poteris.
2943 3189 3054 3245 Cur
3081 3204 3210 3259 ergo
3251 3192 3502 3247 invocato
3559 3191 3702 3247 Filio

2106 3279 2411 3333 invocatum
2441 3278 2618 3335 credis
2646 3291 2701 3335 et
2723 3279 2961 3345 Patrem,
2994 3288 3050 3336 et
3072 3282 3322 3337 invocato
3345 3280 3503 3339 Patre
3529 3284 3702 3339 etiam

2106 3366 2297 3421 Filium
2331 3383 2436 3422 non
2466 3369 2643 3423 credis
2674 3367 3177 3425 iuvocatum?Cum
3212 3372 3395 3441 utique
3420 3371 3555 3427 sicut
3590 3372 3703 3426 illic

423 3457 724 3533 invenimus
752 3472 783 3511 a
815 3458 1134 3527 patriarchis
1159 3466 1215 3513 et
1244 3462 1571 3529 martyribus
1612 3461 1812 3515 sanctis
1839 3462 2001 3515 etiam
2031 3444 2377 3532 c‘invocatio
2405 3475 2436 3513 a
2467 3460 2619 3530 prole
2645 3461 2876 3516 recurrit
2902 3461 2972 3515 ad
3000 3462 3285 3530 originem,
3309 3464 3389 3518 sic
3416 3464 3573 3518 etiam
3602 3462 3699 3518 hic

423 3549 619 3607 Filium
640 3551 976 3616 invocatum;
1008 3551 1203 3620 quibus
1224 3552 1410 3621 utique
1441 3560 1496 3606 tu
1528 3567 1628 3607 nec
1649 3554 2005 3621 ignorantiam

424 3641 689 3706 veritatis,
716 3656 815 3696 nec
845 3641 1061 3710 aliquod
1086 3641 1288 3697 crimen
1315 3641 1599 3710 irreligiosi
1626 3642 1899 3710 assignare
1920 3658 2007 3697 au-

425 3733 579 3788 debis
603 3732 820 3788 erroris.
848 3731 905 3786 In
928 3732 1019 3786 illo
1046 3732 1207 3801 igitur
1232 3747 1394 3800 quem
1424 3732 1564 3787 Deus
1587 3733 1763 3803 posuit
1795 3732 2010 3788 Patrem

427 3825 715 3881 multarum
743 3826 980 3894 gentium
1012 3823 1188 3896 (Rom.
1213 3841 1284 3889 tv,
1315 3825 1424 3893 i7),
1457 3826 1533 3880 rei
1581 3826 1739 3895 hujus
1779 3828 2008 3897 primum

429 3918 614 3987 accipe
639 3917 1022 3972 documentum
1047 3933 1061 3968 :
1089 3917 1157 3971 de
1186 3931 1313 3985 quo,
1344 3932 1465 3971 cum
1495 3917 1673 3973 adhuc
1712 3919 1929 3982 Abram,
1956 3928 2011 3972 et

432 4009 656 4073 necdum
680 4008 950 4063 Abraham
975 4008 1157 4086 divino
1172 4024 1393 4063 munere
1414 4017 1721 4070 vocaretur,
1737 4009 1790 4062 in
1813 4006 2010 4063 Genesi

431 4100 688 4169 scriptum
718 4099 795 4153 sic
818 4099 1124 4153 continetur
1149 4116 1162 4151 :
1213 4097 1283 4153 Et
1310 4100 1443 4154 risus
1486 4110 1562 4153 est
1591 4099 1844 4155 Dominus
1876 4098 2013 4153 Deus

433 4187 620 4251 Alme,
643 4196 692 4241 et
721 4188 852 4242 dixit
891 4190 938 4242 ei
961 4205 979 4242 :
1003 4187 1202 4244 Semini
1230 4200 1314 4244 tuo
1343 4191 1477 4245 dabo
1507 4200 1701 4245 terram
1728 4192 1901 4245 istam.
1946 4191 1993 4244 Ε
1998 4200 2017 4244 ι

434 4279 709 4349 aediﬁcavit
729 4279 798 4334 ibi
813 4278 1003 4333 Abram
1025 4280 1189 4335 altare
1222 4280 1565 4354 Domino,fqui
1592 4285 1726 4338 visus
1747 4293 1824 4338 est
1850 4286 1915 4337 ei.
1947 4283 2017 4337 Et

436 4371 644 4425 recessit
657 4371 778 4424 inde
789 4372 840 4424 in
853 4381 1073 4426 montem
1084 4383 1264 4427 contra
1278 4376 1523 4428 orientem
1531 4373 1724 4441 Betliet,
1739 4375 2019 4429 secundum

438 4479 582 4517 mare
595 4464 752 4535 Agge,
768 4473 948 4518 contra
961 4466 1210 4519 orientem
1234 4482 1252 4519 :
1269 4474 1318 4519 et
1338 4466 1613 4536 mdiﬁcauit
1625 4465 1695 4519 ibi
1723 4466 1888 4520 altare
1913 4465 2021 4520 Do-

440 4555 579 4607 mino
609 4553 736 4621 Deo,
761 4564 810 4608 et
832 4556 1084 4609 invocavit
1107 4556 1162 4609 in
1192 4558 1399 4611 nomine
1429 4556 1639 4611 Domini
1650 4556 1746 4617 Dei
1771 4558 1856 4628 qui
1885 4558 2022 4612 uisus

439 4642 679 4710 est(Gen.
699 4660 791 4711 xu,
809 4645 862 4709 7,
882 4646 955 4715 8).
978 4644 1126 4713 Elige
1153 4662 1296 4700 nunc
1316 4663 1478 4701 unum
1501 4663 1532 4702 e
1551 4648 1781 4714 duobus,
1833 4657 1891 4701 ιιι
1920 4657 2013 4704 aut

443 4737 609 4801 Deum
639 4737 853 4792 Patrem
881 4738 1027 4793 dicas
1069 4748 1263 4795 sancto
1293 4739 1521 4793 Abrahae
1559 4740 1753 4805 visum,
1803 4747 1895 4795 aut
1944 4741 2027 4797 Fi-

2110 3553 2178 3607 ab
2200 3553 2407 3622 origine
2436 3562 2679 3607 recurrat
2707 3552 2772 3607 ad
2803 3554 3032 3623 prolem.
3064 3554 3205 3609 Deus
3253 3554 3435 3623 igitur,
3474 3554 3564 3625 qui
3618 3555 3679 3608 in

2110 3652 2333 3699 vocatur
2362 3644 2414 3698 in
2446 3644 2661 3699 nomine
2689 3644 2900 3699 Domini
2924 3644 3038 3711 Dei,
3070 3645 3122 3701 in
3151 3662 3252 3701 suo
3274 3646 3460 3716 utique
3485 3647 3725 3702 nomine

2111 3739 2391 3794 invocatur
2423 3756 2435 3791 :
2468 3753 2569 3794 nec
2604 3737 2751 3793 aliud
2780 3747 2864 3794 est
2907 3740 3166 3795 invocare
3202 3740 3507 3807 Dominum,
3541 3756 3710 3810 quam

2112 3845 2307 3883 nomen
2336 3829 2544 3883 Domini
2575 3829 2843 3886 invocare.
2900 3828 3150 3900 Alioquin
3182 3832 3303 3901 quis
3349 3840 3431 3886 est
3460 3832 3551 3886 cui
3578 3831 3731 3885 dicit’

2111 3920 2275 3976 Isaias
2305 3938 2317 3973 :
2347 3920 2584 3984 Domine,
2632 3929 2823 3992 praeter
2850 3931 2897 3976 te
2925 3922 3085 3975 alium
3111 3938 3214 3975 non
3238 3922 3489 3986 novimus,
3522 3936 3712 3974 nomen

2116 4020 2253 4064 tuum
2284 4012 2630 4066 invocavimus
2660 4010 2798 4083 (Isa.
2824 4028 2968 4077 xm,
3002 4011 3128 4082 i5)?
3158 4010 3264 4067 Aut
3323 4009 3407 4065 cui
3447 4009 3715 4065 Jeremias

2114 4102 2243 4157 dicit
2267 4121 2279 4155 :
2302 4101 2370 4156 Et
2394 4115 2445 4156 tu
2468 4105 2523 4157 in
2552 4104 2700 4157 nobis
2728 4120 2801 4168 es,
2828 4092 3066 4168 DJmtne,
3101 4112 3149 4157 et
3180 4118 3364 4157 nomen
3391 4110 3536 4155 tuum
3562 4102 3714 4154 inuo~

2116 4204 2286 4247 catum
2307 4203 2383 4248 est
2411 4211 2565 4265 super
2591 4211 2684 4248 nos
2707 4192 2762 4264 (J
2766 4210 2843 4249 er.
2869 4209 2977 4259 Xiv,
2995 4193 3090 4265 9)?
3118 4192 3282 4248 David
3295 4207 3511 4263 quoque
3526 4207 3711 4253 orans.

2118 4283 2279 4349 Deus,
2309 4285 2501 4353 inquit,
2527 4286 2579 4337 in
2603 4285 2811 4338 nomine
2837 4288 3140 4338 tuo'satrum
3151 4300 3232 4337 me
3252 4285 3357 4354 fac,
3384 4289 3431 4335 et
3451 4282 3507 4335 in
3531 4282 3737 4334 virtute‘

2120 4386 2209 4431 tua
2229 4377 2409 4449 judico
2430 4393 2509 4431 me
2539 4376 2716 4448 (Psal.
2742 4391 2854 4439 Lm,
2888 4376 2964 4445 3).
3009 4374 3311 4441 Postremo,
3335 4373 3380 4427 si
3407 4382 3567 4442 putas
3586 4370 3715 4439 quia

2121 4482 2227 4523 non
2256 4469 2418 4523 habet
2446 4467 2629 4536 regula
2661 4465 2782 4521 ﬁdei
2814 4475 2870 4520 ut
2912 4465 3080 4519 Filius
3135 4466 3437 4526 invocetur,
3492 4461 3717 4515 beatum

2121 4558 2450 4629 Stephanum
2502 4571 2724 4612 necesse
2770 4562 2855 4611 est
2901 4553 3286 4625 reprehendas,
3341 4551 3411 4607 de
3440 4566 3548 4621 quo
3575 4549 3714 4604 scri-

2122 4657 2271 4718 ptum
2299 4655 2382 4703 est
2409 4645 2552 4717 quod
2582 4659 2708 4701 eum
2738 4642 2906 4699 Judaei
2930 4643 3244 4714 lapidabant
3296 4644 3616 4695 invocantem
3666 4644 3723 4690 et

2124 4740 2374 4794 dicentem
2401 4756 2418 4793 :
2443 4739 2664 4793 Domine
2689 4737 2719 4791 J
2729 4753 2838 4805 esu,
2878 4737 3083 4807 suscipe
3104 4735 3341 4805 spiritum
3372 4747 3539 4785 meum
3573 4732 3711 4800 (Act.

443 4828 568 4881 lium
619 4843 830 4883 asseras
879 4828 1206 4884 invocatum.
1266 4828 1399 4885 Vide
1427 4831 1569 4884 enim
1597 4830 1725 4899 quid
1745 4830 2022 4903 Scriptura
2055 4853 2103 4913 ο
2129 4847 2218 4896 vn,
2247 4829 2357 4900 59).
2388 4829 2531 4884 Petri
2560 4843 2777 4900 quoque
2802 4826 3033 4896 θβοδιοιί
3063 4825 3179 4880 Sine
3199 4822 3362 4878 dubio
3413 4821 3722 4913 άθθίτίίωω

441 4920 786 4979 commendat
816 4938 829 4974 :
860 4920 933 4975 Et
966 4923 1216 4977 invocavit
1243 4925 1298 4977 in
1324 4924 1534 4977 nomine
1557 4921 1768 4978 Domini
1817 4923 1915 4980 Dei
1942 4926 2027 4996 qui

439 5015 579 5070 uisus
603 5023 719 5069 est:
750 5016 841 5070 uhi
871 5011 1180 5086 agnoscitur
1210 5019 1335 5087 quia
1389 5018 1531 5074 Deus
1584 5018 1677 5087 qui
1733 5019 1878 5074 visus
1924 5028 2025 5087 est,

438 5106 557 5174 ipse
582 5114 667 5162 est
712 5108 1013 5163 invocatus.
1047 5109 1128 5163 An
1158 5123 1258 5178 pro
1283 5123 1350 5163 eo
1380 5108 1524 5177 quod
1552 5108 1755 5164 dictum
1788 5123 1894 5163 non
1924 5117 2026 5175 est,

438 5192 713 5251 lnvocavit
734 5196 1016 5251 Dominum
1047 5198 1212 5251 Deum
1236 5197 1328 5266 qui
1350 5198 1496 5252 visus
1537 5206 1639 5262 est,
1688 5198 1800 5265 sed,
1834 5197 1899 5251 In
1928 5215 2025 5253 no-
2078 5206 2086 5215 '

441 5288 580 5343 mine
602 5287 809 5342 Domini
839 5288 939 5342 Dei
961 5291 1044 5361 qui
1070 5290 1209 5344 visus
1235 5296 1330 5355 est,
1354 5303 1421 5343 ex
1452 5289 1556 5345 hoc
1584 5290 1811 5344 alterum
1832 5289 2027 5355 visum,

443 5379 675 5435 alterum
694 5380 919 5435 forsitan
949 5380 1226 5435 existimas
1247 5380 1591 5435 invocatum?
1613 5381 1706 5434 Dic
1725 5393 1853 5449 ergo
1867 5394 2027 5448 quem

443 5482 665 5530 sanctus
692 5476 994 5546 patriarcha
1042 5475 1396 5543 invocaverit,
1428 5484 1522 5531 aut
1551 5477 1603 5528 in
1633 5473 1784 5543 cujus
1812 5474 2028 5528 nomine

445 5581 567 5620 eum
587 5567 861 5623 existimes
888 5568 1185 5622 invocasse.
1213 5566 1406 5623 Procul
1428 5567 1591 5622 dubio
1618 5574 1710 5621 aut
1738 5562 1949 5620 Patrem
1975 5564 2026 5618 in

449 5657 666 5712 nomine
694 5658 829 5722 Filii,
855 5667 948 5713 aut
978 5658 1165 5714 Filium
1198 5660 1249 5713 in
1282 5660 1500 5714 nomine
1530 5657 1705 5713 Patris
1730 5659 1927 5713 asseris
1955 5659 2029 5712 in-

488 5884 495 5891 .
524 5836 544 5858 '
571 5836 679 5893 Sed
708 5847 887 5909 priora
918 5842 1078 5896 verba
1109 5855 1216 5900 non
1249 5814 1513 5899 habentur
1543 5841 1595 5896 in
1622 5837 1873 5905 Vulgatis,

2128 4920 2403 4990 abjieiens,
2439 4919 2708 4976 dicentis:
2743 4927 2771 4956 ι
2810 4917 2994 4972 Gratia
3023 4931 3137 4969 cum
3181 4913 3414 4969 omnibus
3444 4912 3529 4983 qui
3573 4912 3721 4964 ineo-

2126 5021 2246 5066 cant
2274 5011 2448 5066 Iesum
2479 5009 2741 5065 Christum
2764 5010 2817 5064 in
2848 5007 3204 5079 perpetuitate.
3245 5001 3363 5056 Pax
3392 5002 3531 5056 vobis
3552 4992 3718 5054 omni?-

2129 5103 2217 5157 bus
2247 5106 2330 5175 qui
2359 5106 2482 5157 estis
2528 5106 2583 5157 in
2632 5102 2833 5157 Christo
2875 5098 2927 5171 (ι
2974 5084 3119 5153 Petr.
3169 5112 3223 5162 ν,
3256 5095 3367 5166 14).
3400 5092 3510 5149 Cur
3536 5094 3719 5160 itaque

2134 5196 2325 5252 beatus
2371 5196 2676 5267 Stephanus
2724 5195 2788 5249 ad
2845 5193 3038 5248 Filium
3094 5193 3393 5248 orationem
3452 5186 3641 5252 fundit,
3672 5186 3718 5239 si

2134 5303 2408 5361 nunquam
2438 5299 2520 5344 est
2542 5288 2707 5343 Filius
2735 5288 3080 5343 exorandus?
3102 5292 3192 5339 aut
3236 5298 3399 5353 quem
3448 5281 3607 5335 alium
3638 5280 3720 5334 in-

2138 5390 2297 5435 vocat
2329 5380 2491 5436 David
2523 5381 2624 5435 nisi
2654 5379 2869 5443 Filium,
2897 5378 3083 5434 dicens
3112 5375 3240 5429 illud
3265 5372 3410 5443 quod
3440 5387 3602 5442 supra
3622 5386 3729 5441 po-_

2135 5475 2340 5528 su‘mus
2369 5491 2380 5525 ε
2417 5472 2515 5537 Qui
2538 5473 2711 5543 pascis
2740 5470 2932 5531 Israel,
2964 5467 3201 5530 intende;
3234 5466 3319 5534 qui
3348 5463 3561 5517 deducis
3590 5461 3722 5515 velut

2136 5576 2250 5619 ares
2280 5565 2469 5637 Joseph
2501 5565 2671 5635 (l’snl.
2699 5579 2881 5629 LXXIX,
2904 5560 2953 5628 t)
2981 5563 3003 5613 ’ἓ
3033 5558 3194 5628 Cujus
3220 5566 3275 5611 et
3300 5554 3589 5609 adventum
3618 5567 3719 5622 po-

2135 5658 2322 5725 stulat,
2351 5658 2537 5711 dicens
2570 5656 2636 5726 (υ.
2667 5654 2720 5725 5)
2749 5674 2759 5705 :
2798 5654 2982 5708 hirritu
3030 5650 3309 5721 potentiam
3337 5656 3501 5707 tuam,
3533 5653 3580 5696 et
3608 5646 3725 5697 veni
