4064 6358
341 426 453 483 ’861

1400 420 1687 482 ’(ῘΟΧΤΒΑ
1726 422 2069 479 FABIANUM
2110 420 2546 506 FRAGMENTA.

354 548 410 590 ut
447 535 631 592 liberes
677 551 789 591 nos.
843 541 1087 605 Agnosce
1137 543 1316 604 Igttur,
1349 537 1597 590 invocato
1630 534 1804 613 Patre,
1836 534 1920 587 Fi-
1954 543 1999 595 Α
2028 529 2169 584 enim
2201 529 2483 584 memorati
2522 530 2783 584 sermonis
2820 539 2943 584 loco
2972 531 3046 584 ait
3084 547 3097 583 :
3139 529 3200 585 Si
3229 531 3519 584 ntattserigis
3547 533 3603 584 in

354 628 487 683 lium
502 642 719 697 quoque
743 628 948 697 pariter
968 627 1228 690 invocari,
1275 627 1607 680 et~iuvoeato
1646 624 1811 686 Filio,
1847 623 1926 677 in-

356 720 539 775 vocari
559 718 908 774 nihilominus
929 717 1165 785 Patrem,
1205 726 1261 772 et
1285 718 1352 772 ab
1374 715 1561 772 eadem
1589 716 1928 770 invocatione

355 811 613 883 Spiritum
641 820 882 866 sanctum
912 812 1217 874 nullatenus
1244 811 1502 879 separari.
1548 809 1727 863 Unum
1782 810 1925 864 enim

354 912 552 956 salicta:
597 901 845 956 Trinitati
898 901 1215 971 obsequium
1268 900 1528 955 orationis
1566 899 1843 965 debemus,
1874 899 1927 952 in

352 992 512 1060 cujus
532 992 745 1046 nomine
772 991 1050 1062 baptizati,
1081 991 1305 1059 gratiam
1343 990 1727 1058 redemptionis
1771 1003 1925 1043 acce-

357 1082 553 1148 pimus.
576 1079 721 1135 Patri
741 1095 875 1153 ergq
895 1079 1122 1135 dicimus
1147 1086 1382 1143 orantes,
1408 1077 1511 1132 Per
1536 1077 1815 1131 Dominum
1836 1093 1930 1132 no-

354 1181 517 1225 strum
544 1170 723 1226 Jesum
740 1169 1000 1226 Christum
1029 1169 1076 1222 F
1080 1170 1227 1224 ilium
1254 1178 1413 1234 tuum,
1437 1175 1730 1240 poscentes
1747 1176 1809 1221 ut
1834 1182 1933 1237 per

354 1264 530 1331 ipsum
551 1260 715 1316 faciat
734 1261 877 1329 quod
907 1275 1145 1322 oramus,
1170 1274 1266 1328 per
1292 1273 1451 1327 quem
1502 1272 1599 1312 nos
1636 1256 1812 1312 facere
1850 1256 1932 1311 di-

352 1360 549 1418 gnatus
578 1358 659 1406 est
688 1359 747 1403 ut
774 1364 1035 1405 essemus.
1065 1349 1254 1404 Omnia
1275 1349 1417 1404 enim
1443 1349 1599 1403 Pater
1617 1362 1715 1417 per
1739 1346 1932 1402 Filium

355 1438 482 1499 fecit
509 1445 564 1493 et
594 1438 739 1501 facit,
770 1439 895 1507 quia
925 1453 1057 1491 unus
1106 1436 1358 1492 Dominus
1383 1437 1535 1491 Jesus
1562 1434 1797 1491 Christus
1842 1454 1934 1506 per

354 1544 501 1598 quem
547 1528 721 1582 omnia
752 1525 806 1596 (1
835 1524 953 1581 Cor.
1003 1542 1111 1591 vm,
1161 1524 1254 1595 6);
1285 1525 1354 1581 de
1382 1541 1490 1594 quo
1515 1526 1643 1580 item
1671 1527 1931 1596 scriptum

354 1628 457 1683 est,
489 1619 610 1687 quia
640 1619 812 1673 omnia
837 1634 927 1686 per
940 1617 1118 1686 ipsum
1141 1617 1279 1687 facta
1309 1624 1444 1679 sunt,
1485 1624 1535 1669 et
1573 1617 1685 1670 sine
1708 1619 1821 1687 ipso
1851 1618 1934 1687 fu-

354 1717 492 1761 ctum
518 1716 595 1761 est
623 1707 753 1760 nihil
777 1705 953 1777 (Joan.
977 1721 1016 1773 ι,
1047 1705 1135 1773 5);
1164 1713 1221 1760 et
1240 1704 1364 1772 quia
1401 1706 1577 1758 omnia
1622 1721 1714 1775 per
1767 1707 1933 1774 ipsum

356 1806 407 1851 et
425 1798 480 1850 in
502 1797 614 1865 ipso
638 1804 812 1848 creata
838 1803 977 1856 sunt,
1007 1801 1055 1846 et
1077 1795 1186 1863 ipse
1205 1801 1287 1846 est
1320 1800 1440 1846 ante
1466 1808 1661 1857 omnes,
1687 1802 1738 1847 et
1757 1794 1932 1847 omnia

355 1890 409 1939 in
431 1888 542 1955 ipso
570 1892 805 1943 constant
829 1883 1047 1954 (Coloss.
1076 1899 1116 1962 ιη
1132 1881 1217 1946 i6,
1241 1881 1351 1954 l7).
1374 1882 1479 1938 Sed
1500 1884 1622 1953 quia
1641 1884 1770 1939 illud
1788 1884 1931 1953 quod

353 1977 569 2040 dicitur,
606 1974 708 2030 Per
730 1974 1010 2030 Dominum
1029 1984 1259 2030 nostrum
1277 1974 1307 2027 J
1314 1992 1454 2029 esum
1473 1973 1751 2043 Christum,
1782 1977 1935 2045 adju-

355 2068 619 2130 rationem
640 2067 930 2131 existimas,
955 2066 1116 2121 etiam
1143 2065 1196 2120 in
1224 2067 1328 2121 hoc
1347 2067 1606 2135 :equalem
1626 2066 1816 2121 Filium
1829 2066 1933 2120 Pa-

358 2159 423 2212 tri
480 2171 764 2226 cognosce.
811 2156 1120 2227 Apostolica
1173 2157 1372 2227 quippe
1408 2157 1557 2215 .dicit
1607 2159 1931 2214 auctoritas:

358 2248 578 2303 Abralue
621 2264 838 2319 namque
882 2248 1181 2317 promittens
1229 2246 1385 2312 Deus,
1415 2249 1656 2318 quoniam
1684 2250 1936 2302 neminem

355 2340 538 2395 habuit
576 2356 667 2411 per
693 2356 838 2410 quem
858 2339 1062 2409 juraret
1088 2338 1359 2407 majorem,
1378 2338 1576 2407 juravit
1614 2355 1704 2407 per
1749 2349 1935 2392 semet-

358 2433 526 2501 ipsum
553 2427 738 2499 (Hebr.
762 2445 835 2494 vi,
856 2427 964 2497 i5).
991 2427 1131 2483 Deus
1153 2440 1280 2495 ergo
1299 2427 1389 2495 qui
1418 2442 1523 2480 non
1542 2426 1687 2495 jurat
1710 2428 1810 2482 nisi
1840 2442 1936 2496 per

359 2519 723 2589 semetipsum,
757 2533 864 2572 non
894 2516 1173 2586 adjuratur
1202 2516 1304 2572 nisi
1324 2531 1421 2585 per
1448 2516 1595 2570 illum
1617 2517 1706 2585 qui
1730 2533 1853 2572 cum
1870 2532 1937 2572 eo

362 2609 520 2663 unius
547 2623 666 2663 esse
696 2615 899 2662 naturae
914 2605 1274 2675 cognoscitur.
1299 2604 1553 2672 Quamvis
1575 2607 1937 2662 oratiouisilla

362 2697 637 2753 conclusio
678 2697 847 2765 magis
892 2711 990 2767 per
1014 2710 1174 2765 quem
1202 2695 1364 2750 Pater
1391 2704 1644 2766 operetur
1670 2697 1934 2764 ostendat,

362 2805 469 2844 non
515 2802 815 2858 sermonem
873 2786 1219 2856 adiurationis
1261 2786 1556 2842 contineat.
1607 2786 1939 2856 Quocunque

363 2888 542 2933 tamen
570 2877 727 2934 modo
756 2877 982 2943 dicatur,
1013 2876 1237 2943 sulticit,
1268 2876 1520 2945 quoniam
1547 2877 1614 2931 ad
1662 2877 1766 2932 hoc
1804 2877 1936 2933 dici-

363 2977 470 3030 tur,
502 2975 561 3023 ut
589 2967 763 3022 omnis
782 2967 976 3032 oratio,
1004 2981 1298 3036 omnesque
1328 2981 1534 3036 preces,
1585 2966 1706 3022 Filii
1733 2975 1788 3023 et
1814 2968 1939 3038 Spi-

363 3058 498 3113 ritus
525 3057 696 3127 sancti
738 3057 950 3113 nomine
997 3055 1404 3121 concludantur.
1432 3055 1569 3123 Ergo
1606 3072 1671 3111 ex
1724 3072 1833 3126 quo
1884 3066 1941 3113 et

363 3148 579 3203 beatum
599 3155 886 3219 martyrem
907 3146 1238 3216 Stephanum
1261 3147 1609 3213 ostendimus,
1632 3148 1684 3202 in
1715 3149 1831 3219 ipso
1860 3164 1940 3204 ar-

366 3237 532 3292 ticulo
551 3238 834 3309 passionis,
866 3237 1164 3293 orationem
1191 3252 1345 3309 suam
1376 3252 1482 3293 non
1510 3239 1576 3294 ad
1603 3237 1794 3305 Patris,
1843 3239 1936 3295 sed

362 3331 520 3401 631
551 3294 618 3383 ad
646 3328 765 3383 Filii
791 3294 1048 3383 direxisse
1077 3305 1389 3399 personam;
1413 3294 1794 3400 rursusquead
1812 3345 1936 3401 per-
1959 3294 2005 3356 (ἶ

363 3434 550 3475 sonam
600 3415 770 3472 Patris
816 3418 1112 3473 orationem
1160 3420 1273 3474 sive
1315 3435 1528 3489 precem
1596 3428 1710 3475 tota
1756 3421 1938 3490 dirigit

364 3505 598 3567 Ecclesia
625 3521 863 3578 semper;
894 3507 1056 3563 debes
1085 3524 1396 3578 agnoscere,
1427 3526 1642 3566 onmem
1672 3512 1936 3568 rationem

365 3596 488 3655 ﬁdei
510 3609 707 3654 nostra:
730 3600 973 3670 quamvis
994 3599 1061 3655 ad
1092 3616 1247 3655 unam
1277 3617 1341 3657 ex
1366 3602 1623 3658 Trinitate
1653 3619 1935 3675 personam

366 3689 615 3769 videatur
637 3690 811 3760 dirigi,
843 3692 1007 3746 totius
1034 3692 1086 3746 in
1116 3708 1179 3747 ea
1204 3701 1381 3762 tamen
1412 3693 1687 3749 Trinitatis
1715 3695 1937 3749 honori-

365 3781 635 3837 ﬁcentiam
665 3781 945 3837 contineri.
970 3781 1064 3837 Ille
1092 3783 1232 3838 enim
1257 3784 1348 3852 qui
1372 3785 1446 3838 ait
1465 3803 1483 3837 εκ
1512 3782 1609 3848 Qui
1633 3802 1712 3839 me
1730 3786 1858 3850 odit,
1888 3796 1939 3839 et

365 3870 579 3926 Patrem
610 3889 773 3927 meum
803 3873 913 3927 odit
943 3874 1121 3943 (Joan.
1166 3890 1254 3941 xv,
1296 3873 1410 3944 22),
1441 3885 1496 3930 et
1519 3876 1586 3931 de
1613 3890 1721 3944 quo
1748 3877 1938 3932 beatus

364 3961 597 4017 Joannes
623 3962 789 4018 dicit:
818 3961 916 4027 Qui
955 3964 1120 4036 diligit
1145 3969 1442 4036 genitorem,
1484 3967 1652 4039 diligit
1693 3983 1805 4022 eum
1851 3970 1938 4039 qui

366 4042 518 4105 natus
539 4062 613 4106 est
641 4068 705 4108 ex
733 4069 790 4108 eo
822 4053 874 4124 (Ι
901 4041 1057 4108 Joan.
1081 4072 1131 4121 ν,
1166 4054 1249 4124 1);
1274 4057 1412 4111 sicut
1438 4057 1793 4111 communiter
1817 4072 1935 4113 cum

366 4141 526 4197 Patre
560 4143 641 4198 vel
672 4144 794 4199 odio
836 4144 1019 4200 haberi
1051 4146 1131 4200 vel
1161 4145 1338 4213 diligi,
1370 4148 1442 4201 ita
1467 4162 1587 4202 cum
1618 4147 1776 4204 Pater
1802 4162 1936 4203 exo-

367 4223 550 4300 ratur,
580 4235 738 4290 simul
760 4221 878 4290 cum
906 4251 973 4292 eo
1003 4220 1343 4306 cognoscitur
1369 4253 1400 4292 a
1431 4237 1672 4293 tidelibus
1700 4239 1934 4294 exorari.

367 4323 433 4379 Et
458 4327 710 4394 quoniam
741 4342 878 4382 unus
902 4337 984 4381 est
1013 4328 1185 4383 Patris
1209 4336 1264 4382 et
1289 4328 1404 4382 Filii
1435 4327 1687 4398 Spiritus,
1715 4344 1939 4385 necesse

364 4423 453 4469 est
479 4423 538 4469 ut
572 4414 697 4470 dum
739 4415 1020 4471 invocatur
1059 4415 1220 4471 Pater
1262 4425 1355 4471 aut
1394 4416 1576 4483 Filius,
1610 4418 1661 4471 in
1698 4417 1854 4473 Patre
1884 4426 1939 4472 et

365 4501 504 4558 Filio
533 4504 695 4559 etiam
721 4505 810 4559 ille
838 4505 928 4573 qui
961 4521 1095 4561 unus
1122 4515 1206 4561 est
1225 4507 1499 4577 utriusque
1527 4507 1758 4577 Spiritus
1786 4511 1938 4565 invo-

366 4600 539 4646 cetur.
573 4590 720 4649 Unus
749 4604 831 4648 est
853 4602 1028 4650 autem
1051 4592 1204 4649 Jesus
1225 4592 1490 4662 Christus,
1518 4597 1822 4665 unigenitus
1842 4597 1938 4652 Dei

365 4680 543 4737 Patris
570 4681 754 4751 Filius,
784 4685 935 4752 cujus
964 4685 1178 4740 nomine
1195 4685 1560 4740 concludimus
1579 4702 1792 4741 omnem
1818 4702 1940 4741 ora-

368 4771 571 4825 tionem
591 4787 751 4840 quam
774 4774 1102 4828 destinamus
1122 4772 1189 4828 ad
1213 4773 1427 4830 Patrem
1453 4793 1466 4829 :
1497 4790 1597 4830 nec
1627 4784 1804 4830 tamen
1825 4777 1942 4832 sine

365 4861 538 4914 sancti
578 4859 806 4930 Spiritus
871 4863 1108 4929 nomine,
1154 4872 1211 4917 ut
1252 4864 1596 4919 ostendamus
1633 4873 1798 4920 totam
1841 4881 1943 4921 nos

367 4952 645 5007 humiliter
663 4967 889 5023 poscere
914 4953 1251 5009 Trinitatem.
1284 4954 1397 5010 Non
1429 4957 1570 5011 enim
1600 4957 1743 5011 omni
1768 4956 1944 5012 Trini-

368 5043 467 5098 tati
496 5043 723 5101 dicimus
750 5064 764 5098 :
803 5043 904 5099 Per
934 5045 1205 5101 Dominum
1234 5057 1461 5102 nostrum
1488 5048 1667 5103 Jesum
1686 5047 1941 5105 Christum

369 5131 567 5188 Filium
586 5144 749 5199 tuum,
766 5136 858 5191 sed
878 5137 977 5191 soli
1001 5135 1163 5203 Patri,
1183 5138 1333 5206 cujus
1352 5148 1437 5194 est
1459 5138 1758 5207 unigenitus
1778 5141 1944 5197 Filius

373 5222 631 5280 Dominus
657 5224 812 5280 Jesus
840 5226 1099 5282 Christus.
1134 5226 1211 5281 Ad
1241 5228 1344 5282 hoc
1374 5237 1551 5283 autem
1570 5268 1584 5293 ,
1616 5230 1755 5285 sicut
1784 5244 1944 5300 supra

367 5316 481 5385 jam
511 5316 769 5383 diximus,
808 5334 1001 5373 nomen
1030 5318 1154 5373 Jesu
1183 5318 1379 5374 Christi
1419 5328 1473 5375 et
1508 5319 1741 5391 Spiritus
1774 5321 1946 5377 sancti

373 5422 496 5461 cum
526 5404 737 5462 Patrem
767 5425 983 5463 oramus
1008 5409 1368 5479 adjungimus,
1396 5420 1454 5467 ut
1480 5412 1736 5481 quidquid
1768 5413 1945 5483 posci-

376 5515 517 5566 mus,
564 5514 595 5554 a
641 5508 751 5555 tota
801 5516 897 5555 nos
944 5500 1203 5556 Trinitatc
1250 5503 1518 5572 postulare
1562 5512 1942 5561 monstremus.

378 5592 628 5666 Alioquin
654 5591 878 5647 ostende
907 5594 1058 5648 nobis
1077 5594 1346 5662 quomodo
1369 5584 1536 5663 possit
1557 5594 1684 5649 illud
1713 5596 1943 5666 impleri,

378 5680 522 5751 quod
544 5664 671 5750 ipse
707 5680 955 5734 Salvator
994 5690 1194 5746 noster,
1235 5681 1288 5735 in
1332 5682 1449 5751 ipso
1486 5698 1736 5738 sermone
1765 5664 1947 5741 novis-

380 5774 548 5833 simo,
586 5786 745 5841 quem
778 5772 1088 5841 (secundum
1120 5770 1463 5839 Evangelium
1487 5772 1730 5844 Joannis)
1763 5776 1828 5830 ad
1865 5775 1947 5830 di-

382 5865 617 5931 scipulos
668 5865 872 5941 habuit,
925 5866 1242 5934 przccepisse
1290 5867 1649 5935 cognoscitur.
1708 5868 1949 5937 Quodam

2030 640 2128 686 me,
2150 633 2200 676 et
2219 623 2373 676 verba
2394 639 2506 675 mea
2526 624 2579 675 in
2604 621 2741 677 vobis
2763 625 3061 687 manserint,
3085 622 3416 694 quodcunque
3435 623 3606 678 uolue-

2027 712 2144 766 ritis
2168 713 2368 781 petetis,
2402 722 2451 765 et
2470 713 2559 782 ﬁet
2583 712 2720 766 vobis
2748 712 2927 781 (Joan.
2960 728 3049 775 xv,
3084 711 3160 781 7).
3191 711 3289 768 llic
3317 713 3605 783 petendum

2028 802 2180 865 dixit,
2205 801 2298 856 sed
2320 810 2496 855 utrum
2519 802 2588 855 ab
2606 802 2743 879 ipso,
2769 817 2835 856 an
2864 817 2894 856 a
2918 800 3077 855 Patre
3098 800 3385 870 petendum
3406 803 3477 856 sit
3498 806 3606 857 non

2029 893 2287 948 ostendit.
2322 891 2487 948 Paulo
2515 901 2639 963 post
2666 900 2846 948 tamen
2875 893 3084 948 curavit
3113 891 3398 961 petendam
3427 891 3604 948 Patris

2029 983 2238 1051 aperire
2267 997 2573 1051 personam,
2616 982 2798 1038 dicens
2822 1000 2837 1035 :
2865 980 2986 1037 Non
3012 998 3098 1037 vos
3127 997 3208 1035 me
3234 982 3483 1053 elegistis,
3516 982 3608 1036 sed

2023 1088 2122 1143 ego
2143 1072 2272 1142 elegi
2296 1088 2404 1138 vos,
2429 1081 2478 1125 et
2497 1074 2643 1141 posui
2665 1089 2750 1126 vos
2770 1082 2827 1125 ut
2851 1073 3005 1139 eatis,
3030 1080 3080 1125 et
3108 1073 3329 1143 fructum
3350 1072 3603 1140 efferatis,

2026 1172 2080 1216 et
2110 1164 2306 1233 fructus
2329 1173 2491 1216 vester
2517 1144 2724 1226 maneat
2746 1180 2763 1227 ;
2789 1172 2844 1215 ut
2871 1163 3201 1234 quodcunque
3224 1163 3470 1233 petieritis
3501 1161 3607 1216 Pa-

2026 1261 2158 1305 trem
2178 1252 2235 1305 in
2259 1254 2465 1305 nomine
2486 1268 2614 1317 meo,
2642 1253 2729 1306 det
2748 1251 2887 1306 vobis
2919 1252 3105 1323 (Ibid.,
3133 1252 3221 1322 16)
3256 1270 3270 1305 :
3313 1252 3456 1322 quod
3485 1269 3607 1308 rur-

2031 1356 2122 1396 sus
2156 1341 2429 1396 inculcans
2457 1343 2534 1395 ait
2566 1359 2578 1394 :
2608 1342 2770 1396 Amen
2797 1359 2946 1396 amen
2966 1343 3083 1396 dico
3117 1341 3273 1408 vobis,
3304 1343 3348 1396 si
3375 1344 3496 1414 quid
3522 1359 3610 1414 pe-

2026 1433 2214 1486 tieritis
2248 1431 2457 1485 Patrem
2477 1434 2530 1485 in
2559 1434 2763 1487 nomine
2783 1450 2912 1497 meo,
2939 1432 3082 1486 dabit
3109 1431 3248 1486 vobis
3273 1431 3452 1503 (Joan.
3486 1449 3573 1488 xvr
3590 1474 3606 1498 ,

2030 1521 2110 1593 ‘2).
2131 1523 2510 1579 Verumtamen
2537 1524 2659 1579 audi
2681 1525 2950 1595 quomodo
2979 1527 3140 1579 etiam
3166 1525 3395 1594 seipsum
3418 1536 3609 1596 peten-

2031 1615 2157 1668 dum
2176 1616 2444 1669 curaverit
2460 1616 2733 1685 discipulis
2753 1616 3021 1684 intimare,
3039 1617 3251 1671 dicens:
3279 1615 3437 1669 Amen
3459 1633 3610 1671 amen
3647 1622 3654 1629 ’

2032 1706 2149 1759 dico
2166 1704 2325 1770 vobis,
2349 1707 2433 1777 qui
2454 1706 2615 1760 credit
2641 1708 2696 1760 in
2716 1724 2815 1773 me,
2839 1725 2994 1774 opera
3015 1724 3128 1779 qua:
3147 1724 3238 1779 ego
3268 1709 3405 1777 facio
3432 1717 3481 1762 et
3501 1712 3610 1780 ipse

2035 1801 2209 1871 faciet,
2245 1809 2296 1854 et
2331 1800 2535 1870 majora
2562 1802 2743 1857 horum
2785 1805 2967 1874 faciet;
3003 1806 3122 1876 quia
3161 1822 3256 1876 ego
3292 1806 3362 1859 ad
3399 1805 3609 1860 Patrem

2033 1889 2183 1952 vado,
2216 1897 2265 1943 et
2287 1890 2621 1962 quodcunque
2648 1893 2895 1963 petieritis
2922 1894 2977 1946 in
3013 1895 3218 1947 nomine
3246 1910 3376 1959 meo,
3403 1895 3495 1949 hoc
3524 1892 3611 1965 fa-

2037 1980 2190 2044 ciam,
2231 1988 2285 2032 ut
2314 1980 2630 2050 glorificatur
2657 1981 2817 2035 Pater
2842 1984 2896 2036 in
2928 1980 3084 2037 Filio.
3126 1982 3186 2038 Si
3215 1984 3338 2054 quid
3364 1985 3611 2053 petieritis

2036 2087 2118 2123 me
2141 2072 2194 2124 in
2220 2073 2426 2125 nomine
2454 2088 2584 2137 meo,
2611 2073 2706 2127 hoc
2730 2075 2918 2145 faciam
2938 2073 3114 2145 (Joan.
3138 2090 3244 2139 Xtv,
3272 2074 3357 2141 12,
3389 2076 3472 2137 15,
3502 2077 3609 2146 li).

2037 2160 2174 2217 Ecce
2196 2161 2288 2215 Dei
2308 2161 2471 2216 Filius
2495 2163 2784 2232 petendum
2806 2163 3040 2217 insinuat
3059 2170 3113 2218 et
3132 2163 3384 2233 seipsum.
3406 2164 3461 2219 Si
3485 2166 3612 2235 quid

2036 2260 2214 2305 autem
2242 2250 2403 2306 Pater
2428 2252 2481 2306 in
2510 2253 2725 2306 nomine
2754 2252 2874 2306 Filii
2896 2250 3057 2307 fuerit
3079 2254 3293 2322 petitus,
3306 2255 3423 2309 sine
3449 2255 3613 2310 dubio

2035 2343 2261 2398 daturus
2288 2354 2387 2408 est,
2411 2343 2534 2413 quia
2557 2344 2657 2398 hoc
2682 2343 2929 2412 promisit
2954 2342 3118 2398 Filius
3143 2344 3233 2413 qui
3259 2351 3343 2398 est
3365 2344 3534 2400 ﬁdelis
3559 2346 3612 2399 in

2034 2431 2215 2485 verbis
2242 2431 2352 2486 suis
2389 2451 2401 2485 :
2437 2431 2485 2484 si
2522 2430 2645 2499 quid
2676 2432 2835 2485 etiam
2867 2429 3032 2485 Filius
3063 2431 3115 2486 in
3145 2446 3244 2486 suo
3271 2440 3485 2501 petatur
3512 2448 3611 2488 no-

2037 2519 2208 2582 mine,
2250 2521 2352 2575 hoc
2392 2535 2450 2575 se
2491 2521 2759 2589 promittit
2795 2521 2910 2575 sine
2950 2520 3283 2575 dubitatione
3325 2520 3609 2576 facturum.

2036 2606 2287 2672 Proinde,
2318 2618 2414 2663 aut
2439 2609 2527 2664 dic
2557 2599 2731 2665 Patris
2772 2619 2827 2664 et
2864 2610 2984 2664 Filii
3014 2626 3176 2664 unum
3206 2626 3257 2678 ο,
3278 2626 3339 2665 us
3378 2626 3513 2676 esse,
3557 2620 3612 2667 et

2036 2712 2299 2768 personas
2328 2699 2381 2753 in
2411 2700 2655 2755 oratione
2683 2699 2931 2770 conjungi
2956 2716 2971 2766 ;
3002 2708 3094 2754 aut
3119 2701 3164 2755 si
3191 2715 3408 2771 separas
3436 2700 3612 2773 persp.

2037 2804 2155 2857 nas,
2185 2798 2244 2844 ut
2267 2791 2411 2859 quod
2444 2791 2645 2859 petitur
2670 2789 2848 2857 Pater,
2887 2791 3078 2845 Filium
3107 2792 3220 2861 peti
3250 2807 3357 2846 non
3387 2792 3574 2847 credas
3592 2834 3609 2859 ,

2011 2894 2259 2942 necesse
2281 2889 2368 2935 est
2396 2888 2454 2934 ut
2471 2882 2515 2935 si
2545 2882 2630 2936 cui
2655 2881 3026 2936 vindicandum
3048 2889 3202 2952 putas
3228 2884 3482 2941 orationis
3513 2882 3612 2940 ob;

2036 2970 2301 3037 sequium,
2327 2971 2428 3024 soli
2451 2972 2687 3026 ascribas
2707 2972 2869 3026 etiam
2893 2973 3221 3043 operationis
3243 2973 3511 3030 ell'ectum.
3537 2975 3613 3032 Ac

2036 3074 2134 3129 per
2160 3046 2283 3124 hoc,
2313 3060 2603 3116 secundum
2633 3063 2953 3116 sententiam
2981 3071 3147 3129 tuam,
3177 3064 3230 3118 in
3259 3064 3388 3134 ipsis
3414 3066 3615 3122 sanctis

2037 3151 2296 3220 apostolis
2337 3158 2391 3206 et
2435 3153 2781 3224 martyribus
2797 3167 2988 3220 magna
3032 3155 3085 3208 in
3125 3155 3235 3210 suis
3281 3155 3615 3212 orationibus

2036 3238 2317 3295 diversitas
2351 3240 2620 3295 invenitur
2650 3258 2663 3294 :
2694 3241 2822 3295 dum
2861 3242 2996 3297 alius
3035 3242 3245 3298 Patrem
3282 3253 3435 3312 orat,
3476 3245 3614 3301 alius

2038 3330 2227 3386 Filium
2259 3332 2493 3388 invocat.
2534 3332 2664 3387 Nam
2702 3333 2927 3401 legimus
2955 3350 2984 3388 a
3014 3336 3173 3389 beato
3202 3333 3368 3390 Paulo
3398 3334 3613 3392 Patrem

2039 3438 2137 3491 pro
2166 3421 2408 3477 ﬁdelibus
2441 3424 2764 3488 invocatum,
2793 3424 2931 3478 sicut
2968 3423 3080 3492 ipse
3107 3423 3235 3478 dicit
3262 3442 3291 3476 ‘:
3339 3423 3511 3495 Hujus
3539 3427 3614 3479 rei

2037 3514 2229 3582 gratia,
2246 3513 2394 3581 ﬂecto
2413 3498 2579 3583 632‘
2591 3528 2757 3582 genua
2774 3529 2887 3566 mea
2902 3513 2971 3565 ad
2991 3513 3200 3566 Patrem
3223 3511 3430 3568 Domini
3451 3517 3615 3568 nostri

2035 3602 2159 3657 Jesu
2179 3602 2389 3667 Christi,
2407 3619 2471 3658 ea:
2492 3621 2589 3675 quo
2612 3606 2776 3658 omnis
2797 3605 3081 3675 paternitas
3100 3605 3156 3658 in
3176 3604 3315 3659 caelis
3335 3613 3382 3658 et
3400 3607 3455 3658 in
3476 3614 3616 3659 terra

2038 3695 2364 3759 nominatur,
2393 3704 2447 3748 ut
2474 3696 2560 3748 det
2585 3693 2724 3749 vobis
2752 3695 3031 3749 secundum
3056 3696 3260 3749 divitias
3287 3696 3470 3767 gloriw
3508 3712 3615 3749 sure

2037 3787 2218 3838 uirtute
2246 3783 2569 3839 corroborari
2591 3801 2682 3855 per
2710 3784 2962 3855 Spiritum
2993 3786 3104 3856 ejus
3127 3787 3181 3839 in
3203 3786 3500 3839 interiorem
3523 3787 3615 3841 ho-

2036 3875 2243 3939 minem,
2266 3874 2501 3928 habitare
2530 3873 2787 3928 Christum
2808 3890 2899 3946 per
2919 3874 3077 3944 ﬁdem
3097 3875 3150 3929 in
3172 3875 3409 3929 cordibus
3437 3878 3616 3930 vestris

2039 3961 2255 4033 (Ephes.
2287 3979 2372 4031 Ill,
2411 3963 2521 4034 14).
2557 3964 2709 4031 Quod
2740 3965 2922 4033 utique
2950 3963 3110 4019 Pater
3136 3967 3251 4021 sine
3275 3967 3438 4022 dubio
3468 3967 3610 4023 fecit.

2038 4051 2233 4108 Beatus
2264 4062 2445 4108 autem
2473 4053 2775 4124 Stephanus
2808 4053 3091 4110 Dominum
3118 4055 3328 4121 Jesum,
3369 4066 3428 4112 ut
3459 4058 3617 4128 spiri-

2040 4152 2150 4198 tmn
2180 4143 2296 4213 ejus
2323 4146 2648 4215 susciperet,
2685 4145 2953 4202 invocavi;
2984 4148 3128 4218 (Act.
3156 4163 3259 4213 vn,
3303 4147 3425 4223 59).
3462 4150 3616 4217 Quod

2043 4232 2224 4301 utique
2274 4234 2400 4287 item
2441 4233 2699 4289 Dominus
2740 4233 2985 4290 Christus
3031 4236 3308 4292 invocatus
3354 4239 3614 4309 implevit.

2038 4324 2175 4391 Quid
2201 4340 2331 4394 ergo
2352 4342 2496 4382 nunc
2517 4327 2684 4384 dicis?
2706 4327 2923 4384 Fecitne
2948 4328 3111 4386 Filius
3133 4347 3251 4386 cum
3274 4330 3453 4396 Patre,
3471 4334 3616 4404 quod

2040 4416 2234 4472 Paulus
2264 4417 2473 4473 Patrem
2498 4420 2743 4488 petiit,et
2760 4417 2920 4476 Pater
2938 4436 3059 4475 cum
3078 4421 3232 4487 Filio,
3255 4424 3397 4491 quod
3421 4424 3613 4481 Filium

2038 4506 2341 4576 Stephanus
2370 4508 2668 4563 invocavit?
2697 4508 2777 4562 An
2806 4508 2949 4578 quod
2978 4509 3151 4565 solum
3176 4507 3388 4565 Patrem
3420 4510 3615 4567 Paulus

2041 4596 2215 4665 petiit,
2246 4597 2393 4651 solus
2422 4596 2581 4651 Pater
2602 4596 2743 4661 fecit,
2777 4605 2833 4652 et
2869 4596 3011 4668 quod
3047 4597 3222 4653 solum
3264 4599 3452 4654 Filium
3496 4601 3618 4657 Ste-

2043 4685 2253 4756 phanus
2288 4686 2573 4751 invocavit,
2609 4686 2757 4742 solus
2790 4686 3035 4743 Christus
3072 4688 3346 4757 implevit?
3381 4689 3438 4745 Si
3472 4692 3615 4746 enim

2042 4776 2240 4832 dixeris
2269 4777 2395 4831 illud
2416 4776 2577 4846 quod,
2601 4777 2893 4833 secundum
2919 4780 3237 4833 sententiam
3263 4788 3425 4845 tuam,
3441 4782 3615 4837 solum

2044 4866 2258 4923 Patrem
2280 4869 2476 4923 Paulus
2505 4869 2676 4938 petiit,
2707 4884 2737 4923 a
2764 4869 2883 4925 solo
2908 4868 3067 4925 Patre
3088 4869 3253 4925 fuisse
3281 4872 3475 4927 factum
3498 4912 3515 4936 ,
3534 4874 3620 4927 oni-

2043 4960 2333 5015 hilominus
2370 4959 2622 5016 fateberis
2657 4961 2820 5016 etiam
2856 4960 2985 5015 illud
3019 4962 3163 5030 quod
3209 4962 3383 5017 solum
3425 4961 3614 5018 Filium

2044 5050 2348 5122 Stephanus
2373 5052 2649 5121 poposcit,
2672 5054 2715 5106 'a
2752 5052 2870 5107 solo
2906 5051 3043 5108 Filio
3080 5052 3282 5122 absque
3310 5055 3413 5109 ulla
3445 5053 3620 5111 Patris

2047 5142 2428 5212 coOperatione
2455 5140 2768 5212 perfectum.
2809 5142 2887 5197 Ac
2919 5157 3018 5211 per
3041 5142 3145 5198 hoc
3171 5152 3417 5212 separata
3451 5159 3616 5214 opera

2048 5231 2222 5289 Patris
2258 5242 2314 5288 et
2347 5232 2465 5287 Filii
2505 5233 2640 5287 dicis
2671 5250 2683 5285 :
2726 5232 2814 5287 ubi
2844 5232 2942 5302 ipsi
2978 5232 3074 5287 Dei
3102 5231 3238 5289 Filio
3264 5235 3617 5300 contradieis,

2046 5323 2245 5379 dicenti
2286 5341 2298 5376 :
2339 5320 2663 5394 Qumcunque
2683 5324 2820 5377 enim
2847 5322 3003 5377 Pater
3037 5326 3185 5395 facit,
3226 5324 3336 5379 haec
3374 5334 3423 5379 et
3451 5324 3623 5381 Filius

1996 5394 2003 5402 ’
2049 5414 2175 5483 facit
2201 5413 2439 5467 similiter
2475 5412 2654 5485 (Joan.
2696 5428 2748 5479 ν,
2791 5413 2901 5482 t9).
2941 5412 2997 5469 Si
3030 5394 3156 5469 vero
3186 5415 3408 5480 dixeris,
3434 5416 3488 5472 in
3518 5417 3621 5472 im-

2049 5503 2257 5574 plendis
2275 5503 2722 5573 postulationibus
2751 5503 3008 5573 Stephani
3040 5505 3288 5575 martyris
3310 5514 3365 5560 et
3392 5507 3622 5576 apostoli

2053 5591 2202 5647 Pauli
2233 5608 2393 5646 unum
2423 5608 2558 5662 opus
2582 5607 2699 5648 esse
2726 5592 2898 5650 Patris
2919 5602 2974 5648 et
3002 5592 3141 5659 Filii,
3174 5608 3405 5663 agnosce
3428 5597 3624 5654 utrius-

2052 5699 2157 5753 que
2198 5699 2362 5738 unum
2401 5700 2535 5753 opus
2579 5684 2881 5738 nullatenus
2925 5699 3042 5738 esse
3083 5688 3353 5754 potuisse,
3395 5688 3493 5742 nisi
3531 5705 3625 5760 per

2057 5780 2314 5830 unitatem
2344 5788 2573 5836 natm-ui;
2609 5785 2666 5829 ut
2692 5784 2745 5829 et
2779 5775 2936 5830 Pater
2954 5793 3013 5831 se
3050 5793 3080 5832 a
3124 5776 3396 5847 Stephano
3420 5781 3607 5835 invoca

2060 5876 2167 5922 tum
2207 5868 2257 5920 in
2301 5867 2432 5921 Filio
2473 5875 2747 5932 eorm-ret,
2787 5875 2840 5920 et
2878 5882 2906 5922 a
2942 5866 3108 5923 Paulo
3149 5879 3427 5925 exoratum
3465 5886 3524 5926 se
3571 5871 3623 5924 iu
