4090 6342
441 382 550 437 803

1466 373 1525 430 s.
1567 371 1929 460 remearn
1969 353 2678 426 sensoom‘nusrcnsrs

3589 361 3707 418 .805

439 493 603 546 Patre
631 489 798 544 Filius
825 488 1147 555 agnovisset.
1181 484 1286 539 Sed
1315 491 1374 538 ut
1403 495 1666 549 agnoscas
1696 493 1798 543 hoc
1825 484 2027 536 habere
2056 485 2104 544 Α
2133 485 2200 536 tis
2228 482 2448 534 omnino
2488 496 2597 537 non
2623 480 2866 543 dicimus,
2919 471 3012 534 sed
3056 480 3220 534 etiam
3267 478 3346 533 sic
3391 478 3714 534 conﬁtemur

441 582 792 653 apostolicam
828 579 1148 640 doctrinam,
1179 584 1236 629 ut
1261 591 1290 628 a
1322 574 1476 628 nobis
1502 582 1558 627 et
1597 575 1754 627 l'ater
1778 581 1836 626 et
1861 572 2030 626 Filius

441 675 724 728 invocetur
745 712 759 734 ,
792 671 909 723 vide
933 667 1204 736 quomodo
1227 665 1583 720 invocandum
1609 663 1877 718 Christum
1901 664 2030 718 bea-

441 772 532 818 tus
554 759 891 818 commendet
918 756 1229 826 Apostolus,
1261 756 1352 824 qui
1380 754 1674 808 Corinthiis
1695 753 1983 807 ita'scribit
2007 771 2020 805 :

442 856 640 910 Paulus
671 862 879 908 vocatus
910 851 1184 921 Apostolus
1220 849 1346 903 Jesu
1380 848 1571 902 Christi
1599 865 1690 916 per
1716 848 2025 901 voluntatem

441 946 560 1009 Dei,
590 955 639 998 et
667 943 948 997 Sosthenes
979 943 1158 1011 frater,
1193 939 1440 992 Ecclesia:
1470 937 1584 992 Dei.
1597 954 1710 1008 qua:
1737 948 1815 990 est
1842 937 2027 991 Corin—

445 1037 537 1098 thi,
572 1033 906 1102 sanctiﬁcatis
948 1033 1003 1084 in
1042 1032 1244 1085 Christo
1271 1029 1416 1093 Iesu,
1448 1030 1638 1082 vocatis
1667 1029 1879 1090 sanctis,
1913 1044 2026 1080 cum

439 1124 675 1177 omniius
702 1123 788 1191 qui
818 1123 1057 1176 invocant
1083 1137 1266 1174 nomen
1295 1105 1502 1172 Domini
1531 1121 1694 1171 nostri
1722 1117 1845 1170 Jesu
1875 1117 2026 1171 Chri—

439 1216 530 1279 sti,
567 1215 638 1267 in‘
659 1215 798 1267 omni
837 1213 948 1267 loco
989 1214 1238 1281 ipsorum,
1269 1221 1318 1264 et
1355 1219 1550 1264 nostro.
1594 1207 1775 1262 Gratia
1805 1209 1941 1263 vobis
1979 1217 2027 1261 et

441 1322 547 1376 pas:
569 1322 600 1357 a
623 1304 732 1377 Deo
756 1303 911 1356 Patre
939 1313 1112 1356 nostro
1135 1311 1183 1354 et
1213 1302 1430 1354 Domino
1452 1299 1574 1352 Jesu
1597 1298 1800 1352 Christo
1829 1297 1888 1365 (ι
1906 1297 2024 1351 Cor.

443 1411 482 1458 ι,
519 1393 566 1458 l,
598 1393 649 1455 2,
674 1393 751 1460 5).
796 1392 983 1446 Cernis
1018 1407 1230 1459 nempe,
1273 1391 1374 1444 illis
1408 1391 1499 1457 qui
1538 1391 1788 1443 invocant
1832 1403 2025 1441 nomen

443 1486 668 1540 Domini
687 1484 855 1538 nostri
876 1482 1000 1536 Iesu
1029 1481 1485 1548 Christi,gratiam
1511 1489 1565 1532 et
1585 1494 1770 1548 pacem
1796 1478 1861 1531 ab
1886 1479 2029 1546 Apo-

443 1574 584 1628 stolo
613 1574 866 1628 divinitus
903 1571 1183 1640 postulari.
1223 1569 1359 1635 Quid
1389 1583 1516 1637 ergo
1545 1576 1807 1638 superest,
1842 1567 1941 1620 nisi
1972 1575 2030 1620 ut

443 1665 618 1724 omnis
644 1663 734 1731 qui
765 1661 974 1716 Domini
1009 1659 1138 1714 Iesu
1167 1659 1364 1712 Christi
1402 1675 1525 1714 non.
1552 1659 1766 1712 invocat
1801 1671 2024 1720 nomen,

445 1769 546 1809 nec
581 1753 810 1820 gratiam
850 1752 918 1805 ab
960 1766 1026 1809 co
1064 1751 1233 1819 possit
1269 1749 1488 1812 habere,
1534 1763 1632 1802 nec
1665 1763 1852 1815 pacem
1870 1745 2027 1811 ?“Qui

2125 571 2310 627 Iesum
2347 571 2616 626 Christum
2663 571 2832 628 solius
2875 571 2970 626 Dei
3007 570 3186 626 Patris
3214 570 3448 636 Filium,
3495 577 3558 625 ut
3581 584 3712 626 earn

2127 664 2434 717 nullatenus
2460 677 2795 731 mnus.
2841 661 3048 730 Magna
3071 663 3280 731 quippe
3621 668 3719 716 est.

2127 755 2290 810 alium
2320 761 2512 824 putare
2538 753 2834 817 Christum,
2853 753 3018 807 alium
3043 751 3231 809 Iesum
3253 751 3548 818 σπινίδια,
3587 765 3720 807 αι-

2129 859 2267 898 unus
2295 845 2365 898 sit
2389 844 2572 912 utique
2599 843 2692 897 Dei
2723 851 2777 897 et
2803 843 3038 897 hominis
3076 841 3217 898 ﬁlius
3242 841 3400 898 Iesus
3416 841 3668 896 Christus
3695 857 3714 894 :

2128 934 2296 989 Filius
2342 935 2548 989 scilicet
2585 935 2751 989 solius
2780 934 2875 988 Dei
2914 935 3116 999 Patris,
3167 951 3275 991 non
3306 937 3472 990 totius
3521 936 3715 1005 utique

2129 1025 2428 1097 Trinitatis.
2471 1025 2600 1079 Nam
2630 1025 2770 1079 idem
2795 1023 2955 1080 Iesus
2982 1023 3228 1082 Christus
3256 1025 3551 1082 secundum
3588 1041 3714 1082 car-

2128 1131 2252 1170 nem
2283 1132 2418 1186 opus
2447 1116 2610 1170 totius
2641 1115 2922 1170 Trinitatis
2963 1117 3292 1184 agnoscitur,
3324 1131 3423 1171 nec
3453 1115 3574 1170 ideo
3624 1124 3715 1170 ta-

2080 1233 2085 1238 ι
2129 1223 2252 1262 men
2271 1209 2436 1262 totius
2448 1207 2726 1261 Trinitatis
2742 1207 2879 1260 iilius
2895 1206 3181 1262 invenitur.
3199 1207 3498 1260 Humanam
3513 1207 3719 1276 quippe

2130 1305 2374 1352 naturam
2402 1297 2522 1351 Filii
2552 1297 2674 1362 Dei,
2709 1296 2759 1350 id
2789 1305 2873 1350 est
2898 1295 3127 1350 formam
3157 1297 3322 1362 servi,
3365 1295 3525 1350 simul
3554 1284 3720 1350 Pater

2127 1397 2184 1443 et
2211 1388 2375 1443 Filius
2404 1397 2458 1442 et
2483 1388 2714 1456 Spiritus
2741 1395 2986 1450 sanctus,
3034 1387 3085 1440 id
3115 1395 3198 1441 est
3225 1387 3340 1455 ipsa
3370 1395 3557 1440 sancta
3589 1385 3720 1439 Tri-

2129 1481 2270 1536 nitas
2299 1480 2441 1545 l‘ecit,
2469 1479 2563 1534 sed
2591 1493 2711 1534 eam
2740 1478 2887 1533 solus
2913 1476 3068 1532 Iesus
3096 1477 3338 1532 Christus
3367 1477 3598 1546 accepit,
3631 1477 3720 1531 di-

2129 1581 2287 1626 cente
2302 1571 2464 1625 beato
2482 1569 2742 1638 Apostolo
2787 1587 2799 1621 :
2845 1568 2962 1622 Hoc
2982 1569 3117 1622 enim
3139 1570 3322 1621 sentite
3343 1568 3397 1620 in
3420 1567 3722 1637 vobisqqu

2128 1672 2178 1716 et
2209 1665 2262 1715 in
2291 1662 2498 1717 Christo
2525 1660 2653 1714 Iesu
2685 1678 2702 1714 :
2732 1662 2817 1732 qui
2861 1677 2976 1713 cum
3013 1662 3066 1713 in
3096 1661 3264 1730 {arma
3294 1657 3390 1712 Dei
3418 1668 3570 1719 esset,
3610 1674 3722 1712 non

2129 1755 2368 1823 rapinam
2391 1752 2670 1804 arbitratus
2693 1760 2769 1804 est
2795 1767 2904 1804 esse
2923 1766 2977 1803 se
2998 1749 3249 1821 (aqualem
3270 1747 3401 1812 Deo,
3417 1747 3510 1801 sed
3529 1755 3724 1801 semet-

443 1851 622 1898 autcm
652 1857 760 1896 non
790 1841 1058 1908 acceperit
1089 1857 1118 1893 a
1147 1839 1258 1893 Deo
1282 1839 1527 1906 graliam.
1563 1853 1772 1906 βωιιὶιιιι
1804 1836 2028 1905 recipiet
2062 1852 2100 1908 Β
2129 1845 2296 1913 ipsum
2326 1843 2633 1907 exinanivit,
2665 1843 2886 1911 formam
2926 1841 3058 1894 servi
3086 1840 3342 1909 accipiens
3389 1836 3623 1907 (Philip.
3655 1853 3722 1904 ll,

443 1935 560 1988 sine
591 1932 752 1986 dubio
782 1931 1197 2000 sempiternam;
1231 1937 1284 1983 et
1312 1929 1400 1998 qui
1436 1943 1465 1980 a
1503 1926 1615 1981 Deo
1658 1924 1817 1980 Patre
1843 1933 1898 1979 et
1924 1923 2030 1978 Do-

445 2024 590 2094 mino
610 2021 733 2076 Iesu
755 2021 968 2075 Christo
994 2037 1100 2074 non
1124 2020 1332 2088 accepit
1352 2034 1557 2087 pacem,
1585 2018 1886 2070 nullatenus
1911 2031 2031 2085 per-

447 2114 631 2167 veniet
657 2113 722 2164 ad
745 2112 992 2165 salutem.
1019 2111 1192 2183 Ipsius
1214 2111 1354 2163 enim
1383 2110 1612 2162 nominis
1639 2108 2030 2162 invocationem

445 2201 762 2272 prophetico
783 2199 972 2252 beatus
990 2197 1185 2251 Paulus
1207 2197 1547 2251 commendat
1566 2196 1799 2263 eloquio,
1815 2195 2028 2249 dicens:

443 2291 629 2344 Omnis
650 2291 735 2359 qui
759 2283 1063 2342 invocaverit
1085 2304 1270 2343 nomen
1299 2288 1525 2348 Domini,
1546 2287 1716 2339 salvus
1736 2287 1830 2338 erit
1850 2285 2030 2356 (Rom.

449 2399 505 2448 π,
551 2380 648 2444 15;
688 2378 824 2443 Joel,
873 2395 928 2442 ιι,
960 2378 1072 2444 5‘2).
1122 2378 1340 2432 Certum
1390 2386 1471 2430 est
1520 2377 1698 2444 itaque
1741 2376 2034 2457 secundum

447 2485 589 2524 vera:
609 2459 731 2522 lidei
769 2468 1097 2534 regulam,in
1125 2483 1228 2535 qua
1259 2475 1457 2520 sancta:
1473 2467 1749 2520 Trinitatis
1779 2483 1879 2520 una
1909 2467 2036 2520 sub-

447 2557 644 2612 stantia
671 2556 935 2624 creditur,
977 2557 1174 2615 nullam
1207 2557 1599 2624 separationein
1634 2555 1806 2610 Patris
1835 2565 1890 2609 et
1917 2556 2035 2609 Filii

449 2647 586 2710 ﬁeri,
612 2647 726 2701 sive
749 2644 928 2710 Pater,
954 2646 1069 2698 sive
1098 2643 1266 2698 F.1ius
1292 2661 1322 2698 a
1350 2645 1593 2700 ﬁdelibus
1623 2645 1922 2699 invocetur.
1956 2644 2035 2698 Ab

447 2741 758 2824 illigantem
790 2753 892 2821 nec
919 2737 1133 2792 Patrem
1162 2737 1420 2801 invocari,
1455 2752 1554 2795 nec
1584 2737 1794 2812 Filium,
1827 2737 1919 2803 qui
1951 2736 2035 2790 in-

445 2831 731 2895 vocatione
753 2843 870 2898 quae
893 2827 1116 2882 otiertur
1139 2826 1304 2894 Patri,
1329 2843 1434 2882 non
1465 2827 1690 2882 credunt
1712 2843 1833 2882 cum
1855 2827 2034 2892 Patre,

407 2969 412 2972 .
446 2919 642 2997 Filium
671 2918 987 2973 naturaliter
1014 2919 1272 2972 invocari.
1292 2916 1406 2971 Hoc
1431 2917 1574 2972 enim
1599 2917 1757 2971 habet
1782 2917 2038 2989 naturalis

445 2997 626 3086 unitas
646 3008 947 3072 Trinitatis,
973 3016 1032 3061 ut
1058 3007 1487 3075 inseparabiliter
1517 3015 1710 3061 cuncta
1742 3005 1844 3061 illis
1871 3007 2037 3061 tribus

449 3102 694 3175 personis
727 3101 1082 3154 exhibeautur
1116 3107 1323 3168 sancta
1352 3098 1626 3165 religionis
1664 3097 1945 3164 obsequia,
1984 3098 2035 3149 in

2132 1935 2184 1999 5,
2217 1935 2270 2000 6,
2304 1933 2378 2004 7).
2429 1934 2546 2002 Ipse
2589 1933 2749 2000 igitur
2773 1931 2928 1986 Iesus
2967 1930 3240 1991 Christus,
3294 1945 3400 1984 non
3445 1929 3622 1984 solum
3661 1929 3723 1984 in

2131 2027 2301 2081 forma
2332 2027 2494 2088 servi,
2527 2041 2712 2080 verum
2739 2026 2900 2079 etiam
2923 2027 2975 2079 in
3005 2027 3176 2079 forma
3201 2024 3316 2088 Dei,
3349 2040 3486 2078 unus
3513 2032 3597 2078 est
3624 2039 3722 2079 so-

2135 2117 2238 2171 lius
2267 2117 2361 2170 Dei
2395 2115 2569 2170 Patris
2602 2115 2798 2182 Filius,
2831 2117 2953 2185 quia
2983 2115 3208 2170 formam
3237 2114 3377 2169 servi
3424 2114 3720 2185 accipiens,

2133 2220 2241 2260 non
2265 2219 2552 2274 personam
2577 2206 2783 2273 accepit
2811 2205 3061 2267 hominis,
3080 2205 3174 2260 sed
3199 2214 3467 2259 naturam.
3483 2203 3541 2258 In
3564 2213 3724 2259 utero

2133 2297 2333 2365 quippe
2371 2295 2606 2365 Virginis
2643 2304 2706 2350 ut
2733 2295 2968 2350 Verbum
3020 2294 3172 2350 ﬁeret
3197 2311 3355 2360 caro,
3405 2295 3566 2349 simul
3615 2310 3725 2349 una

2135 2386 2272 2441 facta
2299 2394 2382 2440 est
2409 2385 2569 2440 Verbi
2600 2385 2886 2454 carnisque
2915 2385 3200 2454 conceptio
3225 2402 3238 2449 ;
3266 2394 3321 2438 et
3349 2385 3402 2438 in
3425 2400 3531 2437 una
3556 2377 3724 2438 Verbi

2138 2489 2370 2544 persona
2418 2473 2577 2528 simul
2606 2482 2864 2542 concepta
2895 2479 2979 2527 est
3019 2472 3196 2527 divina
3239 2473 3580 2542 humanaque
3625 2488 3726 2526 na-

2139 2577 2255 2622 tura
2284 2586 2296 2619 :
2330 2583 2437 2621 non
2461 2575 2519 2620 ut
2541 2575 2767 2634 utraque
2798 2574 2987 2619 natura
3015 2580 3119 2618 una
3152 2563 3336 2630 ﬁeret,
3363 2563 3459 2619 sed
3488 2578 3555 2618 ex
3576 2572 3728 2618 utra-

2136 2673 2242 2727 que
2265 2665 2478 2724 natura,
2519 2657 2674 2710 unius
2700 2655 2826 2710 Iesu
2853 2654 3052 2709 Christi
3083 2655 3172 2708 illa
3213 2669 3332 2724 qua:
3359 2669 3576 2723 semper
3604 2663 3726 2709 erat

2139 2761 2368 2816 persona
2399 2752 2692 2799 constaret.
2745 2744 2909 2812 l.ujus
2936 2745 3016 2798 rei
3041 2744 3259 2810 veritas,
3286 2745 3426 2799 sicut
3454 2761 3563 2800 non
3593 2761 3726 2815 per-

2141 2837 2306 2890 mittit
2331 2843 2579 2904 quartam
2606 2849 2892 2904 personam
2915 2835 3234 2904 plenitudini
3263 2835 3454 2889 divinae
3485 2835 3725 2890 Trinita-

2142 2928 2206 2982 tis
2235 2927 2400 2997 634
2427 2926 2663 2994 adiungi,
2715 2927 2794 2980 sic
2822 2926 3042 2980 omnino
3073 2925 3325 2996 prohibet
3349 2925 3533 2980 Iesum
3563 2925 3729 2980 Chri-

2139 3026 2280 3072 stum
2307 3018 2582 3073 Trinitatis
2604 3018 2795 3072 Filium
2819 3019 3133 3087 nuncupari.
3166 3017 3319 3085 Quod
3348 3019 3528 3088 utique
3555 3021 3725 3074 etiam

2141 3113 2311 3166 sancti
2335 3111 2572 3181 Symboli
2598 3120 2752 3166 tenor
2772 3112 3026 3178 ostendit,
3050 3113 3137 3166 ubi
3160 3129 3280 3167 cum
3311 3113 3498 3168 dicitur
3520 3112 3725 3168 :Credo

447 3191 647 3263 quibus
689 3205 792 3244 una
834 3196 919 3243 est
957 3187 1326 3256 inseparabilis
1355 3187 1911 3254 incommutabilisqzte
1941 3201 2034 3239 na-

2145 3203 2197 3256 in
2241 3203 2418 3257 .Iesum
2461 3203 2740 3267 Christum,
2793 3204 2987 3258 Filium
3036 3207 3146 3276 ejus
3190 3208 3397 3260 unicum
3445 3205 3727 3260 Dominum

449 3290 590 3337 tura.
624 3279 679 3333 In
716 3278 1051 3334 orationibus
1086 3277 1284 3346 quippe
1319 3291 1452 3344 quas
1482 3292 1586 3338 una
1629 3291 1754 3330 vera
1798 3275 2036 3330 Ecclesia

453 3371 626 3446 ξωιᾲἰι
647 3370 715 3424 ad
744 3369 933 3440 Deum,
963 3377 1018 3421 et
1047 3375 1250 3421 natura:
1275 3375 1522 3426 servatur
1552 3367 1748 3432 unitas,
1776 3375 1830 3420 et
1851 3379 2037 3435 perso-

453 3451 652 3533 mt'utli
681 3461 935 3526 discretio
969 3459 1268 3513 custoditur
1295 3477 1307 3510 :
1341 3467 1398 3511 ut
1431 3473 1551 3513 cum
1581 3458 1645 3510 ad
1670 3456 1884 3512 Patrem
1915 3457 2040 3511 diri.

452 3533 844 3624 giturtoratio,
885 3550 977 3619 qui
1017 3557 1100 3604 est
1141 3549 1292 3615 origo
1331 3548 1450 3602 Filii
1489 3558 1544 3602 et
1582 3547 1811 3617 Spiritus
1848 3551 2035 3610 sancti,

452 3659 614 3698 unam
651 3658 773 3706 esse
801 3651 1045 3709 naturam
1074 3641 1352 3694 Trinitatis
1385 3650 1672 3709 appareat;
1714 3655 2040 3694 commemo-

453 3736 665 3789 ratione
693 3734 854 3804 633
887 3750 1013 3798 vero
1036 3733 1156 3787 Filii
1177 3741 1231 3786 et
1251 3733 1482 3801 Spiritus
1508 3733 1697 3796 sancti,
1723 3731 2038 3785 Trinitatem

452 3839 634 3880 veram
664 3824 776 3893 ipse
808 3823 926 3878 linis
947 3824 1208 3878 orationis
1231 3823 1499 3878 ostendat.
1528 3824 1617 3877 Sic
1639 3823 1856 3877 Sabellii
1879 3832 2041 3893 atque

453 3917 516 3968 Λι
531 3915 565 3968 ii
596 3915 816 3984 pertiJia
847 3915 1076 3967 vincitur
1096 3955 1109 3977 ,
1141 3912 1266 3967 dum
1297 3913 1511 3982 iiiipsis
1541 3929 1754 3981 quoque
1794 3914 2044 3968 orationi-

453 4005 555 4080 bus
579 4013 630 4075 et
653 4005 925 4077 precibus,
964 4013 1068 4055 tam
1101 4004 1258 4056 unius
1296 4013 1498 4056 natura:
1536 4018 1696 4071 quam
1730 4005 1884 4058 trium
1917 4019 2040 4073 pcr-

442 4085 711 4170 's0ii.a'ruin
729 4097 925 4165 veritas
947 4110 977 4146 a
1005 4094 1285 4154 catholicis
1312 4095 1681 4148 sacerdotibus
1705 4095 2035 4164 praedicatur.

878 4225 1348 4279 FRAGMENTUM
1393 4225 1602 4301 XXXII.

451 4315 607 4372 Iesus
630 4314 861 4369 Christus
883 4333 984 4369 non
1015 4325 1088 4368 est
1117 4318 1256 4384 ﬁlius
1288 4316 1575 4388 Trinitatis,
1601 4319 1832 4388 quamvis
1855 4335 2040 4371 sectiu-

423 4395 434 4402 ‘
526 4388 647 4440 dum
663 4402 872 4439 carnem
894 4388 960 4440 sit
987 4403 1112 4456 opus
1133 4387 1288 4441 torius
1309 4386 1579 4444 Trinitatis
1603 4386 1620 4440 ἐ
1652 4389 1742 4441 sed
1762 4391 2040 4441 secundum

526 4457 768 4510 deitatem
796 4458 936 4526 [ilius
965 4467 1041 4509 est
1069 4459 1230 4510 solius
1261 4457 1458 4520 Patris,
1491 4459 1768 4512 secundum
1799 4459 2038 4511 humani-

530 4537 683 4580 tatem
714 4527 853 4596 ﬁlius
883 4529 1043 4581 solius
1073 4527 1261 4581 Maria:
1301 4527 1562 4599 Virginis.

529 4639 658 4705 Quis
695 4640 839 4693 enim
873 4654 1106 4707 unquam
1145 4648 1308 4694 tanta:
1333 4641 1556 4709 reperiri
1589 4642 1758 4710 possit
1802 4641 2036 4705 insaniae,

455 4731 549 4799 qui
581 4729 805 4784 auderet
824 4729 1004 4785 Iesum
1031 4729 1301 4785 Christum
1331 4733 1497 4785 totius
1537 4731 1814 4786 Trinitatis
1844 4731 2038 4786 Filium

459 4822 786 4892 prurdicare?
815 4821 1056 4876 Ecclesia
1080 4822 1280 4890 quippe
1313 4822 1405 4876 Dei
1429 4823 1554 4886 vivi,
1585 4823 1832 4876 columna
1862 4831 1916 4876 et
1955 4821 2044 4875 tir-

460 4922 789 4968 matnentum
832 4914 1072 4967 veritatis
1118 4913 1172 4982 (I
1204 4913 1336 4966 Tim.
1367 4929 1444 4977 ιη,
1483 4912 1603 4979 15),
1657 4929 1821 4966 unum
1869 4913 2043 4967 sciens

462 5004 674 5059 Patrem
703 5005 861 5058 unius
881 5003 1020 5072 Filii,
1043 5013 1096 5059 et
1125 5020 1286 5057 unum
1315 5005 1486 5058 sciens
1517 5003 1772 5074 Spiritum
1797 5013 2042 5058 sanctum

463 5096 640 5151 Patris
671 5104 725 5150 et
751 5095 904 5163 Filii,
937 5112 1210 5164 nunquam
1245 5105 1420 5165 potest
1440 5095 1623 5149 Iesum
1652 5096 1926 5149 Christum
1959 5095 2043 5149 Fi-

460 5190 588 5244 lium
610 5189 887 5244 Trinitatis
907 5187 1107 5251 dicere,
1123 5189 1248 5254 quia
1274 5202 1446 5256 neque
1469 5187 1605 5241 duos
1636 5184 1843 5250 Patres,
1873 5201 2048 5256 neque

460 5279 598 5336 duos
629 5279 824 5344 Filios,
858 5294 1034 5348 neque
1061 5277 1196 5332 duos
1222 5277 1453 5347 Spiritus
1480 5285 1698 5330 sanctos
1727 5284 1906 5347 potest
1949 5276 2047 5330 ali-

461 5377 726 5436 quatenus
751 5367 1061 5437 przedicare.
1078 5367 1233 5421 Iesus
1249 5366 1495 5421 Christus
1519 5367 1722 5434 itaque,
1746 5382 1852 5421 non
1873 5366 2046 5422 solum

460 5456 756 5512 secundum
782 5457 1121 5512 divinitatem
1148 5457 1222 5527 (in
1247 5471 1350 5526 qua
1378 5457 1694 5511 naturaliter
1721 5457 1944 5526 aequalis
1966 5465 2048 5511 est

465 5545 579 5602 Deo
609 5545 800 5617 Patri),
846 5548 939 5602 sed
966 5556 1019 5603 et
1055 5548 1347 5604 secundum
1378 5549 1611 5602 animam
1639 5560 1694 5603 et
1722 5564 1940 5604 carnem
1972 5551 2046 5621 (in

462 5648 572 5703 qua
595 5634 734 5688 idem
750 5635 888 5689 Deus
909 5635 1383 5690 consubStantialis
1410 5646 1494 5689 est
1515 5639 1714 5704 matri),
1747 5653 1855 5690 non
1871 5639 2046 5692 solum

465 5723 634 5777 Filius
665 5724 757 5778 Dei
790 5723 963 5779 Patris
994 5737 1094 5789 cst,
1122 5743 1305 5780 verum
1337 5728 1498 5780 etiam
1532 5728 1835 5795 unigenitus
1861 5728 2042 5784 Filius.

467 5813 720 5878 Proinde,
754 5831 860 5870 non
890 5817 1061 5871 solum
1084 5817 1266 5872 Iesum
1298 5818 1568 5872 Christum
1599 5819 1789 5874 Filium
1813 5817 2047 5873 Trinita-

2143 3303 2404 3360 nostrum,
2446 3294 2533 3364 qui
2575 3305 2728 3348 natus
2756 3305 2831 3349 est
2871 3295 2934 3349 de
2974 3295 3173 3366 Spiritu
3202 3306 3382 3351 sancto
3410 3314 3474 3351 ex
3513 3297 3731 3368 Virgine

2142 3387 2318 3441 Maria
2341 3405 2358 3450 ;
2393 3388 2565 3457 ipsum
2590 3390 2773 3458 utique
2796 3404 2952 3456 quem
2983 3389 3077 3442 Dei
3098 3389 3290 3443 Filium
3313 3390 3558 3453 dicimus,
3582 3405 3722 3444 eum-

2141 3476 2262 3530 dem
2293 3492 2508 3544 quoque
2541 3485 2722 3529 natum
2754 3477 2821 3531 de
2850 3476 3054 3546 Spiritu
3084 3487 3272 3533 sancto
3300 3492 3366 3533 ex
3412 3478 3577 3532 Maria
3608 3479 3726 3532 Vir-

2141 3567 2262 3633 gine
2290 3567 2627 3620 conﬁtemur.
2652 3567 2838 3636 Itaque
2853 3584 2972 3622 cum
2995 3569 3242 3633 dicimus,
3267 3568 3444 3622 Jesam
3467 3570 3726 3624 Christum

2141 3654 2189 3706 F
2193 3657 2337 3708 ilium
2368 3656 2498 3724 ejus,
2525 3656 2574 3708 id
2597 3664 2680 3709 est
2702 3656 2796 3710 Dei
2823 3655 2997 3711 Patris
3021 3658 3210 3712 Filium
3231 3657 3409 3714 Iesum
3430 3660 3727 3726 Christum,

2144 3747 2478 3801 nativitatem
2511 3747 2806 3803 divinitatis
2835 3750 3203 3819 ostendimus,
3255 3768 3359 3822 qua
3407 3753 3525 3807 sine
3573 3754 3730 3809 initio

2142 3849 2226 3894 est
2244 3849 2477 3895 internus
2502 3841 2568 3896 de
2599 3840 2756 3896 Patre
2791 3862 2802 3894 :
2835 3843 3077 3899 dicentes
3108 3854 3286 3899 autem
3317 3847 3583 3900 natum'de
3607 3847 3732 3917 Spi-

2143 3935 2242 3986 ritu
2286 3944 2466 3987 sancto
2507 3951 2572 3988 ex
2611 3935 2822 4005 Virgine
2851 3936 3023 3991 Maria
3047 3977 3062 4002 ,
3114 3938 3448 3992 nativitatem
3495 3938 3732 3992 fatemur

2145 4037 2247 4089 qua
2281 4021 2416 4074 idem
2453 4020 2765 4090 Unigenitus
2795 4025 2932 4079 Deus
2953 4065 2967 4091 ,
3015 4027 3307 4081 secundum
3338 4043 3556 4082 carnem
3589 4037 3730 4082 tem-

2143 4111 2398 4177 poraliter
2428 4111 2632 4164 initium
2664 4114 2892 4182 sumpsit
2921 4131 2988 4168 ex
3021 4115 3254 4183 Virgine.
3304 4115 3538 4170 Proinde
3569 4115 3729 4172 Iesus

2143 4199 2405 4265 Christus,
2438 4200 2576 4254 sicut
2604 4217 2764 4270 supra
2807 4202 3005 4256 dictum
3038 4213 3150 4266 est,
3184 4204 3477 4259 secundum
3507 4220 3728 4259 carnem

2143 4290 2357 4359 quidem
2389 4305 2526 4358 opus
2555 4300 2636 4344 est
2685 4293 2847 4347 totius
2879 4293 3157 4349 Trinitatis
3181 4334 3195 4357 ,
3253 4295 3545 4350 secundum
3599 4310 3730 4350 vero

2147 4387 2425 4447 utramque
2465 4379 2801 4432 nativitatem
2851 4383 3018 4436 Solius
3058 4382 3153 4437 Dei
3184 4382 3360 4437 Patris
3389 4391 3474 4437 est
3513 4383 3680 4438 Filius
3712 4400 3727 4437 :

2143 4469 2266 4537 quia
2314 4469 2455 4524 idem
2503 4471 2650 4524 solus
2695 4469 2899 4539 Unigru
2927 4482 3010 4527 tus
3049 4471 3188 4528 Deus
3229 4482 3313 4528 est
3360 4474 3734 4543 temporaliter

2068 4574 2122 4633 ι)
2145 4577 2303 4616 verus
2328 4564 2490 4617 homo
2512 4561 2580 4617 de
2610 4563 2826 4631 Virgine
2857 4581 2931 4633 pr.
2957 4579 3188 4628 creatus,
3216 4566 3307 4635 qui
3335 4565 3403 4620 de
3422 4565 3541 4620 solo
3571 4562 3734 4621 Patre

2146 4653 2263 4707 sine
2292 4653 2444 4708 initio
2468 4669 2626 4707 verus
2650 4653 2790 4708 Deus
2811 4663 2893 4709 est
2915 4663 3090 4710 natus.

2573 4763 3050 4822 FRACMENTUM
3076 4767 3298 4824 XXXIII.

2146 4875 2301 4929 Iesus
2329 4877 2563 4930 Christus
2587 4895 2688 4932 non
2727 4889 2804 4932 est
2830 4882 2990 4934 solius
3031 4881 3253 4935 hominis
3278 4881 3597 4945 vocabulum,
3644 4901 3734 4938 sca

2219 4950 2370 5000 etiam
2404 4947 2499 5000 Dei
2528 4965 2543 5000 :
2576 4959 2622 5000 et
2666 4949 2720 5000 in
2753 4949 3036 5018 Scriptun's
3060 4953 3314 5004 interdum
3340 4954 3617 5006 secundum
3651 4955 3734 5007 di-

2221 5019 2389 5069 vinam
2413 5028 2652 5070 naturam
2672 5019 2860 5080 solam,
2875 5021 3130 5073 interdum
3152 5023 3428 5075 secundum
3451 5023 3737 5077 humanam

2219 5087 2404 5162 splam,
2440 5104 2805 5162 nonnunquam
2845 5091 3122 5143 serumlum
3149 5102 3419 5162 utramque
3458 5095 3732 5160 accipitur.

2222 5156 2299 5208 De
2319 5173 2421 5210 uno
2443 5166 2497 5234 et
2511 5158 2689 5234 eodem
2713 5159 2911 5234 Spiritu
2934 5170 3133 5234 sancto,
3158 5173 3208 5234 et
3221 5161 3323 5216 Dei
3336 5156 3517 5217 'Filius
3547 5156 3736 5234 digna-

2223 5237 2303 5298 tus
2328 5236 2403 5278 est
2435 5225 2602 5298 Filius
2625 5225 2846 5282 hominis
2871 5231 3006 5298 ﬁeri,
3040 5242 3090 5283 et
3122 5231 3265 5285 nobis
3298 5233 3548 5286 donatum
3574 5225 3648 5287 cit
3681 5235 3733 5286 in

2227 5295 2320 5349 Dei
2347 5298 2484 5366 ﬁlios
2513 5297 2771 5364 adoptari.
2817 5295 3002 5354 Ariani
3043 5319 3144 5354 non
3177 5313 3296 5355 sunt
3322 5305 3546 5357 cultores
3583 5306 3738 5357 unius

2153 5399 2159 5404 -
2227 5367 2342 5434 Dei,
2369 5368 2458 5420 sed
2486 5368 2731 5436 plurium.

2227 5463 2302 5514 Ac
2332 5460 2560 5528 primum
2588 5458 2731 5528 quod
2757 5475 2821 5514 ex
2845 5477 2965 5516 mea
2987 5463 3318 5518 mendaciter
3338 5450 3569 5534 persona
3599 5463 3738 5517 disi-

2149 5543 2237 5613 sti,
2278 5567 2296 5600 ι
2320 5547 2476 5602 Iesus
2497 5546 2742 5603 Christus
2772 5551 3089 5606 vocabulum
3116 5563 3202 5609 est
3229 5555 3514 5620 hominis,»
3535 5553 3738 5608 Paulus

2150 5639 2342 5693 doctor
2373 5640 2614 5706 gentium
2645 5638 2695 5692 in
2729 5636 2829 5695 ﬁde
2857 5651 2913 5696 et
2940 5645 3202 5708 veritate,
3234 5644 3372 5700 sicut
3401 5645 3736 5699 contrarium

2152 5728 2730 5792 vcritati,contrarium
2753 5733 3018 5787 convincit
3037 5743 3090 5787 et
3118 5734 3258 5799 lidei,
3283 5737 3370 5804 qui
3390 5733 3573 5788 Iesum
3590 5734 3740 5788 Chri-

2150 5831 2291 5875 stum
2334 5829 2387 5876 et
2420 5820 2585 5876 Deum
2626 5820 2962 5882 demonstrat
3005 5836 3058 5882 ct
3088 5828 3379 5884 hominem.
3415 5826 3494 5883 Ita
3542 5839 3599 5881 ut
3631 5843 3737 5882 uno
