4064 6358
305 347 420 407 ’805

1378 341 1651 400 CONTRA
1677 338 2040 405 ἘΑΒΙΑΝΙῙΜ
2074 342 2520 403 FRAGMENTA.

3475 347 3582 407 80!}

313 465 614 534 eodemque
643 462 859 518 nomine
870 433 1011 517 'Iesu
1037 460 1235 517 ChriSti
1252 502 1268 527 ,
1301 462 1355 515 in
1381 476 1488 516 una
1515 459 1776 516 duntaxat
1801 472 1890 514 ea-
1925 456 1976 515 A
1999 457 2141 514 enim
2160 461 2253 529 qui
2280 459 2416 516 dixit
2435 457 2709 532 discipulis
2723 462 2870 519 suis:
2900 455 3035 518 Ecce
3055 466 3380 519 ascend‘mus
3396 466 3617 528 lliero-.

310 554 547 625 demque
571 567 824 624 persona,
865 566 1248 621 nonnunquam
1291 552 1468 609 solam
1495 550 1754 616 divinam,
1780 549 1897 619 ple-

310 660 539 715 rumque
561 642 732 701 solam
757 644 1067 706 humanam,
1097 642 1184 699 vel
1208 649 1495 713 utram‘que
1535 641 1693 697 simul
1734 639 1897 697 intel-

312 734 408 806 ligi
425 736 556 790 velit
577 734 866 804 aliquando
886 735 1264 791 substantiam.
1290 734 1439 806 idem
1461 747 1695 804 namque
1720 731 1855 787 dicit
1878 749 1892 786 :

312 800 431 883 Hbc
453 827 636 883 sentite
662 800 717 880 in
744 824 886 881 vobis
912 825 1048 896 quod
1077 832 1125 879 et
1166 825 1220 879 in
1245 800 1451 879 Chiisto
1476 800 1621 878 Iesu:
1652 822 1898 888 Quicum

308 919 364 972 in
395 919 567 989 forma
591 916 690 970 Dei
718 925 871 982 esset,
896 930 999 969 non
1019 916 1264 985 rapinam
1290 914 1574 968 arbitratus
1606 922 1684 985 est
1711 928 1822 968 esse
1838 928 1897 966 se

308 1010 561 1083 cqualem
576 1007 704 1074 Deo,
722 1007 813 1061 sed
839 1007 1169 1072 semetipsum
1190 1005 1496 1072 exinanivit,
1522 1006 1747 1075 formam
1763 1003 1896 1057 servi

307 1100 568 1172 accipiens
586 1138 601 1162 ,
653 1099 709 1173 in
738 1096 1077 1155 similitudine
1100 1096 1362 1151 hominum
1388 1097 1558 1162 {actus
1577 1137 1594 1163 ,
1639 1103 1689 1149 et
1716 1093 1894 1148 habitu

306 1191 542 1244 inuentus
563 1197 617 1243 ut
639 1188 790 1243 homo
811 1186 1033 1257 (Philip.
1056 1204 1115 1253 υ,
1138 1184 1171 1239 5
1197 1196 1247 1241 et
1267 1184 1423 1257 seq.).
1450 1184 1734 1240 Timotheo
1754 1198 1893 1254 quo-

305 1296 412 1351 que
437 1281 699 1345 scribens,
727 1280 803 1335 ait
827 1297 839 1332 :
872 1278 1075 1335 Memor
1103 1286 1212 1334 esto
1237 1277 1498 1332 Christum
1512 1276 1696 1332 Iesum
1716 1292 1891 1330 resur-

306 1377 505 1429 rexisse
527 1391 559 1427 a
589 1373 837 1440 mortuis,
867 1388 932 1426 ea:
972 1373 1166 1426 semine
1192 1370 1363 1424 David
1389 1368 1671 1425 secundum
1715 1367 1893 1424 Euan-

304 1471 496 1542 getiam
521 1485 685 1521 meum
715 1463 803 1534 (11
837 1464 969 1519 Tim.
1003 1480 1058 1531 tt,
1091 1463 1170 1535 8).
1226 1462 1368 1520 Ecce
1410 1463 1465 1518 in
1510 1470 1741 1532 utroque
1770 1461 1891 1516 loco

302 1579 445 1620 unus
470 1563 720 1618 Christus
744 1560 902 1616 Iesus
931 1560 1273 1622 nominatur,
1319 1556 1415 1617 sed
1450 1572 1563 1612 non
1593 1554 1889 1611 secundum

301 1669 466 1709 unam
496 1660 744 1708 naturam
768 1650 821 1705 in
849 1648 1067 1706 Christo
1094 1648 1222 1705 Iesu
1252 1658 1480 1718 uterque
1503 1648 1662 1704 locus
1690 1646 1892 1717 accipi-

300 1753 410 1800 tur.
436 1743 588 1800 Unus
609 1751 694 1799 est
717 1742 861 1798 enim
888 1741 1135 1797 Christus
1162 1739 1338 1804 Iesus,
1365 1740 1459 1811 qui
1483 1754 1607 1795 cum
1637 1739 1689 1794 in
1708 1738 1889 1794 forma

1998 550 2269 622 solymam,
2293 561 2343 606 et
2361 550 2410 604 F
2408 552 2534 608 ilius
2561 552 2783 608 hominis
2814 555 3047 610 tradetur
3063 557 3381 627 principibus
3411 575 3588 613 sacer-

1998 642 2175 697 dotum
2202 653 2252 697 et
2274 643 2495 711 scribis;
2524 652 2574 699 et
2601 645 2921 700 damnabunt
2945 662 3061 702 eum
3092 650 3262 712 morti,
3299 656 3347 702 et
3378 650 3589 702 tradent

1997 751 2113 789 eum
2141 734 2406 806 gentibus,
2434 744 2483 790 et
2511 736 2730 792 iiiudent
2753 738 2821 803 ei,
2854 747 2904 792 et
2931 748 3214 809 conspuent
3243 756 3358 792 eum
3408 724 3458 792 et
3485 740 3587 809 ﬂa-

1995 823 2257 895 geﬂabunt
2281 842 2417 892 eum,
2446 835 2496 880 et
2526 828 2840 898 interﬁcient
2878 845 3011 895 eum,
3045 839 3094 883 et
3123 831 3277 883 tertia
3302 830 3385 884 die
3411 847 3585 885 resur-

1994 921 2079 983 get
2109 910 2322 983 (Hatth.
2349 932 2439 979 xx,
2478 914 2559 981 18,
2595 916 2717 985 19);
2752 915 2891 972 idem
2922 918 3058 972 dixit
3086 928 3112 972 ':
3148 917 3319 975 Nemo
3349 920 3585 974 ascendit

1988 1000 2283 1071 in‘caelum,
2324 1006 2425 1059 nisi
2463 1006 2549 1077 qui
2569 1007 2634 1061 de
2655 1008 2779 1063 calo
2810 1009 3093 1075 descendit,
3132 1001 3581 1078 Filius‘hominis,

1994 1094 2082 1165 qui
2109 1103 2183 1149 est
2208 1097 2261 1150 in
2284 1096 2416 1151 caelo
2439 1096 2620 1169 (Ioan.
2649 1115 2730 1165 tu,
2766 1099 2876 1171 15).
2910 1100 3040 1168 Quis
3064 1118 3190 1158 vero
3213 1116 3356 1158 sana:
3384 1091 3583 1161 intelli-

1994 1190 2223 1257 gentiae,
2271 1191 2323 1245 in
2367 1200 2598 1261 utroque
2640 1194 2761 1249 loco
2800 1194 2991 1249 Filium
3025 1196 3256 1252 hominis
3284 1199 3580 1255 secundum

1990 1296 2157 1336 unam
2184 1292 2338 1352 putet
2379 1284 2615 1339 locutum
2658 1285 2819 1341 fuisse
2840 1287 3213 1353 substantiam,
3245 1304 3369 1343 cum
3399 1290 3582 1359 utique

1992 1387 2099 1429 nec
2124 1375 2420 1430 secundum
2449 1375 2781 1433 divinitatem
2811 1378 3050 1448 potuerit
3085 1378 3252 1436 Filius
3281 1381 3369 1435 illa
3400 1383 3582 1437 omnia

1993 1464 2125 1534 pati,
2170 1480 2269 1521 nec
2310 1466 2603 1522 secundum
2651 1484 2868 1523 carnem
2919 1477 3046 1525 tunc
3100 1469 3290 1527 fuisset
3336 1472 3391 1527 in
3440 1473 3581 1529 ctelo

1987 1555 2208 1623 quando
2252 1556 2378 1610 talia
2408 1557 2730 1626 loquebatur
2749 1560 2804 1613 in
2834 1562 3022 1615 terra?
3050 1558 3203 1616 Unus
3221 1563 3383 1631 igitur
3412 1563 3583 1620 idem-

1987 1658 2099 1713 que
2128 1653 2211 1700 est
2240 1644 2406 1701 Filius
2442 1647 2696 1713 hominis,
2727 1649 2820 1718 qui
2847 1658 2902 1705 et
2928 1650 3221 1707 secundum
3261 1653 3432 1709 solam
3456 1670 3579 1710 car-

1991 1749 2115 1789 nem
2143 1751 2271 1790 vere
2292 1737 2544 1804 traditus,
2570 1746 2625 1793 et
2656 1755 2780 1795 vere
2808 1741 3144 1808 interfectus,
3177 1743 3265 1799 die
3294 1744 3456 1800 tertio
3493 1762 3579 1803 re-

298 1836 400 1892 Dei
440 1842 605 1904 esset,
650 1850 757 1889 non
786 1832 1035 1904 rapinam
1062 1831 1353 1886 arbitratus
1373 1837 1457 1885 est
1484 1843 1605 1885 esse
1629 1843 1699 1930 se
1711 1841 1881 1896 mqua
1919 1821 1973 1882 Β
1993 1831 2246 1895 surrexit,
2263 1832 2622 1887 etsecundnm
2645 1835 2817 1890 solam
2832 1834 3169 1892 divinitatem
3182 1844 3328 1893 totus
3344 1838 3395 1893 in
3411 1846 3575 1903 terra,

299 1926 409 1982 lem
437 1926 568 1990 Deo,
617 1923 714 1980 sed
742 1923 903 1995 635
931 1921 1280 1993 semetipsum
1310 1918 1637 1999 exinanivjjt’
1660 1918 1790 1973 i'orrr
1852 1932 1885 1969 τι

298 2019 444 2074 servi
465 2018 756 2088 accipiens,
781 2024 837 2071 et
855 2017 950 2084 qui
970 2012 1272 2071 resurrexit
1293 2027 1324 2067 a
1343 2010 1566 2067 mortui;

301 2108 493 2164 David.
525 2107 633 2163 Sed
661 2106 908 2163 Christus
935 2103 1093 2160 Iesus
1118 2104 1172 2159 in
1210 2101 1383 2159 forma
1412 2102 1507 2157 Dei
1538 2115 1747 2170 sema...
1872 2120 1886 2153 ι

297 2201 641 2264 exinaniens,
690 2206 749 2254 et
791 2197 1022 2253 formam
1064 2194 1208 2251 servi
1236 2194 1541 2265 accipiens,
1588 2191 1885 2248 secundum

295 2297 471 2353 solam
492 2294 806 2363 intelligitur
825 2291 1062 2348 divinam
1091 2297 1338 2344 naturam
1363 2306 1376 2342 :
1401 2286 1695 2343 secundum
1722 2301 1884 2358 quam

296 2387 616 2456 intelligitur
642 2385 834 2450 etiam,
864 2383 955 2438 ubi
985 2383 1061 2436 ait
1103 2399 1115 2435 :
1167 2379 1237 2434 Et
1276 2396 1407 2434 unus
1437 2378 1694 2433 Dominus
1730 2376 1884 2431 Iesus

296 2481 553 2545 Christus,
584 2495 675 2546 per
702 2492 851 2548 quem
878 2475 1077 2538 omnia,
1125 2482 1175 2526 et
1203 2488 1298 2527 nos
1340 2487 1432 2542 per
1458 2470 1628 2541 ipsum
1672 2466 1727 2539 (I
1758 2466 1878 2524 Cor.

292 2586 408 2633 vni,
440 2570 519 2638 6).
547 2568 692 2623 idem
719 2581 849 2621 vero
877 2564 1124 2621 Christus
1152 2561 1329 2629 Iesus,
1352 2559 1646 2627 resurgens
1674 2572 1706 2612 a
1736 2572 1883 2613 mor-
1909 2600 1915 2606 .

284 2661 403 2716 suis
430 2673 499 2714 ex
529 2658 733 2714 semine
761 2655 929 2711 David
946 2695 959 2718 ,
1013 2651 1309 2709 secundum
1337 2651 1630 2729 humanam
1673 2656 1879 2703 tantum

292 2759 444 2807 recte
472 2757 652 2820 potest
673 2747 927 2815 cognosci
949 2743 1324 2800 substantiam.
1351 2741 1559 2796 Rursus
1587 2738 1881 2812 Apostolus

292 2841 429 2897 dicit
457 2858 471 2894 :
506 2839 730 2895 Obsecro
755 2839 936 2910 igitur,
977 2838 1188 2908 fratres,
1219 2850 1312 2905 per
1337 2831 1618 2887 Dominum
1646 2839 1880 2885 nostrum

290 2935 475 2991 Iesum
502 2934 787 2998 Christum,
815 2940 863 2986 et
906 2944 996 2998 per
1034 2930 1304 2987 caritatem
1325 2925 1555 2997 Spiritus
1577 2923 1756 2994 (Rom.
1789 2938 1877 2988 xv,

287 3026 404 3097 30).
435 3024 505 3079 Et
535 3023 639 3079 alio
665 3024 789 3078 loco
822 3040 834 3074 :
889 3019 1163 3089 Testiﬁcor
1189 3034 1365 3073 coram
1408 3015 1518 3070 Deo
1536 3056 1559 3085 ,_
1594 3024 1646 3068 et
1673 3013 1878 3069 Christo

288 3116 448 3183 Iesu,
496 3116 582 3186 qui
602 3114 937 3186 judicaturus
964 3119 1042 3165 est
1067 3111 1202 3164 vivos
1226 3117 1276 3162 et
1308 3116 1538 3163 mortuos
1576 3103 1638 3179 (l
1669 3104 1802 3159 Tim.
1831 3121 1873 3170 ι,

1990 1928 2046 1975 et
2084 1928 2230 1977 totus
2270 1922 2323 1977 in
2364 1924 2503 1979 coelo
2534 1924 2660 1987 fuit,
2692 1924 2911 1994 quando
2938 1927 3230 1983 secundum
3258 1943 3477 1985 carnem
3523 1931 3578 1986 in

1879 2032 1883 2037 ·
1986 2016 2135 2065 terra
2158 1996 2362 2066 tantum
2386 2015 2614 2084 positus,
2637 2010 2728 2069 illa
2747 2014 2816 2071 de
2835 2032 2895 2072 sc
2911 2018 3177 2073 veraciter
3200 2019 3354 2074 dixit.
3378 2020 3576 2078 Verum

1987 2107 2073 2155 est
2101 2100 2284 2170 itaque
2311 2103 2436 2172 quia
2466 2104 2520 2157 in
2542 2103 2759 2160 Christo
2780 2122 2886 2161 una
2915 2116 2997 2162 est
3018 2123 3251 2178 persona
3277 2109 3494 2168 deitatis
3522 2124 3577 2170 et

1984 2194 2187 2262 carnis,
2200 2194 2295 2253 sed
2311 2197 2589 2268 utriusque
2603 2208 2808 2255 natura:
2820 2203 2982 2275 636
2996 2204 3325 2275 proprietate
3338 2217 3573 2263 servata.

1987 2285 2120 2339 Nam
2150 2286 2396 2344 Christus
2416 2289 2613 2345 dicitur
2639 2293 2931 2362 aliquando
2957 2297 3250 2352 secundum
3280 2300 3451 2355 solam
3489 2301 3575 2357 di-

1987 2378 2288 2444 vinitatem,
2307 2380 2596 2452 aliquando
2609 2382 2804 2439 dicitur
2822 2387 3115 2442 secundum
3138 2390 3307 2444 solam
3331 2407 3574 2459 carnem,

1985 2470 2283 2541 aliquando
2315 2473 2609 2543 secundum
2641 2484 2924 2546 utramque
2961 2479 3335 2535 substantiam.
3369 2482 3573 2541 Secun-

1985 2560 2111 2614 dum
2144 2561 2315 2616 solam
2353 2563 2551 2634 quippe
2591 2564 2924 2621 divinitatem
2972 2569 3376 2641 intelligendum
3414 2574 3575 2632 Chri-

1982 2658 2125 2705 stum
2156 2654 2475 2708 monstravit
2512 2653 2822 2726 Apostolu‘s,
2867 2658 3050 2715 dicens
3092 2679 3105 2715 :
3151 2661 3330 2718 Nolite
3366 2670 3575 2724 mentiri

1982 2741 2200 2796 invicem
2249 2759 2266 2796 :
2317 2745 2668 2815 exspoliantes
2724 2765 2813 2803 vos
2878 2759 3092 2805 veterem
3149 2753 3407 2811 hominem
3457 2776 3573 2815 cum

1972 2834 2185 2895 .actibus
2211 2838 2337 2903 suis,
2370 2847 2419 2891 et
2439 2826 2709 2909 induentes
2734 2858 2939 2911 novum,
2977 2860 3091 2898 ettm
3120 2848 3204 2913 qui
3227 2860 3499 2905 renovatur
3519 2854 3591 2907 in‘

1983 2927 2277 2995 agnitione,
2318 2930 2597 2985 secundant
2629 2932 2909 3002 imaginem
2949 2934 3061 3004 ejus
3107 2937 3193 3006 qui
3219 2939 3408 2992 creavit
3434 2955 3570 2995 eum.

1987 3015 2083 3070 Ubi
2113 3033 2217 3070 non
2238 3028 2314 3071 est
2344 3018 2564 3074 Gentilis
2589 3029 2636 3075 et
2666 3021 2902 3087 Judwas,
2935 3026 3256 3081 circumcisio
3285 3039 3334 3081 et
3364 3047 3572 3100 purpu-

1983 3108 2129 3171 tium,
2152 3108 2415 3164 Barbarus
2437 3121 2484 3164 et
2509 3110 2723 3182 Scytha,
2755 3130 2928 3169 servus
2956 3125 3004 3171 et
3026 3116 3175 3183 liber,
3207 3121 3300 3172 set!
3324 3122 3497 3174 omnia
3520 3137 3571 3177 ct

288 3210 367 3280 ὁ).
414 3209 477 3263 In
501 3207 695 3279 quibus
728 3200 914 3275 utique
940 3203 1095 3268 locis,
1131 3217 1238 3257 non
1268 3200 1564 3256 secundum
1594 3199 1765 3254 solam
1793 3196 1875 3251 di-
1907 3197 1951 3259 C
1982 3199 2036 3252 in
2062 3200 2301 3254 onmibus
2342 3199 2576 3257 Christus
2607 3201 2802 3276 (Calas.
2835 3220 2919 3270 Ill,
2969 3205 3002 3261 9
3031 3217 3080 3261 et
3109 3209 3265 3280 δαίμ).
3317 3209 3445 3267 Tale
3493 3223 3573 3277 est

287 3302 491 3365 vinam,
517 3312 692 3369 neque
712 3295 1010 3353 secundum
1031 3294 1205 3349 solam
1228 3293 1539 3355 humanam,
1564 3290 1660 3346 sed
1685 3305 1878 3346 secun-

284 3390 414 3446 dum
445 3391 730 3459 utramque
767 3396 1038 3453 naturam,
1068 3392 1241 3440 totum
1270 3382 1545 3438 Christum
1568 3381 1750 3447 Iesum
1782 3396 1872 3435 ac-

285 3482 517 3552 cipimus
543 3480 612 3535 ab
636 3478 903 3549 Apostolo
938 3476 1291 3533 nominatum.
1320 3473 1549 3529 Videsne
1576 3474 1699 3542 quia
1721 3471 1877 3543 Iesus

284 3572 553 3637 Christus,
596 3586 704 3626 non
740 3568 1035 3625 secundum
1064 3567 1373 3623 hoe’solum
1415 3565 1559 3635 quod
1598 3564 1739 3619 Deus
1768 3571 1870 3630 est,

285 3679 463 3734 neque
489 3662 783 3720 secundum
812 3650 917 3717 hoc
945 3661 1118 3715 solum
1141 3658 1286 3728 quod
1308 3657 1472 3712 homo
1494 3665 1601 3735 est,
1626 3657 1677 3710 in
1706 3655 1876 3710 omni-

281 3754 383 3811 bus
410 3754 704 3823 Scriptura:
724 3753 857 3808 locis
886 3758 971 3806 est
998 3747 1343 3819 accipiendus
1375 3765 1388 3800 :
1421 3746 1516 3803 sed
1539 3747 1592 3800 in
1623 3760 1872 3817 unoquo—

279 3860 388 3916 que
432 3844 838 3914 Scripturartun
885 3842 1006 3897 loco
1044 3839 1339 3896 secundum
1386 3838 1438 3893 id
1477 3832 1869 3908 accipi'debet,

276 3935 572 3995 secundum
594 3935 743 4004 quod
754 3934 959 3989 Veritas
973 3932 1173 3989 docet?
1196 3929 1345 3989 Unus
1360 3940 1445 3986 est
1458 3931 1600 3985 enim
1618 3929 1873 3987 Christus

276 4027 455 4092 Iesus,
488 4026 583 4081 Dei
610 4034 668 4081 et
706 4025 938 4080 hominis
959 4023 1125 4079 Filius
1153 4023 1206 4077 in
1237 4031 1465 4091 utraque
1492 4030 1709 4089 natura,
1732 4038 1870 4079 unus

274 4119 334 4173 in
352 4128 582 4187 utraque
603 4132 779 4172 verus.
808 4114 959 4170 Unde
981 4129 1082 4170 nec
1101 4112 1231 4169 illud
1254 4116 1434 4183 potest
1450 4122 1704 4169 constare
1724 4112 1869 4182 quod

275 4210 413 4266 dicis
431 4250 447 4278 ,
502 4229 522 4261 ι
544 4209 737 4264 Filium
768 4208 863 4263 Dei
889 4222 1020 4262 vero
1043 4222 1166 4262 cum
1191 4205 1440 4271 dicimus,
1495 4206 1670 4276 ipsum
1699 4205 1867 4262 Deum

276 4303 493 4369 Filium,
536 4301 586 4357 id
628 4311 712 4357 est
754 4301 928 4371 ipsum
958 4299 1231 4355 Christum
1261 4298 1557 4369 spiritalem
1600 4297 1871 4366 signiﬁca-

275 4410 416 4451 mus.
444 4410 466 4447 ι
518 4392 704 4462 Neque
751 4392 895 4447 enim
923 4390 1143 4461 spiritus
1167 4398 1288 4445 erat
1331 4390 1448 4444 sine
1496 4404 1726 4460 corpore
1755 4389 1868 4459 ipse

276 4487 610 4558 Redemptor
654 4495 839 4542 noster
862 4527 877 4553 ,
930 4485 1147 4555 quando
1187 4485 1267 4539 ait-
1290 4484 1366 4538 illi
1399 4498 1544 4541 caeco
1585 4493 1746 4551 nato,
1779 4484 1867 4540 cui

1978 3300 2162 3346 autem
2189 3291 2336 3360 quod
2365 3292 2454 3348 hic
2480 3294 2559 3347 ait
2585 3312 2596 3346 :
2646 3294 2837 3349 Omnia
2862 3307 2910 3350 et
2950 3298 3002 3351 in
3032 3300 3267 3354 omnibus
3299 3301 3572 3369 Christus;
3626 3304 3649 3343 Ἀ

1976 3383 2139 3451 quale
2160 3391 2243 3438 est
2270 3383 2446 3439 istud:
2476 3384 2543 3440 Ut
2569 3388 2635 3439 sit
2657 3385 2797 3442 Deus
2820 3391 2993 3443 omnia
3022 3392 3075 3445 in
3097 3392 3350 3447 omnibus.
3375 3395 3572 3453 Secun-
3608 3459 3622 3468 ο

1976 3472 2103 3527 dum
2129 3475 2300 3530 solam
2323 3489 2540 3545 quoque
2563 3492 2782 3557 carnem
2805 3479 3075 3545 Christum
3107 3485 3572 3565 COSIIQSCiIIIlIQDI)

1976 3563 2238 3634 Apostolo
2267 3568 2632 3632 nominatum,
2667 3571 2755 3625 ubi
2786 3572 2860 3625 ait
2889 3590 2901 3625 :
2938 3571 3154 3628 Tradidi
3184 3563 3329 3631 enim
3349 3578 3487 3637 vobis
3517 3581 3571 3637 in

1973 3657 2157 3724 primis
2196 3658 2333 3728 quod
2359 3668 2409 3712 et
2437 3660 2614 3729 accepi
2641 3700 2656 3725 ,
2700 3663 2822 3732 quia
2851 3661 3087 3718 Christus
3117 3677 3349 3723 mortuus
3374 3680 3450 3726 cst

1973 3750 2198 3817 peccatis
2228 3750 2422 3803 nostris
2446 3750 2728 3804 sectmdum
2754 3752 3077 3821 Scripturas,
3111 3764 3159 3808 ct
3191 3758 3309 3827 quia
3327 3760 3590 3829 sepultus

1971 3848 2067 3901 est,
2105 3849 2154 3893 et
2179 3842 2299 3909 quia
2327 3844 2608 3896 resurrexit
2646 3845 2798 3897 tertia
2829 3845 2913 3899 die
2942 3848 3221 3915 secundum
3253 3849 3560 3921 Scripturns

1974 3928 2032 4001 (I
2059 3930 2294 3996 Cor.‘xv,
2323 3933 2379 3997 '5,
2411 3931 2487 4003 4).
2516 3932 2611 3987 Ille
2637 3949 2854 4004 quoque
2876 3935 3024 3993 locus
3055 3937 3294 4006 ejusdem
3320 3944 3565 4011 Apostoli

1973 4021 2099 4078 huic
2125 4023 2399 4078 invenitur
2422 4023 2787 4092 intelligentia:
2815 4027 3124 4093 convenire,
3159 4030 3246 4083 ubi
3277 4031 3391 4086 ait:
3428 4031 3560 4096 Qui-

1970 4130 2169 4185 cunque
2195 4116 2251 4169 in
2275 4113 2480 4170 Christo
2504 4116 2755 4184 baptizati
2783 4133 2977 4184 sumus,
3004 4120 3055 4172 in
3097 4132 3261 4176 morte
3281 4124 3445 4193 ipsius
3468 4125 3567 4180 bu-

1971 4208 2152 4275 ptisati
2174 4223 2369 4261 sumus.
2402 4206 2700 4285 Consepulti
2726 4209 2864 4266 enim
2892 4227 3067 4265 sumus
3095 4229 3210 4277 cum
3241 4213 3331 4269 illo
3353 4233 3443 4285 per
3473 4216 3567 4271 ba-

1970 4298 2213 4367 ptismum
2242 4299 2294 4351 in
2319 4307 2534 4373 mortem
2558 4297 2735 4368 (Rom.
2761 4315 2832 4363 γι,
2858 4301 2945 4370 5);
2972 4311 3025 4355 et
3055 4304 3218 4372 paulo
3237 4314 3360 4373 post
3383 4323 3397 4360 :
3423 4306 3568 4362 (ΣΙηοὶ⁴

1970 4398 2079 4442 stus
2107 4372 2434 4460 resurgens'a
2465 4391 2699 4455 mortuis,
2736 4390 2852 4460 jam
2881 4409 2984 4447 non
3014 4392 3250 4476 moritur,
3280 4405 3328 4450 et
3351 4413 3490 4451 mors
3519 4401 3565 4452 ci

1968 4479 2108 4532 ultra
2137 4495 2240 4533 non
2270 4479 2624 4532 dominabitur
2652 4478 2843 4548 (Ibid.,
2870 4480 2951 4549 9).
2999 4481 3168 4547 Quem
3201 4494 3378 4540 uttncn
3407 4485 3564 4542 Chri-

273 4582 461 4639 oculos
489 4580 911 4636 misericorditer
938 4588 993 4634 et
1030 4577 1348 4632 mirabiliter
1366 4576 1515 4631 dedit
1544 4594 1560 4629 :
1598 4575 1674 4629 Tu
1699 4576 1863 4630 credis
1893 4576 1941 4635 Ι)
1968 4576 2112 4624 stum
2137 4568 2429 4623 secundum
2465 4576 2750 4639 utramque
2775 4573 3119 4638 cognoscitur
3139 4574 3430 4642 prmdicare
3462 4593 3561 4632 na-

272 4675 324 4728 in
363 4671 561 4727 Filium
607 4671 702 4725 Dei
723 4672 748 4724 ?
794 4670 891 4725 Cui
917 4685 1040 4724 cum
1071 4669 1159 4723 ille
1184 4666 1407 4723 dixisset
1430 4685 1443 4720 :
1471 4664 1599 4731 Quis
1627 4675 1722 4732 est,
1749 4665 1863 4720 Do-

271 4767 426 4832 mine,
442 4771 501 4819 ut
524 4765 731 4819 credam
752 4765 804 4817 in
827 4762 979 4817 eum?
996 4761 1134 4816 dixit
1151 4760 1201 4816 ei
1221 4758 1378 4815 Iesus
1404 4777 1415 4811 :
1443 4757 1510 4811 Et
1532 4759 1704 4813 vidisti
1723 4775 1859 4822 eum,

180 4842 193 4850 ’
271 4868 317 4911 et
343 4858 432 4930 qui
460 4857 686 4929 loquitur
713 4864 900 4919 tecum,
927 4857 1042 4925 ipse
1069 4862 1146 4907 est
1173 4850 1355 4922 (Ioan.
1384 4867 1470 4919 ιι,
1495 4850 1584 4915 55,
1617 4848 1708 4915 56,
1744 4849 1859 4920 57).

270 4948 610 5004 Manifestum
632 4956 715 5003 est
731 4955 911 5002 autem
935 4943 1084 5016 quod
1106 4945 1161 4999 in
1180 4958 1249 5000 eo
1270 4944 1550 5013 corporeis
1566 4943 1736 4998 oculis
1753 4958 1861 4997 non

270 5038 560 5109 divinitas,
606 5040 701 5097 sed
729 5038 1037 5094 humanitas
1060 5037 1360 5094 videbatur.
1412 5036 1649 5091 Attende
1695 5038 1860 5092 etiam

270 5134 412 5191 beati
463 5133 608 5189 Petri
655 5133 1050 5189 confessionem
1089 5130 1323 5187 dicentis
1355 5149 1366 5182 :
1413 5128 1488 5183 Tu
1512 5130 1584 5184 ‘es
1624 5127 1858 5185 Christus

270 5225 315 5280 Γ
318 5228 439 5282 ilius
471 5226 570 5281 Dei
598 5227 693 5282 vivi
726 5223 940 5297 (Matth.
969 5240 1077 5291 XVI,
1115 5222 1226 5295 i6),
1257 5231 1311 5279 et
1338 5224 1511 5300 ipsum
1542 5223 1734 5278 Filium
1764 5223 1857 5279 Dei

269 5333 373 5373 non
394 5318 565 5374 Deum
586 5327 818 5385 tantum,
840 5316 934 5372 sed
956 5315 1123 5371 Deum
1149 5316 1532 5385 hominemque
1546 5331 1817 5387 cognosce
1839 5333 1854 5369 :

268 5410 566 5481 prasertim
586 5412 712 5481 quia
741 5425 800 5465 se
822 5409 1012 5464 Filium
1042 5409 1277 5465 hominis
1295 5408 1431 5464 dixit
1457 5410 1571 5480 ipse
1590 5409 1855 5476 Christus,

267 5514 427 5577 quem
454 5499 649 5555 Filium
668 5500 765 5555 Dei
788 5500 892 5554 vivi
920 5497 1200 5555 confessus
1228 5496 1538 5556 estPetrus.
1557 5498 1711 5555 Unde
1732 5516 1856 5556 cum
1927 5562 1935 5577 ι

266 5591 337 5646 sit
362 5606 505 5646 unus
538 5589 781 5646 Christus
828 5590 997 5655 Filius
1044 5589 1139 5645 Dei
1171 5598 1226 5646 et
1254 5590 1492 5647 hominis
1513 5634 1527 5660 ,
1577 5592 1717 5647 sicut
1747 5608 1854 5649 non

264 5698 483 5753 semper
506 5698 631 5739 eum
661 5683 955 5740 secundum
986 5683 1155 5737 solam
1185 5682 1518 5738 divinitatem
1543 5682 1733 5738 Filium
1758 5684 1854 5742 Dei

265 5773 510 5830 videmus
537 5773 736 5830 dictum
761 5816 775 5838 ,
827 5774 905 5828 sic
950 5789 1049 5830 nec
1090 5772 1387 5829 secundum
1416 5776 1588 5833 solam
1635 5790 1860 5837 carnem

268 5852 569 5926 invenimus
590 5883 803 5945 semper
831 5866 1021 5923 Filium
1051 5865 1281 5923 hominis
1310 5878 1693 5943 nuncupatum.
1739 5869 1862 5947 Ιρες,

1968 4671 2159 4728 turam,
2194 4662 2379 4717 dicens
2410 4680 2424 4714 :
2460 4661 2692 4726 Quorum
2718 4672 2913 4733 patres,
2946 4672 2995 4717 et
3019 4680 3085 4719 ex
3106 4666 3292 4737 quibus
3320 4666 3559 4723 Christus

1966 4753 2244 4809 secundum
2271 4758 2508 4816 carnem,
2540 4754 2626 4824 qui
2654 4764 2731 4811 est
2757 4771 2914 4825 super
2943 4758 3119 4810 omnia
3162 4756 3304 4812 Deus
3346 4757 3559 4815 benedi-

1965 4855 2075 4899 ctus
2115 4845 2169 4897 in
2209 4844 2399 4899 saecula
2430 4843 2608 4914 (Rom.
2640 4860 2692 4900 Ix
2714 4884 2729 4911 ,
2763 4844 2860 4914 5)..
2890 4844 3233 4904 Manifestum
3262 4857 3348 4902 est
3375 4848 3559 4918 igitur,

1967 4935 2087 4992 illas
2111 4935 2324 5005 regulas
2348 4944 2484 5004 quas
2513 4936 2565 4990 in
2594 4936 2867 5007 praedictis
2888 4937 3104 4994 voluisti
3137 4937 3353 4995 firmare
3382 4944 3563 4997 nomi-
3657 4944 3664 4951 ’

1966 5029 2143 5094 nibus,
2158 5028 2310 5096 nullo
2331 5028 2527 5083 robore
2544 5027 2751 5097 fulciri,
2765 5027 2891 5097 quia
2904 5029 3223 5087 nullatenus
3243 5030 3561 5095 Christianae

1964 5130 2269 5191 congruunt
2288 5121 2524 5177 veritati.
2554 5121 2672 5176 Non
2702 5121 2878 5176 solum
2908 5122 3051 5176 enim
3077 5137 3199 5177 cum
3228 5123 3424 5179 dicitur
3463 5125 3559 5181 Dei

1964 5214 2149 5280 Filius,
2183 5223 2275 5270 aut
2302 5229 2424 5269 cum
2452 5212 2649 5269 dicitur
2674 5213 2908 5268 hominis
2924 5212 3110 5281 Filius,
3140 5216 3253 5273 sive
3281 5232 3402 5271 cum
3428 5216 3534 5274 dici

1965 5316 2052 5362 tur
2079 5304 2345 5371 Christus,
2377 5304 2459 5361 vel
2490 5318 2610 5360 cum
2638 5304 2836 5362 dicitur
2861 5302 3019 5361 Iesus
3045 5304 3329 5377 Christus;
3370 5323 3557 5364 verum

1963 5401 2126 5456 etiam
2162 5416 2284 5455 cum
2315 5401 2430 5470 ipse
2468 5400 2560 5470 qui
2601 5408 2689 5456 est
2718 5397 3036 5469 Uuigenitus
3060 5415 3093 5455 a
3121 5398 3313 5467 Patre,
3367 5401 3559 5471 plenus

1963 5494 2149 5563 gratia:
2178 5503 2234 5549 et
2258 5494 2502 5549 veritatis
2533 5493 2714 5567 (Ioan.
2748 5510 2784 5559 ι,
2814 5493 2907 5562 Η)
2927 5534 2943 5559 ,
2974 5493 3028 5548 in
3068 5504 3253 5550 sancta
3279 5494 3558 5566 Scriptura

1964 5586 2163 5643 dicitur
2184 5582 2343 5651 Deus,
2373 5601 2466 5641 cor
2481 5585 2827 5641 siderandum
2856 5593 2960 5651 est,
2984 5585 3036 5639 in
3063 5585 3181 5655 ipsa
3202 5601 3303 5641 una
3325 5586 3445 5641 Filii
3463 5588 3558 5643 Dei
3660 5630 3671 5645 ,

1964 5694 2199 5751 persona
2219 5693 2466 5750 quaenam
2495 5686 2642 5733 recte
2670 5677 2866 5733 debeat
2895 5678 3068 5748 accipi
3095 5679 3217 5733 sine
3240 5679 3350 5734 ullo
3369 5696 3557 5736 errore

1964 5770 2287 5842 substituit,
2328 5769 2462 5826 Nam
2505 5771 2556 5825 in
2602 5768 2695 5825 illo
2736 5771 2965 5826 Actuum
3007 5772 3376 5842 apostolorum
3407 5774 3554 5837 loco.

1968 5860 2057 5920 dii
2088 5864 2229 5921 idem
2259 5860 2455 5919 Paulus
2481 5864 2758 5934 apostolus
2787 5862 3081 5933 majoribus
3103 5874 3230 5919 natu
3253 5874 3310 5919 et
3334 5865 3561 5920 seniori-
