4064 6358
485 381 585 436 807

1512 370 1562 426 5.
1599 371 1959 426 I‘UDGENTII
2000 372 2294 429 EPISCUPI
2338 371 2698 430 RL’SPENSIS

3635 371 3739 426 808

486 499 584 553 hus
609 495 738 554 dicit
763 517 774 550 :
807 496 1062 550 Attendite
1084 467 1218 548 vobis
1243 502 1289 544 et
1319 493 1550 546 universo
1571 493 1732 563 gregi,
1765 493 1816 544 in
1843 509 1939 561 quo
1971 491 2053 543 vos
2087 495 2126 548 Α
2163 493 2401 546 cultores
2427 493 2584 546 unius
2609 491 2723 557 Dei,
2758 490 2849 558 qui
2875 489 3034 542 aliam
3064 496 3308 543 naturam
3339 489 3514 546 dicitis
3543 489 3741 559 Patris,

489 591 714 661 Spiritus
735 597 942 643 sanctus
963 587 1130 655 posuit
1152 585 1436 652 episcopos,
1461 599 1635 652 regere
1657 581 1942 636 Ecclesium
1964 581 2059 634 Dei

487 697 641 751 quam
669 679 935 750 acquisivit
959 676 1206 746 sanguine
1227 673 1317 728 suo
1344 674 1477 742 (Act.
1499 691 1588 734 xx,
1615 672 1736 743 28);
1765 673 1946 740 utique
1971 673 2054 727 hic

489 770 654 825 Deum
687 785 792 823 non
822 767 1110 836 accipimus
1141 766 1239 820 nisi
1271 767 1440 835 ipsum
1472 764 1663 818 Filium
1695 764 1786 818 Dei
1821 782 1832 816 :
1866 764 1957 832 qui
1988 771 2062 816 ta-

490 877 611 915 men
653 875 758 914 non
786 857 1074 912 secundum
1104 864 1357 910 :nternam
1381 865 1539 923 atque
1569 854 2058 908 incommutabilem

490 952 818 1005 divinitatem
847 964 996 1002 suam
1022 987 1035 1009 ,
1089 963 1247 1016 quam
1293 948 1451 1001 habet
1492 945 1946 1000 incommutabilis
1993 961 2060 1000 ex

491 1040 650 1094 Patre
672 1082 686 1104 ,
735 1039 826 1093 sed
857 1038 1148 1092 secundum
1192 1037 1580 1090 humanitatem
1619 1051 1720 1104 qua
1752 1037 1818 1090 de
1843 1035 2061 1102 Virgine

489 1145 649 1185 verus
679 1129 847 1184 factus
873 1135 956 1182 est
983 1129 1173 1189 homo,
1209 1127 1516 1196 intelligitur
1541 1126 1680 1180 idem
1711 1125 1851 1180 Deus
1878 1124 2064 1180 Eccle-

488 1222 623 1274 siam
648 1221 938 1288 acquisisse
966 1219 1220 1286 sanguine
1247 1234 1363 1271 suo.
1398 1219 1511 1271 Non
1545 1231 1671 1285 ergo
1700 1217 1926 1271 dicimus
1973 1216 2064 1270 Je-

490 1326 606 1364 snm
632 1309 900 1364 Christum
929 1325 1048 1363 esse
1079 1309 1422 1362 humanitatis
1448 1317 1502 1362 et
1530 1308 1691 1362 solius
1714 1307 1946 1360 hominis
1976 1322 2067 1359 no-

491 1418 634 1466 men,
666 1402 759 1456 sed
790 1419 950 1455 unum
980 1401 1160 1456 Jesum
1191 1401 1458 1455 Christum
1491 1401 1656 1453 Deum
1687 1399 2064 1467 hominemque

491 1497 738 1561 dicimus,
773 1499 823 1550 in
853 1512 959 1564 quo
989 1497 1066 1551 sic
1093 1505 1172 1552 est
1201 1498 1268 1551 de
1297 1506 1486 1550 natura
1508 1497 1694 1551 matris
1719 1512 1843 1550 vera
1874 1505 2064 1550 natura

489 1588 749 1654 hominis,
791 1589 926 1641 sicut
972 1587 1038 1640 de
1069 1595 1255 1640 natura
1284 1587 1377 1639 Dei
1409 1585 1582 1640 Patris
1619 1601 1744 1639 vera
1786 1595 1839 1639 et
1867 1595 2065 1640 atterna

494 1687 673 1747 manet
717 1678 1011 1732 substantia
1066 1677 1295 1732 deitatis.
1357 1677 1474 1747 Ipse
1518 1679 1659 1735 enim
1711 1679 1802 1747 qui
1856 1679 2067 1733 Veritas

496 1775 596 1832 est,
628 1783 784 1821 verus
810 1767 974 1821 Filius
1003 1775 1084 1820 est
1111 1775 1164 1820 et
1191 1765 1358 1820 Patris
1387 1775 1441 1821 et
1469 1767 1676 1833 matris,
1709 1768 1775 1821 de
1803 1775 1909 1836 quo
1939 1768 2067 1822 dicit

493 1859 679 1912 beatus
698 1857 932 1914 Joannes
966 1877 977 1910 :
1011 1858 1212 1912 Scimus
1229 1861 1346 1928 quia
1372 1858 1538 1911 Filius
1565 1857 1656 1911 Dei
1679 1860 1830 1923 venit,
1859 1868 1906 1912 et
1931 1859 2066 1911 dedit

492 1950 635 2004 nobis
665 1950 976 2003 intellectum
1004 1961 1056 2002 ut
1086 1966 1452 2020 cognoscamus
1482 1967 1650 2002 rerum
1671 1989 1685 2012 ,
1729 1960 1775 2002 et
1812 1950 1970 2002 simus
2011 1951 2063 2002 in

491 2059 608 2094 vero
635 2040 772 2095 Filio
803 2028 911 2110 ejus
940 2040 1062 2092 Jesu
1092 2039 1293 2092 Christo
1335 2039 1386 2099 (ι
1418 2039 1574 2092 Joan.
1605 2056 1658 2099 v,
1687 2038 1798 2108 ΞΟ).
1843 2038 1907 2091 Ει
1933 2054 2068 2106 quo-

488 2134 634 2186 niam
653 2148 808 2186 verus
833 2133 924 2185 Dei
949 2131 1112 2185 Filius
1139 2131 1452 2183 naturaliter
1496 2129 1636 2183 Deus
1667 2145 1821 2182 verus
1844 2137 1945 2194 est,
1975 2129 2064 2196 qui

494 2239 592 2278 nec
620 2239 775 2278 verus
799 2223 936 2278 Deus
960 2232 1099 2276 esset
1128 2224 1172 2276 si
1204 2239 1360 2276 verus
1388 2223 1550 2276 Filius
1579 2223 1644 2276 de
1678 2221 1849 2276 Patris
1878 2235 2064 2276 natura

489 2329 598 2369 non
621 2324 780 2379 esset,
803 2323 1088 2384 propterea
1110 2315 1288 2367 statim
1315 2314 1503 2368 beatus
1519 2313 1755 2368 Joannes
1781 2315 2019 2382 adjunin
2044 2334 2059 2367 :

491 2406 592 2459 Hic
620 2416 694 2460 est
724 2423 868 2459 verus
894 2406 1051 2470 Deus,
1085 2415 1132 2458 et
1161 2406 1264 2457 vita
1294 2416 1487 2458 a’terna
1519 2405 1784 2474 (Ibidem).
1818 2407 1974 2478 637
2008 2406 2063 2459 In

489 2515 554 2553 eo
584 2515 711 2553 vero
738 2498 877 2568 quod
908 2496 1148 2551 Christus
1180 2497 1272 2550 Dei
1301 2496 1493 2556 Filius,
1545 2506 1700 2550 natus
1747 2497 1814 2550 de
1862 2497 2063 2566 Spiritu

488 2597 676 2641 sancto
705 2604 770 2641 ex
805 2587 1017 2654 Virgine
1049 2585 1212 2639 Maria
1232 2586 1444 2651 dicitur,
1488 2602 1591 2640 non
1624 2596 1705 2641 est
1735 2587 1871 2641 alius
1898 2587 2064 2656 Spiri-

489 2689 575 2733 tus
614 2687 832 2732 sanctus
859 2692 1017 2746 quam
1048 2676 1385 2742 Paracletus,
1417 2677 1506 2746 qui
1536 2687 1618 2732 est
1647 2694 1783 2732 unus
1811 2676 1985 2732 Patris
2011 2686 2064 2732 et

491 2769 608 2824 Filii
639 2769 887 2838 Spiritus.
915 2768 1054 2822 Idem
1088 2783 1313 2836 namque
1341 2776 1423 2822 est
1447 2768 1679 2836 Spiritus
1706 2769 1944 2822 veritatis
1971 2769 2062 2838 qui

487 2882 518 2918 a
546 2864 703 2919 Patre
725 2864 964 2934 procedit
992 2863 1170 2932 (loan.
1203 2880 1292 2930 xv,
1327 2862 1438 2932 26),
1462 2864 1550 2932 qui
1581 2864 1718 2916 solet
1747 2864 1798 2916 in
1819 2864 2062 2932 Scriptu-

489 2957 561 3008 ris
589 2956 788 3008 sanctis
813 2955 1046 3023 Spiritus
1073 2964 1288 3009 sanctus
1317 2955 1716 3010 evidentissimc
1743 2957 2056 3024 nuncupari.

489 3041 618 3095 Nam
651 3052 728 3094 est
751 3042 964 3109 quidem
999 3043 1312 3096 naturaliter
1341 3050 1393 3095 et
1424 3041 1583 3096 Pater
1609 3043 1845 3111 spiritus,
1891 3053 1946 3098 et
1976 3044 2061 3099 Fi-

491 3133 592 3185 lius
619 3133 858 3200 spiritus,
881 3140 935 3184 et
957 3130 1114 3185 Pater
1133 3138 1366 3194 sanctus,
1398 3139 1452 3186 et
1471 3124 1636 3185 Filius
1668 3142 1882 3187 sanctus
1909 3150 1921 3198 ;
1965 3134 2057 3188 sed

2163 584 2320 637 aliam
2344 582 2482 650 Filii,
2507 583 2664 637 aliam
2687 581 2918 651 Spiritus
2937 580 3105 635 sancti
3133 597 3144 632 :
3171 589 3367 634 etcum
3395 597 3560 634 unum
3574 581 3746 636 Deum

2164 689 2269 728 non
2309 674 2517 737 colatis,
2569 687 2668 727 nec
2697 681 2805 728 tres
2835 680 3013 736 tamen
3043 668 3172 726 deos
3213 671 3427 736 colitis;
3476 671 3568 725 sed
3597 673 3753 742 quod

2162 763 2315 832 pejus
2343 771 2454 827 est,
2483 763 2609 830 quia
2637 761 2812 816 dicitis
2842 776 2939 814 vos
2966 760 3149 814 colere
3179 759 3396 829 quidem
3426 761 3563 814 duos
3590 761 3748 827 deos,

2163 853 2214 907 id
2248 861 2330 907 est
2358 851 2570 907 Patrem
2601 852 2757 907 deum
2789 851 3070 920 majorem,
3100 860 3154 906 et
3179 850 3369 906 Filium
3390 852 3550 907 deum
3582 853 3753 908 mino-

2164 959 2276 999 rem
2302 961 2314 1008 ;
2357 953 2556 999 etcum
2587 944 2664 998 eis
2692 944 2843 1012 quasi
2867 943 3049 1000 colere
3079 943 3337 1013 Spiritum
3359 955 3628 1011 sanctum,
3658 947 3750 1001 cui

2163 1035 2382 1090 omnino
2411 1049 2606 1089 nomen
2633 1034 2726 1088 Dei
2757 1033 3010 1098 adimitis,
3053 1040 3108 1086 et
3136 1048 3256 1086 eum
3285 1043 3587 1088 creaturam
3631 1035 3753 1090 sine

2165 1126 2343 1194 aliqua
2373 1126 2675 1180 reverentia
2705 1125 3041 1195 nuncupatis.
3095 1123 3268 1185 Unde,
3316 1125 3439 1194 quia
3481 1135 3749 1182 creatura:

2166 1233 2263 1272 vos
2291 1233 2407 1272 esse
2435 1217 2670 1272 cultores
2715 1215 3026 1284 ostenditis,
3074 1215 3317 1286 profecto
3349 1217 3415 1285 (si
3445 1219 3749 1289 volueritis)

2167 1325 2274 1362 non
2303 1317 2413 1364 tres
2435 1317 2659 1375 tantum,
2693 1308 2786 1363 sed
2818 1307 2978 1362 etiam
3002 1308 3238 1377 quinque
3273 1307 3405 1362 deos
3434 1309 3612 1363 colere
3646 1326 3749 1380 po-

2167 1401 2358 1456 teritis.

2493 1515 2655 1585 638
2683 1512 3160 1568 FRACMENTUM
3193 1512 3429 1569 XXXIV.

2171 1602 2292 1658 Non
2322 1605 2418 1658 soli
2455 1604 2599 1658 Patri
2628 1607 2890 1674 sacriﬁcat
2934 1604 3188 1674 Ecclesia,
3221 1617 3308 1657 aut
3348 1606 3443 1658 soli
3480 1604 3628 1658 Patri
3659 1608 3752 1661 dat

2242 1675 2480 1744 gloriam,
2506 1676 2595 1728 sed
2618 1677 2710 1728 toti
2739 1673 2996 1728 Trinitati.
3025 1673 3259 1727 Christus
3279 1692 3372 1745 pro
3398 1673 3541 1728 nobis
3563 1693 3751 1745 corpus

2237 1761 2383 1816 suum
2404 1754 2452 1796 et
2476 1747 2714 1816 templum
2734 1753 2794 1816 et
2807 1746 3117 1816 sacrificium
3141 1746 3276 1813 frcit.
3308 1744 3516 1816 Gratias
3545 1749 3752 1816 agimus

2242 1813 2392 1867 Patri
2422 1825 2469 1866 et
2511 1814 2649 1868 Filio
2677 1825 2730 1866 ut
2760 1813 2900 1878 Deo,
2950 1813 3100 1866 Patri
3146 1825 3315 1866 autem
3345 1832 3434 1882 per
3469 1813 3666 1869 Filium
3693 1827 3752 1870 ut

2102 1863 2145 1921 Β
2241 1863 2528 1953 sistas:
2560 1863 2792 1953 Spiritu}
2815 1863 3752 1939 ὲὶιῖιεῦιῖιὸεᾶἧῖ’ὶιήοῖιἾιᾶῡὲῖἶὶὶιέιῖ

2239 1969 2394 2021 opera
2429 1952 2544 2005 Dei.

2238 2044 2462 2114 Oportet
2484 2053 2661 2098 autem
2693 2053 2840 2098 tuum
2870 2053 3262 2114 consequenter
3283 2044 3501 2100 refutari
3533 2048 3751 2102 menda-

2166 2137 2324 2198 ciun,
2360 2136 2410 2188 in
2443 2152 2509 2189 eo
2539 2136 2679 2204 quod
2704 2134 2855 2199 dicis,
2890 2150 3102 2204 semper
3124 2150 3208 2188 me
3233 2135 3488 2200 lirmasse,
3522 2138 3623 2194 soli
3657 2137 3744 2192 of.

2163 2229 2293 2282 ferri
2315 2244 2474 2282 omne
2497 2229 2816 2284 sacrilicium
2845 2227 2989 2282 Patri
3015 2246 3026 2280 :
3050 2227 3191 2296 quod
3221 2243 3320 2295 ego
3337 2244 3438 2282 nec
3459 2230 3750 2300 al'quando

2165 2319 2300 2382 dixi,
2347 2335 2446 2373 nec
2486 2318 2626 2373 dico.
2660 2318 2858 2372 Sancta
2887 2319 3030 2372 enim
3073 2318 3307 2373 Ecclesia
3335 2320 3604 2374 catholica
3638 2337 3746 2376 non

2165 2410 2262 2463 soli
2292 2409 2454 2474 Patri,
2506 2409 2597 2463 sed
2638 2410 2796 2463 simul
2819 2418 3026 2464 sancta:
3062 2407 3329 2464 sacriﬁcat
3357 2409 3640 2476 Trinitati;
3689 2421 3749 2466 et

2164 2501 2302 2554 sicut
2332 2501 2396 2554 ad
2426 2501 2591 2555 solius
2633 2499 2806 2554 Patris
2835 2517 3116 2569 personam
3149 2501 3383 2570 dirigens
3419 2503 3744 2564 orationem,

2166 2600 2334 2646 totam
2363 2593 2519 2647 simul
2544 2593 2758 2647 invocat
2788 2592 3101 2647 Trinitatem
3128 2611 3142 2658 ;
3172 2594 3242 2646 ita
3273 2593 3416 2662 quod
3448 2593 3590 2648 Patri
3633 2594 3748 2650 Deo

2164 2684 2425 2748 immolat,
2459 2683 2614 2741 simul
2647 2683 2892 2737 Trinitati
2916 2682 3196 2737 sacriﬁcat.
3223 2682 3348 2738 Sive
3369 2685 3510 2738 enim
3542 2685 3595 2738 in
3621 2699 3748 2739 ora-

2165 2775 2334 2840 tione,
2360 2775 2471 2828 sive
2494 2775 2547 2828 in
2569 2774 2850 2835 sacriﬁcio,
2874 2773 3074 2827 nullam
3106 2772 3228 2828 facit
3252 2773 3382 2828 ﬁdes
3401 2789 3526 2828 vera
3549 2776 3748 2830 discre-

2165 2866 2366 2919 tionem
2399 2866 2654 2929 muneris,
2685 2864 2810 2934 quia
2835 2879 2940 2918 non
2971 2874 3053 2918 est
3081 2865 3132 2918 in
3173 2863 3434 2918 'I‘rinitate
3461 2865 3748 2921 diversitas

2163 2955 2449 3023 potestatis
2481 2973 2494 3007 :
2529 2953 2668 3008 unde
2696 2953 2950 3024 quidquid
2982 2955 3072 3007 uni
3098 2969 3340 3022 persona:
3363 2953 3614 3018 ollertur,
3648 2971 3747 3010 ne-

2163 3064 2315 3102 cesse
2345 3057 2427 3102 est
2454 3046 2699 3101 Trinitati
2732 3047 2934 3116 pariter
2959 3045 3232 3107 offeratur.
3258 3045 3408 3112 Quod
3429 3057 3746 3102 sanctorum

2165 3139 2586 3208 patriarcharum
2617 3148 2671 3192 et
2701 3139 3079 3208 prophetarum
3117 3137 3513 3192 demonstratur
3551 3154 3748 3194 exem-

457 3229 666 3274 -tanu-n
707 3237 810 3274 non
844 3221 1111 3274 invenitur
1140 3221 1285 3275 locus
1316 3222 1366 3274 in
1399 3222 1589 3276 divinis
1618 3223 1842 3292 eloquiis
1874 3225 1924 3277 in
1952 3239 2058 3292 quo
2086 3223 2131 3285 C
2164 3231 2265 3301 plis
2295 3248 2306 3282 :
2343 3231 2430 3284 ubi
2454 3231 2820 3300 principaliter
2843 3229 3224 3284 attendendum
3257 3230 3406 3283 nobis
3434 3239 3543 3294 est,
3569 3231 3746 3286 altare

494 3311 649 3365 Pater
676 3320 766 3365 aut
796 3311 958 3367 Filius
989 3312 1263 3378 absolute,
1303 3323 1356 3364 et
1398 3313 1512 3366 sine
1554 3313 1727 3381 aliqua
1760 3314 2060 3380 adiectione

484 3400 694 3453 dicatur
709 3399 936 3467 Spiritus
960 3409 1192 3452 sanrtus.
1219 3399 1487 3468 Scriptum
1511 3411 1586 3454 est
1620 3402 1759 3454 enim
1791 3421 1802 3454 :
1832 3403 2058 3472 Spiritus

484 3501 562 3546 est
589 3490 726 3544 Deus
749 3490 926 3562 (Joan.
954 3505 1025 3554 tv,
1046 3490 1167 3558 24);
1199 3490 1290 3543 sed
1319 3491 1552 3544 additum
1579 3501 1662 3545 est
1685 3493 1753 3546 ibi
1787 3493 1946 3555 Deus,
1972 3495 2057 3549 ubi

487 3583 603 3656 sine
625 3581 787 3635 dubio
823 3580 981 3634 Pater
1009 3581 1316 3648 agnoscitur
1346 3582 1504 3635 Deus.
1533 3582 1671 3650 Ergo
1697 3600 1814 3638 cum
1849 3583 2056 3639 Patrem

483 3681 580 3726 aut
608 3671 797 3725 Filium
829 3681 1012 3724 sancta
1045 3669 1321 3739 Scriptura
1350 3671 1632 3738 signiﬁcat,
1664 3674 1939 3727 consuevit
1966 3685 2059 3729 aut

484 3761 742 3831 Spiritum
771 3759 1170 3822 tantummodo,
1216 3768 1308 3812 aut
1345 3769 1584 3813 sanctum
1627 3761 1833 3825 dicere,
1883 3773 1938 3817 et
1967 3775 2058 3819 aut

479 3869 679 3908 nomen
707 3853 994 3922 adjungere
1021 3867 1129 3920 quo
1170 3851 1253 3904 vel
1283 3850 1440 3904 Pater
1470 3854 1549 3905 vel
1577 3852 1742 3905 Filius
1770 3855 1937 3922 possit
1977 3856 2059 3908 in-

482 3946 648 4012 telligi
669 3985 682 4008 ,
716 3952 808 3996 aut
835 3945 878 3996 si
904 3959 1095 3996 nomen
1129 3958 1232 3995 non
1256 3941 1575 4010 adjunxerit,
1607 3958 1670 3996 ex
1705 3944 2055 4011 pméedenti-

486 4039 584 4091 bus
628 4036 710 4090 vel
749 4035 1195 4102 subsequentibus
1239 4043 1557 4099 agnoscatur
1586 4044 1761 4088 utrum
1813 4037 1898 4089 uni
1931 4052 2054 4105 per-

482 4142 648 4191 sonae,
682 4142 747 4179 an
775 4125 931 4179 simul
957 4127 1052 4194 ipsi
1079 4135 1274 4178 sancta:
1289 4125 1560 4188 Trinitati,
1591 4127 1882 4181 secundum
1909 4144 2057 4195 regu-

482 4219 590 4272 lam
619 4218 812 4271 debeat
835 4232 971 4271 vera:
1013 4217 1133 4271 ﬁdei
1163 4219 1421 4285 cooptari.
1456 4217 1572 4286 Ipse
1603 4228 1684 4272 est
1725 4219 1884 4287 igitur
1921 4237 2056 4275 unus

481 4308 710 4378 Spiritus
739 4319 973 4375 sanctus,
1005 4310 1070 4362 de
1099 4325 1206 4376 quo
1228 4309 1522 4364 secundum
1549 4327 1765 4365 carnem
1790 4323 1944 4369 natus
1973 4323 2056 4368 est

480 4401 741 4462 Christus,
791 4416 855 4454 ex
885 4415 992 4468 quo
1035 4401 1345 4469 spiritaliter
1373 4403 1546 4456 omnis
1577 4405 1870 4458 renascitur
1899 4406 2052 4458 Chri-

479 4493 702 4548 stianus.
737 4491 808 4543 Ea
838 4493 1034 4560 quippe
1077 4492 1248 4546 sancti
1289 4491 1518 4561 Spiritus
1547 4495 1737 4561 gratia,
1783 4510 1885 4562 qua
1916 4495 2055 4550 Deus

2163 3319 2229 3374 ad
2260 3321 2362 3374 hoc
2389 3335 2603 3389 semper
2645 3319 2960 3374 aediﬁcatum
2994 3319 3135 3383 Deo,
3178 3328 3234 3374 ut
3275 3319 3455 3374 debito
3495 3320 3743 3376 sacriﬁcii

2164 3411 2303 3465 Deus
2330 3411 2626 3465 honoretur
2646 3410 2924 3478 obsequio.
2957 3409 3136 3463 Altare
3159 3424 3390 3477 namque
3417 3410 3486 3464 ibi
3509 3411 3740 3479 primum

2161 3501 2214 3554 in
2245 3500 2443 3554 sanctis
2486 3499 2842 3554 voluminibus
2873 3499 3204 3562 nominatur,
3239 3498 3327 3551 ubi
3353 3507 3567 3552 sanctus
3595 3497 3738 3562 Noe,

2163 3592 2230 3646 de
2259 3608 2381 3646 arca
2412 3591 2712 3661 egrediens,
2745 3590 2853 3643 Deo
2880 3590 3193 3660 perhibetur
3220 3589 3424 3644 hostias
3455 3591 3734 3644 obtulisse.

2161 3683 2248 3738 Sic
2284 3685 2425 3737 enim
2449 3683 2702 3751 scriptum
2729 3691 2808 3736 est
2839 3698 2850 3734 :
2884 3681 2952 3734 Et
2975 3682 3251 3751 cedi/icavit
3283 3679 3399 3734 Noe
3425 3682 3593 3734 altare
3624 3679 3742 3735 Do-

2162 3777 2321 3841 mino,
2353 3785 2400 3828 et
2426 3779 2619 3844 accepit
2660 3775 2722 3828 ab
2769 3773 3002 3827 omnibus
3032 3774 3293 3844 pecoribus
3335 3774 3564 3838 mundis,
3597 3783 3648 3827 et
3672 3777 3742 3826 ab

2161 3865 2392 3919 omnibus
2422 3863 2712 3918 volatilibus
2744 3866 2948 3917 mundis
2967 3906 2981 3928 ,
3033 3874 3082 3917 et
3111 3864 3292 3918 obtulit
3322 3865 3544 3917 hostiam
3584 3881 3743 3934 super

2161 3955 2326 4007 altare
2349 3953 2458 4008 Deo
2492 3952 2698 4025 (Cenes.
2729 3970 2835 4016 vin,
2865 3953 2976 4022 ΞΟ).
3020 3953 3149 4006 Nam
3180 3962 3235 4006 et
3274 3953 3529 4007 Dominus
3554 3963 3744 4008 osten-

2160 4046 2291 4100 dens
2317 4044 2457 4115 quod
2489 4044 2642 4112 hujus
2679 4045 2752 4099 rei
2785 4045 2953 4114 gratia
2983 4052 3328 4099 construatur
3354 4044 3555 4108 altare,
3603 4044 3742 4099 Mosi

2159 4136 2359 4190 famulo
2379 4150 2478 4189 suo
2500 4135 2577 4188 sic
2602 4135 2836 4205 loquitur
2867 4153 2878 4187 :
2911 4135 3086 4188 Altare
3114 4135 3178 4186 de
3205 4143 3337 4187 terra
3361 4135 3562 4204 facietis
3589 4135 3742 4198 mihi,

2159 4238 2208 4281 et
2235 4225 2562 4280 immolabitis
2588 4243 2740 4297 super
2758 4227 2885 4280 illud
2907 4227 3204 4280 holocausta
3224 4237 3271 4278 et
3295 4227 3548 4279 salutaria
3569 4235 3741 4279 vestra

2163 4316 2357 4384 (Exod.
2377 4333 2462 4379 xx,
2487 4315 2599 4385 9.4).
2645 4317 2978 4385 Inquiramus
2994 4331 3122 4384 ergo
3143 4315 3356 4369 cuinam
3374 4323 3554 4384 patres
3568 4315 3740 4368 nostri

2161 4410 2327 4462 altare
2356 4410 2786 4472 construxerint,
2840 4417 2895 4461 ut
2945 4408 3041 4477 ipsi
3072 4424 3165 4462 eos
3189 4422 3543 4474 agnoscamus
3571 4408 3739 4460 etiam

2159 4499 2475 4554 sacriﬁcium
2521 4500 2796 4554 obtulisse.
2851 4499 2976 4554 Post
3022 4499 3150 4553 illud
3183 4500 3362 4566 itaque
3391 4499 3560 4552 altare
3589 4498 3739 4566 quod

480 4583 794 4651 Unigenitus
839 4583 1084 4650 dignatus
1125 4590 1207 4636 est
1247 4583 1411 4638 Filius
1453 4585 1680 4639 hominis
1726 4586 1860 4651 ﬁeri,
1904 4587 2054 4641 nobis
2091 4605 2134 4660 ι)
2161 4591 2274 4646 Noe
2306 4591 2529 4645 Domino
2556 4590 2860 4655 fabricavit,
2907 4606 2936 4644 a
2965 4600 3151 4644 sancto
3195 4589 3460 4644 Abraham
3510 4590 3742 4657 legimus

474 4675 733 4730 donatum
760 4684 842 4730 est
866 4675 917 4728 in
962 4675 1055 4728 Dei
1082 4675 1217 4728 ﬁlios
1247 4675 1506 4744 adoptari.
1541 4677 1655 4731 Non
1681 4686 1857 4731 autem
1881 4677 2054 4731 Trini-

478 4765 624 4829 tatis,
649 4765 742 4818 sed
765 4765 932 4818 solius
957 4765 1048 4817 Dei
1080 4763 1254 4818 Patris
1290 4774 1371 4818 est
1399 4764 1564 4818 Filius
1583 4763 1735 4818 Jcsus
1762 4765 2003 4821 Christus
2037 4785 2048 4819 :

475 4855 568 4922 qui
611 4854 794 4924 utique
821 4853 977 4922 digne
1003 4853 1198 4907 dicitur
1225 4862 1526 4907 comternus
1550 4854 1660 4908 Deo
1691 4853 1854 4917 Patri,
1887 4856 2050 4908 etiam

477 4954 698 5016 accepta
727 4959 888 5000 carne
917 4960 1032 5008 sua,
1080 4945 1204 5013 quia
1249 4960 1354 4998 una
1402 4953 1484 4998 est
1529 4946 1582 4998 in
1630 4946 1718 4999 illo
1759 4946 2052 5000 divinitatis

474 5037 758 5105 carnisque
784 5051 1040 5106 persona:
1069 5045 1124 5089 et
1142 5037 1253 5105 ipse
1267 5035 1358 5090 Dei
1384 5035 1548 5090 Filius
1568 5036 1655 5104 qui
1689 5037 1738 5089 in
1763 5052 2048 5105 personam

474 5128 689 5183 deitatis
717 5142 827 5181 sum
871 5126 1332 5194 acccpitcarnem,
1386 5127 1698 5180 naturaliter
1737 5127 1896 5180 habet
1938 5127 2047 5181 Deo

477 5220 618 5274 Patri
644 5228 964 5275 ceteternam
995 5219 1108 5272 sine
1151 5219 1301 5272 initio
1330 5218 1603 5272 deitatem.
1653 5219 1759 5272 Nec
1800 5227 1880 5273 cst
1912 5219 2047 5272 alter

472 5314 702 5383 Spiritus
721 5321 936 5369 sanctus
951 5326 1108 5380 quem
1123 5311 1178 5364 in
1199 5312 1396 5364 nostris
1407 5312 1737 5365 orationibus
1757 5328 1875 5365 cum
1893 5309 2047 5366 Patre

470 5415 528 5458 et
555 5404 690 5460 Filio
711 5404 1067 5467 nominemus,
1091 5410 1284 5471 praster
1315 5419 1475 5457 unum
1503 5403 1833 5458 Paracletum
1874 5403 2044 5473 Spiri-

473 5505 584 5548 tum
620 5513 631 5547 :
664 5510 821 5565 quem
862 5495 938 5548 sic
979 5510 1142 5547 unum
1173 5492 1424 5563 Spiritum
1457 5493 1629 5548 Patris
1658 5505 1713 5548 et
1740 5494 1860 5548 Filii
1890 5494 2044 5548 novi-

475 5602 612 5650 mus,
640 5595 696 5640 ut
715 5585 1222 5641 consubstantialem
1245 5595 1298 5638 et
1318 5594 1643 5639 comternum
1669 5585 1809 5639 Patri
1834 5594 1887 5638 et
1910 5584 2044 5638 Filio

470 5676 762 5728 certissime
793 5677 1116 5729 noverimus.
1169 5677 1221 5729 In
1265 5692 1330 5728 eo
1361 5686 1536 5728 autem
1571 5692 1728 5728 lllltll‘ll
1761 5676 1924 5729 Ileum
1949 5693 2045 5730 nos

471 5764 651 5817 colere
680 5762 1126 5826 demonstramns,
1157 5765 1276 5832 quia
1311 5781 1467 5817 unam
1500 5763 1770 5818 Trinitatis
1798 5765 2044 5818 substan-

469 5857 600 5910 tiam
622 5854 888 5908 credimus
907 5864 958 5909 et
988 5855 1234 5911 fatemur.
1265 5857 1370 5911 Vos
1392 5866 1569 5912 autem
1596 5857 1894 5913 nullatenus
1914 5859 2044 5912 estis

2158 4682 2326 4735 altare
2354 4689 2738 4736 constructum.
2770 4680 2859 4736 Sic
2888 4681 3029 4735 enim
3060 4681 3314 4749 scriptum
3337 4687 3420 4734 est
3452 4697 3464 4731 :
3497 4678 3568 4732 Et
3597 4680 3738 4732 visus

2157 4782 2231 4824 est
2266 4770 2514 4824 Dominus
2559 4769 2696 4824 Deus
2734 4770 2974 4834 Abrahae,
3023 4779 3070 4824 et
3109 4771 3241 4823 dixit
3281 4771 3326 4823 ei
3368 4786 3384 4822 :
3417 4768 3616 4824 Semini
3648 4779 3735 4822 tuo

2157 4859 2287 4914 dabo
2319 4870 2505 4913 terram
2534 4861 2705 4913 istam.
2759 4859 2826 4912 Et
2853 4861 3128 4929 adiﬁcavit
3169 4858 3237 4912 ibi
3277 4858 3539 4912 Abraham
3567 4860 3737 4912 altare

2155 4952 2397 5016 Domino,
2429 4953 2514 5023 qui
2535 4953 2668 5006 visus
2696 4960 2771 5005 est
2799 4952 2864 5005 ei.
2899 4949 2965 5003 Et
2994 4952 3203 5004 recessit
3245 4950 3366 5003 inde
3404 4951 3459 5003 in
3506 4960 3733 5003 montem

2153 5052 2332 5097 contra
2363 5043 2606 5095 orientem
2645 5041 2822 5095 Bethel
2846 5081 2860 5104 ,
2911 5050 2958 5093 et
2997 5041 3178 5095 statuit
3223 5039 3292 5092 ibi
3340 5038 3732 5093 tabernaculum

2153 5147 2300 5184 suum
2330 5130 2522 5194 Bethel,
2571 5130 2846 5184 secundum
2875 5146 3018 5182 mare
3046 5131 3205 5198 Agge,
3237 5139 3415 5182 contra
3439 5129 3686 5182 orientem
3713 5148 3731 5184 :

2153 5231 2201 5275 et
2223 5221 2496 5290 aediﬁcavit
2517 5219 2586 5274 ibi
2607 5224 2773 5274 altare
2799 5219 3019 5274 Domino
3045 5218 3173 5286 Deo,
3199 5230 3246 5272 et
3269 5221 3522 5272 invocavit
3550 5221 3602 5272 in
3635 5238 3732 5273 no-

2155 5313 2289 5366 mine
2310 5311 2515 5366 Domini
2544 5311 2661 5375 Dei,
2689 5314 2776 5383 qui
2803 5313 2936 5364 visus
2955 5321 3031 5364 est
3053 5308 3259 5380 (Cenes.
3286 5325 3374 5373 xu,
3409 5309 3458 5375 7,
3490 5308 3566 5380 8).
3589 5308 3729 5364 Cum

2153 5403 2394 5473 superius
2421 5403 2486 5458 de
2515 5403 2854 5457 invocatione
2895 5401 2986 5456 Dei
3013 5414 3292 5468 ageremus
3310 5441 3325 5464 ,
3358 5399 3518 5454 istum
3548 5399 3730 5454 locum

2145 5494 2257 5562 jam
2298 5510 2394 5547 nos
2432 5493 2671 5562 posuisse
2720 5491 3094 5553 meminimus;
3151 5489 3322 5559 ipsum
3368 5490 3530 5542 etiam
3584 5507 3731 5546 nunc

2150 5592 2453 5653 repetamus
2503 5598 2738 5636 sensum.
2781 5582 3034 5636 Volentes
3064 5580 3205 5635 enim
3250 5580 3438 5633 Filium
3486 5595 3517 5632 a
3567 5579 3729 5635 Patre

2149 5674 2406 5727 minorem
2437 5673 2758 5738 ostendere,
2811 5661 2997 5726 soletis
3038 5671 3235 5735 dicere,
3287 5671 3475 5724 Filium
3523 5672 3729 5726 sanctis

2150 5764 2392 5819 I’atribus
2424 5767 2610 5821 visum.
2645 5765 2782 5831 Quid
2811 5779 2938 5832 ergo
2961 5780 3099 5819 nunc
3125 5763 3344 5817 dicitis?
3373 5763 3728 5832 Quandoqui-

2147 5857 2266 5913 dem
2297 5857 2559 5910 Abraham
2593 5865 2792 5920 noster,
2845 5855 2972 5921 Deo,
3006 5855 3096 5924 qui
3125 5854 3172 5908 ei
3205 5853 3346 5908 visus
3385 5864 3467 5908 est
3493 5897 3505 5921 ,
3548 5853 3725 5908 altare
