  <div class='ocr_page' id='page_1' title='image "/cluster/home/n/w/nwhite01/storage/ocr_20150623/65/hvd.32044054128558/410.png"; bbox 0 0 4090 6342; ppageno 0'>
   <div class='ocr_carea' id='block_1_1' title="bbox 292 344 386 403">
    <p class='ocr_par' dir='ltr' id='par_1_1' title="bbox 292 344 386 403">
     <span class='ocr_line' id='line_1_1' title="bbox 292 344 386 403; baseline 0.011 -1"><span class='ocrx_word' id='word_1_1' title='bbox 292 344 386 403; x_wconf 74' lang='lat'><strong>809</strong></span> 
     </span>
    </p>
   </div>
   <div class='ocr_carea' id='block_1_2' title="bbox 1355 324 2505 389">
    <p class='ocr_par' dir='ltr' id='par_1_2' title="bbox 1355 324 2505 389">
     <span class='ocr_line' id='line_1_2' title="bbox 1355 324 2505 389; baseline -0.008 0"><span class='ocrx_word' id='word_1_2' title='bbox 1355 332 1632 389; x_wconf 78' lang='lat' dir='ltr'><strong>CONTRA</strong></span> <span class='ocrx_word' id='word_1_3' title='bbox 1670 325 2020 386; x_wconf 70' lang='lat' dir='ltr'><strong>FABIANUM</strong></span> <span class='ocrx_word' id='word_1_4' title='bbox 2063 324 2505 382; x_wconf 72' lang='lat' dir='ltr'><strong>FRAGMENTA.</strong></span> 
     </span>
    </p>
   </div>
   <div class='ocr_carea' id='block_1_3' title="bbox 3461 321 3566 377">
    <p class='ocr_par' dir='ltr' id='par_1_3' title="bbox 3461 321 3566 377">
     <span class='ocr_line' id='line_1_3' title="bbox 3461 321 3566 377; baseline -0.019 0"><span class='ocrx_word' id='word_1_5' title='bbox 3461 321 3566 377; x_wconf 89' lang='lat' dir='ltr'><strong>8l0</strong></span> 
     </span>
    </p>
   </div>
   <div class='ocr_carea' id='block_1_4' title="bbox 291 439 3564 514">
    <p class='ocr_par' dir='ltr' id='par_1_4' title="bbox 291 439 3564 514">
     <span class='ocr_line' id='line_1_4' title="bbox 291 439 3564 514; baseline -0.007 0"><span class='ocrx_word' id='word_1_6' title='bbox 291 459 568 514; x_wconf 65' lang='lat' dir='ltr'><strong>aediﬁcant</strong></span> <span class='ocrx_word' id='word_1_7' title='bbox 593 474 605 508; x_wconf 89' lang='lat'><strong>:</strong></span> <span class='ocrx_word' id='word_1_8' title='bbox 635 470 742 510; x_wconf 66' lang='lat' dir='ltr'><strong>non</strong></span> <span class='ocrx_word' id='word_1_9' title='bbox 771 461 948 508; x_wconf 85' lang='lat' dir='ltr'><strong>autem</strong></span> <span class='ocrx_word' id='word_1_10' title='bbox 974 453 1064 506; x_wconf 77' lang='lat' dir='ltr'><strong>fuit</strong></span> <span class='ocrx_word' id='word_1_11' title='bbox 1095 451 1388 506; x_wconf 74' lang='lat' dir='ltr'><strong>necessitas</strong></span> <span class='ocrx_word' id='word_1_12' title='bbox 1412 447 1710 503; x_wconf 71' lang='lat' dir='ltr'><strong>mdilicandi</strong></span> <span class='ocrx_word' id='word_1_13' title='bbox 1741 446 1874 497; x_wconf 78' lang='lat' dir='ltr'><strong>alta-</strong></span> <span class='ocrx_word' id='word_1_14' title='bbox 1903 453 1950 506; x_wconf 81' lang='grc' dir='ltr'><strong>Α</strong></span> <span class='ocrx_word' id='word_1_15' title='bbox 1978 445 2234 512; x_wconf 76' lang='lat' dir='ltr'><strong>gationcm</strong></span> <span class='ocrx_word' id='word_1_16' title='bbox 2271 444 2496 512; x_wconf 82' lang='lat' dir='ltr'><strong>gentium</strong></span> <span class='ocrx_word' id='word_1_17' title='bbox 2526 443 2644 508; x_wconf 86' lang='lat' dir='ltr'><strong>erit,</strong></span> <span class='ocrx_word' id='word_1_18' title='bbox 2671 451 2725 495; x_wconf 89' lang='lat' dir='ltr'><strong>ut</strong></span> <span class='ocrx_word' id='word_1_19' title='bbox 2755 441 3000 512; x_wconf 75' lang='lat' dir='ltr'><strong>recipiam</strong></span> <span class='ocrx_word' id='word_1_20' title='bbox 3033 456 3195 510; x_wconf 77' lang='lat' dir='ltr'><strong>reges,</strong></span> <span class='ocrx_word' id='word_1_21' title='bbox 3223 451 3272 493; x_wconf 88' lang='lat' dir='ltr'><strong>et</strong></span> <span class='ocrx_word' id='word_1_22' title='bbox 3301 439 3564 508; x_wconf 67' lang='lat' dir='ltr'><strong>eﬂ‘undam</strong></span> 
     </span>
    </p>
   </div>
   <div class='ocr_carea' id='block_1_5' title="bbox 295 535 1876 615">
    <p class='ocr_par' dir='ltr' id='par_1_5' title="bbox 295 535 1876 615">
     <span class='ocr_line' id='line_1_5' title="bbox 295 535 1876 615; baseline -0.012 -11"><span class='ocrx_word' id='word_1_23' title='bbox 295 552 379 615; x_wconf 85' lang='lat' dir='ltr'><strong>ris,</strong></span> <span class='ocrx_word' id='word_1_24' title='bbox 432 547 536 602; x_wconf 70' lang='lat' dir='ltr'><strong>nisi</strong></span> <span class='ocrx_word' id='word_1_25' title='bbox 560 560 663 614; x_wconf 75' lang='lat' dir='ltr'><strong>pro</strong></span> <span class='ocrx_word' id='word_1_26' title='bbox 692 545 856 614; x_wconf 73' lang='lat'><strong>639</strong></span> <span class='ocrx_word' id='word_1_27' title='bbox 890 540 1167 598; x_wconf 84' lang='lat' dir='ltr'><strong>sacriﬁciis</strong></span> <span class='ocrx_word' id='word_1_28' title='bbox 1195 538 1506 595; x_wconf 77' lang='lat' dir='ltr'><strong>olferendis.</strong></span> <span class='ocrx_word' id='word_1_29' title='bbox 1557 537 1668 590; x_wconf 89' lang='lat' dir='ltr'><strong>Deo</strong></span> <span class='ocrx_word' id='word_1_30' title='bbox 1717 535 1876 600; x_wconf 86' lang='lat' dir='ltr'><strong>igitur</strong></span> 
     </span>
    </p>
   </div>
   <div class='ocr_carea' id='block_1_6' title="bbox 295 626 1876 710">
    <p class='ocr_par' dir='ltr' id='par_1_6' title="bbox 295 626 1876 710">
     <span class='ocr_line' id='line_1_6' title="bbox 295 626 1876 710; baseline -0.011 -16"><span class='ocrx_word' id='word_1_31' title='bbox 295 639 379 710; x_wconf 85' lang='lat' dir='ltr'><strong>qui</strong></span> <span class='ocrx_word' id='word_1_32' title='bbox 410 639 556 692; x_wconf 87' lang='lat' dir='ltr'><strong>visus</strong></span> <span class='ocrx_word' id='word_1_33' title='bbox 576 645 660 692; x_wconf 91' lang='lat' dir='ltr'><strong>est</strong></span> <span class='ocrx_word' id='word_1_34' title='bbox 679 637 750 698; x_wconf 87' lang='lat' dir='ltr'><strong>ei.</strong></span> <span class='ocrx_word' id='word_1_35' title='bbox 779 641 994 690; x_wconf 86' lang='lat' dir='ltr'><strong>sanctus</strong></span> <span class='ocrx_word' id='word_1_36' title='bbox 1016 633 1286 688; x_wconf 82' lang='lat' dir='ltr'><strong>Abraham</strong></span> <span class='ocrx_word' id='word_1_37' title='bbox 1310 627 1632 684; x_wconf 87' lang='lat' dir='ltr'><strong>sacriﬁcium</strong></span> <span class='ocrx_word' id='word_1_38' title='bbox 1656 626 1876 690; x_wconf 82' lang='lat' dir='ltr'><strong>obtulit,</strong></span> 
     </span>
    </p>
   </div>
   <div class='ocr_carea' id='block_1_7' title="bbox 297 716 1874 788">
    <p class='ocr_par' dir='ltr' id='par_1_7' title="bbox 297 716 1874 788">
     <span class='ocr_line' id='line_1_7' title="bbox 297 716 1874 788; baseline -0.013 -2"><span class='ocrx_word' id='word_1_39' title='bbox 297 731 379 786; x_wconf 89' lang='lat' dir='ltr'><strong>cui</strong></span> <span class='ocrx_word' id='word_1_40' title='bbox 403 745 508 783; x_wconf 90' lang='lat' dir='ltr'><strong>non</strong></span> <span class='ocrx_word' id='word_1_41' title='bbox 532 730 604 783; x_wconf 90' lang='lat' dir='ltr'><strong>ob</strong></span> <span class='ocrx_word' id='word_1_42' title='bbox 625 726 768 781; x_wconf 84' lang='lat' dir='ltr'><strong>aliud</strong></span> <span class='ocrx_word' id='word_1_43' title='bbox 792 726 894 780; x_wconf 90' lang='lat' dir='ltr'><strong>nisi</strong></span> <span class='ocrx_word' id='word_1_44' title='bbox 922 734 977 779; x_wconf 91' lang='lat' dir='ltr'><strong>ut</strong></span> <span class='ocrx_word' id='word_1_45' title='bbox 998 721 1346 788; x_wconf 90' lang='lat' dir='ltr'><strong>sacriﬁcaret,</strong></span> <span class='ocrx_word' id='word_1_46' title='bbox 1368 721 1534 774; x_wconf 89' lang='lat' dir='ltr'><strong>altare</strong></span> <span class='ocrx_word' id='word_1_47' title='bbox 1555 716 1874 772; x_wconf 83' lang='lat' dir='ltr'><strong>construxit.</strong></span> 
     </span>
    </p>
   </div>
   <div class='ocr_carea' id='block_1_8' title="bbox 295 804 1881 890">
    <p class='ocr_par' dir='ltr' id='par_1_8' title="bbox 295 804 1881 890">
     <span class='ocr_line' id='line_1_8' title="bbox 295 804 1881 890; baseline -0.01 -16"><span class='ocrx_word' id='word_1_48' title='bbox 295 818 680 890; x_wconf 83' lang='lat' dir='ltr'><strong>Ipsumetiam</strong></span> <span class='ocrx_word' id='word_1_49' title='bbox 729 815 1028 878; x_wconf 82' lang='lat' dir='ltr'><strong>invocavit,</strong></span> <span class='ocrx_word' id='word_1_50' title='bbox 1080 809 1512 882; x_wconf 84' lang='lat' dir='ltr'><strong>quandoquidem</strong></span> <span class='ocrx_word' id='word_1_51' title='bbox 1561 807 1614 860; x_wconf 91' lang='lat' dir='ltr'><strong>iu</strong></span> <span class='ocrx_word' id='word_1_52' title='bbox 1664 804 1881 858; x_wconf 86' lang='lat' dir='ltr'><strong>nomine</strong></span> 
     </span>
    </p>
   </div>
   <div class='ocr_carea' id='block_1_9' title="bbox 297 893 1876 974">
    <p class='ocr_par' dir='ltr' id='par_1_9' title="bbox 297 893 1876 974">
     <span class='ocr_line' id='line_1_9' title="bbox 297 893 1876 974; baseline -0.011 -10"><span class='ocrx_word' id='word_1_53' title='bbox 297 909 504 964; x_wconf 84' lang='lat' dir='ltr'><strong>Domini</strong></span> <span class='ocrx_word' id='word_1_54' title='bbox 536 907 628 962; x_wconf 90' lang='lat' dir='ltr'><strong>Dei</strong></span> <span class='ocrx_word' id='word_1_55' title='bbox 654 906 747 974; x_wconf 88' lang='lat' dir='ltr'><strong>qui</strong></span> <span class='ocrx_word' id='word_1_56' title='bbox 777 905 921 958; x_wconf 90' lang='lat' dir='ltr'><strong>visus</strong></span> <span class='ocrx_word' id='word_1_57' title='bbox 947 911 1048 966; x_wconf 90' lang='lat' dir='ltr'><strong>est,</strong></span> <span class='ocrx_word' id='word_1_58' title='bbox 1083 901 1278 973; x_wconf 77' lang='lat' dir='ltr'><strong>legitur</strong></span> <span class='ocrx_word' id='word_1_59' title='bbox 1299 901 1598 952; x_wconf 86' lang='lat' dir='ltr'><strong>invocasse.</strong></span> <span class='ocrx_word' id='word_1_60' title='bbox 1624 893 1876 954; x_wconf 85' lang='lat' dir='ltr'><strong>Proinde,</strong></span> 
     </span>
    </p>
   </div>
   <div class='ocr_carea' id='block_1_10' title="bbox 298 984 1882 1063">
    <p class='ocr_par' dir='ltr' id='par_1_10' title="bbox 298 984 1882 1063">
     <span class='ocr_line' id='line_1_10' title="bbox 298 984 1882 1063; baseline -0.011 -8"><span class='ocrx_word' id='word_1_61' title='bbox 298 1010 387 1054; x_wconf 83' lang='lat' dir='ltr'><strong>aut</strong></span> <span class='ocrx_word' id='word_1_62' title='bbox 409 997 688 1063; x_wconf 84' lang='lat' dir='ltr'><strong>conﬁtere,</strong></span> <span class='ocrx_word' id='word_1_63' title='bbox 721 997 881 1050; x_wconf 84' lang='lat' dir='ltr'><strong>simul</strong></span> <span class='ocrx_word' id='word_1_64' title='bbox 911 996 1067 1049; x_wconf 87' lang='lat' dir='ltr'><strong>unius</strong></span> <span class='ocrx_word' id='word_1_65' title='bbox 1095 991 1357 1047; x_wconf 87' lang='lat' dir='ltr'><strong>orationis</strong></span> <span class='ocrx_word' id='word_1_66' title='bbox 1384 987 1642 1056; x_wconf 84' lang='lat' dir='ltr'><strong>obsequio</strong></span> <span class='ocrx_word' id='word_1_67' title='bbox 1667 984 1882 1038; x_wconf 86' lang='lat' dir='ltr'><strong>Patrem</strong></span> 
     </span>
    </p>
   </div>
   <div class='ocr_carea' id='block_1_11' title="bbox 299 1073 1883 1150">
    <p class='ocr_par' dir='ltr' id='par_1_11' title="bbox 299 1073 1883 1150">
     <span class='ocr_line' id='line_1_11' title="bbox 299 1073 1883 1150; baseline -0.011 -5"><span class='ocrx_word' id='word_1_68' title='bbox 299 1101 351 1145; x_wconf 82' lang='lat' dir='ltr'><strong>et</strong></span> <span class='ocrx_word' id='word_1_69' title='bbox 372 1089 566 1145; x_wconf 86' lang='lat' dir='ltr'><strong>Filium</strong></span> <span class='ocrx_word' id='word_1_70' title='bbox 585 1086 850 1150; x_wconf 82' lang='lat' dir='ltr'><strong>invocari,</strong></span> <span class='ocrx_word' id='word_1_71' title='bbox 874 1092 934 1138; x_wconf 83' lang='lat' dir='ltr'><strong>et</strong></span> <span class='ocrx_word' id='word_1_72' title='bbox 961 1097 1126 1137; x_wconf 87' lang='lat' dir='ltr'><strong>unum</strong></span> <span class='ocrx_word' id='word_1_73' title='bbox 1154 1078 1472 1136; x_wconf 78' lang='lat' dir='ltr'><strong>sacriﬁcium</strong></span> <span class='ocrx_word' id='word_1_74' title='bbox 1495 1075 1646 1130; x_wconf 83' lang='lat' dir='ltr'><strong>Patri</strong></span> <span class='ocrx_word' id='word_1_75' title='bbox 1669 1082 1727 1129; x_wconf 80' lang='lat' dir='ltr'><strong>et</strong></span> <span class='ocrx_word' id='word_1_76' title='bbox 1749 1073 1883 1128; x_wconf 88' lang='lat' dir='ltr'><strong>Filio</strong></span> 
     </span>
    </p>
   </div>
   <div class='ocr_carea' id='block_1_12' title="bbox 301 1171 1886 1241">
    <p class='ocr_par' dir='ltr' id='par_1_12' title="bbox 301 1171 1886 1241">
     <span class='ocr_line' id='line_1_12' title="bbox 301 1171 1886 1241; baseline -0.011 -6"><span class='ocrx_word' id='word_1_77' title='bbox 301 1179 456 1236; x_wconf 85' lang='lat' dir='ltr'><strong>simul</strong></span> <span class='ocrx_word' id='word_1_78' title='bbox 486 1177 700 1241; x_wconf 80' lang='lat' dir='ltr'><strong>olferri;</strong></span> <span class='ocrx_word' id='word_1_79' title='bbox 748 1183 844 1230; x_wconf 87' lang='lat' dir='ltr'><strong>aut</strong></span> <span class='ocrx_word' id='word_1_80' title='bbox 867 1175 915 1229; x_wconf 88' lang='lat' dir='ltr'><strong>si</strong></span> <span class='ocrx_word' id='word_1_81' title='bbox 939 1174 1045 1228; x_wconf 88' lang='lat' dir='ltr'><strong>hoc</strong></span> <span class='ocrx_word' id='word_1_82' title='bbox 1072 1187 1182 1228; x_wconf 90' lang='lat' dir='ltr'><strong>non</strong></span> <span class='ocrx_word' id='word_1_83' title='bbox 1208 1171 1312 1238; x_wconf 89' lang='lat' dir='ltr'><strong>vis,</strong></span> <span class='ocrx_word' id='word_1_84' title='bbox 1342 1181 1565 1224; x_wconf 89' lang='lat' dir='ltr'><strong>necesse</strong></span> <span class='ocrx_word' id='word_1_85' title='bbox 1588 1173 1679 1221; x_wconf 80' lang='lat' dir='ltr'><strong>est</strong></span> <span class='ocrx_word' id='word_1_86' title='bbox 1706 1172 1764 1220; x_wconf 94' lang='lat' dir='ltr'><strong>ut</strong></span> <span class='ocrx_word' id='word_1_87' title='bbox 1792 1171 1886 1217; x_wconf 76' lang='lat' dir='ltr'><strong>aut</strong></span> 
     </span>
    </p>
   </div>
   <div class='ocr_carea' id='block_1_13' title="bbox 303 1256 1886 1329">
    <p class='ocr_par' dir='ltr' id='par_1_13' title="bbox 303 1256 1886 1329">
     <span class='ocr_line' id='line_1_13' title="bbox 303 1256 1886 1329; baseline -0.011 -4"><span class='ocrx_word' id='word_1_88' title='bbox 303 1271 519 1325; x_wconf 85' lang='lat' dir='ltr'><strong>Patrem</strong></span> <span class='ocrx_word' id='word_1_89' title='bbox 549 1267 695 1323; x_wconf 87' lang='lat' dir='ltr'><strong>dicas</strong></span> <span class='ocrx_word' id='word_1_90' title='bbox 721 1266 915 1329; x_wconf 81' lang='lat' dir='ltr'><strong>visum,</strong></span> <span class='ocrx_word' id='word_1_91' title='bbox 948 1269 1040 1318; x_wconf 89' lang='lat' dir='ltr'><strong>aut</strong></span> <span class='ocrx_word' id='word_1_92' title='bbox 1069 1262 1170 1318; x_wconf 89' lang='lat' dir='ltr'><strong>soli</strong></span> <span class='ocrx_word' id='word_1_93' title='bbox 1196 1261 1332 1315; x_wconf 86' lang='lat' dir='ltr'><strong>Filio</strong></span> <span class='ocrx_word' id='word_1_94' title='bbox 1359 1256 1681 1314; x_wconf 84' lang='lat' dir='ltr'><strong>sacriﬁcium</strong></span> <span class='ocrx_word' id='word_1_95' title='bbox 1702 1271 1731 1309; x_wconf 69' lang='grc' dir='ltr'><strong>ι</strong></span> <span class='ocrx_word' id='word_1_96' title='bbox 1761 1269 1886 1309; x_wconf 81' lang='lat' dir='ltr'><strong>san-</strong></span> 
     </span>
    </p>
   </div>
   <div class='ocr_carea' id='block_1_14' title="bbox 302 1346 1884 1430">
    <p class='ocr_par' dir='ltr' id='par_1_14' title="bbox 302 1346 1884 1430">
     <span class='ocr_line' id='line_1_14' title="bbox 302 1346 1884 1430; baseline -0.011 -15"><span class='ocrx_word' id='word_1_97' title='bbox 302 1362 398 1416; x_wconf 87' lang='lat' dir='ltr'><strong>ctis</strong></span> <span class='ocrx_word' id='word_1_98' title='bbox 430 1358 750 1430; x_wconf 88' lang='lat' dir='ltr'><strong>patriarchis</strong></span> <span class='ocrx_word' id='word_1_99' title='bbox 776 1355 997 1410; x_wconf 75' lang='lat' dir='ltr'><strong>fatearis</strong></span> <span class='ocrx_word' id='word_1_100' title='bbox 1025 1354 1266 1409; x_wconf 88' lang='lat' dir='ltr'><strong>oblatum</strong></span> <span class='ocrx_word' id='word_1_101' title='bbox 1285 1393 1300 1418; x_wconf 92' lang='lat'><strong>,</strong></span> <span class='ocrx_word' id='word_1_102' title='bbox 1333 1359 1390 1406; x_wconf 91' lang='lat' dir='ltr'><strong>et</strong></span> <span class='ocrx_word' id='word_1_103' title='bbox 1408 1347 1558 1404; x_wconf 84' lang='lat' dir='ltr'><strong>Patri</strong></span> <span class='ocrx_word' id='word_1_104' title='bbox 1581 1346 1884 1416; x_wconf 84' lang='lat' dir='ltr'><strong>compella-</strong></span> 
     </span>
    </p>
   </div>
   <div class='ocr_carea' id='block_1_15' title="bbox 305 1439 1888 1519">
    <p class='ocr_par' dir='ltr' id='par_1_15' title="bbox 305 1439 1888 1519">
     <span class='ocr_line' id='line_1_15' title="bbox 305 1439 1888 1519; baseline -0.009 -14"><span class='ocrx_word' id='word_1_105' title='bbox 305 1453 374 1506; x_wconf 87' lang='lat' dir='ltr'><strong>ris</strong></span> <span class='ocrx_word' id='word_1_106' title='bbox 405 1450 642 1504; x_wconf 86' lang='lat' dir='ltr'><strong>adimere</strong></span> <span class='ocrx_word' id='word_1_107' title='bbox 667 1447 813 1519; x_wconf 90' lang='lat' dir='ltr'><strong>quod</strong></span> <span class='ocrx_word' id='word_1_108' title='bbox 840 1446 975 1501; x_wconf 85' lang='lat' dir='ltr'><strong>Filio</strong></span> <span class='ocrx_word' id='word_1_109' title='bbox 1004 1445 1217 1500; x_wconf 87' lang='lat' dir='ltr'><strong>conaris</strong></span> <span class='ocrx_word' id='word_1_110' title='bbox 1248 1441 1488 1498; x_wconf 76' lang='lat' dir='ltr'><strong>auferre.</strong></span> <span class='ocrx_word' id='word_1_111' title='bbox 1532 1439 1790 1494; x_wconf 85' lang='lat' dir='ltr'><strong>Similiter</strong></span> <span class='ocrx_word' id='word_1_112' title='bbox 1832 1444 1888 1492; x_wconf 91' lang='lat' dir='ltr'><strong>et</strong></span> 
     </span>
    </p>
   </div>
   <div class='ocr_carea' id='block_1_16' title="bbox 307 1528 1889 1608">
    <p class='ocr_par' dir='ltr' id='par_1_16' title="bbox 307 1528 1889 1608">
     <span class='ocr_line' id='line_1_16' title="bbox 307 1528 1889 1608; baseline -0.01 -12"><span class='ocrx_word' id='word_1_113' title='bbox 307 1543 370 1596; x_wconf 90' lang='lat' dir='ltr'><strong>de</strong></span> <span class='ocrx_word' id='word_1_114' title='bbox 394 1541 543 1595; x_wconf 82' lang='lat' dir='ltr'><strong>Isaac</strong></span> <span class='ocrx_word' id='word_1_115' title='bbox 571 1539 824 1608; x_wconf 82' lang='lat' dir='ltr'><strong>legimus,</strong></span> <span class='ocrx_word' id='word_1_116' title='bbox 873 1537 942 1591; x_wconf 92' lang='lat' dir='ltr'><strong>de</strong></span> <span class='ocrx_word' id='word_1_117' title='bbox 984 1551 1091 1606; x_wconf 88' lang='lat' dir='ltr'><strong>quo</strong></span> <span class='ocrx_word' id='word_1_118' title='bbox 1119 1535 1250 1589; x_wconf 80' lang='lat' dir='ltr'><strong>dicit</strong></span> <span class='ocrx_word' id='word_1_119' title='bbox 1285 1533 1564 1601; x_wconf 84' lang='lat' dir='ltr'><strong>Scriptura</strong></span> <span class='ocrx_word' id='word_1_120' title='bbox 1595 1548 1608 1583; x_wconf 87' lang='lat'>:</span> <span class='ocrx_word' id='word_1_121' title='bbox 1639 1528 1889 1583; x_wconf 77' lang='lat' dir='ltr'><strong>Ascendit</strong></span> 
     </span>
    </p>
   </div>
   <div class='ocr_carea' id='block_1_17' title="bbox 308 1618 1888 1696">
    <p class='ocr_par' dir='ltr' id='par_1_17' title="bbox 308 1618 1888 1696">
     <span class='ocr_line' id='line_1_17' title="bbox 308 1618 1888 1696; baseline -0.008 -13"><span class='ocrx_word' id='word_1_122' title='bbox 308 1639 476 1684; x_wconf 86' lang='lat' dir='ltr'><strong>autem</strong></span> <span class='ocrx_word' id='word_1_123' title='bbox 495 1627 616 1681; x_wconf 89' lang='lat' dir='ltr'><strong>inde</strong></span> <span class='ocrx_word' id='word_1_124' title='bbox 644 1627 714 1679; x_wconf 88' lang='lat' dir='ltr'><strong>ad</strong></span> <span class='ocrx_word' id='word_1_125' title='bbox 737 1636 946 1696; x_wconf 82' lang='lat' dir='ltr'><strong>puteum</strong></span> <span class='ocrx_word' id='word_1_126' title='bbox 964 1625 1267 1691; x_wconf 83' lang='lat' dir='ltr'><strong>juramenti,</strong></span> <span class='ocrx_word' id='word_1_127' title='bbox 1298 1632 1347 1676; x_wconf 90' lang='lat' dir='ltr'><strong>et</strong></span> <span class='ocrx_word' id='word_1_128' title='bbox 1375 1623 1512 1676; x_wconf 83' lang='lat' dir='ltr'><strong>visus</strong></span> <span class='ocrx_word' id='word_1_129' title='bbox 1541 1629 1616 1674; x_wconf 86' lang='lat' dir='ltr'><strong>est</strong></span> <span class='ocrx_word' id='word_1_130' title='bbox 1636 1620 1682 1673; x_wconf 87' lang='lat' dir='ltr'><strong>ei</strong></span> <span class='ocrx_word' id='word_1_131' title='bbox 1708 1618 1888 1672; x_wconf 85' lang='lat' dir='ltr'><strong>Domi-</strong></span> 
     </span>
    </p>
   </div>
   <div class='ocr_carea' id='block_1_18' title="bbox 310 1708 1889 1783">
    <p class='ocr_par' dir='ltr' id='par_1_18' title="bbox 310 1708 1889 1783">
     <span class='ocr_line' id='line_1_18' title="bbox 310 1708 1889 1783; baseline -0.008 -11"><span class='ocrx_word' id='word_1_132' title='bbox 310 1735 402 1772; x_wconf 86' lang='lat' dir='ltr'><strong>nus</strong></span> <span class='ocrx_word' id='word_1_133' title='bbox 431 1719 486 1770; x_wconf 88' lang='lat' dir='ltr'><strong>in</strong></span> <span class='ocrx_word' id='word_1_134' title='bbox 514 1717 606 1770; x_wconf 86' lang='lat' dir='ltr'><strong>illa</strong></span> <span class='ocrx_word' id='word_1_135' title='bbox 627 1724 870 1780; x_wconf 71' lang='lat' dir='ltr'><strong>nocte,et</strong></span> <span class='ocrx_word' id='word_1_136' title='bbox 897 1714 1030 1767; x_wconf 75' lang='lat' dir='ltr'><strong>dixit</strong></span> <span class='ocrx_word' id='word_1_137' title='bbox 1050 1715 1097 1767; x_wconf 90' lang='lat' dir='ltr'><strong>ei</strong></span> <span class='ocrx_word' id='word_1_138' title='bbox 1127 1730 1144 1767; x_wconf 93' lang='lat'><strong><em>:</em></strong></span> <span class='ocrx_word' id='word_1_139' title='bbox 1176 1712 1288 1783; x_wconf 86' lang='lat' dir='ltr'><strong>Ego</strong></span> <span class='ocrx_word' id='word_1_140' title='bbox 1318 1727 1430 1764; x_wconf 88' lang='lat' dir='ltr'><strong>sum</strong></span> <span class='ocrx_word' id='word_1_141' title='bbox 1459 1709 1599 1763; x_wconf 85' lang='lat' dir='ltr'><strong>Deus</strong></span> <span class='ocrx_word' id='word_1_142' title='bbox 1627 1708 1889 1761; x_wconf 78' lang='lat' dir='ltr'><strong>Abraham</strong></span> 
     </span>
    </p>
   </div>
   <div class='ocr_carea' id='block_1_19' title="bbox 1979 530 3571 601">
    <p class='ocr_par' dir='ltr' id='par_1_19' title="bbox 1979 530 3571 601">
     <span class='ocr_line' id='line_1_19' title="bbox 1979 530 3571 601; baseline -0.002 -17"><span class='ocrx_word' id='word_1_143' title='bbox 1979 549 2131 601; x_wconf 86' lang='lat' dir='ltr'><strong>super</strong></span> <span class='ocrx_word' id='word_1_144' title='bbox 2150 548 2237 584; x_wconf 86' lang='lat' dir='ltr'><strong>eos</strong></span> <span class='ocrx_word' id='word_1_145' title='bbox 2258 533 2388 584; x_wconf 89' lang='lat' dir='ltr'><strong>iram</strong></span> <span class='ocrx_word' id='word_1_146' title='bbox 2414 533 2606 601; x_wconf 77' lang='lat' dir='ltr'><strong>furoris</strong></span> <span class='ocrx_word' id='word_1_147' title='bbox 2627 533 2725 584; x_wconf 88' lang='lat' dir='ltr'><strong>mei</strong></span> <span class='ocrx_word' id='word_1_148' title='bbox 2751 548 2768 584; x_wconf 87' lang='lat'><strong><em>:</em></strong></span> <span class='ocrx_word' id='word_1_149' title='bbox 2796 534 3039 601; x_wconf 84' lang='lat' dir='ltr'><strong>quoniam</strong></span> <span class='ocrx_word' id='word_1_150' title='bbox 3063 533 3116 583; x_wconf 86' lang='lat' dir='ltr'><strong>in</strong></span> <span class='ocrx_word' id='word_1_151' title='bbox 3137 531 3255 601; x_wconf 87' lang='lat' dir='ltr'><strong>igne</strong></span> <span class='ocrx_word' id='word_1_152' title='bbox 3279 530 3467 584; x_wconf 68' lang='lat' dir='ltr'><strong>minuta</strong></span> <span class='ocrx_word' id='word_1_153' title='bbox 3493 530 3571 581; x_wconf 73' lang='grc' dir='ltr'><strong>ἰο-Δ</strong></span> 
     </span>
    </p>
   </div>
   <div class='ocr_carea' id='block_1_20' title="bbox 1980 613 3584 689">
    <p class='ocr_par' dir='ltr' id='par_1_20' title="bbox 1980 613 3584 689">
     <span class='ocr_line' id='line_1_20' title="bbox 1980 613 3584 689; baseline -0.002 -17"><span class='ocrx_word' id='word_1_154' title='bbox 1980 623 2061 672; x_wconf 88' lang='lat' dir='ltr'><strong>nis</strong></span> <span class='ocrx_word' id='word_1_155' title='bbox 2089 635 2222 673; x_wconf 62' lang='lat' dir='ltr'><strong>mea!</strong></span> <span class='ocrx_word' id='word_1_156' title='bbox 2240 619 2679 673; x_wconf 81' lang='lat' dir='ltr'><strong>consummabitur</strong></span> <span class='ocrx_word' id='word_1_157' title='bbox 2700 620 2864 689; x_wconf 60' lang='grc' dir='ltr'><strong>εάο</strong></span> <span class='ocrx_word' id='word_1_158' title='bbox 2891 621 3060 673; x_wconf 86' lang='lat' dir='ltr'><strong>omnis</strong></span> <span class='ocrx_word' id='word_1_159' title='bbox 3091 630 3246 673; x_wconf 86' lang='lat' dir='ltr'><strong>terra.</strong></span> <span class='ocrx_word' id='word_1_160' title='bbox 3283 617 3417 682; x_wconf 84' lang='lat' dir='ltr'><strong>Quia</strong></span> <span class='ocrx_word' id='word_1_161' title='bbox 3451 613 3584 670; x_wconf 66' lang='lat' dir='ltr'><strong>tunc</strong></span> 
     </span>
    </p>
   </div>
   <div class='ocr_carea' id='block_1_21' title="bbox 1982 709 3569 782">
    <p class='ocr_par' dir='ltr' id='par_1_21' title="bbox 1982 709 3569 782">
     <span class='ocr_line' id='line_1_21' title="bbox 1982 709 3569 782; baseline -0.001 -20"><span class='ocrx_word' id='word_1_162' title='bbox 1982 712 2472 782; x_wconf 33' lang='lat' dir='ltr'><strong>transferantrsuper</strong></span> <span class='ocrx_word' id='word_1_163' title='bbox 2507 709 2724 777; x_wconf 82' lang='lat' dir='ltr'><strong>populos</strong></span> <span class='ocrx_word' id='word_1_164' title='bbox 2765 711 2998 779; x_wconf 88' lang='lat' dir='ltr'><strong>linguam</strong></span> <span class='ocrx_word' id='word_1_165' title='bbox 3038 711 3091 760; x_wconf 84' lang='lat' dir='ltr'><strong>in</strong></span> <span class='ocrx_word' id='word_1_166' title='bbox 3122 711 3391 778; x_wconf 78' lang='lat' dir='ltr'><strong>progenies</strong></span> <span class='ocrx_word' id='word_1_167' title='bbox 3435 709 3569 778; x_wconf 81' lang='lat' dir='ltr'><strong>ejus,</strong></span> 
     </span>
    </p>
   </div>
   <div class='ocr_carea' id='block_1_22' title="bbox 1980 797 3568 860">
    <p class='ocr_par' dir='ltr' id='par_1_22' title="bbox 1980 797 3568 860">
     <span class='ocr_line' id='line_1_22' title="bbox 1980 797 3568 860; baseline 0 -10"><span class='ocrx_word' id='word_1_168' title='bbox 1980 807 2036 850; x_wconf 83' lang='lat' dir='ltr'><strong>ut</strong></span> <span class='ocrx_word' id='word_1_169' title='bbox 2064 799 2295 852; x_wconf 74' lang='lat' dir='ltr'><strong>invocent</strong></span> <span class='ocrx_word' id='word_1_170' title='bbox 2333 814 2508 850; x_wconf 89' lang='lat' dir='ltr'><strong>onmes</strong></span> <span class='ocrx_word' id='word_1_171' title='bbox 2551 814 2735 850; x_wconf 86' lang='lat' dir='ltr'><strong>nomen</strong></span> <span class='ocrx_word' id='word_1_172' title='bbox 2785 797 3023 860; x_wconf 80' lang='lat' dir='ltr'><strong>Domini,</strong></span> <span class='ocrx_word' id='word_1_173' title='bbox 3055 807 3104 849; x_wconf 90' lang='lat' dir='ltr'><strong>et</strong></span> <span class='ocrx_word' id='word_1_174' title='bbox 3132 799 3358 851; x_wconf 77' lang='lat' dir='ltr'><strong>serviant</strong></span> <span class='ocrx_word' id='word_1_175' title='bbox 3398 802 3445 852; x_wconf 84' lang='lat' dir='ltr'><strong>ei</strong></span> <span class='ocrx_word' id='word_1_176' title='bbox 3474 800 3568 852; x_wconf 90' lang='lat' dir='ltr'><strong>sub</strong></span> 
     </span>
    </p>
   </div>
   <div class='ocr_carea' id='block_1_23' title="bbox 1976 885 3573 959">
    <p class='ocr_par' dir='ltr' id='par_1_23' title="bbox 1976 885 3573 959">
     <span class='ocr_line' id='line_1_23' title="bbox 1976 885 3573 959; baseline 0.001 -20"><span class='ocrx_word' id='word_1_177' title='bbox 1976 889 2107 959; x_wconf 89' lang='lat' dir='ltr'><strong>jngo</strong></span> <span class='ocrx_word' id='word_1_178' title='bbox 2135 902 2259 939; x_wconf 87' lang='lat' dir='ltr'><strong>uno.</strong></span> <span class='ocrx_word' id='word_1_179' title='bbox 2287 887 2328 937; x_wconf 88' lang='lat' dir='ltr'><strong><em>A</em></strong></span> <span class='ocrx_word' id='word_1_180' title='bbox 2363 896 2504 939; x_wconf 84' lang='lat' dir='ltr'><strong>trans</strong></span> <span class='ocrx_word' id='word_1_181' title='bbox 2526 887 2737 953; x_wconf 76' lang='lat' dir='ltr'><strong>ﬂumine</strong></span> <span class='ocrx_word' id='word_1_182' title='bbox 2769 885 3058 954; x_wconf 49' lang='lat' dir='ltr'><strong>«Ethiopia:</strong></span> <span class='ocrx_word' id='word_1_183' title='bbox 3087 887 3367 956; x_wconf 77' lang='lat' dir='ltr'><strong>suscipiam</strong></span> <span class='ocrx_word' id='word_1_184' title='bbox 3397 890 3573 942; x_wconf 88' lang='lat' dir='ltr'><strong>obser-</strong></span> 
     </span>
    </p>
   </div>
   <div class='ocr_carea' id='block_1_24' title="bbox 1982 971 3572 1042">
    <p class='ocr_par' dir='ltr' id='par_1_24' title="bbox 1982 971 3572 1042">
     <span class='ocr_line' id='line_1_24' title="bbox 1982 971 3572 1042; baseline -0.001 -14"><span class='ocrx_word' id='word_1_185' title='bbox 1982 983 2156 1028; x_wconf 83' lang='lat' dir='ltr'><strong>vantes</strong></span> <span class='ocrx_word' id='word_1_186' title='bbox 2189 990 2289 1027; x_wconf 86' lang='lat' dir='ltr'><strong>me.</strong></span> <span class='ocrx_word' id='word_1_187' title='bbox 2331 971 2431 1035; x_wconf 81' lang='lat' dir='ltr'><strong>Qui</strong></span> <span class='ocrx_word' id='word_1_188' title='bbox 2468 973 2686 1042; x_wconf 83' lang='lat' dir='ltr'><strong>dispersi</strong></span> <span class='ocrx_word' id='word_1_189' title='bbox 2715 984 2853 1034; x_wconf 87' lang='lat' dir='ltr'><strong>sunt,</strong></span> <span class='ocrx_word' id='word_1_190' title='bbox 2887 975 3106 1040; x_wconf 62' lang='lat' dir='ltr'><strong>amarent</strong></span> <span class='ocrx_word' id='word_1_191' title='bbox 3135 973 3330 1028; x_wconf 81' lang='lat' dir='ltr'><strong>hostias</strong></span> <span class='ocrx_word' id='word_1_192' title='bbox 3361 977 3485 1028; x_wconf 88' lang='lat' dir='ltr'><strong>mihi</strong></span> <span class='ocrx_word' id='word_1_193' title='bbox 3515 976 3572 1027; x_wconf 89' lang='lat' dir='ltr'><strong>in</strong></span> 
     </span>
    </p>
   </div>
   <div class='ocr_carea' id='block_1_25' title="bbox 1981 1059 3570 1132">
    <p class='ocr_par' dir='ltr' id='par_1_25' title="bbox 1981 1059 3570 1132">
     <span class='ocr_line' id='line_1_25' title="bbox 1981 1059 3570 1132; baseline -0.003 -15"><span class='ocrx_word' id='word_1_194' title='bbox 1981 1064 2072 1117; x_wconf 82' lang='lat' dir='ltr'><strong>illo</strong></span> <span class='ocrx_word' id='word_1_195' title='bbox 2101 1062 2184 1116; x_wconf 89' lang='lat' dir='ltr'><strong>die</strong></span> <span class='ocrx_word' id='word_1_196' title='bbox 2225 1061 2481 1132; x_wconf 77' lang='lat' dir='ltr'><strong>(Sep/wn.</strong></span> <span class='ocrx_word' id='word_1_197' title='bbox 2510 1078 2584 1124; x_wconf 89' lang='grc' dir='ltr'>ιιι,</span> <span class='ocrx_word' id='word_1_198' title='bbox 2609 1060 2663 1128; x_wconf 90' lang='lat'><strong>8,</strong></span> <span class='ocrx_word' id='word_1_199' title='bbox 2692 1061 2746 1126; x_wconf 88' lang='lat'><strong>9,</strong></span> <span class='ocrx_word' id='word_1_200' title='bbox 2779 1061 2886 1127; x_wconf 76' lang='grc'><strong>10).</strong></span> <span class='ocrx_word' id='word_1_201' title='bbox 2918 1059 3049 1126; x_wconf 84' lang='lat' dir='ltr'><strong>Quis</strong></span> <span class='ocrx_word' id='word_1_202' title='bbox 3066 1070 3155 1116; x_wconf 82' lang='lat' dir='ltr'><strong>est</strong></span> <span class='ocrx_word' id='word_1_203' title='bbox 3177 1062 3269 1130; x_wconf 88' lang='lat' dir='ltr'><strong>qui</strong></span> <span class='ocrx_word' id='word_1_204' title='bbox 3307 1062 3409 1115; x_wconf 85' lang='lat' dir='ltr'><strong>sibi</strong></span> <span class='ocrx_word' id='word_1_205' title='bbox 3439 1064 3570 1116; x_wconf 90' lang='lat' dir='ltr'><strong>dicit</strong></span> 
     </span>
    </p>
   </div>
   <div class='ocr_carea' id='block_1_26' title="bbox 1984 1149 3576 1219">
    <p class='ocr_par' dir='ltr' id='par_1_26' title="bbox 1984 1149 3576 1219">
     <span class='ocr_line' id='line_1_26' title="bbox 1984 1149 3576 1219; baseline -0.001 -13"><span class='ocrx_word' id='word_1_206' title='bbox 1984 1152 2190 1206; x_wconf 84' lang='lat' dir='ltr'><strong>hostias</strong></span> <span class='ocrx_word' id='word_1_207' title='bbox 2229 1150 2528 1205; x_wconf 77' lang='lat' dir='ltr'><strong>offerendas</strong></span> <span class='ocrx_word' id='word_1_208' title='bbox 2548 1191 2564 1216; x_wconf 94' lang='lat'><strong>,</strong></span> <span class='ocrx_word' id='word_1_209' title='bbox 2597 1150 2698 1205; x_wconf 86' lang='lat' dir='ltr'><strong>nisi</strong></span> <span class='ocrx_word' id='word_1_210' title='bbox 2727 1150 2818 1219; x_wconf 92' lang='lat' dir='ltr'><strong>qui</strong></span> <span class='ocrx_word' id='word_1_211' title='bbox 2863 1164 2922 1204; x_wconf 88' lang='lat' dir='ltr'><strong>se</strong></span> <span class='ocrx_word' id='word_1_212' title='bbox 2945 1150 3001 1203; x_wconf 87' lang='lat' dir='ltr'><strong>in</strong></span> <span class='ocrx_word' id='word_1_213' title='bbox 3044 1149 3134 1204; x_wconf 91' lang='lat' dir='ltr'><strong>die</strong></span> <span class='ocrx_word' id='word_1_214' title='bbox 3161 1151 3576 1205; x_wconf 82' lang='lat' dir='ltr'><strong>resurrectionis</strong></span> 
     </span>
    </p>
   </div>
   <div class='ocr_carea' id='block_1_27' title="bbox 1986 1241 3575 1312">
    <p class='ocr_par' dir='ltr' id='par_1_27' title="bbox 1986 1241 3575 1312">
     <span class='ocr_line' id='line_1_27' title="bbox 1986 1241 3575 1312; baseline -0.002 -12"><span class='ocrx_word' id='word_1_215' title='bbox 1986 1259 2096 1300; x_wconf 69' lang='lat' dir='ltr'><strong>sua:</strong></span> <span class='ocrx_word' id='word_1_216' title='bbox 2118 1243 2372 1312; x_wconf 66' lang='lat' dir='ltr'><strong>praecepit</strong></span> <span class='ocrx_word' id='word_1_217' title='bbox 2401 1242 2691 1296; x_wconf 86' lang='lat' dir='ltr'><strong>sustineri?</strong></span> <span class='ocrx_word' id='word_1_218' title='bbox 2709 1241 2840 1306; x_wconf 85' lang='lat' dir='ltr'><strong>Quis</strong></span> <span class='ocrx_word' id='word_1_219' title='bbox 2859 1249 3038 1295; x_wconf 89' lang='lat' dir='ltr'><strong>autem</strong></span> <span class='ocrx_word' id='word_1_220' title='bbox 3065 1257 3123 1296; x_wconf 90' lang='lat' dir='ltr'><strong>se</strong></span> <span class='ocrx_word' id='word_1_221' title='bbox 3144 1250 3575 1297; x_wconf 84' lang='lat' dir='ltr'><strong>resurrecturum</strong></span> 
     </span>
    </p>
   </div>
   <div class='ocr_carea' id='block_1_28' title="bbox 1988 1335 3574 1406">
    <p class='ocr_par' dir='ltr' id='par_1_28' title="bbox 1988 1335 3574 1406">
     <span class='ocr_line' id='line_1_28' title="bbox 1988 1335 3574 1406; baseline -0.002 -15"><span class='ocrx_word' id='word_1_222' title='bbox 1988 1337 2252 1406; x_wconf 72' lang='lat' dir='ltr'><strong>pmdixit,</strong></span> <span class='ocrx_word' id='word_1_223' title='bbox 2269 1335 2368 1389; x_wconf 89' lang='lat' dir='ltr'><strong>nisi</strong></span> <span class='ocrx_word' id='word_1_224' title='bbox 2394 1335 2483 1389; x_wconf 87' lang='lat' dir='ltr'><strong>ille</strong></span> <span class='ocrx_word' id='word_1_225' title='bbox 2506 1335 2598 1404; x_wconf 87' lang='lat' dir='ltr'><strong>qui</strong></span> <span class='ocrx_word' id='word_1_226' title='bbox 2617 1336 2835 1389; x_wconf 83' lang='lat' dir='ltr'><strong>traditus</strong></span> <span class='ocrx_word' id='word_1_227' title='bbox 2851 1345 2926 1389; x_wconf 86' lang='lat' dir='ltr'><strong>est</strong></span> <span class='ocrx_word' id='word_1_228' title='bbox 2947 1345 3156 1406; x_wconf 85' lang='lat' dir='ltr'><strong>propter</strong></span> <span class='ocrx_word' id='word_1_229' title='bbox 3171 1336 3359 1390; x_wconf 87' lang='lat' dir='ltr'><strong>delicta</strong></span> <span class='ocrx_word' id='word_1_230' title='bbox 3375 1345 3574 1400; x_wconf 84' lang='lat' dir='ltr'><strong>nostra,</strong></span> 
     </span>
    </p>
   </div>
   <div class='ocr_carea' id='block_1_29' title="bbox 1987 1424 3572 1496">
    <p class='ocr_par' dir='ltr' id='par_1_29' title="bbox 1987 1424 3572 1496">
     <span class='ocr_line' id='line_1_29' title="bbox 1987 1424 3572 1496; baseline -0.003 -16"><span class='ocrx_word' id='word_1_231' title='bbox 1987 1437 2036 1480; x_wconf 88' lang='lat' dir='ltr'><strong>et</strong></span> <span class='ocrx_word' id='word_1_232' title='bbox 2055 1426 2339 1480; x_wconf 63' lang='lat' dir='ltr'><strong>resurrexit</strong></span> <span class='ocrx_word' id='word_1_233' title='bbox 2360 1436 2571 1496; x_wconf 82' lang='lat' dir='ltr'><strong>propter</strong></span> <span class='ocrx_word' id='word_1_234' title='bbox 2585 1425 3014 1495; x_wconf 84' lang='lat' dir='ltr'><strong>justi/icationent</strong></span> <span class='ocrx_word' id='word_1_235' title='bbox 3035 1434 3269 1478; x_wconf 85' lang='lat' dir='ltr'><strong>nostram</strong></span> <span class='ocrx_word' id='word_1_236' title='bbox 3291 1424 3475 1496; x_wconf 82' lang='lat' dir='ltr'><strong>(Rom.</strong></span> <span class='ocrx_word' id='word_1_237' title='bbox 3500 1440 3572 1487; x_wconf 84' lang='lat' dir='ltr'><strong>tv,</strong></span> 
     </span>
    </p>
   </div>
   <div class='ocr_carea' id='block_1_30' title="bbox 1987 1515 3581 1586">
    <p class='ocr_par' dir='ltr' id='par_1_30' title="bbox 1987 1515 3581 1586">
     <span class='ocr_line' id='line_1_30' title="bbox 1987 1515 3581 1586; baseline 0.001 -16"><span class='ocrx_word' id='word_1_238' title='bbox 1987 1515 2124 1586; x_wconf 67' lang='lat'><strong>25)?</strong></span> <span class='ocrx_word' id='word_1_239' title='bbox 2173 1517 2280 1572; x_wconf 88' lang='lat' dir='ltr'><strong>Sed</strong></span> <span class='ocrx_word' id='word_1_240' title='bbox 2309 1518 2430 1586; x_wconf 88' lang='lat' dir='ltr'><strong>quis</strong></span> <span class='ocrx_word' id='word_1_241' title='bbox 2458 1517 2733 1572; x_wconf 84' lang='lat' dir='ltr'><strong>dubitabit</strong></span> <span class='ocrx_word' id='word_1_242' title='bbox 2774 1525 2831 1571; x_wconf 91' lang='lat' dir='ltr'><strong>et</strong></span> <span class='ocrx_word' id='word_1_243' title='bbox 2875 1524 3091 1571; x_wconf 86' lang='lat' dir='ltr'><strong>sanctos</strong></span> <span class='ocrx_word' id='word_1_244' title='bbox 3127 1517 3493 1586; x_wconf 82' lang='lat' dir='ltr'><strong>patriarchas,</strong></span> <span class='ocrx_word' id='word_1_245' title='bbox 3524 1524 3581 1571; x_wconf 89' lang='lat' dir='ltr'><strong>ct</strong></span> 
     </span>
    </p>
   </div>
   <div class='ocr_carea' id='block_1_31' title="bbox 1992 1606 3578 1678">
    <p class='ocr_par' dir='ltr' id='par_1_31' title="bbox 1992 1606 3578 1678">
     <span class='ocr_line' id='line_1_31' title="bbox 1992 1606 3578 1678; baseline 0 -15"><span class='ocrx_word' id='word_1_246' title='bbox 1992 1608 2283 1678; x_wconf 79' lang='lat' dir='ltr'><strong>prophetas</strong></span> <span class='ocrx_word' id='word_1_247' title='bbox 2314 1616 2556 1678; x_wconf 90' lang='lat' dir='ltr'><strong>tempore</strong></span> <span class='ocrx_word' id='word_1_248' title='bbox 2602 1607 2810 1661; x_wconf 80' lang='lat' dir='ltr'><strong>Veteris</strong></span> <span class='ocrx_word' id='word_1_249' title='bbox 2852 1606 3188 1662; x_wconf 83' lang='lat' dir='ltr'><strong>Testamenti</strong></span> <span class='ocrx_word' id='word_1_250' title='bbox 3229 1623 3393 1662; x_wconf 90' lang='lat' dir='ltr'><strong>unum</strong></span> <span class='ocrx_word' id='word_1_251' title='bbox 3433 1607 3578 1664; x_wconf 85' lang='lat' dir='ltr'><strong>Patri</strong></span> 
     </span>
    </p>
   </div>
   <div class='ocr_carea' id='block_1_32' title="bbox 1993 1697 3579 1769">
    <p class='ocr_par' dir='ltr' id='par_1_32' title="bbox 1993 1697 3579 1769">
     <span class='ocr_line' id='line_1_32' title="bbox 1993 1697 3579 1769; baseline -0.001 -14"><span class='ocrx_word' id='word_1_252' title='bbox 1993 1709 2048 1756; x_wconf 85' lang='lat' dir='ltr'><strong>et</strong></span> <span class='ocrx_word' id='word_1_253' title='bbox 2069 1699 2204 1754; x_wconf 83' lang='lat' dir='ltr'><strong>Filio</strong></span> <span class='ocrx_word' id='word_1_254' title='bbox 2229 1699 2550 1754; x_wconf 89' lang='lat' dir='ltr'><strong>sacriﬁcium</strong></span> <span class='ocrx_word' id='word_1_255' title='bbox 2598 1698 2891 1753; x_wconf 86' lang='lat' dir='ltr'><strong>obtulisse?</strong></span> <span class='ocrx_word' id='word_1_256' title='bbox 2915 1697 3359 1768; x_wconf 81' lang='lat' dir='ltr'><strong>Quandoquidem</strong></span> <span class='ocrx_word' id='word_1_257' title='bbox 3384 1699 3436 1753; x_wconf 90' lang='lat' dir='ltr'><strong>in</strong></span> <span class='ocrx_word' id='word_1_258' title='bbox 3462 1700 3579 1769; x_wconf 92' lang='lat' dir='ltr'><strong>ipso</strong></span> 
     </span>
    </p>
   </div>
   <div class='ocr_carea' id='block_1_33' title="bbox 309 1789 3576 1878">
    <p class='ocr_par' dir='ltr' id='par_1_33' title="bbox 309 1789 3576 1878">
     <span class='ocr_line' id='line_1_33' title="bbox 309 1789 3576 1878; baseline -0.005 -18"><span class='ocrx_word' id='word_1_259' title='bbox 309 1809 474 1878; x_wconf 88' lang='lat' dir='ltr'><strong>patris</strong></span> <span class='ocrx_word' id='word_1_260' title='bbox 499 1807 596 1859; x_wconf 82' lang='lat' dir='ltr'><strong>tui.</strong></span> <span class='ocrx_word' id='word_1_261' title='bbox 627 1804 715 1858; x_wconf 76' lang='lat' dir='ltr'><strong>Ne</strong></span> <span class='ocrx_word' id='word_1_262' title='bbox 753 1809 954 1868; x_wconf 85' lang='lat' dir='ltr'><strong>timeas,</strong></span> <span class='ocrx_word' id='word_1_263' title='bbox 988 1813 1150 1856; x_wconf 87' lang='lat' dir='ltr'><strong>tecum</strong></span> <span class='ocrx_word' id='word_1_264' title='bbox 1175 1804 1309 1856; x_wconf 87' lang='lat' dir='ltr'><strong>enim</strong></span> <span class='ocrx_word' id='word_1_265' title='bbox 1337 1817 1477 1867; x_wconf 83' lang='lat' dir='ltr'><strong>sum,</strong></span> <span class='ocrx_word' id='word_1_266' title='bbox 1517 1810 1566 1854; x_wconf 89' lang='lat' dir='ltr'><strong>et</strong></span> <span class='ocrx_word' id='word_1_267' title='bbox 1588 1797 1890 1853; x_wconf 84' lang='lat' dir='ltr'><strong>.benedicam</strong></span> <span class='ocrx_word' id='word_1_268' title='bbox 1924 1813 1967 1870; x_wconf 72' lang='grc' dir='ltr'><strong>Β</strong></span> <span class='ocrx_word' id='word_1_269' title='bbox 1995 1792 2219 1848; x_wconf 81' lang='lat' dir='ltr'><strong>exordio</strong></span> <span class='ocrx_word' id='word_1_270' title='bbox 2241 1791 2551 1855; x_wconf 65' lang='lat' dir='ltr'><strong>nativitatis,</strong></span> <span class='ocrx_word' id='word_1_271' title='bbox 2574 1803 2739 1858; x_wconf 87' lang='lat' dir='ltr'><strong>quam</strong></span> <span class='ocrx_word' id='word_1_272' title='bbox 2765 1790 2833 1844; x_wconf 91' lang='lat' dir='ltr'><strong>de</strong></span> <span class='ocrx_word' id='word_1_273' title='bbox 2857 1790 3072 1859; x_wconf 80' lang='lat' dir='ltr'><strong>Virgine</strong></span> <span class='ocrx_word' id='word_1_274' title='bbox 3101 1789 3345 1846; x_wconf 88' lang='lat' dir='ltr'><strong>Christus</strong></span> <span class='ocrx_word' id='word_1_275' title='bbox 3369 1791 3576 1856; x_wconf 85' lang='lat' dir='ltr'><strong>habuit,</strong></span> 
     </span>
    </p>
   </div>
   <div class='ocr_carea' id='block_1_34' title="bbox 311 1891 1890 1963">
    <p class='ocr_par' dir='ltr' id='par_1_34' title="bbox 311 1891 1890 1963">
     <span class='ocr_line' id='line_1_34' title="bbox 311 1891 1890 1963; baseline -0.007 -12"><span class='ocrx_word' id='word_1_276' title='bbox 311 1908 375 1961; x_wconf 89' lang='lat' dir='ltr'><strong>te,</strong></span> <span class='ocrx_word' id='word_1_277' title='bbox 391 1907 440 1952; x_wconf 81' lang='lat' dir='ltr'><strong>et</strong></span> <span class='ocrx_word' id='word_1_278' title='bbox 461 1896 811 1963; x_wconf 81' lang='lat' dir='ltr'><strong>multiplicabo</strong></span> <span class='ocrx_word' id='word_1_279' title='bbox 827 1912 996 1949; x_wconf 84' lang='lat' dir='ltr'><strong>semen</strong></span> <span class='ocrx_word' id='word_1_280' title='bbox 1014 1904 1171 1957; x_wconf 87' lang='lat' dir='ltr'><strong>tuum,</strong></span> <span class='ocrx_word' id='word_1_281' title='bbox 1191 1891 1669 1963; x_wconf 81' lang='lat' dir='ltr'><strong>propterAbraham</strong></span> <span class='ocrx_word' id='word_1_282' title='bbox 1689 1899 1890 1960; x_wconf 78' lang='lat' dir='ltr'><strong>patrem</strong></span> 
     </span>
    </p>
   </div>
   <div class='ocr_carea' id='block_1_35' title="bbox 314 1979 1892 2056">
    <p class='ocr_par' dir='ltr' id='par_1_35' title="bbox 314 1979 1892 2056">
     <span class='ocr_line' id='line_1_35' title="bbox 314 1979 1892 2056; baseline -0.008 -14"><span class='ocrx_word' id='word_1_283' title='bbox 314 2001 471 2042; x_wconf 86' lang='lat' dir='ltr'><strong>tuum.</strong></span> <span class='ocrx_word' id='word_1_284' title='bbox 506 1987 574 2041; x_wconf 81' lang='lat' dir='ltr'><strong>Et</strong></span> <span class='ocrx_word' id='word_1_285' title='bbox 603 1988 880 2056; x_wconf 78' lang='lat' dir='ltr'><strong>wdiﬁcavit</strong></span> <span class='ocrx_word' id='word_1_286' title='bbox 923 1986 994 2040; x_wconf 89' lang='lat' dir='ltr'><strong>ibi</strong></span> <span class='ocrx_word' id='word_1_287' title='bbox 1035 1985 1192 2038; x_wconf 87' lang='lat' dir='ltr'><strong>Isaac</strong></span> <span class='ocrx_word' id='word_1_288' title='bbox 1222 1985 1414 2048; x_wconf 88' lang='lat' dir='ltr'><strong>altare,</strong></span> <span class='ocrx_word' id='word_1_289' title='bbox 1457 1991 1507 2036; x_wconf 88' lang='lat' dir='ltr'><strong>et</strong></span> <span class='ocrx_word' id='word_1_290' title='bbox 1546 1981 1796 2036; x_wconf 76' lang='lat' dir='ltr'><strong>invocavit</strong></span> <span class='ocrx_word' id='word_1_291' title='bbox 1836 1979 1892 2031; x_wconf 87' lang='lat' dir='ltr'><strong>in</strong></span> 
     </span>
    </p>
   </div>
   <div class='ocr_carea' id='block_1_36' title="bbox 314 2071 1894 2147">
    <p class='ocr_par' dir='ltr' id='par_1_36' title="bbox 314 2071 1894 2147">
     <span class='ocr_line' id='line_1_36' title="bbox 314 2071 1894 2147; baseline -0.008 -13"><span class='ocrx_word' id='word_1_292' title='bbox 314 2082 521 2134; x_wconf 84' lang='lat' dir='ltr'><strong>nomine</strong></span> <span class='ocrx_word' id='word_1_293' title='bbox 550 2079 764 2134; x_wconf 84' lang='lat' dir='ltr'><strong>Domini</strong></span> <span class='ocrx_word' id='word_1_294' title='bbox 808 2075 980 2147; x_wconf 80' lang='lat' dir='ltr'><strong>(Gen.</strong></span> <span class='ocrx_word' id='word_1_295' title='bbox 1014 2092 1167 2134; x_wconf 80' lang='lat' dir='ltr'><strong>xxvi,</strong></span> <span class='ocrx_word' id='word_1_296' title='bbox 1200 2073 1269 2127; x_wconf 78' lang='lat'><strong>‘25</strong></span> <span class='ocrx_word' id='word_1_297' title='bbox 1295 2083 1343 2128; x_wconf 89' lang='lat' dir='ltr'><strong>et</strong></span> <span class='ocrx_word' id='word_1_298' title='bbox 1377 2089 1484 2144; x_wconf 84' lang='lat' dir='ltr'><strong>seq.</strong></span> <span class='ocrx_word' id='word_1_299' title='bbox 1514 2072 1554 2141; x_wconf 95' lang='lat'><strong>).</strong></span> <span class='ocrx_word' id='word_1_300' title='bbox 1604 2071 1894 2138; x_wconf 80' lang='lat' dir='ltr'><strong>Diligenter</strong></span> 
     </span>
    </p>
   </div>
   <div class='ocr_carea' id='block_1_37' title="bbox 313 2161 1896 2239">
    <p class='ocr_par' dir='ltr' id='par_1_37' title="bbox 313 2161 1896 2239">
     <span class='ocr_line' id='line_1_37' title="bbox 313 2161 1896 2239; baseline -0.008 -14"><span class='ocrx_word' id='word_1_301' title='bbox 313 2171 564 2237; x_wconf 82' lang='lat' dir='ltr'><strong>attende,</strong></span> <span class='ocrx_word' id='word_1_302' title='bbox 612 2171 785 2239; x_wconf 90' lang='lat' dir='ltr'><strong>ipsum</strong></span> <span class='ocrx_word' id='word_1_303' title='bbox 814 2182 933 2222; x_wconf 90' lang='lat' dir='ltr'><strong>esse</strong></span> <span class='ocrx_word' id='word_1_304' title='bbox 958 2166 1126 2220; x_wconf 90' lang='lat' dir='ltr'><strong>Deum</strong></span> <span class='ocrx_word' id='word_1_305' title='bbox 1157 2164 1427 2220; x_wconf 81' lang='lat' dir='ltr'><strong>Abraham</strong></span> <span class='ocrx_word' id='word_1_306' title='bbox 1467 2163 1559 2232; x_wconf 90' lang='lat' dir='ltr'><strong>qui</strong></span> <span class='ocrx_word' id='word_1_307' title='bbox 1585 2170 1640 2216; x_wconf 89' lang='lat' dir='ltr'><strong>et</strong></span> <span class='ocrx_word' id='word_1_308' title='bbox 1665 2161 1896 2214; x_wconf 62' lang='lat' dir='ltr'><strong>Abrahae</strong></span> 
     </span>
    </p>
   </div>
   <div class='ocr_carea' id='block_1_38' title="bbox 315 2250 1898 2326">
    <p class='ocr_par' dir='ltr' id='par_1_38' title="bbox 315 2250 1898 2326">
     <span class='ocr_line' id='line_1_38' title="bbox 315 2250 1898 2326; baseline -0.007 -10"><span class='ocrx_word' id='word_1_309' title='bbox 315 2269 368 2316; x_wconf 86' lang='lat' dir='ltr'><strong>et</strong></span> <span class='ocrx_word' id='word_1_310' title='bbox 394 2261 544 2315; x_wconf 83' lang='lat' dir='ltr'><strong>Isaac</strong></span> <span class='ocrx_word' id='word_1_311' title='bbox 562 2260 707 2314; x_wconf 84' lang='lat' dir='ltr'><strong>visus</strong></span> <span class='ocrx_word' id='word_1_312' title='bbox 735 2267 836 2324; x_wconf 82' lang='lat' dir='ltr'><strong>est,</strong></span> <span class='ocrx_word' id='word_1_313' title='bbox 862 2258 1071 2326; x_wconf 88' lang='lat' dir='ltr'><strong>ipsique</strong></span> <span class='ocrx_word' id='word_1_314' title='bbox 1097 2256 1265 2309; x_wconf 89' lang='lat' dir='ltr'><strong>altare</strong></span> <span class='ocrx_word' id='word_1_315' title='bbox 1285 2255 1353 2309; x_wconf 88' lang='lat' dir='ltr'><strong>ab</strong></span> <span class='ocrx_word' id='word_1_316' title='bbox 1375 2253 1641 2308; x_wconf 80' lang='lat' dir='ltr'><strong>Abraham</strong></span> <span class='ocrx_word' id='word_1_317' title='bbox 1669 2259 1723 2305; x_wconf 90' lang='lat' dir='ltr'><strong>et</strong></span> <span class='ocrx_word' id='word_1_318' title='bbox 1743 2250 1898 2305; x_wconf 79' lang='lat' dir='ltr'><strong>Isaac</strong></span> 
     </span>
    </p>
   </div>
   <div class='ocr_carea' id='block_1_39' title="bbox 315 2341 1896 2418">
    <p class='ocr_par' dir='ltr' id='par_1_39' title="bbox 315 2341 1896 2418">
     <span class='ocr_line' id='line_1_39' title="bbox 315 2341 1896 2418; baseline -0.008 -12"><span class='ocrx_word' id='word_1_319' title='bbox 315 2350 660 2414; x_wconf 81' lang='lat' dir='ltr'><strong>:edilicatum,</strong></span> <span class='ocrx_word' id='word_1_320' title='bbox 710 2364 773 2402; x_wconf 85' lang='lat' dir='ltr'><strong>ac</strong></span> <span class='ocrx_word' id='word_1_321' title='bbox 812 2363 911 2418; x_wconf 86' lang='lat' dir='ltr'><strong>per</strong></span> <span class='ocrx_word' id='word_1_322' title='bbox 938 2348 1043 2401; x_wconf 85' lang='lat' dir='ltr'><strong>hoc</strong></span> <span class='ocrx_word' id='word_1_323' title='bbox 1072 2346 1171 2415; x_wconf 82' lang='lat' dir='ltr'><strong>ipsi</strong></span> <span class='ocrx_word' id='word_1_324' title='bbox 1197 2346 1264 2399; x_wconf 88' lang='lat' dir='ltr'><strong>ab</strong></span> <span class='ocrx_word' id='word_1_325' title='bbox 1303 2353 1533 2417; x_wconf 79' lang='lat' dir='ltr'><strong>utroque</strong></span> <span class='ocrx_word' id='word_1_326' title='bbox 1577 2341 1896 2398; x_wconf 87' lang='lat' dir='ltr'><strong>sacriﬁcium</strong></span> 
     </span>
    </p>
   </div>
   <div class='ocr_carea' id='block_1_40' title="bbox 318 2433 1898 2502">
    <p class='ocr_par' dir='ltr' id='par_1_40' title="bbox 318 2433 1898 2502">
     <span class='ocr_line' id='line_1_40' title="bbox 318 2433 1898 2502; baseline -0.007 -6"><span class='ocrx_word' id='word_1_327' title='bbox 318 2441 673 2496; x_wconf 80' lang='lat' dir='ltr'><strong>immolatum.</strong></span> <span class='ocrx_word' id='word_1_328' title='bbox 694 2438 982 2492; x_wconf 80' lang='lat' dir='ltr'><strong>Veniamus</strong></span> <span class='ocrx_word' id='word_1_329' title='bbox 1001 2444 1063 2490; x_wconf 85' lang='lat' dir='ltr'><strong>et</strong></span> <span class='ocrx_word' id='word_1_330' title='bbox 1083 2437 1148 2490; x_wconf 89' lang='lat' dir='ltr'><strong>ad</strong></span> <span class='ocrx_word' id='word_1_331' title='bbox 1177 2433 1361 2500; x_wconf 82' lang='lat' dir='ltr'><strong>Jacob,</strong></span> <span class='ocrx_word' id='word_1_332' title='bbox 1395 2442 1452 2488; x_wconf 79' lang='lat' dir='ltr'><strong>ut</strong></span> <span class='ocrx_word' id='word_1_333' title='bbox 1480 2434 1654 2502; x_wconf 86' lang='lat' dir='ltr'><strong>ipsum</strong></span> <span class='ocrx_word' id='word_1_334' title='bbox 1681 2445 1898 2500; x_wconf 86' lang='lat' dir='ltr'><strong>quoque</strong></span> 
     </span>
    </p>
   </div>
   <div class='ocr_carea' id='block_1_41' title="bbox 316 2521 1900 2599">
    <p class='ocr_par' dir='ltr' id='par_1_41' title="bbox 316 2521 1900 2599">
     <span class='ocr_line' id='line_1_41' title="bbox 316 2521 1900 2599; baseline -0.006 -15"><span class='ocrx_word' id='word_1_335' title='bbox 316 2531 474 2585; x_wconf 87' lang='lat' dir='ltr'><strong>simili</strong></span> <span class='ocrx_word' id='word_1_336' title='bbox 501 2529 604 2583; x_wconf 85' lang='lat' dir='ltr'><strong>ﬁde</strong></span> <span class='ocrx_word' id='word_1_337' title='bbox 628 2527 940 2599; x_wconf 75' lang='lat' dir='ltr'><strong>prmditum,</strong></span> <span class='ocrx_word' id='word_1_338' title='bbox 973 2523 1321 2580; x_wconf 85' lang='lat' dir='ltr'><strong>ostendamus</strong></span> <span class='ocrx_word' id='word_1_339' title='bbox 1349 2523 1461 2577; x_wconf 89' lang='lat' dir='ltr'><strong>Deo</strong></span> <span class='ocrx_word' id='word_1_340' title='bbox 1491 2521 1794 2585; x_wconf 84' lang='lat' dir='ltr'><strong>Abraham,</strong></span> <span class='ocrx_word' id='word_1_341' title='bbox 1843 2527 1900 2574; x_wconf 82' lang='lat' dir='ltr'><strong>et</strong></span> 
     </span>
    </p>
   </div>
   <div class='ocr_carea' id='block_1_42' title="bbox 318 2612 1897 2684">
    <p class='ocr_par' dir='ltr' id='par_1_42' title="bbox 318 2612 1897 2684">
     <span class='ocr_line' id='line_1_42' title="bbox 318 2612 1897 2684; baseline -0.008 -8"><span class='ocrx_word' id='word_1_342' title='bbox 318 2621 428 2676; x_wconf 86' lang='lat' dir='ltr'><strong>Deo</strong></span> <span class='ocrx_word' id='word_1_343' title='bbox 449 2619 617 2684; x_wconf 82' lang='lat' dir='ltr'><strong>Isaac,</strong></span> <span class='ocrx_word' id='word_1_344' title='bbox 651 2627 703 2672; x_wconf 91' lang='lat' dir='ltr'><strong>et</strong></span> <span class='ocrx_word' id='word_1_345' title='bbox 719 2617 831 2671; x_wconf 88' lang='lat' dir='ltr'><strong>Deo</strong></span> <span class='ocrx_word' id='word_1_346' title='bbox 855 2616 1016 2670; x_wconf 72' lang='lat' dir='ltr'><strong>Iacob</strong></span> <span class='ocrx_word' id='word_1_347' title='bbox 1036 2616 1204 2670; x_wconf 87' lang='lat' dir='ltr'><strong>altare</strong></span> <span class='ocrx_word' id='word_1_348' title='bbox 1231 2613 1614 2679; x_wconf 82' lang='lat' dir='ltr'><strong>construxisse,</strong></span> <span class='ocrx_word' id='word_1_349' title='bbox 1643 2620 1699 2666; x_wconf 90' lang='lat' dir='ltr'><strong>et</strong></span> <span class='ocrx_word' id='word_1_350' title='bbox 1726 2612 1897 2681; x_wconf 87' lang='lat' dir='ltr'><strong>ipsum</strong></span> 
     </span>
    </p>
   </div>
   <div class='ocr_carea' id='block_1_43' title="bbox 318 2705 1895 2774">
    <p class='ocr_par' dir='ltr' id='par_1_43' title="bbox 318 2705 1895 2774">
     <span class='ocr_line' id='line_1_43' title="bbox 318 2705 1895 2774; baseline -0.008 -6"><span class='ocrx_word' id='word_1_351' title='bbox 318 2713 567 2768; x_wconf 89' lang='lat' dir='ltr'><strong>similiter</strong></span> <span class='ocrx_word' id='word_1_352' title='bbox 613 2711 910 2764; x_wconf 88' lang='lat' dir='ltr'><strong>invocasse.</strong></span> <span class='ocrx_word' id='word_1_353' title='bbox 957 2708 1048 2762; x_wconf 83' lang='lat' dir='ltr'><strong>Sic</strong></span> <span class='ocrx_word' id='word_1_354' title='bbox 1095 2707 1236 2760; x_wconf 90' lang='lat' dir='ltr'><strong>enim</strong></span> <span class='ocrx_word' id='word_1_355' title='bbox 1265 2705 1333 2760; x_wconf 89' lang='lat' dir='ltr'><strong>de</strong></span> <span class='ocrx_word' id='word_1_356' title='bbox 1371 2719 1442 2759; x_wconf 89' lang='lat' dir='ltr'><strong>eo</strong></span> <span class='ocrx_word' id='word_1_357' title='bbox 1476 2705 1735 2774; x_wconf 87' lang='lat' dir='ltr'><strong>scriptum</strong></span> <span class='ocrx_word' id='word_1_358' title='bbox 1766 2710 1849 2757; x_wconf 92' lang='lat' dir='ltr'><strong>est</strong></span> <span class='ocrx_word' id='word_1_359' title='bbox 1881 2721 1895 2755; x_wconf 86' lang='lat'><strong>:</strong></span> 
     </span>
    </p>
   </div>
   <div class='ocr_carea' id='block_1_44' title="bbox 328 2792 1901 2853">
    <p class='ocr_par' dir='ltr' id='par_1_44' title="bbox 328 2792 1901 2853">
     <span class='ocr_line' id='line_1_44' title="bbox 328 2792 1901 2853; baseline -0.006 1"><span class='ocrx_word' id='word_1_360' title='bbox 328 2799 480 2853; x_wconf 77' lang='lat' dir='ltr'><strong>Venit</strong></span> <span class='ocrx_word' id='word_1_361' title='bbox 512 2808 680 2851; x_wconf 89' lang='lat' dir='ltr'><strong>autem</strong></span> <span class='ocrx_word' id='word_1_362' title='bbox 707 2797 869 2851; x_wconf 85' lang='lat' dir='ltr'><strong>Jacob</strong></span> <span class='ocrx_word' id='word_1_363' title='bbox 898 2799 950 2850; x_wconf 89' lang='lat' dir='ltr'><strong>in</strong></span> <span class='ocrx_word' id='word_1_364' title='bbox 977 2795 1153 2849; x_wconf 84' lang='lat' dir='ltr'><strong>Salem</strong></span> <span class='ocrx_word' id='word_1_365' title='bbox 1182 2795 1440 2848; x_wconf 82' lang='lat' dir='ltr'><strong>civitatem</strong></span> <span class='ocrx_word' id='word_1_366' title='bbox 1469 2792 1817 2847; x_wconf 75' lang='lat' dir='ltr'><strong>Sic/timorum</strong></span> <span class='ocrx_word' id='word_1_367' title='bbox 1845 2794 1901 2845; x_wconf 86' lang='lat' dir='ltr'><strong>in</strong></span> 
     </span>
    </p>
   </div>
   <div class='ocr_carea' id='block_1_45' title="bbox 322 2884 1902 2955">
    <p class='ocr_par' dir='ltr' id='par_1_45' title="bbox 322 2884 1902 2955">
     <span class='ocr_line' id='line_1_45' title="bbox 322 2884 1902 2955; baseline -0.004 -11"><span class='ocrx_word' id='word_1_368' title='bbox 322 2902 461 2944; x_wconf 75' lang='lat' dir='ltr'><strong>terra</strong></span> <span class='ocrx_word' id='word_1_369' title='bbox 491 2888 765 2951; x_wconf 82' lang='lat' dir='ltr'><strong>Chanaan,</strong></span> <span class='ocrx_word' id='word_1_370' title='bbox 811 2903 926 2940; x_wconf 89' lang='lat' dir='ltr'><strong>cum</strong></span> <span class='ocrx_word' id='word_1_371' title='bbox 953 2888 1170 2941; x_wconf 82' lang='lat' dir='ltr'><strong>venisset</strong></span> <span class='ocrx_word' id='word_1_372' title='bbox 1193 2885 1260 2938; x_wconf 87' lang='lat' dir='ltr'><strong>de</strong></span> <span class='ocrx_word' id='word_1_373' title='bbox 1281 2884 1660 2955; x_wconf 77' lang='lat' dir='ltr'><strong>Mesopotamia</strong></span> <span class='ocrx_word' id='word_1_374' title='bbox 1691 2885 1902 2954; x_wconf 78' lang='lat' dir='ltr'><strong>Sgriw;</strong></span> 
     </span>
    </p>
   </div>
   <div class='ocr_carea' id='block_1_46' title="bbox 321 2974 1903 3049">
    <p class='ocr_par' dir='ltr' id='par_1_46' title="bbox 321 2974 1903 3049">
     <span class='ocr_line' id='line_1_46' title="bbox 321 2974 1903 3049; baseline -0.006 -16"><span class='ocrx_word' id='word_1_375' title='bbox 321 2990 372 3033; x_wconf 88' lang='lat' dir='ltr'><strong>et</strong></span> <span class='ocrx_word' id='word_1_376' title='bbox 399 2979 649 3049; x_wconf 83' lang='lat' dir='ltr'><strong>applicuit</strong></span> <span class='ocrx_word' id='word_1_377' title='bbox 679 2976 957 3030; x_wconf 85' lang='lat' dir='ltr'><strong>secundum</strong></span> <span class='ocrx_word' id='word_1_378' title='bbox 987 2977 1170 3046; x_wconf 79' lang='lat' dir='ltr'><strong>faciem</strong></span> <span class='ocrx_word' id='word_1_379' title='bbox 1195 2975 1413 3028; x_wconf 83' lang='lat' dir='ltr'><strong>civitatis</strong></span> <span class='ocrx_word' id='word_1_380' title='bbox 1436 2990 1454 3039; x_wconf 88' lang='lat'><em>;</em></span> <span class='ocrx_word' id='word_1_381' title='bbox 1483 2982 1531 3027; x_wconf 90' lang='lat' dir='ltr'><strong>et</strong></span> <span class='ocrx_word' id='word_1_382' title='bbox 1551 2974 1676 3026; x_wconf 87' lang='lat' dir='ltr'><strong>emit</strong></span> <span class='ocrx_word' id='word_1_383' title='bbox 1703 2983 1903 3043; x_wconf 83' lang='lat' dir='ltr'><strong>partem</strong></span> 
     </span>
    </p>
   </div>
   <div class='ocr_carea' id='block_1_47' title="bbox 323 3058 1907 3138">
    <p class='ocr_par' dir='ltr' id='par_1_47' title="bbox 323 3058 1907 3138">
     <span class='ocr_line' id='line_1_47' title="bbox 323 3058 1907 3138; baseline -0.004 -19"><span class='ocrx_word' id='word_1_384' title='bbox 323 3068 470 3138; x_wconf 84' lang='lat' dir='ltr'><strong>agri,</strong></span> <span class='ocrx_word' id='word_1_385' title='bbox 501 3067 554 3118; x_wconf 91' lang='lat' dir='ltr'><strong>in</strong></span> <span class='ocrx_word' id='word_1_386' title='bbox 583 3081 680 3136; x_wconf 85' lang='lat' dir='ltr'><strong>quo</strong></span> <span class='ocrx_word' id='word_1_387' title='bbox 719 3063 898 3117; x_wconf 80' lang='lat' dir='ltr'><strong>statuit</strong></span> <span class='ocrx_word' id='word_1_388' title='bbox 942 3061 1327 3115; x_wconf 77' lang='lat' dir='ltr'><strong>tabernaculum</strong></span> <span class='ocrx_word' id='word_1_389' title='bbox 1362 3076 1540 3135; x_wconf 83' lang='lat' dir='ltr'><strong>suum,</strong></span> <span class='ocrx_word' id='word_1_390' title='bbox 1581 3058 1646 3111; x_wconf 87' lang='lat' dir='ltr'><strong>ab</strong></span> <span class='ocrx_word' id='word_1_391' title='bbox 1691 3058 1907 3113; x_wconf 85' lang='lat' dir='ltr'><strong>Emmor</strong></span> 
     </span>
    </p>
   </div>
   <div class='ocr_carea' id='block_1_48' title="bbox 324 3147 1906 3225">
    <p class='ocr_par' dir='ltr' id='par_1_48' title="bbox 324 3147 1906 3225">
     <span class='ocr_line' id='line_1_48' title="bbox 324 3147 1906 3225; baseline -0.006 -14"><span class='ocrx_word' id='word_1_392' title='bbox 324 3167 472 3225; x_wconf 86' lang='lat' dir='ltr'><strong>patre</strong></span> <span class='ocrx_word' id='word_1_393' title='bbox 514 3154 743 3221; x_wconf 88' lang='lat' dir='ltr'><strong>Sichem,</strong></span> <span class='ocrx_word' id='word_1_394' title='bbox 789 3161 988 3206; x_wconf 88' lang='lat' dir='ltr'><strong>centum</strong></span> <span class='ocrx_word' id='word_1_395' title='bbox 1017 3154 1184 3222; x_wconf 87' lang='lat' dir='ltr'><strong>agnis.</strong></span> <span class='ocrx_word' id='word_1_396' title='bbox 1234 3148 1305 3204; x_wconf 86' lang='lat' dir='ltr'><strong>Et</strong></span> <span class='ocrx_word' id='word_1_397' title='bbox 1332 3152 1511 3204; x_wconf 86' lang='lat' dir='ltr'><strong>statuit</strong></span> <span class='ocrx_word' id='word_1_398' title='bbox 1539 3147 1609 3203; x_wconf 88' lang='lat' dir='ltr'><strong>ibi</strong></span> <span class='ocrx_word' id='word_1_399' title='bbox 1639 3149 1824 3213; x_wconf 89' lang='lat' dir='ltr'><strong>altare,</strong></span> <span class='ocrx_word' id='word_1_400' title='bbox 1856 3157 1906 3202; x_wconf 88' lang='lat' dir='ltr'><strong>et</strong></span> 
     </span>
    </p>
   </div>
   <div class='ocr_carea' id='block_1_49' title="bbox 327 3239 1908 3314">
    <p class='ocr_par' dir='ltr' id='par_1_49' title="bbox 327 3239 1908 3314">
     <span class='ocr_line' id='line_1_49' title="bbox 327 3239 1908 3314; baseline -0.004 -15"><span class='ocrx_word' id='word_1_401' title='bbox 327 3248 577 3302; x_wconf 73' lang='lat' dir='ltr'><strong>invocavit</strong></span> <span class='ocrx_word' id='word_1_402' title='bbox 603 3245 768 3298; x_wconf 88' lang='lat' dir='ltr'><strong>Deum</strong></span> <span class='ocrx_word' id='word_1_403' title='bbox 797 3243 962 3297; x_wconf 86' lang='lat' dir='ltr'><strong>Israel</strong></span> <span class='ocrx_word' id='word_1_404' title='bbox 986 3242 1192 3314; x_wconf 71' lang='lat' dir='ltr'><strong>(Cenes.</strong></span> <span class='ocrx_word' id='word_1_405' title='bbox 1226 3258 1411 3304; x_wconf 65' lang='grc' dir='ltr'>χχχιιι,</span> <span class='ocrx_word' id='word_1_406' title='bbox 1437 3239 1502 3293; x_wconf 78' lang='grc'><strong>18</strong></span> <span class='ocrx_word' id='word_1_407' title='bbox 1522 3250 1570 3294; x_wconf 91' lang='lat' dir='ltr'><strong>et</strong></span> <span class='ocrx_word' id='word_1_408' title='bbox 1594 3240 1747 3311; x_wconf 86' lang='lat' dir='ltr'><strong>seq.).</strong></span> <span class='ocrx_word' id='word_1_409' title='bbox 1769 3239 1908 3294; x_wconf 79' lang='lat' dir='ltr'><strong>Item</strong></span> 
     </span>
    </p>
   </div>
   <div class='ocr_carea' id='block_1_50' title="bbox 327 3331 1911 3408">
    <p class='ocr_par' dir='ltr' id='par_1_50' title="bbox 327 3331 1911 3408">
     <span class='ocr_line' id='line_1_50' title="bbox 327 3331 1911 3408; baseline -0.006 -15"><span class='ocrx_word' id='word_1_410' title='bbox 327 3339 490 3408; x_wconf 89' lang='lat' dir='ltr'><strong>paulo</strong></span> <span class='ocrx_word' id='word_1_411' title='bbox 511 3344 629 3406; x_wconf 87' lang='lat' dir='ltr'><strong>post</strong></span> <span class='ocrx_word' id='word_1_412' title='bbox 654 3344 838 3390; x_wconf 89' lang='lat' dir='ltr'><strong>sancta</strong></span> <span class='ocrx_word' id='word_1_413' title='bbox 862 3333 1135 3404; x_wconf 83' lang='lat' dir='ltr'><strong>Scriptura</strong></span> <span class='ocrx_word' id='word_1_414' title='bbox 1157 3334 1236 3388; x_wconf 86' lang='lat' dir='ltr'><strong>sic</strong></span> <span class='ocrx_word' id='word_1_415' title='bbox 1257 3334 1332 3386; x_wconf 89' lang='lat' dir='ltr'><strong>ait</strong></span> <span class='ocrx_word' id='word_1_416' title='bbox 1357 3350 1369 3385; x_wconf 90' lang='lat'>:</span> <span class='ocrx_word' id='word_1_417' title='bbox 1402 3331 1554 3385; x_wconf 77' lang='lat' dir='ltr'><strong>Dixit</strong></span> <span class='ocrx_word' id='word_1_418' title='bbox 1579 3341 1750 3385; x_wconf 89' lang='lat' dir='ltr'><strong>autem</strong></span> <span class='ocrx_word' id='word_1_419' title='bbox 1773 3331 1911 3385; x_wconf 84' lang='lat' dir='ltr'><strong>Deus</strong></span> 
     </span>
    </p>
   </div>
   <div class='ocr_carea' id='block_1_51' title="bbox 329 3421 1909 3497">
    <p class='ocr_par' dir='ltr' id='par_1_51' title="bbox 329 3421 1909 3497">
     <span class='ocr_line' id='line_1_51' title="bbox 329 3421 1909 3497; baseline -0.006 -15"><span class='ocrx_word' id='word_1_420' title='bbox 329 3430 396 3482; x_wconf 85' lang='lat' dir='ltr'><strong>ad</strong></span> <span class='ocrx_word' id='word_1_421' title='bbox 423 3427 587 3481; x_wconf 72' lang='lat' dir='ltr'><strong>Iacob</strong></span> <span class='ocrx_word' id='word_1_422' title='bbox 610 3444 628 3481; x_wconf 90' lang='lat'><strong><em>:</em></strong></span> <span class='ocrx_word' id='word_1_423' title='bbox 662 3426 891 3497; x_wconf 86' lang='lat' dir='ltr'><strong>Surgens</strong></span> <span class='ocrx_word' id='word_1_424' title='bbox 918 3424 1136 3478; x_wconf 80' lang='lat' dir='ltr'><strong>ascende</strong></span> <span class='ocrx_word' id='word_1_425' title='bbox 1161 3426 1217 3477; x_wconf 89' lang='lat' dir='ltr'><strong>in</strong></span> <span class='ocrx_word' id='word_1_426' title='bbox 1248 3424 1416 3478; x_wconf 87' lang='lat' dir='ltr'><strong>locum</strong></span> <span class='ocrx_word' id='word_1_427' title='bbox 1443 3421 1645 3487; x_wconf 88' lang='lat' dir='ltr'><strong>Bethel,</strong></span> <span class='ocrx_word' id='word_1_428' title='bbox 1676 3433 1724 3475; x_wconf 84' lang='lat' dir='ltr'><strong>et</strong></span> <span class='ocrx_word' id='word_1_429' title='bbox 1753 3423 1909 3476; x_wconf 85' lang='lat' dir='ltr'><strong>inha-</strong></span> 
     </span>
    </p>
   </div>
   <div class='ocr_carea' id='block_1_52' title="bbox 331 3511 1908 3584">
    <p class='ocr_par' dir='ltr' id='par_1_52' title="bbox 331 3511 1908 3584">
     <span class='ocr_line' id='line_1_52' title="bbox 331 3511 1908 3584; baseline -0.004 -15"><span class='ocrx_word' id='word_1_430' title='bbox 331 3517 433 3570; x_wconf 83' lang='lat' dir='ltr'><strong>bita</strong></span> <span class='ocrx_word' id='word_1_431' title='bbox 464 3515 566 3580; x_wconf 87' lang='lat' dir='ltr'><strong>ibi,</strong></span> <span class='ocrx_word' id='word_1_432' title='bbox 615 3523 664 3567; x_wconf 88' lang='lat' dir='ltr'><strong>et</strong></span> <span class='ocrx_word' id='word_1_433' title='bbox 695 3517 776 3584; x_wconf 76' lang='lat' dir='ltr'><strong>[ac</strong></span> <span class='ocrx_word' id='word_1_434' title='bbox 801 3513 878 3566; x_wconf 83' lang='lat' dir='ltr'><strong>ibi</strong></span> <span class='ocrx_word' id='word_1_435' title='bbox 906 3512 1072 3566; x_wconf 87' lang='lat' dir='ltr'><strong>altare</strong></span> <span class='ocrx_word' id='word_1_436' title='bbox 1111 3511 1221 3565; x_wconf 90' lang='lat' dir='ltr'><strong>Deo</strong></span> <span class='ocrx_word' id='word_1_437' title='bbox 1249 3513 1334 3583; x_wconf 86' lang='lat' dir='ltr'><strong>qui</strong></span> <span class='ocrx_word' id='word_1_438' title='bbox 1375 3511 1512 3564; x_wconf 83' lang='lat' dir='ltr'><strong>visus</strong></span> <span class='ocrx_word' id='word_1_439' title='bbox 1546 3521 1630 3564; x_wconf 86' lang='lat' dir='ltr'><strong>est</strong></span> <span class='ocrx_word' id='word_1_440' title='bbox 1653 3512 1747 3564; x_wconf 89' lang='lat' dir='ltr'><strong>tibi</strong></span> <span class='ocrx_word' id='word_1_441' title='bbox 1795 3527 1908 3563; x_wconf 85' lang='lat' dir='ltr'><strong>cum</strong></span> 
     </span>
    </p>
   </div>
   <div class='ocr_carea' id='block_1_53' title="bbox 332 3601 1915 3678">
    <p class='ocr_par' dir='ltr' id='par_1_53' title="bbox 332 3601 1915 3678">
     <span class='ocr_line' id='line_1_53' title="bbox 332 3601 1915 3678; baseline 0 -20"><span class='ocrx_word' id='word_1_442' title='bbox 332 3613 536 3678; x_wconf 69' lang='lat' dir='ltr'><strong>[ageres</strong></span> <span class='ocrx_word' id='word_1_443' title='bbox 567 3623 598 3658; x_wconf 88' lang='lat' dir='ltr'><strong>a</strong></span> <span class='ocrx_word' id='word_1_444' title='bbox 634 3606 768 3676; x_wconf 79' lang='lat' dir='ltr'><strong>facie</strong></span> <span class='ocrx_word' id='word_1_445' title='bbox 811 3605 954 3658; x_wconf 79' lang='lat' dir='ltr'><strong>Esau</strong></span> <span class='ocrx_word' id='word_1_446' title='bbox 999 3605 1177 3674; x_wconf 80' lang='lat' dir='ltr'><strong>fratris</strong></span> <span class='ocrx_word' id='word_1_447' title='bbox 1215 3606 1286 3656; x_wconf 88' lang='lat' dir='ltr'><strong>tui</strong></span> <span class='ocrx_word' id='word_1_448' title='bbox 1329 3601 1504 3674; x_wconf 83' lang='lat' dir='ltr'><strong>(Gen.</strong></span> <span class='ocrx_word' id='word_1_449' title='bbox 1534 3619 1694 3668; x_wconf 75' lang='lat' dir='ltr'><strong>xxxv,</strong></span> <span class='ocrx_word' id='word_1_450' title='bbox 1729 3604 1816 3673; x_wconf 79' lang='lat' dir='ltr'><strong>l).</strong></span> <span class='ocrx_word' id='word_1_451' title='bbox 1850 3602 1915 3658; x_wconf 82' lang='lat' dir='ltr'><strong>Et</strong></span> 
     </span>
    </p>
   </div>
   <div class='ocr_carea' id='block_1_54' title="bbox 334 3691 1912 3766">
    <p class='ocr_par' dir='ltr' id='par_1_54' title="bbox 334 3691 1912 3766">
     <span class='ocr_line' id='line_1_54' title="bbox 334 3691 1912 3766; baseline -0.003 -15"><span class='ocrx_word' id='word_1_452' title='bbox 334 3697 493 3766; x_wconf 84' lang='lat' dir='ltr'><strong>paulo</strong></span> <span class='ocrx_word' id='word_1_453' title='bbox 523 3703 646 3764; x_wconf 88' lang='lat' dir='ltr'><strong>post</strong></span> <span class='ocrx_word' id='word_1_454' title='bbox 688 3713 700 3746; x_wconf 88' lang='lat'><strong>:</strong></span> <span class='ocrx_word' id='word_1_455' title='bbox 759 3693 906 3747; x_wconf 87' lang='lat' dir='ltr'><strong>Venit</strong></span> <span class='ocrx_word' id='word_1_456' title='bbox 935 3703 1106 3746; x_wconf 90' lang='lat' dir='ltr'><strong>autem</strong></span> <span class='ocrx_word' id='word_1_457' title='bbox 1133 3692 1296 3746; x_wconf 86' lang='lat' dir='ltr'><strong>Jacob</strong></span> <span class='ocrx_word' id='word_1_458' title='bbox 1325 3695 1379 3746; x_wconf 87' lang='lat' dir='ltr'><strong>in</strong></span> <span class='ocrx_word' id='word_1_459' title='bbox 1413 3691 1572 3760; x_wconf 81' lang='lat' dir='ltr'><strong>Luza,</strong></span> <span class='ocrx_word' id='word_1_460' title='bbox 1616 3710 1729 3763; x_wconf 78' lang='lat' dir='ltr'><strong>qua:</strong></span> <span class='ocrx_word' id='word_1_461' title='bbox 1756 3702 1832 3746; x_wconf 86' lang='lat' dir='ltr'><strong>est</strong></span> <span class='ocrx_word' id='word_1_462' title='bbox 1858 3695 1912 3747; x_wconf 92' lang='lat' dir='ltr'><strong>in</strong></span> 
     </span>
    </p>
   </div>
   <div class='ocr_carea' id='block_1_55' title="bbox 335 3782 1914 3855">
    <p class='ocr_par' dir='ltr' id='par_1_55' title="bbox 335 3782 1914 3855">
     <span class='ocr_line' id='line_1_55' title="bbox 335 3782 1914 3855; baseline -0.001 -17"><span class='ocrx_word' id='word_1_463' title='bbox 335 3799 472 3840; x_wconf 89' lang='lat' dir='ltr'><strong>terra</strong></span> <span class='ocrx_word' id='word_1_464' title='bbox 495 3785 762 3848; x_wconf 87' lang='lat' dir='ltr'><strong>Chanaan,</strong></span> <span class='ocrx_word' id='word_1_465' title='bbox 793 3799 906 3855; x_wconf 87' lang='lat' dir='ltr'><strong>qua:</strong></span> <span class='ocrx_word' id='word_1_466' title='bbox 925 3791 1002 3836; x_wconf 84' lang='lat' dir='ltr'><strong>est</strong></span> <span class='ocrx_word' id='word_1_467' title='bbox 1027 3783 1224 3847; x_wconf 87' lang='lat' dir='ltr'><strong>Bethel,</strong></span> <span class='ocrx_word' id='word_1_468' title='bbox 1249 3784 1358 3852; x_wconf 83' lang='lat' dir='ltr'><strong>ipse</strong></span> <span class='ocrx_word' id='word_1_469' title='bbox 1383 3791 1433 3837; x_wconf 88' lang='lat' dir='ltr'><strong>et</strong></span> <span class='ocrx_word' id='word_1_470' title='bbox 1454 3782 1622 3836; x_wconf 86' lang='lat' dir='ltr'><strong>omnis</strong></span> <span class='ocrx_word' id='word_1_471' title='bbox 1641 3783 1780 3853; x_wconf 86' lang='lat' dir='ltr'><strong>plebs</strong></span> <span class='ocrx_word' id='word_1_472' title='bbox 1799 3799 1914 3854; x_wconf 78' lang='lat' dir='ltr'><strong>qua:</strong></span> 
     </span>
    </p>
   </div>
   <div class='ocr_carea' id='block_1_56' title="bbox 339 3874 1913 3944">
    <p class='ocr_par' dir='ltr' id='par_1_56' title="bbox 339 3874 1913 3944">
     <span class='ocr_line' id='line_1_56' title="bbox 339 3874 1913 3944; baseline -0.004 -11"><span class='ocrx_word' id='word_1_473' title='bbox 339 3889 452 3933; x_wconf 87' lang='lat' dir='ltr'><strong>erat</strong></span> <span class='ocrx_word' id='word_1_474' title='bbox 481 3895 594 3932; x_wconf 86' lang='lat' dir='ltr'><strong>cum</strong></span> <span class='ocrx_word' id='word_1_475' title='bbox 613 3895 704 3940; x_wconf 86' lang='lat' dir='ltr'><strong>eo;</strong></span> <span class='ocrx_word' id='word_1_476' title='bbox 733 3885 782 3930; x_wconf 91' lang='lat' dir='ltr'><strong>et</strong></span> <span class='ocrx_word' id='word_1_477' title='bbox 803 3875 1075 3944; x_wconf 75' lang='lat' dir='ltr'><strong>wdiﬁcauit</strong></span> <span class='ocrx_word' id='word_1_478' title='bbox 1099 3874 1171 3928; x_wconf 88' lang='lat' dir='ltr'><strong>ibi</strong></span> <span class='ocrx_word' id='word_1_479' title='bbox 1199 3875 1402 3940; x_wconf 87' lang='lat' dir='ltr'><strong>altare;</strong></span> <span class='ocrx_word' id='word_1_480' title='bbox 1431 3884 1479 3927; x_wconf 88' lang='lat' dir='ltr'><strong>et</strong></span> <span class='ocrx_word' id='word_1_481' title='bbox 1506 3875 1702 3928; x_wconf 77' lang='lat' dir='ltr'><strong>vocavit</strong></span> <span class='ocrx_word' id='word_1_482' title='bbox 1728 3891 1913 3928; x_wconf 90' lang='lat' dir='ltr'><strong>nomen</strong></span> 
     </span>
    </p>
   </div>
   <div class='ocr_carea' id='block_1_57' title="bbox 331 3962 1915 4034">
    <p class='ocr_par' dir='ltr' id='par_1_57' title="bbox 331 3962 1915 4034">
     <span class='ocr_line' id='line_1_57' title="bbox 331 3962 1915 4034; baseline -0.004 -12"><span class='ocrx_word' id='word_1_483' title='bbox 331 3971 431 4024; x_wconf 86' lang='lat' dir='ltr'><strong>loci</strong></span> <span class='ocrx_word' id='word_1_484' title='bbox 455 3969 616 4031; x_wconf 88' lang='lat' dir='ltr'><strong>illius,</strong></span> <span class='ocrx_word' id='word_1_485' title='bbox 649 3966 844 4020; x_wconf 87' lang='lat' dir='ltr'><strong>Domus</strong></span> <span class='ocrx_word' id='word_1_486' title='bbox 873 3964 991 4018; x_wconf 83' lang='lat' dir='ltr'><strong>Dei.</strong></span> <span class='ocrx_word' id='word_1_487' title='bbox 1023 3963 1105 4017; x_wconf 85' lang='lat' dir='ltr'><strong>Ibi</strong></span> <span class='ocrx_word' id='word_1_488' title='bbox 1131 3965 1269 4018; x_wconf 84' lang='lat' dir='ltr'><strong>enim</strong></span> <span class='ocrx_word' id='word_1_489' title='bbox 1296 3965 1538 4034; x_wconf 82' lang='lat' dir='ltr'><strong>apparuit</strong></span> <span class='ocrx_word' id='word_1_490' title='bbox 1564 3965 1610 4016; x_wconf 89' lang='lat' dir='ltr'><strong>ei</strong></span> <span class='ocrx_word' id='word_1_491' title='bbox 1637 3962 1779 4016; x_wconf 89' lang='lat' dir='ltr'><strong>Deus</strong></span> <span class='ocrx_word' id='word_1_492' title='bbox 1793 3980 1915 4016; x_wconf 83' lang='lat' dir='ltr'><strong>cum</strong></span> 
     </span>
    </p>
   </div>
   <div class='ocr_carea' id='block_1_58' title="bbox 335 4052 1914 4130">
    <p class='ocr_par' dir='ltr' id='par_1_58' title="bbox 335 4052 1914 4130">
     <span class='ocr_line' id='line_1_58' title="bbox 335 4052 1914 4130; baseline -0.004 -17"><span class='ocrx_word' id='word_1_493' title='bbox 335 4063 532 4130; x_wconf 78' lang='lat' dir='ltr'><strong>fugeret</strong></span> <span class='ocrx_word' id='word_1_494' title='bbox 559 4075 592 4110; x_wconf 90' lang='lat' dir='ltr'><strong>a</strong></span> <span class='ocrx_word' id='word_1_495' title='bbox 622 4057 757 4128; x_wconf 78' lang='lat' dir='ltr'><strong>[acie</strong></span> <span class='ocrx_word' id='word_1_496' title='bbox 786 4056 966 4126; x_wconf 75' lang='lat' dir='ltr'><strong>fratris</strong></span> <span class='ocrx_word' id='word_1_497' title='bbox 995 4055 1075 4107; x_wconf 90' lang='lat' dir='ltr'><strong>sui</strong></span> <span class='ocrx_word' id='word_1_498' title='bbox 1102 4052 1246 4107; x_wconf 81' lang='lat' dir='ltr'><strong>Esau</strong></span> <span class='ocrx_word' id='word_1_499' title='bbox 1276 4053 1462 4123; x_wconf 86' lang='lat' dir='ltr'><strong>(Ibid.,</strong></span> <span class='ocrx_word' id='word_1_500' title='bbox 1493 4052 1552 4118; x_wconf 87' lang='lat'><strong>6,</strong></span> <span class='ocrx_word' id='word_1_501' title='bbox 1585 4053 1663 4125; x_wconf 85' lang='grc'><strong>7).</strong></span> <span class='ocrx_word' id='word_1_502' title='bbox 1696 4052 1914 4106; x_wconf 88' lang='lat' dir='ltr'><strong>Certum</strong></span> 
     </span>
    </p>
   </div>
   <div class='ocr_carea' id='block_1_59' title="bbox 335 4143 1918 4216">
    <p class='ocr_par' dir='ltr' id='par_1_59' title="bbox 335 4143 1918 4216">
     <span class='ocr_line' id='line_1_59' title="bbox 335 4143 1918 4216; baseline -0.003 -12"><span class='ocrx_word' id='word_1_503' title='bbox 335 4160 415 4204; x_wconf 89' lang='lat' dir='ltr'><strong>est</strong></span> <span class='ocrx_word' id='word_1_504' title='bbox 435 4158 617 4203; x_wconf 88' lang='lat' dir='ltr'><strong>autem</strong></span> <span class='ocrx_word' id='word_1_505' title='bbox 637 4163 670 4202; x_wconf 87' lang='lat' dir='ltr'><strong>a</strong></span> <span class='ocrx_word' id='word_1_506' title='bbox 694 4147 892 4202; x_wconf 86' lang='lat' dir='ltr'><strong>sanctis</strong></span> <span class='ocrx_word' id='word_1_507' title='bbox 910 4145 1232 4216; x_wconf 87' lang='lat' dir='ltr'><strong>patriarchis</strong></span> <span class='ocrx_word' id='word_1_508' title='bbox 1255 4146 1330 4200; x_wconf 87' lang='lat' dir='ltr'><strong>illi</strong></span> <span class='ocrx_word' id='word_1_509' title='bbox 1353 4145 1465 4200; x_wconf 87' lang='lat' dir='ltr'><strong>Deo</strong></span> <span class='ocrx_word' id='word_1_510' title='bbox 1484 4143 1804 4200; x_wconf 87' lang='lat' dir='ltr'><strong>sacriﬁcium</strong></span> <span class='ocrx_word' id='word_1_511' title='bbox 1828 4147 1918 4200; x_wconf 90' lang='lat' dir='ltr'><strong>ob-</strong></span> 
     </span>
    </p>
   </div>
   <div class='ocr_carea' id='block_1_60' title="bbox 335 4239 1919 4307">
    <p class='ocr_par' dir='ltr' id='par_1_60' title="bbox 335 4239 1919 4307">
     <span class='ocr_line' id='line_1_60' title="bbox 335 4239 1919 4307; baseline -0.001 -13"><span class='ocrx_word' id='word_1_512' title='bbox 335 4244 500 4296; x_wconf 86' lang='lat' dir='ltr'><strong>latum</strong></span> <span class='ocrx_word' id='word_1_513' title='bbox 517 4241 603 4296; x_wconf 89' lang='lat' dir='ltr'><strong>cui</strong></span> <span class='ocrx_word' id='word_1_514' title='bbox 620 4247 710 4295; x_wconf 83' lang='lat' dir='ltr'><strong>est</strong></span> <span class='ocrx_word' id='word_1_515' title='bbox 737 4239 804 4293; x_wconf 90' lang='lat' dir='ltr'><strong>ab</strong></span> <span class='ocrx_word' id='word_1_516' title='bbox 823 4239 902 4293; x_wconf 90' lang='lat' dir='ltr'><strong>eis</strong></span> <span class='ocrx_word' id='word_1_517' title='bbox 925 4239 1094 4292; x_wconf 86' lang='lat' dir='ltr'><strong>altare</strong></span> <span class='ocrx_word' id='word_1_518' title='bbox 1120 4246 1508 4304; x_wconf 83' lang='lat' dir='ltr'><strong>constructum,</strong></span> <span class='ocrx_word' id='word_1_519' title='bbox 1535 4247 1591 4292; x_wconf 84' lang='lat' dir='ltr'><strong>et</strong></span> <span class='ocrx_word' id='word_1_520' title='bbox 1614 4253 1774 4307; x_wconf 86' lang='lat' dir='ltr'><strong>quem</strong></span> <span class='ocrx_word' id='word_1_521' title='bbox 1793 4253 1919 4293; x_wconf 85' lang='lat' dir='ltr'><strong>eon-</strong></span> 
     </span>
    </p>
   </div>
   <div class='ocr_carea' id='block_1_61' title="bbox 336 4328 1916 4400">
    <p class='ocr_par' dir='ltr' id='par_1_61' title="bbox 336 4328 1916 4400">
     <span class='ocr_line' id='line_1_61' title="bbox 336 4328 1916 4400; baseline -0.001 -12"><span class='ocrx_word' id='word_1_522' title='bbox 336 4342 444 4388; x_wconf 85' lang='lat' dir='ltr'><strong>stat</strong></span> <span class='ocrx_word' id='word_1_523' title='bbox 466 4335 537 4386; x_wconf 86' lang='lat' dir='ltr'><strong>ab</strong></span> <span class='ocrx_word' id='word_1_524' title='bbox 561 4332 668 4386; x_wconf 88' lang='lat' dir='ltr'><strong>illis</strong></span> <span class='ocrx_word' id='word_1_525' title='bbox 689 4331 1006 4400; x_wconf 85' lang='lat' dir='ltr'><strong>suppliciter</strong></span> <span class='ocrx_word' id='word_1_526' title='bbox 1034 4331 1362 4385; x_wconf 84' lang='lat' dir='ltr'><strong>invocatum.</strong></span> <span class='ocrx_word' id='word_1_527' title='bbox 1396 4328 1532 4384; x_wconf 90' lang='lat' dir='ltr'><strong>Puto</strong></span> <span class='ocrx_word' id='word_1_528' title='bbox 1571 4340 1752 4386; x_wconf 90' lang='lat' dir='ltr'><strong>autem</strong></span> <span class='ocrx_word' id='word_1_529' title='bbox 1773 4331 1916 4400; x_wconf 91' lang='lat' dir='ltr'><strong>quod</strong></span> 
     </span>
    </p>
   </div>
   <div class='ocr_carea' id='block_1_62' title="bbox 339 4420 1914 4490">
    <p class='ocr_par' dir='ltr' id='par_1_62' title="bbox 339 4420 1914 4490">
     <span class='ocr_line' id='line_1_62' title="bbox 339 4420 1914 4490; baseline -0.003 -13"><span class='ocrx_word' id='word_1_530' title='bbox 339 4439 443 4477; x_wconf 90' lang='lat' dir='ltr'><strong>non</strong></span> <span class='ocrx_word' id='word_1_531' title='bbox 471 4422 692 4476; x_wconf 83' lang='lat' dir='ltr'><strong>audebis</strong></span> <span class='ocrx_word' id='word_1_532' title='bbox 719 4422 898 4475; x_wconf 88' lang='lat' dir='ltr'><strong>dicere</strong></span> <span class='ocrx_word' id='word_1_533' title='bbox 919 4421 1082 4474; x_wconf 89' lang='lat' dir='ltr'><strong>alium</strong></span> <span class='ocrx_word' id='word_1_534' title='bbox 1105 4420 1269 4475; x_wconf 91' lang='lat' dir='ltr'><strong>Deum</strong></span> <span class='ocrx_word' id='word_1_535' title='bbox 1294 4421 1645 4490; x_wconf 87' lang='lat' dir='ltr'><strong>patriarchas,</strong></span> <span class='ocrx_word' id='word_1_536' title='bbox 1671 4431 1721 4474; x_wconf 90' lang='lat' dir='ltr'><strong>et</strong></span> <span class='ocrx_word' id='word_1_537' title='bbox 1753 4421 1914 4473; x_wconf 88' lang='lat' dir='ltr'><strong>alium</strong></span> 
     </span>
    </p>
   </div>
   <div class='ocr_carea' id='block_1_63' title="bbox 337 4508 1914 4582">
    <p class='ocr_par' dir='ltr' id='par_1_63' title="bbox 337 4508 1914 4582">
     <span class='ocr_line' id='line_1_63' title="bbox 337 4508 1914 4582; baseline -0.003 -14"><span class='ocrx_word' id='word_1_538' title='bbox 337 4523 555 4568; x_wconf 89' lang='lat' dir='ltr'><strong>sanctos</strong></span> <span class='ocrx_word' id='word_1_539' title='bbox 584 4512 860 4582; x_wconf 89' lang='lat' dir='ltr'><strong>apostolos</strong></span> <span class='ocrx_word' id='word_1_540' title='bbox 885 4520 940 4565; x_wconf 90' lang='lat' dir='ltr'><strong>et</strong></span> <span class='ocrx_word' id='word_1_541' title='bbox 966 4520 1228 4582; x_wconf 86' lang='lat' dir='ltr'><strong>martyres</strong></span> <span class='ocrx_word' id='word_1_542' title='bbox 1249 4512 1546 4565; x_wconf 85' lang='lat' dir='ltr'><strong>invocasse.</strong></span> <span class='ocrx_word' id='word_1_543' title='bbox 1577 4508 1752 4563; x_wconf 90' lang='lat' dir='ltr'><strong>Unum</strong></span> <span class='ocrx_word' id='word_1_544' title='bbox 1772 4511 1914 4564; x_wconf 90' lang='lat' dir='ltr'><strong>enim</strong></span> 
     </span>
    </p>
   </div>
   <div class='ocr_carea' id='block_1_64' title="bbox 337 4597 1918 4667">
    <p class='ocr_par' dir='ltr' id='par_1_64' title="bbox 337 4597 1918 4667">
     <span class='ocr_line' id='line_1_64' title="bbox 337 4597 1918 4667; baseline -0.004 -11"><span class='ocrx_word' id='word_1_545' title='bbox 337 4603 506 4656; x_wconf 89' lang='lat' dir='ltr'><strong>Deum</strong></span> <span class='ocrx_word' id='word_1_546' title='bbox 537 4603 939 4663; x_wconf 85' lang='lat' dir='ltr'><strong>invocaverunt,</strong></span> <span class='ocrx_word' id='word_1_547' title='bbox 963 4599 1087 4667; x_wconf 86' lang='lat' dir='ltr'><strong>quia</strong></span> <span class='ocrx_word' id='word_1_548' title='bbox 1113 4601 1164 4651; x_wconf 91' lang='lat' dir='ltr'><strong>in</strong></span> <span class='ocrx_word' id='word_1_549' title='bbox 1191 4613 1348 4666; x_wconf 88' lang='lat' dir='ltr'><strong>quem</strong></span> <span class='ocrx_word' id='word_1_550' title='bbox 1376 4597 1673 4652; x_wconf 77' lang='lat' dir='ltr'><strong>credebant</strong></span> <span class='ocrx_word' id='word_1_551' title='bbox 1689 4599 1918 4666; x_wconf 77' lang='lat' dir='ltr'><strong>patriar-</strong></span> 
     </span>
    </p>
   </div>
   <div class='ocr_carea' id='block_1_65' title="bbox 337 4687 1920 4761">
    <p class='ocr_par' dir='ltr' id='par_1_65' title="bbox 337 4687 1920 4761">
     <span class='ocr_line' id='line_1_65' title="bbox 337 4687 1920 4761; baseline -0.006 -13"><span class='ocrx_word' id='word_1_552' title='bbox 337 4695 474 4760; x_wconf 80' lang='lat' dir='ltr'><strong>clne,</strong></span> <span class='ocrx_word' id='word_1_553' title='bbox 499 4694 556 4747; x_wconf 90' lang='lat' dir='ltr'><strong>in</strong></span> <span class='ocrx_word' id='word_1_554' title='bbox 586 4693 759 4761; x_wconf 90' lang='lat' dir='ltr'><strong>ipsum</strong></span> <span class='ocrx_word' id='word_1_555' title='bbox 786 4705 1002 4759; x_wconf 87' lang='lat' dir='ltr'><strong>quoque</strong></span> <span class='ocrx_word' id='word_1_556' title='bbox 1041 4689 1270 4758; x_wconf 87' lang='lat' dir='ltr'><strong>apostoli</strong></span> <span class='ocrx_word' id='word_1_557' title='bbox 1301 4697 1357 4743; x_wconf 86' lang='lat' dir='ltr'><strong>et</strong></span> <span class='ocrx_word' id='word_1_558' title='bbox 1386 4697 1649 4758; x_wconf 77' lang='lat' dir='ltr'><strong>martyres</strong></span> <span class='ocrx_word' id='word_1_559' title='bbox 1676 4687 1920 4741; x_wconf 80' lang='lat' dir='ltr'><strong>credide-</strong></span> 
     </span>
    </p>
   </div>
   <div class='ocr_carea' id='block_1_66' title="bbox 339 4778 1920 4851">
    <p class='ocr_par' dir='ltr' id='par_1_66' title="bbox 339 4778 1920 4851">
     <span class='ocr_line' id='line_1_66' title="bbox 339 4778 1920 4851; baseline -0.004 -13"><span class='ocrx_word' id='word_1_560' title='bbox 339 4794 485 4840; x_wconf 86' lang='lat' dir='ltr'><strong>runt.</strong></span> <span class='ocrx_word' id='word_1_561' title='bbox 518 4782 654 4851; x_wconf 81' lang='lat' dir='ltr'><strong>Quia</strong></span> <span class='ocrx_word' id='word_1_562' title='bbox 678 4797 804 4836; x_wconf 84' lang='lat' dir='ltr'><strong>vero</strong></span> <span class='ocrx_word' id='word_1_563' title='bbox 845 4781 986 4835; x_wconf 87' lang='lat' dir='ltr'><strong>Deus</strong></span> <span class='ocrx_word' id='word_1_564' title='bbox 1015 4781 1306 4846; x_wconf 81' lang='lat' dir='ltr'><strong>Abraham,</strong></span> <span class='ocrx_word' id='word_1_565' title='bbox 1355 4788 1410 4832; x_wconf 89' lang='lat' dir='ltr'><strong>et</strong></span> <span class='ocrx_word' id='word_1_566' title='bbox 1438 4778 1578 4832; x_wconf 89' lang='lat' dir='ltr'><strong>Deus</strong></span> <span class='ocrx_word' id='word_1_567' title='bbox 1610 4779 1772 4843; x_wconf 90' lang='lat' dir='ltr'><strong>Isaac,</strong></span> <span class='ocrx_word' id='word_1_568' title='bbox 1805 4779 1920 4847; x_wconf 87' lang='lat' dir='ltr'><strong>ipse</strong></span> 
     </span>
    </p>
   </div>
   <div class='ocr_carea' id='block_1_67' title="bbox 339 4868 1918 4942">
    <p class='ocr_par' dir='ltr' id='par_1_67' title="bbox 339 4868 1918 4942">
     <span class='ocr_line' id='line_1_67' title="bbox 339 4868 1918 4942; baseline -0.006 -13"><span class='ocrx_word' id='word_1_569' title='bbox 339 4888 580 4942; x_wconf 82' lang='lat' dir='ltr'><strong>congruo</strong></span> <span class='ocrx_word' id='word_1_570' title='bbox 610 4879 852 4942; x_wconf 88' lang='lat' dir='ltr'><strong>tempo&#39;re</strong></span> <span class='ocrx_word' id='word_1_571' title='bbox 882 4871 1048 4925; x_wconf 79' lang='lat' dir='ltr'><strong>Vetus</strong></span> <span class='ocrx_word' id='word_1_572' title='bbox 1077 4868 1480 4925; x_wconf 83' lang='lat' dir='ltr'><strong>Testamentum</strong></span> <span class='ocrx_word' id='word_1_573' title='bbox 1522 4868 1696 4932; x_wconf 86' lang='lat' dir='ltr'><strong>dedit,</strong></span> <span class='ocrx_word' id='word_1_574' title='bbox 1729 4868 1781 4921; x_wconf 90' lang='lat' dir='ltr'><strong>in</strong></span> <span class='ocrx_word' id='word_1_575' title='bbox 1812 4883 1918 4936; x_wconf 92' lang='lat' dir='ltr'><strong>quo</strong></span> 
     </span>
    </p>
   </div>
   <div class='ocr_carea' id='block_1_68' title="bbox 338 4959 1920 5030">
    <p class='ocr_par' dir='ltr' id='par_1_68' title="bbox 338 4959 1920 5030">
     <span class='ocr_line' id='line_1_68' title="bbox 338 4959 1920 5030; baseline -0.001 -13"><span class='ocrx_word' id='word_1_576' title='bbox 338 4963 667 5019; x_wconf 81' lang='lat' dir='ltr'><strong>Testamenti</strong></span> <span class='ocrx_word' id='word_1_577' title='bbox 681 4963 812 5017; x_wconf 81' lang='lat' dir='ltr'><strong>Novi</strong></span> <span class='ocrx_word' id='word_1_578' title='bbox 837 4963 1096 5030; x_wconf 88' lang='lat' dir='ltr'><strong>promissa</strong></span> <span class='ocrx_word' id='word_1_579' title='bbox 1128 4961 1448 5015; x_wconf 85' lang='lat' dir='ltr'><strong>tenebantur</strong></span> <span class='ocrx_word' id='word_1_580' title='bbox 1468 4959 1650 5028; x_wconf 83' lang='lat' dir='ltr'><strong>ﬁguris</strong></span> <span class='ocrx_word' id='word_1_581' title='bbox 1672 4961 1920 5028; x_wconf 82' lang='lat' dir='ltr'><strong>congruis</strong></span> 
     </span>
    </p>
   </div>
   <div class='ocr_carea' id='block_1_69' title="bbox 337 5051 1920 5124">
    <p class='ocr_par' dir='ltr' id='par_1_69' title="bbox 337 5051 1920 5124">
     <span class='ocr_line' id='line_1_69' title="bbox 337 5051 1920 5124; baseline -0.003 -16"><span class='ocrx_word' id='word_1_582' title='bbox 337 5055 586 5110; x_wconf 84' lang='lat' dir='ltr'><strong>obvelata</strong></span> <span class='ocrx_word' id='word_1_583' title='bbox 612 5053 774 5124; x_wconf 85' lang='lat' dir='ltr'><strong>(unde</strong></span> <span class='ocrx_word' id='word_1_584' title='bbox 815 5053 917 5107; x_wconf 87' lang='lat' dir='ltr'><strong>etsi</strong></span> <span class='ocrx_word' id='word_1_585' title='bbox 942 5052 1156 5106; x_wconf 81' lang='lat' dir='ltr'><strong>fuerunt</strong></span> <span class='ocrx_word' id='word_1_586' title='bbox 1176 5052 1278 5105; x_wconf 89' lang='lat' dir='ltr'><strong>alia</strong></span> <span class='ocrx_word' id='word_1_587' title='bbox 1309 5053 1562 5119; x_wconf 87' lang='lat' dir='ltr'><strong>temporis</strong></span> <span class='ocrx_word' id='word_1_588' title='bbox 1585 5051 1726 5106; x_wconf 88' lang='lat' dir='ltr'><strong>illius</strong></span> <span class='ocrx_word' id='word_1_589' title='bbox 1746 5066 1920 5105; x_wconf 87' lang='lat' dir='ltr'><strong>sacra-</strong></span> 
     </span>
    </p>
   </div>
   <div class='ocr_carea' id='block_1_70' title="bbox 335 5137 1921 5210">
    <p class='ocr_par' dir='ltr' id='par_1_70' title="bbox 335 5137 1921 5210">
     <span class='ocr_line' id='line_1_70' title="bbox 335 5137 1921 5210; baseline -0.005 -11"><span class='ocrx_word' id='word_1_590' title='bbox 335 5152 540 5210; x_wconf 87' lang='lat' dir='ltr'><strong>menta,</strong></span> <span class='ocrx_word' id='word_1_591' title='bbox 565 5141 700 5197; x_wconf 88' lang='lat' dir='ltr'><strong>ﬁdes</strong></span> <span class='ocrx_word' id='word_1_592' title='bbox 722 5150 901 5195; x_wconf 88' lang='lat' dir='ltr'><strong>tamen</strong></span> <span class='ocrx_word' id='word_1_593' title='bbox 923 5140 1239 5196; x_wconf 72' lang='lat' dir='ltr'><strong>Christianae</strong></span> <span class='ocrx_word' id='word_1_594' title='bbox 1266 5139 1540 5206; x_wconf 86' lang='lat' dir='ltr'><strong>religionis</strong></span> <span class='ocrx_word' id='word_1_595' title='bbox 1569 5155 1674 5192; x_wconf 87' lang='lat' dir='ltr'><strong>non</strong></span> <span class='ocrx_word' id='word_1_596' title='bbox 1702 5137 1802 5192; x_wconf 77' lang='lat' dir='ltr'><strong>fuit</strong></span> <span class='ocrx_word' id='word_1_597' title='bbox 1829 5139 1921 5192; x_wconf 89' lang='lat' dir='ltr'><strong>ali-</strong></span> 
     </span>
    </p>
   </div>
   <div class='ocr_carea' id='block_1_71' title="bbox 332 5230 1917 5306">
    <p class='ocr_par' dir='ltr' id='par_1_71' title="bbox 332 5230 1917 5306">
     <span class='ocr_line' id='line_1_71' title="bbox 332 5230 1917 5306; baseline -0.004 -16"><span class='ocrx_word' id='word_1_598' title='bbox 332 5235 554 5306; x_wconf 83' lang='lat' dir='ltr'><strong>quando</strong></span> <span class='ocrx_word' id='word_1_599' title='bbox 577 5231 843 5303; x_wconf 84' lang='lat' dir='ltr'><strong>diversa);</strong></span> <span class='ocrx_word' id='word_1_600' title='bbox 875 5233 980 5287; x_wconf 86' lang='lat' dir='ltr'><strong>hoc</strong></span> <span class='ocrx_word' id='word_1_601' title='bbox 1000 5232 1268 5286; x_wconf 75' lang='lat' dir='ltr'><strong>ordinavit</strong></span> <span class='ocrx_word' id='word_1_602' title='bbox 1284 5230 1560 5284; x_wconf 82' lang='lat' dir='ltr'><strong>Trinitatis</strong></span> <span class='ocrx_word' id='word_1_603' title='bbox 1584 5245 1686 5283; x_wconf 90' lang='lat' dir='ltr'><strong>una</strong></span> <span class='ocrx_word' id='word_1_604' title='bbox 1713 5238 1768 5284; x_wconf 89' lang='lat' dir='ltr'><strong>et</strong></span> <span class='ocrx_word' id='word_1_605' title='bbox 1784 5245 1917 5284; x_wconf 79' lang='lat' dir='ltr'><strong>vera</strong></span> 
     </span>
    </p>
   </div>
   <div class='ocr_carea' id='block_1_72' title="bbox 333 5319 1916 5391">
    <p class='ocr_par' dir='ltr' id='par_1_72' title="bbox 333 5319 1916 5391">
     <span class='ocr_line' id='line_1_72' title="bbox 333 5319 1916 5391; baseline -0.002 -15"><span class='ocrx_word' id='word_1_606' title='bbox 333 5326 589 5380; x_wconf 74' lang='lat' dir='ltr'><strong>divinitas</strong></span> <span class='ocrx_word' id='word_1_607' title='bbox 609 5364 627 5391; x_wconf 95' lang='lat'><strong>,</strong></span> <span class='ocrx_word' id='word_1_608' title='bbox 673 5331 736 5376; x_wconf 87' lang='lat' dir='ltr'><strong>ut</strong></span> <span class='ocrx_word' id='word_1_609' title='bbox 756 5322 925 5376; x_wconf 86' lang='lat' dir='ltr'><strong>etiam</strong></span> <span class='ocrx_word' id='word_1_610' title='bbox 951 5321 1281 5390; x_wconf 85' lang='lat' dir='ltr'><strong>propheticis</strong></span> <span class='ocrx_word' id='word_1_611' title='bbox 1309 5319 1565 5389; x_wconf 90' lang='lat' dir='ltr'><strong>eloquiis,</strong></span> <span class='ocrx_word' id='word_1_612' title='bbox 1597 5320 1916 5374; x_wconf 89' lang='lat' dir='ltr'><strong>sacrilicium</strong></span> 
     </span>
    </p>
   </div>
   <div class='ocr_carea' id='block_1_73' title="bbox 335 5406 1917 5480">
    <p class='ocr_par' dir='ltr' id='par_1_73' title="bbox 335 5406 1917 5480">
     <span class='ocr_line' id='line_1_73' title="bbox 335 5406 1917 5480; baseline -0.002 -14"><span class='ocrx_word' id='word_1_613' title='bbox 335 5429 522 5468; x_wconf 88' lang='lat' dir='ltr'><strong>verum</strong></span> <span class='ocrx_word' id='word_1_614' title='bbox 566 5412 782 5467; x_wconf 87' lang='lat' dir='ltr'><strong>Christo</strong></span> <span class='ocrx_word' id='word_1_615' title='bbox 812 5406 1072 5478; x_wconf 87' lang='lat' dir='ltr'><strong>Domino,</strong></span> <span class='ocrx_word' id='word_1_616' title='bbox 1117 5418 1359 5480; x_wconf 88' lang='lat' dir='ltr'><strong>tempore</strong></span> <span class='ocrx_word' id='word_1_617' title='bbox 1406 5409 1540 5464; x_wconf 79' lang='lat' dir='ltr'><strong>Novi</strong></span> <span class='ocrx_word' id='word_1_618' title='bbox 1589 5409 1917 5464; x_wconf 88' lang='lat' dir='ltr'><strong>Tcstamenti</strong></span> 
     </span>
    </p>
   </div>
   <div class='ocr_carea' id='block_1_74' title="bbox 333 5490 1918 5569">
    <p class='ocr_par' dir='ltr' id='par_1_74' title="bbox 333 5490 1918 5569">
     <span class='ocr_line' id='line_1_74' title="bbox 333 5490 1918 5569; baseline -0.002 -11"><span class='ocrx_word' id='word_1_619' title='bbox 333 5506 608 5561; x_wconf 87' lang='lat' dir='ltr'><strong>diceretur</strong></span> <span class='ocrx_word' id='word_1_620' title='bbox 651 5519 680 5557; x_wconf 92' lang='lat' dir='ltr'><strong>a</strong></span> <span class='ocrx_word' id='word_1_621' title='bbox 730 5503 972 5557; x_wconf 82' lang='lat' dir='ltr'><strong>ﬁdelibus</strong></span> <span class='ocrx_word' id='word_1_622' title='bbox 1014 5501 1363 5556; x_wconf 70' lang='lat' dir='ltr'><strong>offerendum.</strong></span> <span class='ocrx_word' id='word_1_623' title='bbox 1419 5499 1571 5567; x_wconf 85' lang='lat' dir='ltr'><strong>Quod</strong></span> <span class='ocrx_word' id='word_1_624' title='bbox 1615 5490 1918 5569; x_wconf 65' lang='lat' dir='ltr'><strong>Sophonia&#39;s</strong></span> 
     </span>
    </p>
   </div>
   <div class='ocr_carea' id='block_1_75' title="bbox 334 5591 1914 5664">
    <p class='ocr_par' dir='ltr' id='par_1_75' title="bbox 334 5591 1914 5664">
     <span class='ocr_line' id='line_1_75' title="bbox 334 5591 1914 5664; baseline -0.003 -15"><span class='ocrx_word' id='word_1_625' title='bbox 334 5596 602 5664; x_wconf 85' lang='lat' dir='ltr'><strong>propheta</strong></span> <span class='ocrx_word' id='word_1_626' title='bbox 633 5593 715 5647; x_wconf 88' lang='lat' dir='ltr'><strong>his</strong></span> <span class='ocrx_word' id='word_1_627' title='bbox 742 5594 917 5648; x_wconf 88' lang='lat' dir='ltr'><strong>verbis</strong></span> <span class='ocrx_word' id='word_1_628' title='bbox 938 5591 1142 5662; x_wconf 84' lang='lat' dir='ltr'><strong>Spiritu</strong></span> <span class='ocrx_word' id='word_1_629' title='bbox 1168 5600 1356 5647; x_wconf 83' lang='lat' dir='ltr'><strong>sancto</strong></span> <span class='ocrx_word' id='word_1_630' title='bbox 1384 5592 1624 5661; x_wconf 87' lang='lat' dir='ltr'><strong>repletus</strong></span> <span class='ocrx_word' id='word_1_631' title='bbox 1643 5591 1914 5644; x_wconf 85' lang='lat' dir='ltr'><strong>insinuat:</strong></span> 
     </span>
    </p>
   </div>
   <div class='ocr_carea' id='block_1_76' title="bbox 334 5679 1912 5754">
    <p class='ocr_par' dir='ltr' id='par_1_76' title="bbox 334 5679 1912 5754">
     <span class='ocr_line' id='line_1_76' title="bbox 334 5679 1912 5754; baseline 0 -15"><span class='ocrx_word' id='word_1_632' title='bbox 334 5687 552 5741; x_wconf 85' lang='lat' dir='ltr'><strong>Sustine</strong></span> <span class='ocrx_word' id='word_1_633' title='bbox 571 5703 670 5754; x_wconf 78' lang='lat' dir='ltr'><strong>me,</strong></span> <span class='ocrx_word' id='word_1_634' title='bbox 703 5685 826 5739; x_wconf 84' lang='lat' dir='ltr'><strong>dicit</strong></span> <span class='ocrx_word' id='word_1_635' title='bbox 865 5679 1138 5750; x_wconf 75' lang='lat' dir='ltr'><strong>Domihus,</strong></span> <span class='ocrx_word' id='word_1_636' title='bbox 1169 5687 1221 5739; x_wconf 87' lang='lat' dir='ltr'><strong>in</strong></span> <span class='ocrx_word' id='word_1_637' title='bbox 1250 5687 1333 5739; x_wconf 85' lang='lat' dir='ltr'><strong>die</strong></span> <span class='ocrx_word' id='word_1_638' title='bbox 1359 5686 1744 5743; x_wconf 62' lang='lat' dir='ltr'><strong>resurrerdionis</strong></span> <span class='ocrx_word' id='word_1_639' title='bbox 1769 5701 1912 5750; x_wconf 69' lang='lat' dir='ltr'><strong>metu,</strong></span> 
     </span>
    </p>
   </div>
   <div class='ocr_carea' id='block_1_77' title="bbox 329 5779 1916 5851">
    <p class='ocr_par' dir='ltr' id='par_1_77' title="bbox 329 5779 1916 5851">
     <span class='ocr_line' id='line_1_77' title="bbox 329 5779 1916 5851; baseline -0.003 -14"><span class='ocrx_word' id='word_1_640' title='bbox 329 5780 789 5842; x_wconf 69' lang='lat' dir='ltr'><strong>in‘testimanium.</strong></span> <span class='ocrx_word' id='word_1_641' title='bbox 835 5781 1091 5843; x_wconf 71' lang='lat' dir='ltr'><strong>Quoniam</strong></span> <span class='ocrx_word' id='word_1_642' title='bbox 1113 5779 1368 5851; x_wconf 85' lang='lat' dir='ltr'><strong>judicium</strong></span> <span class='ocrx_word' id='word_1_643' title='bbox 1407 5795 1571 5833; x_wconf 86' lang='lat' dir='ltr'><strong>meum</strong></span> <span class='ocrx_word' id='word_1_644' title='bbox 1600 5779 1653 5831; x_wconf 90' lang='lat' dir='ltr'><strong>in</strong></span> <span class='ocrx_word' id='word_1_645' title='bbox 1701 5793 1916 5849; x_wconf 83' lang='lat' dir='ltr'><strong>congre-</strong></span> 
     </span>
    </p>
   </div>
   <div class='ocr_carea' id='block_1_78' title="bbox 619 5872 1124 5938">
    <p class='ocr_par' dir='ltr' id='par_1_78' title="bbox 619 5872 1124 5938">
     <span class='ocr_line' id='line_1_78' title="bbox 619 5872 1124 5938; baseline -0.014 0"><span class='ocrx_word' id='word_1_646' title='bbox 619 5875 890 5938; x_wconf 72' lang='lat' dir='ltr'><strong>l’sruot.</strong></span> <span class='ocrx_word' id='word_1_647' title='bbox 944 5872 1124 5931; x_wconf 73' lang='lat' dir='ltr'><strong>LXV.</strong></span> 
     </span>
    </p>
   </div>
   <div class='ocr_carea' id='block_1_79' title="bbox 1995 1879 3579 1950">
    <p class='ocr_par' dir='ltr' id='par_1_79' title="bbox 1995 1879 3579 1950">
     <span class='ocr_line' id='line_1_79' title="bbox 1995 1879 3579 1950; baseline -0.001 -13"><span class='ocrx_word' id='word_1_648' title='bbox 1995 1881 2316 1937; x_wconf 79' lang='lat' dir='ltr'><strong>sacriﬁcium</strong></span> <span class='ocrx_word' id='word_1_649' title='bbox 2344 1880 2445 1934; x_wconf 86' lang='lat' dir='ltr'><strong>sibi</strong></span> <span class='ocrx_word' id='word_1_650' title='bbox 2493 1879 2888 1934; x_wconf 86' lang='lat' dir='ltr'><strong>crediturarum</strong></span> <span class='ocrx_word' id='word_1_651' title='bbox 2917 1881 3156 1947; x_wconf 87' lang='lat' dir='ltr'><strong>gentium</strong></span> <span class='ocrx_word' id='word_1_652' title='bbox 3177 1921 3191 1945; x_wconf 93' lang='lat'><strong>,</strong></span> <span class='ocrx_word' id='word_1_653' title='bbox 3248 1880 3416 1950; x_wconf 79' lang='lat' dir='ltr'><strong>Magis</strong></span> <span class='ocrx_word' id='word_1_654' title='bbox 3444 1879 3579 1936; x_wconf 76' lang='lat' dir='ltr'><strong>oﬁ‘e-</strong></span> 
     </span>
    </p>
   </div>
   <div class='ocr_carea' id='block_1_80' title="bbox 1994 1969 3579 2039">
    <p class='ocr_par' dir='ltr' id='par_1_80' title="bbox 1994 1969 3579 2039">
     <span class='ocr_line' id='line_1_80' title="bbox 1994 1969 3579 2039; baseline -0.002 -12"><span class='ocrx_word' id='word_1_655' title='bbox 1994 1972 2254 2038; x_wconf 89' lang='lat' dir='ltr'><strong>rentibus,</strong></span> <span class='ocrx_word' id='word_1_656' title='bbox 2287 1970 2558 2026; x_wconf 84' lang='lat' dir='ltr'><strong>dedicavit</strong></span> <span class='ocrx_word' id='word_1_657' title='bbox 2591 1987 2604 2023; x_wconf 91' lang='lat'><strong>:</strong></span> <span class='ocrx_word' id='word_1_658' title='bbox 2635 1970 2780 2039; x_wconf 90' lang='lat' dir='ltr'><strong>ipsos</strong></span> <span class='ocrx_word' id='word_1_659' title='bbox 2805 1970 3016 2025; x_wconf 85' lang='lat' dir='ltr'><strong>scilicet</strong></span> <span class='ocrx_word' id='word_1_660' title='bbox 3044 1969 3308 2039; x_wconf 84' lang='lat' dir='ltr'><strong>primitias</strong></span> <span class='ocrx_word' id='word_1_661' title='bbox 3337 1971 3579 2038; x_wconf 86' lang='lat' dir='ltr'><strong>gentium</strong></span> 
     </span>
    </p>
   </div>
   <div class='ocr_carea' id='block_1_81' title="bbox 1997 2060 3581 2130">
    <p class='ocr_par' dir='ltr' id='par_1_81' title="bbox 1997 2060 3581 2130">
     <span class='ocr_line' id='line_1_81' title="bbox 1997 2060 3581 2130; baseline -0.002 -13"><span class='ocrx_word' id='word_1_662' title='bbox 1997 2063 2221 2126; x_wconf 82' lang='lat' dir='ltr'><strong>faciens,</strong></span> <span class='ocrx_word' id='word_1_663' title='bbox 2266 2070 2322 2116; x_wconf 90' lang='lat' dir='ltr'><strong>et</strong></span> <span class='ocrx_word' id='word_1_664' title='bbox 2350 2061 2404 2115; x_wconf 91' lang='lat' dir='ltr'><strong>in</strong></span> <span class='ocrx_word' id='word_1_665' title='bbox 2449 2075 2636 2116; x_wconf 87' lang='lat' dir='ltr'><strong>eorum</strong></span> <span class='ocrx_word' id='word_1_666' title='bbox 2679 2074 2902 2114; x_wconf 80' lang='lat' dir='ltr'><strong>munere</strong></span> <span class='ocrx_word' id='word_1_667' title='bbox 2940 2060 3204 2130; x_wconf 85' lang='lat' dir='ltr'><strong>primitias</strong></span> <span class='ocrx_word' id='word_1_668' title='bbox 3251 2061 3351 2115; x_wconf 88' lang='lat' dir='ltr'><strong>sibi</strong></span> <span class='ocrx_word' id='word_1_669' title='bbox 3391 2061 3581 2115; x_wconf 70' lang='lat' dir='ltr'><strong>debitae</strong></span> 
     </span>
    </p>
   </div>
   <div class='ocr_carea' id='block_1_82' title="bbox 1996 2149 3582 2220">
    <p class='ocr_par' dir='ltr' id='par_1_82' title="bbox 1996 2149 3582 2220">
     <span class='ocr_line' id='line_1_82' title="bbox 1996 2149 3582 2220; baseline 0 -14"><span class='ocrx_word' id='word_1_670' title='bbox 1996 2151 2379 2207; x_wconf 83' lang='lat' dir='ltr'><strong>immolationis</strong></span> <span class='ocrx_word' id='word_1_671' title='bbox 2404 2151 2716 2206; x_wconf 85' lang='lat' dir='ltr'><strong>ostendens.</strong></span> <span class='ocrx_word' id='word_1_672' title='bbox 2767 2149 2908 2219; x_wconf 85' lang='lat' dir='ltr'><strong>Magi</strong></span> <span class='ocrx_word' id='word_1_673' title='bbox 2947 2151 3148 2220; x_wconf 90' lang='lat' dir='ltr'><strong>quippe</strong></span> <span class='ocrx_word' id='word_1_674' title='bbox 3171 2151 3444 2206; x_wconf 89' lang='lat' dir='ltr'><strong>Christum</strong></span> <span class='ocrx_word' id='word_1_675' title='bbox 3474 2153 3582 2206; x_wconf 91' lang='lat' dir='ltr'><strong>Do-</strong></span> 
     </span>
    </p>
   </div>
   <div class='ocr_carea' id='block_1_83' title="bbox 1997 2243 3582 2315">
    <p class='ocr_par' dir='ltr' id='par_1_83' title="bbox 1997 2243 3582 2315">
     <span class='ocr_line' id='line_1_83' title="bbox 1997 2243 3582 2315; baseline 0.001 -18"><span class='ocrx_word' id='word_1_676' title='bbox 1997 2244 2202 2298; x_wconf 88' lang='lat' dir='ltr'><strong>minum</strong></span> <span class='ocrx_word' id='word_1_677' title='bbox 2231 2243 2546 2308; x_wconf 89' lang='lat' dir='ltr'><strong>adorantes,</strong></span> <span class='ocrx_word' id='word_1_678' title='bbox 2577 2243 2737 2297; x_wconf 88' lang='lat' dir='ltr'><strong>etiam</strong></span> <span class='ocrx_word' id='word_1_679' title='bbox 2777 2257 2966 2296; x_wconf 90' lang='lat' dir='ltr'><strong>aurum</strong></span> <span class='ocrx_word' id='word_1_680' title='bbox 2984 2284 2998 2310; x_wconf 95' lang='lat'><strong>,</strong></span> <span class='ocrx_word' id='word_1_681' title='bbox 3026 2243 3184 2309; x_wconf 82' lang='lat' dir='ltr'><strong>thus,</strong></span> <span class='ocrx_word' id='word_1_682' title='bbox 3222 2251 3283 2299; x_wconf 88' lang='lat' dir='ltr'><strong>et</strong></span> <span class='ocrx_word' id='word_1_683' title='bbox 3312 2245 3582 2315; x_wconf 82' lang='lat' dir='ltr'><strong>myrrham</strong></span> 
     </span>
    </p>
   </div>
   <div class='ocr_carea' id='block_1_84' title="bbox 1998 2332 3582 2406">
    <p class='ocr_par' dir='ltr' id='par_1_84' title="bbox 1998 2332 3582 2406">
     <span class='ocr_line' id='line_1_84' title="bbox 1998 2332 3582 2406; baseline -0.001 -15"><span class='ocrx_word' id='word_1_684' title='bbox 1998 2335 2312 2406; x_wconf 84' lang='lat' dir='ltr'><strong>suppliciter</strong></span> <span class='ocrx_word' id='word_1_685' title='bbox 2337 2333 2669 2389; x_wconf 89' lang='lat' dir='ltr'><strong>obtulerunt.</strong></span> <span class='ocrx_word' id='word_1_686' title='bbox 2715 2332 2862 2388; x_wconf 84' lang='lat' dir='ltr'><strong>Thus</strong></span> <span class='ocrx_word' id='word_1_687' title='bbox 2896 2339 3104 2396; x_wconf 85' lang='lat' dir='ltr'><strong>autem,</strong></span> <span class='ocrx_word' id='word_1_688' title='bbox 3151 2343 3358 2388; x_wconf 87' lang='lat' dir='ltr'><strong>certum</strong></span> <span class='ocrx_word' id='word_1_689' title='bbox 3402 2342 3489 2388; x_wconf 90' lang='lat' dir='ltr'><strong>est</strong></span> <span class='ocrx_word' id='word_1_690' title='bbox 3530 2336 3582 2390; x_wconf 90' lang='lat' dir='ltr'><strong>in</strong></span> 
     </span>
    </p>
   </div>
   <div class='ocr_carea' id='block_1_85' title="bbox 2000 2425 3583 2497">
    <p class='ocr_par' dir='ltr' id='par_1_85' title="bbox 2000 2425 3583 2497">
     <span class='ocr_line' id='line_1_85' title="bbox 2000 2425 3583 2497; baseline 0 -14"><span class='ocrx_word' id='word_1_691' title='bbox 2000 2427 2280 2483; x_wconf 90' lang='lat' dir='ltr'><strong>sacriﬁciis</strong></span> <span class='ocrx_word' id='word_1_692' title='bbox 2307 2427 2420 2482; x_wconf 90' lang='lat' dir='ltr'><strong>Deo</strong></span> <span class='ocrx_word' id='word_1_693' title='bbox 2445 2441 2660 2496; x_wconf 86' lang='lat' dir='ltr'><strong>semper</strong></span> <span class='ocrx_word' id='word_1_694' title='bbox 2688 2425 2890 2492; x_wconf 69' lang='lat' dir='ltr'><strong>oderri,</strong></span> <span class='ocrx_word' id='word_1_695' title='bbox 2919 2442 3109 2480; x_wconf 89' lang='lat' dir='ltr'><strong>aurum</strong></span> <span class='ocrx_word' id='word_1_696' title='bbox 3139 2427 3300 2496; x_wconf 72' lang='lat' dir='ltr'><strong>regia:</strong></span> <span class='ocrx_word' id='word_1_697' title='bbox 3329 2429 3583 2497; x_wconf 90' lang='lat' dir='ltr'><strong>potestati</strong></span> 
     </span>
    </p>
   </div>
   <div class='ocr_carea' id='block_1_86' title="bbox 2002 2517 3582 2589">
    <p class='ocr_par' dir='ltr' id='par_1_86' title="bbox 2002 2517 3582 2589">
     <span class='ocr_line' id='line_1_86' title="bbox 2002 2517 3582 2589; baseline 0.001 -17"><span class='ocrx_word' id='word_1_698' title='bbox 2002 2533 2175 2573; x_wconf 90' lang='lat' dir='ltr'><strong>annua</strong></span> <span class='ocrx_word' id='word_1_699' title='bbox 2205 2518 2494 2573; x_wconf 82' lang='lat' dir='ltr'><strong>devotione</strong></span> <span class='ocrx_word' id='word_1_700' title='bbox 2519 2517 2772 2587; x_wconf 90' lang='lat' dir='ltr'><strong>persolvi,</strong></span> <span class='ocrx_word' id='word_1_701' title='bbox 2805 2518 3078 2588; x_wconf 86' lang='lat' dir='ltr'><strong>myrrham</strong></span> <span class='ocrx_word' id='word_1_702' title='bbox 3101 2526 3240 2573; x_wconf 82' lang='lat' dir='ltr'><strong>vero</strong></span> <span class='ocrx_word' id='word_1_703' title='bbox 3265 2518 3317 2572; x_wconf 91' lang='lat' dir='ltr'><strong>in</strong></span> <span class='ocrx_word' id='word_1_704' title='bbox 3340 2519 3582 2589; x_wconf 90' lang='lat' dir='ltr'><strong>sepultu-</strong></span> 
     </span>
    </p>
   </div>
   <div class='ocr_carea' id='block_1_87' title="bbox 2003 2605 3584 2676">
    <p class='ocr_par' dir='ltr' id='par_1_87' title="bbox 2003 2605 3584 2676">
     <span class='ocr_line' id='line_1_87' title="bbox 2003 2605 3584 2676; baseline 0 -14"><span class='ocrx_word' id='word_1_705' title='bbox 2003 2623 2116 2662; x_wconf 87' lang='lat' dir='ltr'><strong>ram</strong></span> <span class='ocrx_word' id='word_1_706' title='bbox 2156 2607 2382 2662; x_wconf 88' lang='lat' dir='ltr'><strong>mortuis</strong></span> <span class='ocrx_word' id='word_1_707' title='bbox 2407 2607 2724 2676; x_wconf 83' lang='lat' dir='ltr'><strong>corporibus</strong></span> <span class='ocrx_word' id='word_1_708' title='bbox 2751 2605 3014 2662; x_wconf 81' lang='lat' dir='ltr'><strong>adhiberi.</strong></span> <span class='ocrx_word' id='word_1_709' title='bbox 3045 2606 3104 2660; x_wconf 88' lang='lat' dir='ltr'><strong>ln</strong></span> <span class='ocrx_word' id='word_1_710' title='bbox 3134 2606 3237 2661; x_wconf 87' lang='lat' dir='ltr'><strong>isto</strong></span> <span class='ocrx_word' id='word_1_711' title='bbox 3255 2606 3420 2674; x_wconf 82' lang='lat' dir='ltr'><strong>igitur</strong></span> <span class='ocrx_word' id='word_1_712' title='bbox 3446 2609 3584 2662; x_wconf 89' lang='lat' dir='ltr'><strong>trino</strong></span> 
     </span>
    </p>
   </div>
   <div class='ocr_carea' id='block_1_88' title="bbox 2004 2694 3585 2767">
    <p class='ocr_par' dir='ltr' id='par_1_88' title="bbox 2004 2694 3585 2767">
     <span class='ocr_line' id='line_1_88' title="bbox 2004 2694 3585 2767; baseline -0.001 -16"><span class='ocrx_word' id='word_1_713' title='bbox 2004 2697 2291 2752; x_wconf 81' lang='lat' dir='ltr'><strong>oblationis</strong></span> <span class='ocrx_word' id='word_1_714' title='bbox 2335 2711 2566 2766; x_wconf 84' lang='lat' dir='ltr'><strong>genere,</strong></span> <span class='ocrx_word' id='word_1_715' title='bbox 2617 2697 2913 2767; x_wconf 70' lang='lat' dir='ltr'><strong>pert-&quot;actum</strong></span> <span class='ocrx_word' id='word_1_716' title='bbox 2934 2696 3251 2751; x_wconf 84' lang='lat' dir='ltr'><strong>continetur</strong></span> <span class='ocrx_word' id='word_1_717' title='bbox 3277 2694 3399 2751; x_wconf 88' lang='lat' dir='ltr'><strong>ﬁdei</strong></span> <span class='ocrx_word' id='word_1_718' title='bbox 3422 2696 3585 2751; x_wconf 80' lang='lat' dir='ltr'><strong>Chri-</strong></span> 
     </span>
    </p>
   </div>
   <div class='ocr_carea' id='block_1_89' title="bbox 2003 2785 3586 2860">
    <p class='ocr_par' dir='ltr' id='par_1_89' title="bbox 2003 2785 3586 2860">
     <span class='ocr_line' id='line_1_89' title="bbox 2003 2785 3586 2860; baseline -0.001 -17"><span class='ocrx_word' id='word_1_719' title='bbox 2003 2789 2192 2844; x_wconf 86' lang='lat' dir='ltr'><strong>stianae</strong></span> <span class='ocrx_word' id='word_1_720' title='bbox 2231 2790 2584 2860; x_wconf 79' lang='lat' dir='ltr'><strong>mysterium;</strong></span> <span class='ocrx_word' id='word_1_721' title='bbox 2617 2803 2732 2858; x_wconf 86' lang='lat' dir='ltr'><strong>quo</strong></span> <span class='ocrx_word' id='word_1_722' title='bbox 2764 2794 3183 2855; x_wconf 88' lang='lat' dir='ltr'><strong>cognosceretur</strong></span> <span class='ocrx_word' id='word_1_723' title='bbox 3211 2787 3264 2841; x_wconf 90' lang='lat' dir='ltr'><strong>in</strong></span> <span class='ocrx_word' id='word_1_724' title='bbox 3294 2785 3510 2842; x_wconf 87' lang='lat' dir='ltr'><strong>Christo</strong></span> <span class='ocrx_word' id='word_1_725' title='bbox 3532 2794 3586 2842; x_wconf 86' lang='lat' dir='ltr'><strong>et</strong></span> 
     </span>
    </p>
   </div>
   <div class='ocr_carea' id='block_1_90' title="bbox 2005 2877 3590 2948">
    <p class='ocr_par' dir='ltr' id='par_1_90' title="bbox 2005 2877 3590 2948">
     <span class='ocr_line' id='line_1_90' title="bbox 2005 2877 3590 2948; baseline -0.001 -14"><span class='ocrx_word' id='word_1_726' title='bbox 2005 2887 2294 2948; x_wconf 73' lang='lat' dir='ltr'><strong>assumpta:</strong></span> <span class='ocrx_word' id='word_1_727' title='bbox 2319 2877 2598 2932; x_wconf 88' lang='lat' dir='ltr'><strong>inﬁrmitas</strong></span> <span class='ocrx_word' id='word_1_728' title='bbox 2621 2878 2835 2942; x_wconf 88' lang='lat' dir='ltr'><strong>carnis,</strong></span> <span class='ocrx_word' id='word_1_729' title='bbox 2880 2886 2934 2930; x_wconf 89' lang='lat' dir='ltr'><strong>et</strong></span> <span class='ocrx_word' id='word_1_730' title='bbox 2959 2877 3287 2947; x_wconf 73' lang='lat' dir='ltr'><strong>sempiterna</strong></span> <span class='ocrx_word' id='word_1_731' title='bbox 3317 2886 3478 2946; x_wconf 87' lang='lat' dir='ltr'><strong>atque</strong></span> <span class='ocrx_word' id='word_1_732' title='bbox 3504 2894 3590 2932; x_wconf 61' lang='grc' dir='ltr'>τοι</span> 
     </span>
    </p>
   </div>
   <div class='ocr_carea' id='block_1_91' title="bbox 2007 2968 3589 3042">
    <p class='ocr_par' dir='ltr' id='par_1_91' title="bbox 2007 2968 3589 3042">
     <span class='ocr_line' id='line_1_91' title="bbox 2007 2968 3589 3042; baseline -0.001 -16"><span class='ocrx_word' id='word_1_733' title='bbox 2007 2973 2142 3040; x_wconf 89' lang='lat' dir='ltr'><strong>galis</strong></span> <span class='ocrx_word' id='word_1_734' title='bbox 2168 2972 2558 3042; x_wconf 74' lang='lat' dir='ltr'><strong>omnipotentis</strong></span> <span class='ocrx_word' id='word_1_735' title='bbox 2583 2971 2820 3025; x_wconf 82' lang='lat' dir='ltr'><strong>deitatis.</strong></span> <span class='ocrx_word' id='word_1_736' title='bbox 2852 2968 2909 3023; x_wconf 86' lang='lat' dir='ltr'><strong>In</strong></span> <span class='ocrx_word' id='word_1_737' title='bbox 2933 2985 3040 3025; x_wconf 93' lang='lat' dir='ltr'><strong>uno</strong></span> <span class='ocrx_word' id='word_1_738' title='bbox 3069 2969 3269 3025; x_wconf 88' lang='lat' dir='ltr'><strong>etenim</strong></span> <span class='ocrx_word' id='word_1_739' title='bbox 3291 2970 3589 3039; x_wconf 82' lang='lat' dir='ltr'><strong>eodemque</strong></span> 
     </span>
    </p>
   </div>
   <div class='ocr_carea' id='block_1_92' title="bbox 2009 3059 3589 3129">
    <p class='ocr_par' dir='ltr' id='par_1_92' title="bbox 2009 3059 3589 3129">
     <span class='ocr_line' id='line_1_92' title="bbox 2009 3059 3589 3129; baseline -0.001 -13"><span class='ocrx_word' id='word_1_740' title='bbox 2009 3061 2224 3116; x_wconf 81' lang='lat' dir='ltr'><strong>Christo</strong></span> <span class='ocrx_word' id='word_1_741' title='bbox 2251 3060 2593 3116; x_wconf 89' lang='lat' dir='ltr'><strong>crediderunt</strong></span> <span class='ocrx_word' id='word_1_742' title='bbox 2620 3059 2906 3114; x_wconf 89' lang='lat' dir='ltr'><strong>mortalem</strong></span> <span class='ocrx_word' id='word_1_743' title='bbox 2942 3073 3189 3125; x_wconf 87' lang='lat' dir='ltr'><strong>carnem,</strong></span> <span class='ocrx_word' id='word_1_744' title='bbox 3240 3060 3439 3128; x_wconf 86' lang='lat' dir='ltr'><strong>regiam</strong></span> <span class='ocrx_word' id='word_1_745' title='bbox 3489 3075 3589 3129; x_wconf 85' lang='lat' dir='ltr'><strong>pu-</strong></span> 
     </span>
    </p>
   </div>
   <div class='ocr_carea' id='block_1_93' title="bbox 1933 3149 3591 3242">
    <p class='ocr_par' dir='ltr' id='par_1_93' title="bbox 1933 3149 3591 3242">
     <span class='ocr_line' id='line_1_93' title="bbox 1933 3149 3591 3242; baseline -0.001 -34"><span class='ocrx_word' id='word_1_746' title='bbox 1933 3180 1979 3242; x_wconf 73' lang='lat' dir='ltr'>c</span> <span class='ocrx_word' id='word_1_747' title='bbox 2011 3161 2278 3216; x_wconf 87' lang='lat' dir='ltr'><strong>testatem,</strong></span> <span class='ocrx_word' id='word_1_748' title='bbox 2302 3152 2450 3208; x_wconf 80' lang='lat' dir='ltr'><strong>excel</strong></span> <span class='ocrx_word' id='word_1_749' title='bbox 2467 3167 2566 3205; x_wconf 66' lang='lat' dir='ltr'><strong>sam</strong></span> <span class='ocrx_word' id='word_1_750' title='bbox 2590 3165 2752 3220; x_wconf 89' lang='lat' dir='ltr'><strong>super</strong></span> <span class='ocrx_word' id='word_1_751' title='bbox 2771 3150 2951 3205; x_wconf 88' lang='lat' dir='ltr'><strong>omnia</strong></span> <span class='ocrx_word' id='word_1_752' title='bbox 2977 3149 3261 3217; x_wconf 84' lang='lat' dir='ltr'><strong>deitatem;</strong></span> <span class='ocrx_word' id='word_1_753' title='bbox 3286 3166 3349 3206; x_wconf 91' lang='lat' dir='ltr'><strong>ac</strong></span> <span class='ocrx_word' id='word_1_754' title='bbox 3371 3167 3467 3222; x_wconf 84' lang='lat' dir='ltr'><strong>per</strong></span> <span class='ocrx_word' id='word_1_755' title='bbox 3486 3151 3591 3207; x_wconf 90' lang='lat' dir='ltr'><strong>hoc</strong></span> 
     </span>
    </p>
   </div>
   <div class='ocr_carea' id='block_1_94' title="bbox 2012 3241 3589 3313">
    <p class='ocr_par' dir='ltr' id='par_1_94' title="bbox 2012 3241 3589 3313">
     <span class='ocr_line' id='line_1_94' title="bbox 2012 3241 3589 3313; baseline -0.002 -13"><span class='ocrx_word' id='word_1_756' title='bbox 2012 3244 2312 3300; x_wconf 85' lang='lat' dir='ltr'><strong>docuerunt</strong></span> <span class='ocrx_word' id='word_1_757' title='bbox 2338 3243 2660 3298; x_wconf 86' lang='lat' dir='ltr'><strong>credendam</strong></span> <span class='ocrx_word' id='word_1_758' title='bbox 2684 3257 2806 3297; x_wconf 88' lang='lat' dir='ltr'><strong>esse</strong></span> <span class='ocrx_word' id='word_1_759' title='bbox 2835 3257 3016 3297; x_wconf 88' lang='lat' dir='ltr'><strong>veram</strong></span> <span class='ocrx_word' id='word_1_760' title='bbox 3045 3241 3424 3313; x_wconf 79' lang='lat' dir='ltr'><strong>Redemptoris</strong></span> <span class='ocrx_word' id='word_1_761' title='bbox 3452 3259 3589 3298; x_wconf 87' lang='lat' dir='ltr'><strong>mor-</strong></span> 
     </span>
    </p>
   </div>
   <div class='ocr_carea' id='block_1_95' title="bbox 2011 3331 3584 3403">
    <p class='ocr_par' dir='ltr' id='par_1_95' title="bbox 2011 3331 3584 3403">
     <span class='ocr_line' id='line_1_95' title="bbox 2011 3331 3584 3403; baseline -0.001 -15"><span class='ocrx_word' id='word_1_762' title='bbox 2011 3343 2142 3401; x_wconf 90' lang='lat' dir='ltr'><strong>tem,</strong></span> <span class='ocrx_word' id='word_1_763' title='bbox 2172 3343 2229 3389; x_wconf 90' lang='lat' dir='ltr'><strong>et</strong></span> <span class='ocrx_word' id='word_1_764' title='bbox 2256 3333 2354 3403; x_wconf 90' lang='lat' dir='ltr'><strong>ipsi</strong></span> <span class='ocrx_word' id='word_1_765' title='bbox 2383 3348 2512 3387; x_wconf 88' lang='lat' dir='ltr'><strong>vero</strong></span> <span class='ocrx_word' id='word_1_766' title='bbox 2543 3332 2672 3399; x_wconf 85' lang='lat' dir='ltr'><strong>Regi</strong></span> <span class='ocrx_word' id='word_1_767' title='bbox 2717 3331 3038 3402; x_wconf 79' lang='lat' dir='ltr'><strong>reddendam</strong></span> <span class='ocrx_word' id='word_1_768' title='bbox 3059 3369 3078 3395; x_wconf 94' lang='lat'><strong>,</strong></span> <span class='ocrx_word' id='word_1_769' title='bbox 3122 3347 3284 3402; x_wconf 90' lang='lat' dir='ltr'><strong>quam</strong></span> <span class='ocrx_word' id='word_1_770' title='bbox 3322 3335 3376 3387; x_wconf 90' lang='lat' dir='ltr'><strong>in</strong></span> <span class='ocrx_word' id='word_1_771' title='bbox 3425 3335 3584 3387; x_wconf 90' lang='lat' dir='ltr'><strong>nobis</strong></span> 
     </span>
    </p>
   </div>
   <div class='ocr_carea' id='block_1_96' title="bbox 2012 3422 3593 3490">
    <p class='ocr_par' dir='ltr' id='par_1_96' title="bbox 2012 3422 3593 3490">
     <span class='ocr_line' id='line_1_96' title="bbox 2012 3422 3593 3490; baseline 0.001 -12"><span class='ocrx_word' id='word_1_772' title='bbox 2012 3439 2163 3478; x_wconf 90' lang='lat' dir='ltr'><strong>suam</strong></span> <span class='ocrx_word' id='word_1_773' title='bbox 2205 3424 2407 3478; x_wconf 84' lang='lat' dir='ltr'><strong>creavit</strong></span> <span class='ocrx_word' id='word_1_774' title='bbox 2444 3430 2500 3476; x_wconf 91' lang='lat' dir='ltr'><strong>et</strong></span> <span class='ocrx_word' id='word_1_775' title='bbox 2524 3422 2806 3476; x_wconf 85' lang='lat' dir='ltr'><strong>renovavit</strong></span> <span class='ocrx_word' id='word_1_776' title='bbox 2834 3422 3160 3490; x_wconf 84' lang='lat' dir='ltr'><strong>imaginem;</strong></span> <span class='ocrx_word' id='word_1_777' title='bbox 3193 3431 3252 3476; x_wconf 89' lang='lat' dir='ltr'><strong>et</strong></span> <span class='ocrx_word' id='word_1_778' title='bbox 3278 3422 3451 3477; x_wconf 88' lang='lat' dir='ltr'><strong>eidem</strong></span> <span class='ocrx_word' id='word_1_779' title='bbox 3482 3423 3593 3480; x_wconf 84' lang='lat' dir='ltr'><strong>Deo</strong></span> 
     </span>
    </p>
   </div>
   <div class='ocr_carea' id='block_1_97' title="bbox 2011 3512 3594 3590">
    <p class='ocr_par' dir='ltr' id='par_1_97' title="bbox 2011 3512 3594 3590">
     <span class='ocr_line' id='line_1_97' title="bbox 2011 3512 3594 3590; baseline 0.002 -22"><span class='ocrx_word' id='word_1_780' title='bbox 2011 3529 2222 3568; x_wconf 90' lang='lat' dir='ltr'><strong>summo</strong></span> <span class='ocrx_word' id='word_1_781' title='bbox 2259 3523 2315 3567; x_wconf 92' lang='lat' dir='ltr'><strong>et</strong></span> <span class='ocrx_word' id='word_1_782' title='bbox 2343 3528 2471 3568; x_wconf 90' lang='lat' dir='ltr'><strong>vero</strong></span> <span class='ocrx_word' id='word_1_783' title='bbox 2518 3512 2900 3581; x_wconf 84' lang='lat' dir='ltr'><strong>exhibendam,</strong></span> <span class='ocrx_word' id='word_1_784' title='bbox 2948 3527 3110 3582; x_wconf 91' lang='lat' dir='ltr'><strong>quam</strong></span> <span class='ocrx_word' id='word_1_785' title='bbox 3145 3512 3327 3572; x_wconf 62' lang='lat' dir='ltr'><strong>Graeci</strong></span> <span class='ocrx_word' id='word_1_786' title='bbox 3363 3516 3594 3590; x_wconf 77' lang='grc' dir='ltr'><strong>λατρείαν</strong></span> 
     </span>
    </p>
   </div>
   <div class='ocr_carea' id='block_1_98' title="bbox 2012 3597 3679 3671">
    <p class='ocr_par' dir='ltr' id='par_1_98' title="bbox 2012 3597 3679 3671">
     <span class='ocr_line' id='line_1_98' title="bbox 2012 3597 3679 3671; baseline 0.001 -13"><span class='ocrx_word' id='word_1_787' title='bbox 2012 3611 2238 3671; x_wconf 88' lang='lat' dir='ltr'><strong>vocant,</strong></span> <span class='ocrx_word' id='word_1_788' title='bbox 2272 3601 2522 3658; x_wconf 90' lang='lat' dir='ltr'><strong>sacriﬁcii</strong></span> <span class='ocrx_word' id='word_1_789' title='bbox 2550 3602 2884 3657; x_wconf 83' lang='lat' dir='ltr'><strong>servitutem.</strong></span> <span class='ocrx_word' id='word_1_790' title='bbox 2916 3601 3007 3658; x_wconf 89' lang='lat' dir='ltr'><strong>Sic</strong></span> <span class='ocrx_word' id='word_1_791' title='bbox 3045 3603 3100 3656; x_wconf 88' lang='lat' dir='ltr'><strong>in</strong></span> <span class='ocrx_word' id='word_1_792' title='bbox 3129 3619 3314 3658; x_wconf 91' lang='lat' dir='ltr'><strong>eorum</strong></span> <span class='ocrx_word' id='word_1_793' title='bbox 3345 3605 3596 3660; x_wconf 86' lang='lat' dir='ltr'><strong>cordibus</strong></span> <span class='ocrx_word' id='word_1_794' title='bbox 3668 3597 3679 3605; x_wconf 61' lang='grc'><strong><em>’</em></strong></span> 
     </span>
    </p>
   </div>
   <div class='ocr_carea' id='block_1_99' title="bbox 2014 3692 3595 3763">
    <p class='ocr_par' dir='ltr' id='par_1_99' title="bbox 2014 3692 3595 3763">
     <span class='ocr_line' id='line_1_99' title="bbox 2014 3692 3595 3763; baseline 0.001 -13"><span class='ocrx_word' id='word_1_795' title='bbox 2014 3696 2292 3750; x_wconf 84' lang='lat' dir='ltr'><strong>inventum</strong></span> <span class='ocrx_word' id='word_1_796' title='bbox 2331 3702 2432 3761; x_wconf 80' lang='lat' dir='ltr'><strong>est,</strong></span> <span class='ocrx_word' id='word_1_797' title='bbox 2468 3708 2574 3748; x_wconf 90' lang='lat' dir='ltr'><strong>non</strong></span> <span class='ocrx_word' id='word_1_798' title='bbox 2621 3701 2944 3757; x_wconf 83' lang='lat' dir='ltr'><strong>atramento,</strong></span> <span class='ocrx_word' id='word_1_799' title='bbox 2994 3692 3088 3746; x_wconf 91' lang='lat' dir='ltr'><strong>sed</strong></span> <span class='ocrx_word' id='word_1_800' title='bbox 3116 3692 3321 3763; x_wconf 82' lang='lat' dir='ltr'><strong>Spiritu</strong></span> <span class='ocrx_word' id='word_1_801' title='bbox 3351 3695 3445 3750; x_wconf 90' lang='lat' dir='ltr'><strong>Dei</strong></span> <span class='ocrx_word' id='word_1_802' title='bbox 3489 3696 3595 3752; x_wconf 86' lang='lat' dir='ltr'><strong>vivi</strong></span> 
     </span>
    </p>
   </div>
   <div class='ocr_carea' id='block_1_100' title="bbox 2013 3784 3598 3857">
    <p class='ocr_par' dir='ltr' id='par_1_100' title="bbox 2013 3784 3598 3857">
     <span class='ocr_line' id='line_1_100' title="bbox 2013 3784 3598 3857; baseline 0.002 -16"><span class='ocrx_word' id='word_1_803' title='bbox 2013 3786 2377 3857; x_wconf 90' lang='lat' dir='ltr'><strong>conscriptum</strong></span> <span class='ocrx_word' id='word_1_804' title='bbox 2407 3804 2422 3838; x_wconf 87' lang='lat'><strong>:</strong></span> <span class='ocrx_word' id='word_1_805' title='bbox 2465 3784 2748 3839; x_wconf 88' lang='lat' dir='ltr'><strong>Dominum</strong></span> <span class='ocrx_word' id='word_1_806' title='bbox 2773 3784 2940 3839; x_wconf 83' lang='lat' dir='ltr'><strong>Deum</strong></span> <span class='ocrx_word' id='word_1_807' title='bbox 2969 3795 3109 3840; x_wconf 90' lang='lat' dir='ltr'><strong>tuum</strong></span> <span class='ocrx_word' id='word_1_808' title='bbox 3138 3786 3411 3857; x_wconf 88' lang='lat' dir='ltr'><strong>adorabis,</strong></span> <span class='ocrx_word' id='word_1_809' title='bbox 3440 3799 3489 3842; x_wconf 89' lang='lat' dir='ltr'><strong>et</strong></span> <span class='ocrx_word' id='word_1_810' title='bbox 3519 3791 3598 3844; x_wconf 87' lang='lat' dir='ltr'><strong>illi</strong></span> 
     </span>
    </p>
   </div>
   <div class='ocr_carea' id='block_1_101' title="bbox 2013 3875 3598 3947">
    <p class='ocr_par' dir='ltr' id='par_1_101' title="bbox 2013 3875 3598 3947">
     <span class='ocr_line' id='line_1_101' title="bbox 2013 3875 3598 3947; baseline 0.002 -16"><span class='ocrx_word' id='word_1_811' title='bbox 2013 3878 2112 3931; x_wconf 87' lang='lat' dir='ltr'><strong>soli</strong></span> <span class='ocrx_word' id='word_1_812' title='bbox 2139 3878 2326 3930; x_wconf 74' lang='lat' dir='ltr'><strong>servies</strong></span> <span class='ocrx_word' id='word_1_813' title='bbox 2357 3875 2536 3946; x_wconf 90' lang='lat' dir='ltr'><strong>(Deut.</strong></span> <span class='ocrx_word' id='word_1_814' title='bbox 2561 3891 2614 3929; x_wconf 77' lang='lat' dir='ltr'><strong>vr</strong></span> <span class='ocrx_word' id='word_1_815' title='bbox 2634 3919 2648 3942; x_wconf 95' lang='lat'><strong>,</strong></span> <span class='ocrx_word' id='word_1_816' title='bbox 2683 3875 2770 3947; x_wconf 78' lang='grc'><strong>15)</strong></span> <span class='ocrx_word' id='word_1_817' title='bbox 2799 3893 2812 3940; x_wconf 91' lang='grc'><strong>;</strong></span> <span class='ocrx_word' id='word_1_818' title='bbox 2846 3884 2901 3930; x_wconf 89' lang='lat' dir='ltr'><strong>et</strong></span> <span class='ocrx_word' id='word_1_819' title='bbox 2927 3893 2939 3928; x_wconf 90' lang='lat'>:</span> <span class='ocrx_word' id='word_1_820' title='bbox 2974 3877 3297 3947; x_wconf 78' lang='lat' dir='ltr'><strong>Sacriﬁcans</strong></span> <span class='ocrx_word' id='word_1_821' title='bbox 3317 3881 3441 3947; x_wconf 89' lang='lat' dir='ltr'><strong>diis,</strong></span> <span class='ocrx_word' id='word_1_822' title='bbox 3482 3897 3598 3934; x_wconf 83' lang='lat' dir='ltr'><strong>era-</strong></span> 
     </span>
    </p>
   </div>
   <div class='ocr_carea' id='block_1_102' title="bbox 2015 3965 3599 4039">
    <p class='ocr_par' dir='ltr' id='par_1_102' title="bbox 2015 3965 3599 4039">
     <span class='ocr_line' id='line_1_102' title="bbox 2015 3965 3599 4039; baseline 0.003 -18"><span class='ocrx_word' id='word_1_823' title='bbox 2015 3968 2292 4031; x_wconf 84' lang='lat' dir='ltr'><strong>dicabitur,</strong></span> <span class='ocrx_word' id='word_1_824' title='bbox 2317 3969 2420 4021; x_wconf 87' lang='lat' dir='ltr'><strong>nisi</strong></span> <span class='ocrx_word' id='word_1_825' title='bbox 2453 3967 2672 4020; x_wconf 86' lang='lat' dir='ltr'><strong>Domino</strong></span> <span class='ocrx_word' id='word_1_826' title='bbox 2705 3967 2803 4020; x_wconf 91' lang='lat' dir='ltr'><strong>soli</strong></span> <span class='ocrx_word' id='word_1_827' title='bbox 2837 3965 3030 4036; x_wconf 74' lang='lat' dir='ltr'><strong>(Exod.</strong></span> <span class='ocrx_word' id='word_1_828' title='bbox 3058 3984 3186 4031; x_wconf 86' lang='lat' dir='ltr'><strong>xxu,</strong></span> <span class='ocrx_word' id='word_1_829' title='bbox 3210 3968 3324 4039; x_wconf 72' lang='lat'><strong>20).</strong></span> <span class='ocrx_word' id='word_1_830' title='bbox 3357 3972 3508 4036; x_wconf 81' lang='lat' dir='ltr'><strong>Nam,</strong></span> <span class='ocrx_word' id='word_1_831' title='bbox 3541 3981 3599 4026; x_wconf 79' lang='lat' dir='ltr'><strong>ut</strong></span> 
     </span>
    </p>
   </div>
   <div class='ocr_carea' id='block_1_103' title="bbox 2017 4057 3599 4132">
    <p class='ocr_par' dir='ltr' id='par_1_103' title="bbox 2017 4057 3599 4132">
     <span class='ocr_line' id='line_1_103' title="bbox 2017 4057 3599 4132; baseline 0.001 -17"><span class='ocrx_word' id='word_1_832' title='bbox 2017 4061 2083 4115; x_wconf 90' lang='lat' dir='ltr'><strong>de</strong></span> <span class='ocrx_word' id='word_1_833' title='bbox 2111 4060 2214 4132; x_wconf 77' lang='lat' dir='ltr'><strong>tuis</strong></span> <span class='ocrx_word' id='word_1_834' title='bbox 2240 4074 2454 4128; x_wconf 90' lang='lat' dir='ltr'><strong>quoque</strong></span> <span class='ocrx_word' id='word_1_835' title='bbox 2477 4058 2666 4113; x_wconf 86' lang='lat' dir='ltr'><strong>litteris</strong></span> <span class='ocrx_word' id='word_1_836' title='bbox 2692 4058 2787 4112; x_wconf 89' lang='lat' dir='ltr'><strong>tibi</strong></span> <span class='ocrx_word' id='word_1_837' title='bbox 2818 4057 3020 4126; x_wconf 81' lang='lat' dir='ltr'><strong>aliquid</strong></span> <span class='ocrx_word' id='word_1_838' title='bbox 3042 4059 3364 4126; x_wconf 85' lang='lat' dir='ltr'><strong>ingeramus,</strong></span> <span class='ocrx_word' id='word_1_839' title='bbox 3399 4071 3456 4115; x_wconf 92' lang='lat' dir='ltr'><strong>ut</strong></span> <span class='ocrx_word' id='word_1_840' title='bbox 3479 4063 3599 4117; x_wconf 86' lang='lat' dir='ltr'><strong>thus</strong></span> 
     </span>
    </p>
   </div>
   <div class='ocr_carea' id='block_1_104' title="bbox 2017 4145 3598 4218">
    <p class='ocr_par' dir='ltr' id='par_1_104' title="bbox 2017 4145 3598 4218">
     <span class='ocr_line' id='line_1_104' title="bbox 2017 4145 3598 4218; baseline 0.003 -16"><span class='ocrx_word' id='word_1_841' title='bbox 2017 4149 2072 4202; x_wconf 90' lang='lat' dir='ltr'><strong>in</strong></span> <span class='ocrx_word' id='word_1_842' title='bbox 2089 4148 2354 4204; x_wconf 88' lang='lat' dir='ltr'><strong>sacrilicio</strong></span> <span class='ocrx_word' id='word_1_843' title='bbox 2374 4148 2549 4203; x_wconf 85' lang='lat' dir='ltr'><strong>solere</strong></span> <span class='ocrx_word' id='word_1_844' title='bbox 2569 4162 2782 4218; x_wconf 89' lang='lat' dir='ltr'><strong>semper</strong></span> <span class='ocrx_word' id='word_1_845' title='bbox 2803 4145 2982 4202; x_wconf 72' lang='lat' dir='ltr'><strong>offerri</strong></span> <span class='ocrx_word' id='word_1_846' title='bbox 3004 4148 3255 4205; x_wconf 77' lang='lat' dir='ltr'><strong>facillime</strong></span> <span class='ocrx_word' id='word_1_847' title='bbox 3274 4152 3598 4217; x_wconf 85' lang='lat' dir='ltr'><strong>recorderis,</strong></span> 
     </span>
    </p>
   </div>
   <div class='ocr_carea' id='block_1_105' title="bbox 2018 4239 2888 4310">
    <p class='ocr_par' dir='ltr' id='par_1_105' title="bbox 2018 4239 2888 4310">
     <span class='ocr_line' id='line_1_105' title="bbox 2018 4239 2888 4310; baseline -0.002 -14"><span class='ocrx_word' id='word_1_848' title='bbox 2018 4249 2302 4297; x_wconf 87' lang='lat' dir='ltr'><strong>canentem</strong></span> <span class='ocrx_word' id='word_1_849' title='bbox 2330 4256 2557 4296; x_wconf 86' lang='lat' dir='ltr'><strong>recense</strong></span> <span class='ocrx_word' id='word_1_850' title='bbox 2587 4239 2888 4310; x_wconf 84' lang='lat' dir='ltr'><strong>Virgilium,</strong></span> 
     </span>
    </p>
   </div>
   <div class='ocr_carea' id='block_1_106' title="bbox 2511 4350 3015 4412">
    <p class='ocr_par' dir='ltr' id='par_1_106' title="bbox 2511 4350 3015 4412">
     <span class='ocr_line' id='line_1_106' title="bbox 2511 4350 3015 4412; baseline -0.002 -13"><span class='ocrx_word' id='word_1_851' title='bbox 2511 4350 2816 4412; x_wconf 85' lang='lat' dir='ltr'><strong>Centumque</strong></span> <span class='ocrx_word' id='word_1_852' title='bbox 2841 4351 3015 4412; x_wconf 63' lang='lat' dir='ltr'><strong>Sabaeo</strong></span> 
     </span>
    </p>
   </div>
   <div class='ocr_carea' id='block_1_107' title="bbox 2265 4411 3346 4475">
    <p class='ocr_par' dir='ltr' id='par_1_107' title="bbox 2265 4411 3346 4475">
     <span class='ocr_line' id='line_1_107' title="bbox 2265 4411 3346 4475; baseline 0.004 -15"><span class='ocrx_word' id='word_1_853' title='bbox 2265 4411 2432 4460; x_wconf 85' lang='lat' dir='ltr'><strong>Thure</strong></span> <span class='ocrx_word' id='word_1_854' title='bbox 2457 4412 2621 4460; x_wconf 83' lang='lat' dir='ltr'><strong>csleut</strong></span> <span class='ocrx_word' id='word_1_855' title='bbox 2640 4411 2754 4460; x_wconf 66' lang='lat' dir='ltr'><strong>arae.</strong></span> <span class='ocrx_word' id='word_1_856' title='bbox 2781 4411 2998 4474; x_wconf 68' lang='lat' dir='ltr'><strong>(.Eneid.</strong></span> <span class='ocrx_word' id='word_1_857' title='bbox 3020 4412 3054 4461; x_wconf 83' lang='grc' dir='ltr'>ι.</span> <span class='ocrx_word' id='word_1_858' title='bbox 3082 4429 3116 4474; x_wconf 86' lang='grc' dir='ltr'><strong>ι,</strong></span> <span class='ocrx_word' id='word_1_859' title='bbox 3141 4426 3188 4461; x_wconf 83' lang='grc' dir='ltr'><strong>υ.</strong></span> <span class='ocrx_word' id='word_1_860' title='bbox 3214 4415 3346 4475; x_wconf 70' lang='grc'>423.)</span> 
     </span>
    </p>
   </div>
   <div class='ocr_carea' id='block_1_108' title="bbox 1949 4509 3600 4597">
    <p class='ocr_par' dir='ltr' id='par_1_108' title="bbox 1949 4509 3600 4597">
     <span class='ocr_line' id='line_1_108' title="bbox 1949 4509 3600 4597; baseline 0.005 -32"><span class='ocrx_word' id='word_1_861' title='bbox 1949 4540 1998 4597; x_wconf 80' lang='lat' dir='ltr'><strong>D</strong></span> <span class='ocrx_word' id='word_1_862' title='bbox 2020 4519 2076 4565; x_wconf 89' lang='lat' dir='ltr'><strong>et</strong></span> <span class='ocrx_word' id='word_1_863' title='bbox 2098 4509 2331 4575; x_wconf 89' lang='lat' dir='ltr'><strong>Christo,</strong></span> <span class='ocrx_word' id='word_1_864' title='bbox 2362 4510 2448 4563; x_wconf 90' lang='lat' dir='ltr'><strong>cui</strong></span> <span class='ocrx_word' id='word_1_865' title='bbox 2474 4510 2596 4564; x_wconf 91' lang='lat' dir='ltr'><strong>thus</strong></span> <span class='ocrx_word' id='word_1_866' title='bbox 2623 4509 2904 4578; x_wconf 77' lang='lat' dir='ltr'><strong>cognoscis</strong></span> <span class='ocrx_word' id='word_1_867' title='bbox 2933 4511 3206 4577; x_wconf 88' lang='lat' dir='ltr'><strong>oblatum,</strong></span> <span class='ocrx_word' id='word_1_868' title='bbox 3238 4514 3400 4568; x_wconf 89' lang='lat' dir='ltr'><strong>etiam</strong></span> <span class='ocrx_word' id='word_1_869' title='bbox 3431 4518 3600 4574; x_wconf 89' lang='lat' dir='ltr'><strong>sacri-</strong></span> 
     </span>
    </p>
   </div>
   <div class='ocr_carea' id='block_1_109' title="bbox 2023 4597 3603 4669">
    <p class='ocr_par' dir='ltr' id='par_1_109' title="bbox 2023 4597 3603 4669">
     <span class='ocr_line' id='line_1_109' title="bbox 2023 4597 3603 4669; baseline 0.009 -19"><span class='ocrx_word' id='word_1_870' title='bbox 2023 4599 2199 4652; x_wconf 77' lang='lat' dir='ltr'><strong>ﬁcium</strong></span> <span class='ocrx_word' id='word_1_871' title='bbox 2228 4600 2284 4652; x_wconf 90' lang='lat' dir='ltr'><strong>in</strong></span> <span class='ocrx_word' id='word_1_872' title='bbox 2313 4600 2520 4652; x_wconf 80' lang='lat' dir='ltr'><strong>unitate</strong></span> <span class='ocrx_word' id='word_1_873' title='bbox 2545 4597 2720 4653; x_wconf 81' lang='lat' dir='ltr'><strong>Patris</strong></span> <span class='ocrx_word' id='word_1_874' title='bbox 2742 4607 2797 4653; x_wconf 90' lang='lat' dir='ltr'><strong>et</strong></span> <span class='ocrx_word' id='word_1_875' title='bbox 2837 4597 3069 4668; x_wconf 92' lang='lat' dir='ltr'><strong>Spiritus</strong></span> <span class='ocrx_word' id='word_1_876' title='bbox 3095 4604 3284 4669; x_wconf 90' lang='lat' dir='ltr'><strong>sancti,</strong></span> <span class='ocrx_word' id='word_1_877' title='bbox 3317 4606 3385 4659; x_wconf 91' lang='lat' dir='ltr'><strong>ab</strong></span> <span class='ocrx_word' id='word_1_878' title='bbox 3413 4621 3515 4661; x_wconf 89' lang='lat' dir='ltr'><strong>una</strong></span> <span class='ocrx_word' id='word_1_879' title='bbox 3547 4620 3603 4664; x_wconf 75' lang='lat' dir='ltr'><strong>et</strong></span> 
     </span>
    </p>
   </div>
   <div class='ocr_carea' id='block_1_110' title="bbox 2019 4688 3602 4757">
    <p class='ocr_par' dir='ltr' id='par_1_110' title="bbox 2019 4688 3602 4757">
     <span class='ocr_line' id='line_1_110' title="bbox 2019 4688 3602 4757; baseline 0.008 -13"><span class='ocrx_word' id='word_1_880' title='bbox 2019 4704 2148 4744; x_wconf 87' lang='lat' dir='ltr'><strong>vera</strong></span> <span class='ocrx_word' id='word_1_881' title='bbox 2179 4688 2419 4743; x_wconf 86' lang='lat' dir='ltr'><strong>Ecclesia</strong></span> <span class='ocrx_word' id='word_1_882' title='bbox 2445 4704 2551 4742; x_wconf 92' lang='lat' dir='ltr'><strong>non</strong></span> <span class='ocrx_word' id='word_1_883' title='bbox 2589 4688 2803 4743; x_wconf 89' lang='lat' dir='ltr'><strong>dubites</strong></span> <span class='ocrx_word' id='word_1_884' title='bbox 2844 4690 3134 4746; x_wconf 89' lang='lat' dir='ltr'><strong>immo-lari.</strong></span> <span class='ocrx_word' id='word_1_885' title='bbox 3168 4693 3298 4748; x_wconf 83' lang='lat' dir='ltr'><strong>Nam</strong></span> <span class='ocrx_word' id='word_1_886' title='bbox 3328 4703 3383 4751; x_wconf 89' lang='lat' dir='ltr'><strong>et</strong></span> <span class='ocrx_word' id='word_1_887' title='bbox 3411 4699 3602 4757; x_wconf 88' lang='lat' dir='ltr'><strong>beatus</strong></span> 
     </span>
    </p>
   </div>
   <div class='ocr_carea' id='block_1_111' title="bbox 2022 4777 3605 4849">
    <p class='ocr_par' dir='ltr' id='par_1_111' title="bbox 2022 4777 3605 4849">
     <span class='ocr_line' id='line_1_111' title="bbox 2022 4777 3605 4849; baseline 0.007 -16"><span class='ocrx_word' id='word_1_888' title='bbox 2022 4787 2230 4849; x_wconf 76' lang='lat' dir='ltr'><strong>martyr</strong></span> <span class='ocrx_word' id='word_1_889' title='bbox 2251 4777 2562 4847; x_wconf 88' lang='lat' dir='ltr'><strong>Stephanus</strong></span> <span class='ocrx_word' id='word_1_890' title='bbox 2585 4777 2800 4832; x_wconf 91' lang='lat' dir='ltr'><strong>Christo</strong></span> <span class='ocrx_word' id='word_1_891' title='bbox 2823 4777 3051 4836; x_wconf 89' lang='lat' dir='ltr'><strong>Domino</strong></span> <span class='ocrx_word' id='word_1_892' title='bbox 3077 4797 3135 4835; x_wconf 90' lang='lat' dir='ltr'><strong>se</strong></span> <span class='ocrx_word' id='word_1_893' title='bbox 3159 4783 3478 4841; x_wconf 90' lang='lat' dir='ltr'><strong>sacriﬁcium</strong></span> <span class='ocrx_word' id='word_1_894' title='bbox 3506 4790 3605 4844; x_wconf 87' lang='lat' dir='ltr'><strong>ob-</strong></span> 
     </span>
    </p>
   </div>
   <div class='ocr_carea' id='block_1_112' title="bbox 2023 4868 3603 4943">
    <p class='ocr_par' dir='ltr' id='par_1_112' title="bbox 2023 4868 3603 4943">
     <span class='ocr_line' id='line_1_112' title="bbox 2023 4868 3603 4943; baseline 0.006 -19"><span class='ocrx_word' id='word_1_895' title='bbox 2023 4871 2161 4936; x_wconf 86' lang='lat' dir='ltr'><strong>tulit,</strong></span> <span class='ocrx_word' id='word_1_896' title='bbox 2189 4885 2349 4940; x_wconf 89' lang='lat' dir='ltr'><strong>quem</strong></span> <span class='ocrx_word' id='word_1_897' title='bbox 2377 4877 2433 4922; x_wconf 88' lang='lat' dir='ltr'><strong>ut</strong></span> <span class='ocrx_word' id='word_1_898' title='bbox 2461 4868 2574 4936; x_wconf 82' lang='lat' dir='ltr'><strong>ejus</strong></span> <span class='ocrx_word' id='word_1_899' title='bbox 2594 4870 2842 4938; x_wconf 90' lang='lat' dir='ltr'><strong>spiritum</strong></span> <span class='ocrx_word' id='word_1_900' title='bbox 2867 4872 3167 4941; x_wconf 88' lang='lat' dir='ltr'><strong>susciperet</strong></span> <span class='ocrx_word' id='word_1_901' title='bbox 3196 4874 3603 4943; x_wconf 73' lang='lat' dir='ltr'><strong>invocavit,&#39;di-</strong></span> 
     </span>
    </p>
   </div>
   <div class='ocr_carea' id='block_1_113' title="bbox 2022 4959 3604 5039">
    <p class='ocr_par' dir='ltr' id='par_1_113' title="bbox 2022 4959 3604 5039">
     <span class='ocr_line' id='line_1_113' title="bbox 2022 4959 3604 5039; baseline 0.005 -23"><span class='ocrx_word' id='word_1_902' title='bbox 2022 4977 2150 5016; x_wconf 90' lang='lat' dir='ltr'><strong>cens</strong></span> <span class='ocrx_word' id='word_1_903' title='bbox 2175 4979 2187 5013; x_wconf 94' lang='lat'>:</span> <span class='ocrx_word' id='word_1_904' title='bbox 2217 4961 2435 5014; x_wconf 88' lang='lat' dir='ltr'><strong>Domine</strong></span> <span class='ocrx_word' id='word_1_905' title='bbox 2458 4959 2584 5013; x_wconf 77' lang='lat' dir='ltr'><strong>Jesu</strong></span> <span class='ocrx_word' id='word_1_906' title='bbox 2603 5001 2616 5024; x_wconf 95' lang='lat'><strong>,</strong></span> <span class='ocrx_word' id='word_1_907' title='bbox 2651 4961 2850 5030; x_wconf 86' lang='lat' dir='ltr'><strong>suscipe</strong></span> <span class='ocrx_word' id='word_1_908' title='bbox 2877 4963 3111 5031; x_wconf 86' lang='lat' dir='ltr'><strong>spiritum</strong></span> <span class='ocrx_word' id='word_1_909' title='bbox 3142 4981 3309 5018; x_wconf 86' lang='lat' dir='ltr'><strong>meum</strong></span> <span class='ocrx_word' id='word_1_910' title='bbox 3337 4968 3476 5033; x_wconf 72' lang='lat' dir='ltr'><strong>(Act.</strong></span> <span class='ocrx_word' id='word_1_911' title='bbox 3508 4985 3604 5039; x_wconf 87' lang='lat' dir='ltr'><strong>vn,</strong></span> 
     </span>
    </p>
   </div>
   <div class='ocr_carea' id='block_1_114' title="bbox 2023 5049 3605 5126">
    <p class='ocr_par' dir='ltr' id='par_1_114' title="bbox 2023 5049 3605 5126">
     <span class='ocr_line' id='line_1_114' title="bbox 2023 5049 3605 5126; baseline 0.006 -23"><span class='ocrx_word' id='word_1_912' title='bbox 2023 5050 2136 5120; x_wconf 83' lang='lat'><strong>59).</strong></span> <span class='ocrx_word' id='word_1_913' title='bbox 2162 5049 2431 5119; x_wconf 87' lang='lat' dir='ltr'><strong>Scriptum</strong></span> <span class='ocrx_word' id='word_1_914' title='bbox 2455 5058 2536 5102; x_wconf 84' lang='lat' dir='ltr'><strong>est</strong></span> <span class='ocrx_word' id='word_1_915' title='bbox 2562 5057 2740 5102; x_wconf 90' lang='lat' dir='ltr'><strong>autem</strong></span> <span class='ocrx_word' id='word_1_916' title='bbox 2761 5049 2884 5118; x_wconf 89' lang='lat' dir='ltr'><strong>quia</strong></span> <span class='ocrx_word' id='word_1_917' title='bbox 2915 5051 3229 5120; x_wconf 83' lang='lat' dir='ltr'><strong>sacri/icium</strong></span> <span class='ocrx_word' id='word_1_918' title='bbox 3253 5053 3362 5109; x_wconf 90' lang='lat' dir='ltr'><strong>Deo</strong></span> <span class='ocrx_word' id='word_1_919' title='bbox 3390 5059 3605 5126; x_wconf 86' lang='lat' dir='ltr'><strong>spiritus</strong></span> 
     </span>
    </p>
   </div>
   <div class='ocr_carea' id='block_1_115' title="bbox 2022 5139 3602 5209">
    <p class='ocr_par' dir='ltr' id='par_1_115' title="bbox 2022 5139 3602 5209">
     <span class='ocr_line' id='line_1_115' title="bbox 2022 5139 3602 5209; baseline 0.006 -15"><span class='ocrx_word' id='word_1_920' title='bbox 2022 5141 2394 5195; x_wconf 87' lang='lat' dir='ltr'><strong>contribulatus</strong></span> <span class='ocrx_word' id='word_1_921' title='bbox 2419 5139 2594 5209; x_wconf 89' lang='lat' dir='ltr'><strong>(Psal.</strong></span> <span class='ocrx_word' id='word_1_922' title='bbox 2623 5157 2679 5207; x_wconf 77' lang='grc' dir='ltr'><strong>ι,</strong></span> <span class='ocrx_word' id='word_1_923' title='bbox 2705 5139 2792 5208; x_wconf 83' lang='grc'><strong>19)</strong></span> <span class='ocrx_word' id='word_1_924' title='bbox 2820 5157 2834 5205; x_wconf 90' lang='grc'>;</span> <span class='ocrx_word' id='word_1_925' title='bbox 2867 5141 2950 5195; x_wconf 91' lang='lat' dir='ltr'><strong>cui</strong></span> <span class='ocrx_word' id='word_1_926' title='bbox 2980 5150 3198 5197; x_wconf 89' lang='lat' dir='ltr'><strong>sanctus</strong></span> <span class='ocrx_word' id='word_1_927' title='bbox 3226 5145 3447 5200; x_wconf 83' lang='lat' dir='ltr'><strong>Azarias</strong></span> <span class='ocrx_word' id='word_1_928' title='bbox 3478 5149 3553 5202; x_wconf 88' lang='lat' dir='ltr'><strong>ait</strong></span> <span class='ocrx_word' id='word_1_929' title='bbox 3587 5167 3602 5202; x_wconf 90' lang='lat'><strong>:</strong></span> 
     </span>
    </p>
   </div>
   <div class='ocr_carea' id='block_1_116' title="bbox 2025 5231 3604 5311">
    <p class='ocr_par' dir='ltr' id='par_1_116' title="bbox 2025 5231 3604 5311">
     <span class='ocr_line' id='line_1_116' title="bbox 2025 5231 3604 5311; baseline 0.004 -24"><span class='ocrx_word' id='word_1_930' title='bbox 2025 5234 2092 5287; x_wconf 82' lang='lat' dir='ltr'><strong>In</strong></span> <span class='ocrx_word' id='word_1_931' title='bbox 2116 5235 2293 5286; x_wconf 89' lang='lat' dir='ltr'><strong>anima</strong></span> <span class='ocrx_word' id='word_1_932' title='bbox 2318 5231 2665 5285; x_wconf 84' lang='lat' dir='ltr'><strong>contribulata</strong></span> <span class='ocrx_word' id='word_1_933' title='bbox 2686 5242 2735 5284; x_wconf 86' lang='lat' dir='ltr'><strong>et</strong></span> <span class='ocrx_word' id='word_1_934' title='bbox 2763 5234 2949 5302; x_wconf 79' lang='lat' dir='ltr'><strong>spiritu</strong></span> <span class='ocrx_word' id='word_1_935' title='bbox 2979 5234 3351 5291; x_wconf 84' lang='lat' dir='ltr'><strong>humiliationis</strong></span> <span class='ocrx_word' id='word_1_936' title='bbox 3378 5243 3604 5311; x_wconf 86' lang='lat' dir='ltr'><strong>accipia-</strong></span> 
     </span>
    </p>
   </div>
   <div class='ocr_carea' id='block_1_117' title="bbox 2022 5322 3606 5393">
    <p class='ocr_par' dir='ltr' id='par_1_117' title="bbox 2022 5322 3606 5393">
     <span class='ocr_line' id='line_1_117' title="bbox 2022 5322 3606 5393; baseline 0.006 -16"><span class='ocrx_word' id='word_1_937' title='bbox 2022 5341 2156 5389; x_wconf 89' lang='lat' dir='ltr'><strong>mur,</strong></span> <span class='ocrx_word' id='word_1_938' title='bbox 2185 5325 2316 5377; x_wconf 88' lang='lat' dir='ltr'><strong>sicut</strong></span> <span class='ocrx_word' id='word_1_939' title='bbox 2335 5323 2389 5376; x_wconf 90' lang='lat' dir='ltr'><strong>in</strong></span> <span class='ocrx_word' id='word_1_940' title='bbox 2412 5322 2724 5376; x_wconf 81' lang='lat' dir='ltr'><strong>holocaustis</strong></span> <span class='ocrx_word' id='word_1_941' title='bbox 2754 5323 2970 5376; x_wconf 89' lang='lat' dir='ltr'><strong>arietum</strong></span> <span class='ocrx_word' id='word_1_942' title='bbox 3001 5334 3049 5377; x_wconf 88' lang='lat' dir='ltr'><strong>et</strong></span> <span class='ocrx_word' id='word_1_943' title='bbox 3080 5333 3362 5393; x_wconf 89' lang='lat' dir='ltr'><strong>taurorum,</strong></span> <span class='ocrx_word' id='word_1_944' title='bbox 3392 5341 3442 5384; x_wconf 91' lang='lat' dir='ltr'><strong>et</strong></span> <span class='ocrx_word' id='word_1_945' title='bbox 3470 5336 3606 5388; x_wconf 89' lang='lat' dir='ltr'><strong>mul-</strong></span> 
     </span>
    </p>
   </div>
   <div class='ocr_carea' id='block_1_118' title="bbox 2023 5397 3620 5484">
    <p class='ocr_par' dir='ltr' id='par_1_118' title="bbox 2023 5397 3620 5484">
     <span class='ocr_line' id='line_1_118' title="bbox 2023 5397 3620 5484; baseline 0.007 -17"><span class='ocrx_word' id='word_1_946' title='bbox 2023 5413 2240 5467; x_wconf 84' lang='lat' dir='ltr'><strong>titudine</strong></span> <span class='ocrx_word' id='word_1_947' title='bbox 2267 5427 2517 5482; x_wconf 87' lang='lat' dir='ltr'><strong>agnorum</strong></span> <span class='ocrx_word' id='word_1_948' title='bbox 2540 5412 2825 5482; x_wconf 86' lang='lat' dir='ltr'><strong>pinguium,</strong></span> <span class='ocrx_word' id='word_1_949' title='bbox 2843 5414 2917 5465; x_wconf 89' lang='lat' dir='ltr'><strong>sic</strong></span> <span class='ocrx_word' id='word_1_950' title='bbox 2931 5413 3025 5482; x_wconf 80' lang='lat' dir='ltr'><strong>ﬁat</strong></span> <span class='ocrx_word' id='word_1_951' title='bbox 3042 5415 3354 5484; x_wconf 77' lang='lat' dir='ltr'><strong>sacrificium</strong></span> <span class='ocrx_word' id='word_1_952' title='bbox 3371 5397 3620 5477; x_wconf 31' lang='lat' dir='ltr'><strong>nostrum.</strong></span> 
     </span>
    </p>
   </div>
   <div class='ocr_carea' id='block_1_119' title="bbox 2023 5500 3599 5572">
    <p class='ocr_par' dir='ltr' id='par_1_119' title="bbox 2023 5500 3599 5572">
     <span class='ocr_line' id='line_1_119' title="bbox 2023 5500 3599 5572; baseline 0.015 -26"><span class='ocrx_word' id='word_1_953' title='bbox 2023 5506 2077 5557; x_wconf 69' lang='lat' dir='ltr'><strong>5n</strong></span> <span class='ocrx_word' id='word_1_954' title='bbox 2098 5512 2369 5572; x_wconf 80' lang='lat' dir='ltr'><strong>conspectu</strong></span> <span class='ocrx_word' id='word_1_955' title='bbox 2393 5511 2477 5554; x_wconf 89' lang='lat' dir='ltr'><strong>tuo</strong></span> <span class='ocrx_word' id='word_1_956' title='bbox 2501 5500 2664 5570; x_wconf 90' lang='lat' dir='ltr'><strong>(Dan.</strong></span> <span class='ocrx_word' id='word_1_957' title='bbox 2688 5517 2763 5564; x_wconf 88' lang='grc' dir='ltr'>ιιι,</span> <span class='ocrx_word' id='word_1_958' title='bbox 2788 5500 2878 5568; x_wconf 80' lang='grc'><strong>59,</strong></span> <span class='ocrx_word' id='word_1_959' title='bbox 2919 5501 3032 5570; x_wconf 74' lang='grc'><strong>40).</strong></span> <span class='ocrx_word' id='word_1_960' title='bbox 3057 5502 3134 5555; x_wconf 91' lang='lat' dir='ltr'><strong>llli</strong></span> <span class='ocrx_word' id='word_1_961' title='bbox 3163 5513 3341 5561; x_wconf 84' lang='lat' dir='ltr'><strong>autem</strong></span> <span class='ocrx_word' id='word_1_962' title='bbox 3368 5508 3599 5568; x_wconf 87' lang='lat' dir='ltr'><strong>Domino</strong></span> 
     </span>
    </p>
   </div>
   <div class='ocr_carea' id='block_1_120' title="bbox 2024 5594 3601 5676">
    <p class='ocr_par' dir='ltr' id='par_1_120' title="bbox 2024 5594 3601 5676">
     <span class='ocr_line' id='line_1_120' title="bbox 2024 5594 3601 5676; baseline 0.008 -27"><span class='ocrx_word' id='word_1_963' title='bbox 2024 5612 2176 5652; x_wconf 90' lang='lat' dir='ltr'><strong>suum</strong></span> <span class='ocrx_word' id='word_1_964' title='bbox 2192 5595 2437 5664; x_wconf 88' lang='lat' dir='ltr'><strong>spiritum</strong></span> <span class='ocrx_word' id='word_1_965' title='bbox 2450 5594 2662 5659; x_wconf 93' lang='lat' dir='ltr'><strong>obtulit,</strong></span> <span class='ocrx_word' id='word_1_966' title='bbox 2675 5609 2833 5663; x_wconf 89' lang='lat' dir='ltr'><strong>quem</strong></span> <span class='ocrx_word' id='word_1_967' title='bbox 2850 5601 3068 5649; x_wconf 89' lang='lat' dir='ltr'><strong>sanctus</strong></span> <span class='ocrx_word' id='word_1_968' title='bbox 3081 5594 3385 5666; x_wconf 88' lang='lat' dir='ltr'><strong>Stephanus</strong></span> <span class='ocrx_word' id='word_1_969' title='bbox 3406 5610 3464 5656; x_wconf 91' lang='lat' dir='ltr'><strong>ut</strong></span> <span class='ocrx_word' id='word_1_970' title='bbox 3483 5607 3601 5676; x_wconf 83' lang='lat' dir='ltr'><strong>ejus</strong></span> 
     </span>
    </p>
   </div>
   <div class='ocr_carea' id='block_1_121' title="bbox 2024 5685 3633 5758">
    <p class='ocr_par' dir='ltr' id='par_1_121' title="bbox 2024 5685 3633 5758">
     <span class='ocr_line' id='line_1_121' title="bbox 2024 5685 3633 5758; baseline 0.006 -14"><span class='ocrx_word' id='word_1_971' title='bbox 2024 5687 2270 5758; x_wconf 89' lang='lat' dir='ltr'><strong>spiritum</strong></span> <span class='ocrx_word' id='word_1_972' title='bbox 2290 5688 2584 5756; x_wconf 87' lang='lat' dir='ltr'><strong>susciperet</strong></span> <span class='ocrx_word' id='word_1_973' title='bbox 2604 5686 2890 5741; x_wconf 86' lang='lat' dir='ltr'><strong>invocavit.</strong></span> <span class='ocrx_word' id='word_1_974' title='bbox 2909 5685 3076 5742; x_wconf 87' lang='lat' dir='ltr'><strong>Nemo</strong></span> <span class='ocrx_word' id='word_1_975' title='bbox 3089 5696 3268 5744; x_wconf 89' lang='lat' dir='ltr'><strong>autem</strong></span> <span class='ocrx_word' id='word_1_976' title='bbox 3289 5704 3596 5754; x_wconf 89' lang='lat' dir='ltr'><strong>sanctorum</strong></span> <span class='ocrx_word' id='word_1_977' title='bbox 3630 5710 3633 5718; x_wconf 88' lang='lat'><strong><em>‘</em></strong></span> 
     </span>
    </p>
   </div>
   <div class='ocr_carea' id='block_1_122' title="bbox 1980 5776 3596 5848">
    <p class='ocr_par' dir='ltr' id='par_1_122' title="bbox 1980 5776 3596 5848">
     <span class='ocr_line' id='line_1_122' title="bbox 1980 5776 3596 5848; baseline 0.002 -14"><span class='ocrx_word' id='word_1_978' title='bbox 1980 5815 1984 5819; x_wconf 90' lang='lat'><em>-</em></span> <span class='ocrx_word' id='word_1_979' title='bbox 2026 5776 2259 5834; x_wconf 87' lang='lat' dir='ltr'><strong>virorum</strong></span> <span class='ocrx_word' id='word_1_980' title='bbox 2281 5777 2557 5832; x_wconf 77' lang='lat' dir='ltr'><strong>invocasse</strong></span> <span class='ocrx_word' id='word_1_981' title='bbox 2580 5776 2794 5838; x_wconf 89' lang='lat' dir='ltr'><strong>dicitur,</strong></span> <span class='ocrx_word' id='word_1_982' title='bbox 2824 5777 2921 5832; x_wconf 91' lang='lat' dir='ltr'><strong>nisi</strong></span> <span class='ocrx_word' id='word_1_983' title='bbox 2946 5777 3132 5832; x_wconf 90' lang='lat' dir='ltr'><strong>Deum.</strong></span> <span class='ocrx_word' id='word_1_984' title='bbox 3152 5777 3213 5834; x_wconf 84' lang='lat' dir='ltr'><strong>Et</strong></span> <span class='ocrx_word' id='word_1_985' title='bbox 3233 5783 3464 5846; x_wconf 81' lang='lat' dir='ltr'><strong>maxime</strong></span> <span class='ocrx_word' id='word_1_986' title='bbox 3479 5802 3596 5848; x_wconf 76' lang='lat' dir='ltr'><strong>sau-</strong></span> 
     </span>
    </p>
   </div>
   <div class='ocr_carea' id='block_1_123' title="bbox 3035 5871 3113 5932">
    <p class='ocr_par' dir='ltr' id='par_1_123' title="bbox 3035 5871 3113 5932">
     <span class='ocr_line' id='line_1_123' title="bbox 3035 5871 3113 5932; baseline 0.013 -1"><span class='ocrx_word' id='word_1_987' title='bbox 3035 5871 3113 5932; x_wconf 80' lang='lat'><strong>26</strong></span> 
     </span>
    </p>
   </div>
  </div>
