4144 6354
532 285 633 340 811

1538 286 1596 338 S.
1636 283 1996 339 FULGENTH
2034 283 2332 340 EPISCQPI
2369 285 2730 344 RUSPENSIS

3682 291 3786 348 812

531 405 601 459 cli
637 403 950 473 patriarcha:
994 412 1118 487 tunc
1147 410 1637 458 commemorantur
1668 416 1860 454 nomen
1892 400 2102 454 Domini
2133 409 2179 462 Α
2205 414 2435 468 quamur
2461 402 2682 469 vestigia
2709 403 2845 471 ejus.
2872 401 3117 460 Christus
3145 405 3326 476 itaque
3346 420 3449 461 suo
3468 422 3576 464 nos
3604 423 3784 466 exem-

532 494 827 556 invocasse,
859 494 1108 560 quotiens
1134 493 1323 546 altaria
1349 498 1768 558 exstruxerunt,
1815 490 1868 543 in
1909 489 2104 557 quibus
2204 490 2296 560 ple
2321 489 2523 557 docuit,
2573 500 2627 545 et
2653 492 2887 548 ostendit
2913 495 3054 550 illius
3082 510 3202 552 esse
3243 495 3583 564 sacriﬁcium,
3628 500 3784 570 cujus

529 585 713 654 utique
729 585 804 640 illi
827 584 936 638 Deo
957 598 1114 651 quem
1135 582 1474 643 invocabant,
1488 579 1750 634 sacriﬁcia
1770 577 2098 633 olferebant:

2204 596 2386 637 sumus
2412 589 2468 636 et
2495 583 2770 651 templum.
2809 583 3089 656 Templum
3119 596 3302 642 autem
3329 603 3438 644 non
3467 590 3639 645 solum
3669 591 3746 646 Pa
3765 623 3781 633 -

527 673 601 728 ita
631 680 689 726 ut
716 673 804 726 Vix
846 671 1112 724 interdum
1150 670 1430 738 quisquam
1470 670 1656 722 80mm
1695 669 1812 732 Fine
1849 676 2099 721 constru-
2201 673 2299 727 tris
2339 682 2396 728 et
2421 673 2561 739 Filii,
2609 690 2793 730 verum
2838 678 2998 731 etiam
3047 677 3277 747 Spiritus
3324 682 3497 736 sancti
3547 697 3781 738 sumus:

524 763 706 815 ctione
735 760 918 813 altaris
939 773 1132 812 nomen
1157 758 1370 812 Domini
1394 758 1674 812 invocasse
1693 756 1919 835 dicatur.
1949 755 2101 811 Unde
2200 762 2425 831 proinde
2468 766 2630 818 unum
2673 763 2993 820 sacriﬁcium
3023 766 3170 822 Patri
3197 776 3267 823 .et
3289 767 3426 824 Filio
3471 777 3526 824 et
3552 769 3779 840 Spiritui

523 851 684 922 651
739 847 1020 903 commode
1065 848 1397 916 multumque
1449 861 1685 916 congrue
1731 847 1785 900 in
1831 848 1936 902 hoc
1977 847 2098 903 loco

519 939 712 993 beatus
742 945 948 1006 martyr
973 934 1298 1004 Stephanus,
1329 950 1434 989 non
1463 935 1783 1004 postulasse,
1823 936 1915 990 sed
1942 935 2096 990 invo-

521 1043 671 1082 casse
701 1026 983 1080 Dominum
1018 1024 1201 1080 lesum
1245 1025 1458 1088 dicitur,
1507 1025 1722 1094 quando
1750 1025 2096 1094 semetipsum

522 1117 632 1171 Deo
671 1114 992 1170 sacriﬁcium
1039 1114 1298 1170 obtulisse
1342 1115 1704 1183 cognoscitur.
1747 1112 1847 1168 Ubi
1875 1123 2096 1184 apparet

519 1207 642 1276 quia
671 1206 819 1260 illum
846 1205 963 1272 sine
989 1204 1150 1260 dubio
1179 1220 1300 1260 cum
1329 1204 1658 1274 lapidaretur
1686 1205 1988 1270 invocabat,
2009 1204 2095 1258 cui

518 1313 578 1356 se
602 1295 945 1359 sacriﬁcium,
995 1304 1051 1351 et
1079 1297 1251 1350 vivam
1282 1312 1502 1366 prorsus
1542 1295 1772 1350 hostiam
1812 1293 2091 1349 oﬁ‘erebat.

519 1389 701 1459 Neque
729 1402 858 1442 vero
887 1383 1032 1440 Patri
1059 1393 1264 1440 tantum
1294 1394 1348 1440 et
1369 1385 1522 1450 Filio,
1547 1385 1641 1440 scd
1679 1384 1842 1439 etiam
1870 1383 2092 1453 Spiritui

517 1487 724 1546 sancto,
757 1479 808 1533 id
833 1486 917 1534 est
946 1477 1046 1548 ipsi
1072 1485 1270 1533 sancta:
1295 1475 1562 1542 Trinitati,
1590 1478 1680 1532 uni
1711 1491 1838 1531 vero
1869 1485 1924 1530 et
1947 1476 2091 1531 bono

521 1572 662 1639 Deo,
684 1586 849 1626 unum
874 1585 998 1625 vera
1026 1567 1156 1623 ﬁdes
1184 1567 1340 1624 olfert
1363 1567 1704 1632 sacriﬁcium,
1736 1582 1901 1622 unum
1931 1567 2089 1622 exhi-

517 1661 607 1716 bet
650 1659 985 1715 adorationis
1014 1658 1330 1728 obsequium
1359 1677 1371 1712 :
1423 1657 1580 1726 cujus
1601 1665 1714 1712 tota
1743 1657 1984 1713 Ecclesia
2012 1656 2090 1713 sic

2200 860 2394 907 sancto
2433 853 2746 922 suppliciter
2789 854 3151 911 immolamus.
3195 855 3269 910 Et
3307 858 3432 926 quia
3480 859 3534 912 in
3572 859 3778 929 templo

2197 941 2408 998 duobus
2435 943 2666 997 maxime
2689 942 2899 1009 ofﬁciis,
2944 945 2995 998 id
3024 953 3128 1011 est,
3158 947 3416 1000 orationis
3460 954 3622 1016 atque
3667 949 3775 1002 im-

2198 1030 2521 1095 molationis,
2552 1031 2822 1086 invenitur
2847 1048 3058 1087 summo
3085 1034 3160 1087 illi
3190 1035 3280 1088 uni
3306 1042 3361 1089 et
3390 1049 3519 1090 vero
3547 1044 3602 1090 et
3628 1036 3778 1092 bono

2197 1118 2307 1172 Deo
2356 1119 2589 1173 humana
2627 1118 2836 1176 servire
2871 1121 3328 1192 Gaz-conditio,
3377 1132 3599 1193 propter
3623 1125 3775 1194 quod

2195 1216 2250 1261 et
2276 1207 2524 1263 Salvator
2550 1218 2738 1264 noster
2783 1209 3091 1279 ingrediens
3111 1212 3375 1281 templum
3405 1213 3482 1265 ait
3508 1229 3521 1264 :
3547 1271 3549 1276 η
3571 1211 3775 1267 Domus

2194 1315 2309 1353 mea
2347 1300 2525 1355 domus
2565 1303 2813 1355 orationis
2841 1301 3103 1356 vocabitur
3125 1301 3348 1374 (Matth.
3380 1319 3500 1368 nt,
3536 1303 3665 1370 l3);
3717 1313 3775 1359 et

2192 1388 2327 1444 duos
2367 1390 2612 1446 homines
2657 1391 2786 1446 dicit
2831 1391 3136 1448 ascendisse
3181 1393 3235 1449 in
3284 1394 3543 1462 templum
3585 1408 3768 1458 orare,

2193 1495 2353 1534 unum
2399 1481 2715 1550 pharismum
2741 1521 2757 1547 ,
2837 1489 2894 1536 et
2942 1481 3167 1559 alterum
3214 1470 3558 1551 publicanum
3600 1481 3768 1552 (Luc.

2193 1584 2338 1633 xvni,
2373 1570 2465 1641 10)
2491 1587 2505 1623 :
2554 1579 2838 1640 propterea
2869 1571 3005 1626 sicut
3027 1571 3129 1639 ipsi
3159 1570 3428 1636 Trinitati,
3480 1570 3532 1624 id
3559 1578 3644 1625 est
3671 1568 3774 1624 uni

2192 1657 2325 1723 Deo,
2368 1674 2530 1713 unum
2554 1660 2878 1715 sacriﬁcium
2909 1658 3200 1724 otl‘erimus,
3248 1660 3329 1715 sic
3371 1659 3475 1730 ipsi
3513 1658 3778 1715 Trinitatis

517 1766 682 1806 unum
711 1758 793 1806 est
822 1749 1079 1818 templum
1109 1749 1162 1803 in
1196 1747 1444 1803 omnibus
1471 1747 1702 1810 Sanctis,
1733 1747 1872 1802 sicut
1900 1746 1952 1800 in
1982 1761 2089 1801 uno
2123 1768 2168 1828 Β
2195 1764 2358 1803 unum
2384 1750 2645 1806 orationis
2672 1765 2734 1805 ac
2753 1750 3148 1820 deprecationis
3170 1749 3482 1820 obsequium
3512 1749 3772 1819 supplici-

514 1841 732 1897 nomine
771 1838 945 1894 Patris
991 1845 1046 1893 et
1074 1837 1191 1892 Filii
1236 1845 1292 1892 et
1327 1837 1546 1906 spiritus
1573 1836 1763 1903 sancti,
1807 1835 2086 1891 liberatam

512 1949 572 1988 se
598 1931 747 1988 novit
783 1931 851 1986 de
895 1919 1060 2000 regno
1116 1924 1306 1987 mortis
1353 1938 1515 2000 atque
1557 1928 1782 1998 peccati.
1834 1927 1962 1983 lnde
2004 1935 2087 1983 est

513 2023 655 2094 quod
696 2023 888 2079 beatus
929 2021 1218 2092 Apostolus
1270 2036 1431 2076 unam
1477 2019 1850 2076 demonstrans
1889 2027 2086 2074 sanctis

513 2114 786 2170 Trinitatis
815 2113 1128 2169 naturaliter
1155 2111 1514 2180 majestatem,
1538 2109 1685 2177 dicit,
1714 2108 1938 2172 Nescitis
1966 2109 2084 2180 quia

514 2205 752 2276 templum
802 2202 900 2276 Dei
944 2205 1088 2268 estis,
1138 2210 1186 2256 et
1218 2202 1442 2272 Spiritus
1485 2199 1580 2254 Dei
1624 2198 1821 2253 habitat
1864 2200 1919 2252 iu
1947 2197 2084 2253 vobis

510 2295 565 2364 (1
594 2294 715 2351 Cor.
741 2311 830 2363 tu,
863 2294 993 2364 l6)?
1023 2293 1089 2348 Et
1117 2301 1174 2347 ut
1199 2290 1508 2347 ostenderet
1531 2289 1788 2360 Spiritum
1816 2297 2082 2356 sanctum,

510 2404 618 2444 non
644 2396 702 2442 ut
734 2387 1056 2450 ministrum,
1088 2383 1186 2440 sed
1215 2391 1274 2437 ut
1301 2397 1487 2438 verum
1511 2396 1574 2436 ac
1602 2394 1866 2440 summum
1893 2378 2082 2446 Deum,

511 2479 754 2533 habitare
781 2478 834 2531 in
862 2476 1038 2542 nobis,
1071 2475 1127 2529 in
1152 2473 1355 2544 templo
1381 2487 1512 2538 suo,
1544 2485 1731 2526 rursus
1759 2470 1862 2534 ait,
1892 2467 2082 2522 Nesci-

510 2571 573 2624 tis
593 2569 714 2640 quia
732 2583 949 2638 corpora
981 2573 1169 2628 vestra,
1213 2559 1453 2632 templum
1480 2563 1535 2615 in
1564 2559 1702 2615 vobis
1743 2569 1818 2614 est
1857 2558 2084 2628 Spiritus

509 2661 694 2724 sancti,
738 2673 885 2729 quem
924 2655 1116 2711 habetis
1155 2671 1188 2708 a
1231 2642 1341 2707 Deo
1373 2650 1426 2722 (I
1457 2650 1576 2705 Cor.
1619 2666 1694 2716 vt,
1740 2647 1877 2717 l9)?
1919 2646 1988 2700 Et
2029 2655 2084 2700 ut

508 2749 674 2806 Deum
713 2762 896 2802 verum
926 2744 1181 2814 Spiritum
1206 2749 1451 2797 sanctum
1479 2739 1904 2802 demonstraret,
1938 2735 2084 2804 adje-

508 2840 600 2907 cit,
634 2838 936 2908 Cloriﬁcate
955 2844 1005 2892 et
1029 2843 1230 2907 portate
1259 2832 1422 2886 Deum
1448 2832 1502 2884 in
1527 2845 1739 2899 corpore
1756 2836 1942 2882 vestro.
1966 2826 2083 2880 Non

507 2938 686 3000 potest
727 2929 886 2998 igitur
927 2927 981 2991 in
1024 2923 1289 2980 sacriﬁcio
1335 2928 1534 2976 sancta:
1583 2918 1836 2974 Ecclesiae
1879 2916 2083 2970 alienus

507 3037 625 3076 esse
651 3019 880 3090 Spiritus
907 3025 1124 3072 sanctus
1145 3031 1174 3068 a
1206 3013 1364 3068 Patre
1387 3020 1443 3067 et
1459 3011 1616 3076 Filio,
1647 3009 1738 3077 qui
1761 3017 1928 3064 totam
1954 3023 2081 3062 san-

2194 1845 2275 1893 ter
2295 1837 2631 1894 exhibemus.
2673 1839 2938 1905 Quocirca
2981 1839 3222 1909 quisquis
3269 1837 3592 1894 sacriﬁcium
3620 1838 3770 1909 quod

2192 1919 2415 1986 oﬁ'ertur
2438 1929 2602 1996 Patri,
2634 1940 2792 2000 negat
2816 1931 2953 1985 Filio
2979 1940 3033 1986 et
3053 1929 3273 2000 Spiritui
3292 1939 3501 1996 sancto,
3529 1932 3778 1995 alienum,

2190 2034 2249 2075 se
2271 2030 2564 2088 cognoscat
2610 2035 2728 2074 esse
2773 2035 2803 2074 a
2830 2017 3026 2074 Christi
3075 2019 3349 2073 membris.
3397 2017 3539 2084 Quia
3578 2028 3768 2076 sancta

2190 2109 2447 2175 Ecclesia,
2485 2124 2604 2178 quae
2635 2124 2817 2166 verum
2844 2124 3038 2178 corpus
3058 2117 3141 2163 est
3166 2106 3382 2174 Christi,
3432 2109 3571 2163 sicut
3597 2124 3768 2164 unum

2191 2201 2464 2271 templum,
2493 2215 2760 2269 unumque
2787 2201 3106 2256 sacrilicium
3135 2207 3331 2254 sancta:
3360 2198 3638 2254 Trinitatis
3663 2215 3768 2254 no~

2187 2291 2263 2345 vit
2291 2305 2432 2358 esse,
2461 2291 2538 2346 sic
2565 2306 2727 2344 unum
2752 2289 3068 2350 sacriﬁcium
3098 2288 3242 2343 Patri
3269 2298 3324 2344 et
3350 2287 3487 2343 Filio
3508 2298 3564 2343 et
3591 2289 3765 2359 Spiri-

2190 2382 2264 2436 tui
2292 2390 2477 2436 sancto
2505 2382 2784 2438 consuevit
2804 2380 2859 2435 in
2884 2382 3110 2436 veritate
3131 2380 3273 2444 ﬁdei,
3303 2381 3418 2448 spei
3446 2387 3502 2434 et
3520 2381 3766 2435 caritatis

2188 2471 2402 2528 offerre.
2433 2471 2642 2528 Sanctae
2670 2474 2852 2541 itaque
2875 2471 3143 2532 Trinitati,
3191 2470 3276 2525 cui
3303 2485 3465 2524 unam
3504 2470 3766 2528 debemus

2185 2571 2242 2617 et
2266 2562 2589 2618 individuam
2619 2578 2714 2632 per
2741 2563 2916 2617 omnia
2945 2562 3257 2618 servitutem
3277 2602 3292 2627 ,
3323 2561 3463 2616 sicut
3490 2576 3654 2616 unum
3681 2576 3766 2615 sa-

2187 2649 2444 2706 criﬁcium
2479 2651 2775 2718 olferimus,
2815 2652 2893 2706 sic
2923 2666 3082 2705 unam
3123 2664 3337 2718 quoque
3363 2649 3586 2718 gloriam
3617 2648 3764 2703 ﬁdeli

2185 2725 2812 2796 devotione'cantamus.
2849 2740 2981 2794 Nam
3011 2740 3137 2809 quia
3167 2730 3326 2794 unam
3354 2748 3598 2792 naturam
3623 2753 3764 2794 con-

2184 2839 2291 2886 stat
2314 2847 2434 2886 esse
2453 2840 2659 2887 sancta:
2681 2831 2974 2897 Trinitatis,
3007 2832 3224 2900 dignum
3251 2841 3335 2886 est
3358 2839 3417 2885 ut
3443 2846 3548 2886 una
3591 2831 3766 2901 gloria

2191 2921 2358 2988 Patri,
2385 2931 2433 2975 et
2461 2921 2622 2989 Filio,
2645 2931 2693 2975 et
2723 2922 2943 2992 Spiritui
2969 2931 3149 2976 sancto
3183 2920 3393 2976 dicatur
3420 2936 3449 2974 a
3480 2921 3760 2987 ﬁdelibus,

2187 3011 2238 3066 in
2283 3010 2494 3081 hymnis
2522 3020 2576 3065 et
2602 3012 2838 3081 psalmis.
2882 3010 3260 3065 Verumtamen
3300 3019 3524 3081 propter
3569 3025 3760 3065 susce-

487 3121 650 3168 -.ctam
679 3110 974 3166 Ecclesiam
1015 3121 1177 3163 unum
1222 3104 1481 3175 templum
1507 3103 1671 3156 habet
1695 3115 1816 3155 cum
1845 3097 2002 3152 Patre
2029 3106 2084 3151 et
2110 3141 2153 3200 C
2185 3102 2424 3172 ptionem
2452 3100 2635 3155 forma:
2655 3101 2885 3167 servilis,
2910 3109 2964 3154 et
3001 3100 3234 3155 oliicium
3261 3101 3428 3177 nostri
3458 3097 3759 3167 Pontiﬁcis,

491 3203 660 3258 iFilio.
686 3200 810 3269 Nec
837 3213 1121 3269 possumus
1161 3195 1211 3251 ei
1237 3193 1390 3263 cujus
1419 3191 1672 3261 templum
1701 3203 1886 3244 sumus
1914 3185 2080 3242 sacri-

505 3294 682 3352 ﬁcium
714 3305 819 3347 non
848 3288 1064 3354 otl‘erre,
1099 3302 1217 3344 cum
1249 3284 1369 3355 ipsa.
1400 3296 1634 3352 corpora
1682 3286 1887 3345 nostra,
1937 3275 2080 3347 quod

484 3383 760 3454 .templum
779 3390 871 3437 est
898 3379 1130 3450 Spiritus
1148 3363 1337 3441 sancti,
1359 3375 1582 3429 hostiam
1603 3372 1786 3435 vivam,
1823 3377 2075 3431 sanctam,

505 3475 613 3534 Deo
635 3475 920 3544 placentem
948 3469 1127 3541 (Rom.
1159 3484 1231 3523 xu
1249 3509 1264 3534 ,
1296 3466 1382 3536 l),
1413 3464 1607 3518 Paulus
1637 3460 1916 3532 apostolus
1942 3475 2079 3529 prae-

503 3565 666 3634 elpiat
693 3561 956 3617 exhiberi.
995 3557 1278 3627 Quomodo
1323 3562 1500 3609 autem
1529 3552 1750 3622 Spiritui
1795 3557 1982 3605 sancto
2023 3548 2076 3604 in

501 3669 641 3724 pane
669 3661 724 3708 et
745 3652 867 3706 vino
891 3647 1210 3705 sacriﬁcium
1232 3645 1486 3702 Ecclesiae
1508 3659 1615 3698 non
1637 3641 1878 3707 olTertur,
1909 3654 2077 3709 quan-

501 3747 569 3802 do
597 3747 768 3816 ipsam
797 3741 1089 3798 Ecclesiam
1118 3746 1174 3794 et
1204 3736 1460 3808 templum
1506 3741 1564 3790 et
1609 3730 1930 3788 sacrilicium
1959 3729 2076 3798 ipse

500 3838 729 3909 Spiritus
756 3835 956 3890 habere
970 3830 1322 3902 cognoscitur
1348 3831 1371 3883 ‘t
1399 3827 1531 3882 Nam
1561 3826 1674 3894 ipse
1704 3823 1954 3879 Salvator
1977 3835 2078 3875 no-

498 3936 632 3995 ster,
679 3925 769 3994 qui
824 3938 923 3994 pro
970 3921 1128 3977 nobis
1175 3933 1362 3989 passus
1409 3923 1524 3982 est,
1574 3913 1730 3969 nobis
1768 3911 2076 3978 relinquens

485 4015 844 4084 ~excmpluin.,
903 4019 958 4066 et
1005 4010 1096 4080 qui
1160 4015 1242 4064 est
1296 4014 1456 4076 caput
1504 4003 1748 4073 corporis
1802 3998 2072 4064 Ecclesiae,

422 4100 434 4112 ’
501 4104 794 4162 ostendens
829 4103 882 4156 in
907 4117 967 4156 se
994 4099 1139 4170 quod
1175 4109 1527 4168 agnoscamus
1565 4094 1620 4148 in
1667 4091 1824 4146 nobis
1847 4129 1862 4155 ,
1909 4102 2073 4143 unum

499 4197 751 4263 idemque
776 4206 974 4261 corpus
1019 4203 1195 4254 suum,
1240 4201 1347 4242 non
1376 4185 1550 4240 solum
1579 4181 1856 4251 templum,
1888 4192 2072 4232 verum

501 4287 666 4344 etiam
694 4281 1011 4339 sacriﬁcium
1043 4278 1185 4334 fecit.
1217 4277 1344 4348 Ipse
1369 4275 1566 4346 quippe
1593 4276 1667 4325 ait
1693 4289 1704 4323 :
1729 4269 1924 4324 Solvite
1949 4275 2074 4320 tem-

501 4381 640 4451 plum
667 4378 780 4441 hoc,
811 4384 860 4430 et
885 4375 940 4428 in
975 4371 1133 4426 tribus
1163 4369 1339 4424 diebus
1369 4365 1605 4425 excitabo
1634 4361 1762 4416 illud
1790 4360 2071 4451 (.loan._u,

502 4447 612 4539 19).
656 4465 808 4534 Quod
834 4461 1157 4530 evangelista
1185 4457 1420 4514 Joannes
1460 4466 1764 4524 exponens,
1795 4450 1871 4504 ait
1889 4466 1910 4500 ι
1953 4447 2070 4502 Hoc

497 4570 664 4617 autem
695 4555 892 4610 dicebat
919 4553 980 4606 de
1020 4551 1207 4621 templo
1253 4546 1611 4616 corporissui.
1652 4540 1850 4596 Paulus
1889 4546 2068 4592 autem

495 4648 773 4724 apostolus
800 4632 1147 4712 semetipsum
1189 4654 1288 4708 pro
1317 4637 1471 4691 nobis
1499 4633 1767 4688 Christum
1800 4628 2070 4724 _ohtulisse

495 4718 573 4804 sic
601 4739 989 4795 commemorat
1017 4749 1030 4784 :
1073 4729 1252 4783 Estote
1275 4725 1760 4798 itaque—imitatores
1789 4718 1909 4786 Dei,
1938 4719 2069 4771 sicut

494 4831 596 4902 ﬁlii
623 4824 877 4882 carissimi
902 4840 918 4880 ς
961 4829 1009 4874 et
1036 4817 1294 4874 ambulate
1311 4817 1365 4868 in
1384 4813 1670 4878 dilectione,
1693 4811 1898 4892 sicutget
1919 4805 2071 4902 Chri-

494 4895 607 4976 stus
637 4918 817 4971 dilexit
841 4929 963 4979 nos,
995 4921 1042 4966 et
1064 4910 1243 4966 obtulit
1279 4906 1600 4974 semetipsum
1628 4917 1721 4972 pro
1752 4898 1896 4962 nobis
1925 4895 2069 4950 obla-

496 5013 688 5066 tionem
729 5016 779 5063 et
808 5006 1029 5062 hostiam
1061 5001 1168 5055 Deo
1189 5000 1246 5053 in
1285 4997 1499 5052 odorem
1532 4993 1807 5048 suavitatis
1847 4987 2062 5059 (Ep/tes.

497 5117 567 5168 v,
597 5101 660 5166 1,
695 5096 772 5168 ἓ).
817 5094 1060 5149 Christus
1097 5089 1258 5157 igitur
1297 5100 1394 5157 pro
1422 5083 1578 5138 nobis
1598 5095 1802 5150 corpus
1831 5092 1984 5134 suum
2013 5083 2068 5129 et

496 5189 755 5261 templum
783 5185 927 5247 fecit,
958 5190 1014 5237 et
1040 5181 1270 5236 hostiam
1297 5175 1509 5232 obtulit.
1551 5171 1708 5241 Cuju:
1731 5184 1928 5240 corpus
1949 5182 2068 5222 esse

495 5259 664 5337 totam
694 5275 984 5333 Ecclesiam
1026 5273 1216 5326 beatus
1265 5274 1491 5323 testatur
1520 5263 1828 5335 Apostolus,
1879 5259 2066 5315 dicens

493 5373 561 5428 de
606 5373 722 5442 ipso
762 5367 1027 5423 Domino:
1080 5359 1301 5440 Quiest
1346 5368 1499 5427 caput
1543 5357 1772 5427 corporis
1817 5353 2062 5408 Ecclesia:

495 5466 716 5537 (Coloss.
747 5478 785 5530 ι,
817 5459 926 5530 18).
978 5456 1078 5524 Qui
1105 5449 1288 5530 rursus
1328 5452 1404 5506 ait
1445 5451 1512 5522 (υ.
1543 5448 1633 5519 21)
1657 5489 1672 5515 ,
1715 5446 1779 5500 Et
1810 5446 2064 5514 adimpteo

455 5573 457 5575 ‘
496 5575 556 5612 ea
585 5571 697 5627 qua
719 5554 903 5616 desunt
930 5550 1231 5619 passionum
1283 5543 1473 5599 Christi
1503 5543 1558 5596 in
1595 5556 1752 5594 carne
1780 5555 1918 5604 mea,
1975 5553 2068 5606 pro

496 5663 708 5715 corpore
747 5644 856 5714 ejus
886 5639 1019 5709 quod
1047 5646 1123 5692 est
1159 5634 1414 5715 Ecclesia.
1463 5631 1708 5688 Christus
1744 5637 1924 5683 autem
1969 5640 2066 5696 pro

505 5713 660 5798 nobis
687 5747 870 5809 passus
897 5739 998 5797 est,
1028 5728 1183 5786 nobis
1204 5713 1512 5795 relinquens
1540 5721 1864 5792 exemplum,
1897 5724 1953 5771 ut
1983 5731 2067 5773 se-

2103 4511 2148 4569 D

2181 3191 2382 3262 gratias
2405 3190 2550 3246 Patri
2578 3205 2674 3261 per
2709 3190 2900 3246 Filium
2946 3191 3098 3246 recte
3141 3205 3204 3242 ac
3251 3172 3478 3243 ﬁdeliter
3505 3189 3716 3256 agimus
3745 3206 3758 3240 :

2180 3283 2305 3353 quia
2356 3283 2649 3338 secundum
2693 3298 2878 3338 veram
2906 3283 3087 3347 ﬁdem,
3137 3284 3190 3337 in
3235 3279 3522 3350 Unigenito
3545 3291 3760 3340 natum

2178 3375 2459 3444 utriusque
2511 3375 2885 3445 cognoscimus
2930 3375 3233 3429 veritatem.
3288 3371 3441 3428 Unde
3485 3372 3760 3427 veraciter.

2177 3479 2298 3519 eum
2345 3463 2684 3529 conﬁtentes,
2728 3479 2834 3516 non
2862 3463 3032 3516 solum
3074 3461 3335 3531 :equalem
3366 3459 3502 3514 Patri
3543 3473 3758 3513 secum.

2177 3557 2303 3610 dum
2323 3556 2601 3610 veritatem
2625 3553 2915 3608 divinitatis
2934 3561 3166 3617 aeternae,
3191 3561 3378 3606 verum
3396 3551 3552 3606 etiam
3573 3549 3758 3604 mino-

2183 3663 2296 3703 rem
2323 3647 2485 3702 Patne
2511 3646 2802 3702 secundum
2831 3646 3055 3714 gratiam
3077 3642 3423 3697 humanitatis
3437 3647 3754 3709 assumpta,

2177 3737 2324 3806 quia,
2347 3737 2576 3792 docente
2591 3744 2777 3790 sancto
2803 3733 3146 3800 evangelista,
3183 3733 3480 3787 certissime
3506 3730 3762 3785 novimus

2179 3828 2520 3896 Unigenitqu
2588 3842 2618 3880 a
2669 3825 2861 3892 Patre,
2913 3825 3125 3894 plenum
3177 3823 3363 3891 gratia:
3410 3829 3470 3876 et
3510 3820 3762 3876 veritatis

2177 3915 2352 3988 (locu.
2387 3931 2424 3980 ι,
2459 3913 2588 3982 14);
2637 3922 2785 3969 recte
2812 3913 3022 3980 agimus
3071 3911 3269 3981 gratias
3293 3909 3442 3964 Patri
3490 3918 3544 3963 et
3585 3907 3766 3972 Filio,

2175 4006 2299 4075 quia
2316 4020 2445 4061 .cum
2476 4004 2633 4059 Patre
2661 4002 2827 4058 Filius
2870 4003 3184 4057 naturaliter
3211 4017 3347 4056 unus
3370 4008 3456 4056 est
3481 3999 3618 4054 Deus
3649 4017 3664 4050 :
3701 4008 3761 4053 et

2174 4103 2323 4150 recte
2360 4095 2559 4164 gratias
2586 4093 2792 4163 agimus
2821 4091 2962 4146 Patri
2992 4107 3087 4161 per
3111 4091 3330 4159 Filium,
3371 4090 3493 4159 quia
3525 4089 3616 4143 ille
3660 4091 3762 4160 qui

2174 4185 2243 4240 de
2271 4195 2457 4240 natura
2484 4183 2660 4239 Patris
2689 4184 2876 4239 unicus
2913 4191 2998 4238 est
3029 4183 3120 4238 Dei
3158 4181 3350 4244 Filius,
3381 4179 3521 4235 idem
3549 4179 3619 4233 de
3650 4193 3761 4232 na-

2175 4284 2291 4330 tura
2319 4275 2505 4330 matris
2532 4275 2701 4331 l'actns
2729 4282 2812 4330 est
2838 4274 3067 4329 hominis
3099 4273 3282 4326 Filius.
3315 4270 3522 4326 Gratias
3547 4270 3746 4338 itaque

2173 4369 2377 4436 agimus
2404 4367 2544 4421 Patri
2589 4381 2685 4436 per
2719 4365 3031 4432 Filiumz‘in
3084 4372 3341 4435 quantum
3371 4377 3430 4418 se
3457 4361 3613 4416 nobis
3649 4362 3762 4415 tri-

2174 4459 2291 4514 buit
2338 4457 2712 4512 humiliatum:
2752 4457 2951 4525 gratias
2979 4457 3183 4524 agimus
3211 4453 3356 4508 Patri
3403 4460 3459 4508 et
3485 4451 3650 4516 Filio,
3700 4452 3761 4506 in

2164 4555 2430 4618 quantum
2483 4561 2542 4601 se
2572 4545 2724 4600 nobis
2756 4545 3009 4613 largietur
3052 4542 3248 4614 (Flora,
3281 4539 3764 4610 largitur),altissi~

2171 4652 2334 4691 mum.
2364 4635 2576 4692 Gratias
2603 4636 2808 4701 agimus
2828 4632 2970 4688 Patri
2999 4649 3098 4703 per
3124 4633 3333 4698 Filium,
3364 4630 3489 4702 quia
3510 4638 3762 4686 aeternus
3791 4704 3793 4706 η

2171 4734 2330 4797 atque
2353 4725 2668 4780 immortalis
2693 4723 3008 4794 Unigenitus
3045 4723 3185 4778 Deus
3217 4737 3316 4792 pro
3343 4721 3500 4775 nobis
3538 4728 3760 4790 tempo-

2170 4817 2351 4870 raliter
2380 4816 2542 4870 homo
2568 4815 2810 4870 mortalis
2856 4823 2942 4868 est
2985 4813 3156 4868 factus
3181 4831 3192 4866 :
3227 4821 3282 4866 et
3306 4811 3506 4880 gratias
3534 4811 3763 4879 agimus

2165 4903 2316 4958 Patri
2344 4911 2400 4960 et
2424 4903 2581 4967 Filio,
2605 4902 2728 4973 quia
2758 4903 2900 4957 idem
2930 4900 3246 4970 Unigenitus
3265 4900 3424 4964 Deus,
3460 4899 3602 4953 Patri
3631 4899 3762 4956 Deo

2175 5003 2355 5050 manet
2402 4994 2717 5050 naturaliter
2763 5003 3079 5049 comternus.
3108 4991 3325 5048 Gratias
3354 4991 3562 5059 agimus
3590 4989 3764 5048 Patri

2171 5099 2269 5156 per
2288 5084 2499 5150 Filium,
2528 5084 2652 5152 quia
2682 5098 2817 5154 Opus
2841 5090 3034 5137 nostra:
3058 5081 3442 5151 redemptionis
3465 5079 3764 5148 implevit;

2161 5176 2368 5244 gratias
2388 5175 2593 5243 agimus
2622 5172 2767 5230 Patri
2795 5183 2849 5228 et
2875 5173 3028 5237 Filio,
3060 5173 3183 5241 quia
3211 5187 3404 5229 munus
3422 5171 3575 5226 nobis
3596 5171 3727 5226 futu
3742 5205 3764 5220 .

2172 5283 2244 5321 ra:
2263 5263 2606 5321 beatitudinis
2630 5263 2950 5333 repromisit.
2979 5261 3223 5317 Redemit
3245 5262 3388 5316 enim
3412 5276 3508 5315 nos
3533 5261 3766 5316 humili-

2175 5364 2284 5410 tate
2327 5355 2520 5418 carnis,
2572 5353 2760 5407 beatos
2798 5367 2899 5406 nos
2937 5351 3099 5416 faciet
3141 5351 3465 5406 celsitudine
3500 5349 3764 5405 deitatis.

2176 5443 2468 5514 Utrumque
2512 5443 2672 5512 igitur
2721 5441 2840 5496 ideo
2887 5440 3128 5507 facimus,
3175 5440 3299 5510 quia
3347 5447 3640 5508 utrumque
3684 5437 3762 5492 ta-

2171 5535 2415 5599 ciendum
2459 5535 2521 5592 in,
2567 5535 2767 5592 sanctis
2801 5533 3030 5603 eloquiis
3077 5533 3390 5587 invenimus.
3436 5531 3567 5586 Nam
3622 5531 3761 5598 quia

2172 5631 2385 5693 oportet
2413 5639 2508 5679 nos
2525 5624 2728 5694 gratias,
2751 5637 2908 5693 agere
2930 5622 3073 5682 Patri
3097 5638 3192 5694 per
3212 5622 3423 5688 Filium,
3447 5617 3759 5691 apostolica

2171 5733 2416 5774 sermone
2445 5717 2854 5788 cognoscimus;
2901 5726 2954 5774 et
2985 5719 3106 5786 quia
3146 5725 3362 5787 oportet
3408 5702 3786 5782 nos-gratias:
