4090 6342
1374 374 1644 432 CONTRA
1682 373 2033 429 FABIANUM
2074 369 2513 428 FRAGMENTA.

3479 365 3584 413 814

317 503 479 560 agere
512 487 660 543 Patri
696 496 756 542 et
783 487 942 556 Filio,
971 502 1078 542 non
1104 487 1276 542 solum
1300 488 1354 542 in
1385 487 1694 558 apostolicis
1716 486 1894 552 dictis,
1929 499 1968 551 Α
2001 485 2172 554 ipsum
2186 478 2721 551 accepimusdonum,
2740 491 2836 546 per
2858 475 3032 546 ipsum
3056 471 3406 529 exhibeamus
3427 474 3588 530 obse-

318 595 505 638 verum
561 579 723 635 etiam
759 578 819 632 in
847 577 1101 646 angelicis
1142 577 1383 632 laudibus
1411 577 1730 633 invenimus.
1755 577 1899 642 Quas

315 683 500 728 tamen
541 671 696 726 nobis
742 670 1070 740 apostolicus
1089 683 1297 725 .sermo
1345 667 1601 739 prodidit,
1642 666 1764 738 quia
1795 667 1900 721 hoc

319 764 460 819 Deus
483 763 598 832 ipse
626 761 884 833 apostolis
911 761 1022 816 suis
1058 760 1125 814 ad
1154 761 1438 816 utilitatem
1478 768 1670 814 nostra:
1701 759 1901 812 instru-

314 857 514 913 ctionis
557 853 810 912 ostendit.
844 853 1055 909 Scimus
1097 854 1238 908 enim
1277 853 1476 908 dixisse
1515 851 1734 906 beatum
1761 848 1903 903 Pau-

321 950 454 1016 lum,
492 963 622 1002 cum
651 945 908 1018 Romanis
936 944 1194 999 scriberet
1221 962 1233 996 :
1270 944 1504 997 Primum
1547 943 1748 1012 quidem
1776 957 1900 1012 gra-

320 1038 420 1092 tias
463 1053 561 1108 ago
592 1035 700 1090 Deo
737 1051 848 1089 meo
873 1051 966 1104 per
993 1033 1170 1088 Iesum
1223 1033 1485 1086 Christum
1529 1048 1621 1102 pro
1668 1029 1904 1085 omnibus

313 1130 462 1184 nobis
493 1127 670 1198 (Rom.
703 1143 741 1191 ι,
765 1125 841 1195 8).
868 1125 970 1191 Qui
994 1125 1156 1189 etiam
1177 1122 1584 1178 Colossensibus
1604 1121 1707 1175 ait:
1740 1119 1906 1174 Omne

313 1218 660 1290 quodcunque
691 1217 862 1287 facitis
893 1217 944 1268 in
977 1214 1126 1268 rerbo
1179 1225 1269 1266 aut
1314 1216 1369 1267 in
1405 1229 1582 1283 opere,
1630 1211 1810 1266 omnia
1848 1213 1904 1265 iu

312 1311 528 1364 nomine
555 1307 767 1361 Domini
791 1305 934 1370 Iesu,
962 1307 1161 1376 gratius
1189 1314 1397 1374 agentes
1426 1302 1537 1358 Deo
1565 1311 1612 1356 et
1645 1301 1794 1356 Pairi
1818 1319 1907 1372 per

313 1401 492 1471 ipsum
523 1396 743 1468 (Coloss.
776 1411 853 1458 ιιι,
905 1395 970 1448 17
995 1394 1052 1463 );
1104 1402 1161 1449 et
1204 1393 1250 1448 si
1296 1407 1400 1462 qua
1437 1392 1570 1446 talia
1603 1400 1825 1462 possunt
1853 1392 1907 1446 in

287 1486 634 1558 apostolicis
659 1484 854 1538 litteris
886 1483 1132 1536 inveniri.
1174 1481 1279 1537 Sed
1323 1491 1380 1536 et
1409 1481 1654 1537 eumdem
1685 1491 1908 1551 aposto-

317 1575 433 1630 lum
456 1575 688 1643 legimus
715 1573 914 1646 dixisse
931 1590 950 1624 .:
983 1569 1190 1626 Gratias
1221 1589 1320 1644 ago
1351 1573 1398 1625 ei
1422 1573 1507 1644 qui
1535 1589 1614 1626 me
1639 1575 1907 1644 conforta-

316 1667 415 1734 oit,
471 1665 674 1720 Christo
696 1663 821 1717 Iesu
860 1663 1085 1718 Domino
1113 1673 1324 1728 nostro,
1365 1662 1524 1735 6&3
1566 1663 1910 1734 guiaﬁdelem

322 1772 404 1809 me
431 1756 740 1809 existimarit
761 1769 955 1823 ponens
975 1755 1026 1806 in
1047 1753 1334 1808 ministerio
1363 1752 1416 1824 (1
1421 1753 1476 1806 ,Τ
1477 1754 1564 1806 im.
1588 1769 1628 1817 ι,
1656 1753 1764 1821 12).
1790 1753 1911 1821 Agit

321 1858 450 1914 ergo
463 1844 752 1914 Apostolus
763 1843 962 1913 gratias
984 1857 1080 1913 per
1099 1841 1391 1908 Christum,
1417 1845 1521 1912 agit
1543 1843 1742 1912 gratias
1756 1844 1910 1898 Chri-

323 1944 428 1992 sto.
451 1935 572 2004 Agit
591 1934 793 2003 gratias
815 1949 910 2004 per
931 1930 1228 1999 Christum,
1259 1935 1550 1989 secundum
1574 1935 1630 1988 id
1665 1934 1808 2004 quod
1831 1941 1914 1990 est

327 2041 396 2080 ex
419 2023 920 2080 PatribusChristus
939 2024 1231 2079 secundum
1253 2039 1500 2090 carnem;
1519 2034 1580 2080 .et
1594 2025 1703 2094 agit
1717 2025 1915 2095 gratias

318 2115 562 2184 Christo,
601 2114 898 2170 secundum
930 2114 984 2169 id
1029 2115 1173 2184 quod
1207 2123 1297 2170 est
1335 2116 1448 2185 ipse
1467 2115 1712 2170 Christus
1754 2132 1917 2187 super

317 2205 503 2260 omnia
522 2205 659 2260 Deus
677 2203 992 2260 benedictus
1006 2205 1059 2258 in
1075 2205 1269 2260 smcula
1285 2203 1461 2275 (Rom.
1479 2221 1550 2270 ix,
1573 2205 1646 2274 5)..
1667 2205 1914 2273 Agendas

324 2305 505 2351 autem
549 2296 698 2351 Patri
729 2305 783 2351 et
810 2297 944 2352 Filio
973 2297 1203 2365 gratias,
1242 2297 1544 2352 evidentius
1587 2297 1736 2352 idem
1787 2299 1916 2354 bea-

325 2394 412 2440 tus
451 2387 686 2440 ostendit
734 2388 1046 2456 Apostolus,
1077 2403 1200 2442 cum
1243 2388 1400 2444 nobis
1428 2390 1653 2458 gratiam
1682 2388 1774 2443 Dei
1801 2406 1914 2444 non

324 2478 498 2534 solum
527 2493 559 2532 a
591 2477 702 2533 Deo
729 2477 910 2546 Patre,
953 2478 1048 2534 sczl
1077 2487 1128 2534 et
1159 2479 1372 2535 Christo
1399 2479 1528 2535 Iesu
1558 2480 1787 2535 Domino
1815 2497 1916 2534 no-

324 2575 442 2623 stro
471 2569 608 2634 dari,
635 2578 696 2624 .et
718 2577 842 2623 orat
867 2578 922 2623 et
948 2577 1355 2624 commemorat.
1392 2569 1602 2624 Docens
1629 2571 1770 2624 enim
1821 2586 1918 2640 per

326 2658 598 2714 Christum
627 2661 783 2714 nobis
811 2675 842 2714 a
866 2659 983 2715 Deo
1011 2661 1239 2729 gratiam
1269 2661 1420 2728 dari,
1452 2661 1528 2714 ait
1558 2679 1573 2718 :
1619 2660 1914 2717 Secundum

317 2751 1051 2821 spiritumsanctificationis,
1082 2767 1155 2803 ea:
1191 2753 1563 2805 resurrectione
1598 2761 1915 2806 mortuorum

326 2842 447 2897 Iesu
477 2842 674 2896 Christi
698 2841 911 2897 Domini
941 2845 1126 2896 nostri.
1174 2842 1276 2896 Per
1305 2861 1450 2915 quem
1478 2846 1766 2916 accepimus
1790 2864 1914 2917 gra-

327 2936 450 2988 tiam
474 2943 524 2987 et
553 2934 916 3003 apastolatum,
957 2933 1027 2986 ad
1069 2935 1556 3005 obediendumﬁdei
1586 2937 1637 2988 in
1680 2936 1916 2991 omnibus

320 3028 562 3100 gentibus
590 3046 694 3099 pro
723 3031 926 3083 nomine
956 3029 1072 3098 ejus
1102 3028 1278 3099 (Rom.
1319 3045 1369 3094 ι,
1399 3029 1431 3081 4
1450 3069 1465 3094 ,
1494 3027 1568 3096 5).
1617 3029 1686 3084 Et
1733 3045 1916 3086 rursus

328 3123 440 3176 ait:
470 3120 665 3193 Infelix
703 3138 797 3192 ego
835 3121 1007 3186 homo,
1059 3121 1172 3192 quis
1203 3139 1283 3174 me
1311 3121 1547 3175 liberabit
1592 3123 1656 3176 de
1702 3139 1916 3194 corpore

2005 576 2187 646 quium
2217 590 2230 627 :
2259 581 2314 629 et
2341 574 2479 628 sicut
2502 569 2672 640 gratia
2709 568 2862 622 nobis
2892 583 2921 622 a
2959 567 3072 623 Deo
3101 564 3262 620 Patre
3289 573 3344 620 et
3371 564 3586 622 Christo

2004 667 2130 724 Iesu
2170 666 2397 722 Domino
2445 675 2630 719 nostro
2669 660 2846 727 datur,
2895 660 2972 714 sic
3016 674 3046 713 a
3094 657 3251 714 nobis
3294 659 3589 726 gratiarum

2004 757 2146 811 actio
2177 755 2319 810 Patri
2348 753 2587 824 Filioque
2613 751 2871 808 solvatur.
2911 748 3062 804 Sicut
3087 749 3228 804 enim
3268 755 3478 804 rectum
3508 758 3594 805 est

2005 848 2238 917 ﬁdeique
2271 847 2624 917 conveniens,
2674 859 2771 914 per
2816 856 2940 897 eum
2969 839 3117 894 Patri
3159 841 3362 910 gratias
3410 855 3592 910 agere,

2005 955 2104 1010 per
2133 954 2292 1010 quem
2322 954 2422 993 nos
2449 953 2480 992 a
2505 936 2665 990 Patre
2693 942 2900 990 certum
2930 939 3012 988 est
3040 931 3313 1001 accepisse
3341 973 3359 998 ,
3390 931 3468 987 sic
3502 933 3597 986 im-

2007 1031 2153 1102 pium
2184 1040 2285 1095 est,
2333 1045 2584 1099 veraeque
2625 1027 2870 1096 religioni
2911 1023 3262 1090 contrarium,
3303 1023 3349 1078 si
3389 1023 3512 1093 quis
3546 1024 3598 1077 in

2006 1119 2320 1188 apostolicis
2339 1119 2532 1173 litteris
2578 1118 2719 1186 legat
2757 1114 2983 1186 gratiam
3013 1112 3256 1168 ﬁdelibus
3285 1127 3315 1167 a
3344 1112 3459 1168 Deo
3494 1111 3598 1166 Pa-

2001 1219 2088 1264 tre
2117 1217 2173 1264 et
2193 1209 2422 1264 Domino
2449 1208 2576 1262 Iesu
2617 1207 2830 1262 Christo
2859 1205 2994 1269 dari,
3034 1213 3096 1261 et
3124 1203 3259 1260 nolit
3299 1204 3600 1272 gratiarqu

2007 1300 2276 1355 actionem
2325 1299 2482 1354 simul
2521 1299 2666 1353 Patri
2698 1297 2946 1367 F.lioque
2990 1296 3251 1369 persolvi;
3303 1295 3404 1362 Qui
3452 1295 3596 1350 enim

2003 1407 2105 1462 per
2155 1390 2349 1446 Filium
2399 1391 2549 1445 Patri
2578 1391 2777 1460 gratias
2814 1404 2975 1458 agere
3022 1405 3129 1444 non
3159 1388 3299 1452 vult,
3331 1402 3513 1442 veram
3545 1387 3595 1442 in

2007 1480 2287 1534 divinitate
2313 1478 2513 1534 Christi
2542 1497 2648 1534 non
2683 1480 2931 1548 intelligit
2956 1493 3213 1544 carnem;
3261 1477 3304 1533 si
3336 1477 3454 1548 quis
3498 1492 3597 1530 au-

2006 1575 2116 1623 tem
2143 1568 2344 1636 gratias
2369 1568 2514 1623 Patri
2541 1569 2784 1639 Filioque
2813 1584 2921 1624 non
2956 1569 3085 1638 agit,
3118 1581 3302 1624 veram
3330 1582 3444 1623 non
3488 1567 3596 1624 vult

2009 1659 2064 1713 in
2105 1660 2304 1716 Christi
2347 1675 2508 1715 carne
2565 1675 2892 1730 cognoscere
2945 1661 3219 1715 deitatem.
3286 1653 3420 1726 Q'uia
3467 1673 3596 1730 ergo

2010 1756 2294 1818 utrumque
2337 1749 2557 1820 impium
2598 1760 2699 1817 est,
2752 1759 2806 1805 et
2834 1751 3026 1804 anima:
3050 1751 3206 1805 valde
3232 1752 3594 1820 contrarium,

1941 1876 1988 1935 Β
2014 1842 2240 1897 tenenda
2269 1851 2351 1898 est
2371 1858 2512 1898 vera:
2535 1843 2654 1897 lidei
2676 1843 2865 1913 regula
2884 1886 2906 1909 ,,
2940 1852 2998 1897 ιιι
3027 1851 3081 1898 et
3106 1852 3326 1914 propter
3370 1841 3598 1897 formam

2015 1935 2177 2000 servi,
2225 1950 2329 2003 qua
2361 1934 2517 1990 Patre
2552 1936 2728 1989 minor
2768 1943 2852 1990 est
2881 1935 3067 2000 Filius,
3117 1935 3320 2004 gratias
3360 1933 3596 2003 agendas

2014 2024 2161 2080 Patri
2192 2040 2288 2096 per
2307 2025 2502 2079 Filium
2527 2035 2676 2080 recte
2703 2027 2963 2094 dicamus,
3012 2037 3068 2082 et
3092 2027 3446 2082 nihilominus
3470 2042 3600 2096 pro-

2014 2123 2136 2185 pter
2161 2115 2386 2170 l'ormam
2431 2115 2548 2180 Dei,
2597 2115 2648 2168 in
2696 2130 2802 2184 qua
2840 2115 3005 2186 644
3047 2115 3220 2171 Filius
3265 2115 3486 2184 aequalis
3522 2125 3599 2173 est

2018 2205 2191 2269 Patri,
2224 2207 2424 2274 gratias
2445 2205 2679 2275 agendas
2700 2205 2844 2260 Patri
2865 2215 2927 2261 .ct
2953 2205 3092 2261 Filio
3109 2206 3441 2262 noverimus.
3468 2207 3600 2272 Quia

2019 2312 2146 2351 vero
2178 2312 2280 2351 una
2309 2297 2480 2367 gratia
2510 2296 2664 2351 nobis
2692 2305 2774 2350 est
2803 2311 2832 2350 a
2875 2305 3062 2352 sancta
3091 2296 3355 2351 Trinitate
3383 2296 3600 2367 collata,

2015 2388 2373 2441 communiter
2394 2395 2475 2441 est
2499 2402 2533 2441 a
2560 2387 2716 2441 nobis
2746 2387 2906 2452 l‘atri,
2930 2385 3068 2442 Filio
3089 2394 3146 2441 et
3169 2387 3387 2457 Spiritui
3412 2395 3602 2444 sancto

2017 2492 2120 2530 una
2162 2478 2457 2544 gratiarum
2500 2477 2644 2532 actio
2697 2477 3070 2546 persolvendo.
3127 2476 3285 2532 Sicut
3331 2477 3477 2531 enim
3534 2479 3601 2531 ab

2018 2568 2274 2636 Apostolo
2305 2568 2549 2622 liJclilius
2575 2568 2788 2633 dicitur,
2823 2567 3006 2633 Gratia
3036 2569 3174 2622 vobis
3198 2578 3253 2622 .ct
3283 2585 3389 2639 pax
3415 2586 3448 2623 a
3489 2568 3600 2624 Deo

2011 2657 2177 2712 Patre
2203 2670 2410 2724 nostro,
2449 2671 2498 2712 et
2525 2659 2749 2714 Domino
2787 2659 2913 2714 Iesu
2957 2659 3178 2715 Christo.
3201 2661 3379 2731 (liam.
3410 2679 3470 2730 ι,
3505 2663 3557 2732 7)
3586 2682 3598 2715 :

2015 2748 2094 2802 sic
2126 2749 2178 2802 in
2202 2749 2422 2802 Actibus
2445 2751 2810 2818 apostolorum
2839 2750 2990 2820 (Cap.
3016 2767 3068 2812 Χ,
3092 2749 3125 2804 4
3150 2752 3182 2821 .)
3207 2753 3462 2823 scriptum
3488 2761 3600 2807 est;

2017 2837 2152 2903 Quia
2185 2850 2232 2892 et
2257 2840 2318 2893 .in
2350 2840 2589 2911 gentibus
2635 2843 2806 2910 grazia
2835 2843 3018 2895 sancti
3042 2842 3270 2909 Spiritus
3313 2844 3479 2912 eﬂusa
3501 2852 3601 2900 est.

2015 2928 2190 2984 Unam
2239 2945 2368 2998 ergo
2415 2933 2641 2999 gratiam
2686 2940 2886 2986 sanam
2930 2931 3205 2986 Trinitatis
3248 2934 3601 3004 accepimus.

2019 3022 2158 3076 unde
2188 3022 2406 3089 dignum
2441 3037 2522 3076 est
2551 3030 2610 3076 ut
2640 3037 2798 3076 unam
2827 3023 3119 3090 gratiarum
3149 3025 3419 3080 actionem
3461 3027 3605 3084 l'atri

2014 3118 2071 3165 et
2094 3109 2234 3164 Filio
2261 3121 2315 3166 et
2341 3113 2561 3182 Spiritui
2587 3120 2808 3180 sancto,
2843 3115 2894 3167 in
2923 3114 3150 3168 veritate
3180 3114 3301 3170 lidei
3327 3125 3384 3171 .et
3425 3118 3605 3192 cordis

322 3213 507 3266 morti;
533 3213 731 3282 hujus?
763 3209 944 3264 Gratia
973 3210 1071 3265 Dei
1113 3228 1204 3281 per
1231 3211 1410 3266 Jesum
1438 3210 1697 3266 Christum
1730 3214 1912 3268 Domi-
1943 3242 1986 3298 Ε
2017 3203 2360 3272 simplicitate
2382 3204 2671 3259 solvamus.
2704 3203 2875 3259 Unam
2903 3221 3120 3275 quoque
3148 3207 3372 3275 gloriam
3403 3207 3606 3264 decan-

322 3317 452 3355 num
477 3313 709 3355 nostrum
731 3299 906 3372 (Rom.
932 3317 1026 3368 vn,
1053 3299 1143 3367 24,
1163 3301 1288 3372 25).
1327 3301 1433 3356 Sed
1457 3301 1597 3357 idem
1619 3304 1913 3374 apostolus,

326 3397 383 3446 in
405 3392 656 3448 omnibus
683 3407 897 3446 suarum
918 3391 1199 3461 praemiis
1227 3391 1550 3460 litterarum,
1573 3393 1799 3461 gratiam
1823 3409 1922 3448 no—

324 3483 414 3537 bis
455 3497 487 3536 a
512 3482 628 3537 Deo
655 3481 818 3537 Patre
864 3492 917 3537 et
948 3482 1177 3536 Domino
1221 3480 1347 3536 Jesu
1391 3481 1605 3536 Christo
1645 3483 1921 3553 postulare

326 3588 439 3628 non
466 3573 683 3627 desiuit.
725 3573 858 3626 Nam
889 3573 932 3627 si
961 3573 1378 3642 apostolicaram
1397 3571 1760 3642 Epistolarum
1787 3574 1921 3629 velis

326 3679 616 3720 recensere
645 3665 928 3734 principia,
955 3679 1094 3734 pene
1123 3664 1228 3719 hoc
1258 3664 1312 3717 in
1331 3665 1549 3719 cunctis
1577 3665 1834 3734 invenies,
1867 3666 1921 3720 in

329 3755 528 3825 quibus
557 3756 818 3810 duntaxat
847 3771 1044 3811 nomen
1086 3755 1254 3825 ipsius
1279 3755 1529 3824 ApOstoli
1579 3758 1916 3826 continetur,

333 3844 519 3900 Gratia
546 3847 703 3912 vobis,
734 3855 782 3900 et
818 3863 922 3916 pax
957 3864 988 3899 a
1019 3845 1126 3900 Deo
1171 3847 1335 3901 Patre
1371 3857 1568 3915 nostra,
1612 3857 1660 3904 et
1697 3848 1920 3904 Domino

327 3935 461 3991 Iesu
491 3936 692 3992 Christo
724 3935 900 3991 (Rom.
933 3953 978 4000 ι,
1009 3937 1094 4003 7).
1137 3937 1406 4006 Proinde,
1452 3940 1529 3993 sic
1557 3955 1656 3994 nos
1702 3955 1922 3996 necesse

334 4036 418 4083 est
442 4029 650 4097 gratias
678 4042 860 4096 agere,
909 4029 1051 4084 sicut
1098 4045 1196 4085 nos
1225 4037 1449 4098 gratiam
1479 4039 1686 4086 certum
1710 4040 1797 4087 est
1825 4049 1919 4088 ac-

334 4123 562 4192 cepisse.
604 4122 736 4176 Nam
766 4124 1021 4192 quoniam
1048 4124 1352 4193 accepimus
1380 4125 1608 4192 gratiam
1636 4139 1667 4178 a
1693 4125 1804 4181 Deo
1821 4139 1924 4197 per

326 4212 515 4268 Iesum
543 4213 816 4269 Christum
843 4214 1130 4269 Dominum
1173 4225 1446 4283 nostrum,
1498 4231 1567 4272 ex
1606 4217 1710 4272 ista
1736 4218 1921 4286 regula

336 4306 582 4361 veritatis
610 4307 819 4374 agimus
838 4307 1051 4376 gratias
1079 4299 1224 4362 Patri
1257 4323 1352 4379 per
1376 4307 1572 4363 Filium
1598 4327 1611 4362 :
1644 4310 1768 4380 quia
1797 4325 1925 4365 vero

329 4396 642 4465 accepimus
669 4397 896 4464 gratiam
933 4403 988 4451 et
1016 4413 1202 4468 pacem
1234 4415 1264 4453 a
1292 4399 1403 4454 Deo
1433 4398 1594 4456 Patre
1616 4410 1678 4458 et
1707 4400 1922 4456 Christo

325 4483 458 4540 Jesu
490 4485 719 4541 Domino
742 4495 935 4542 nostro
960 4529 972 4552 ,
1005 4504 1070 4542 ex
1102 4489 1202 4542 ista
1241 4502 1427 4545 rursus
1443 4491 1630 4559 regula
1661 4491 1919 4558 veritatis,

2019 3296 2236 3349 tandam
2260 3293 2409 3349 Patri
2439 3305 2492 3350 et
2513 3296 2648 3351 Filio
2675 3305 2730 3351 ct
2751 3296 2974 3366 Spiritui
2997 3307 3215 3364 sancto,
3255 3299 3393 3354 sicut
3421 3309 3606 3356 sancta

2020 3385 2295 3456 Scriptura
2316 3403 2422 3440 non
2443 3387 2639 3442 desinit
2671 3387 2979 3452 admonere,
3001 3389 3078 3443 sic
3097 3396 3151 3443 et
3171 3389 3346 3444 omnis
3366 3398 3420 3446 et
3446 3407 3607 3448 nosse

2019 3475 2181 3531 debet
2212 3485 2266 3531 et
2289 3478 2593 3546 persolvere
2610 3477 2964 3532 Christianus.
2992 3477 3046 3532 [ιι
3076 3479 3388 3548 apostolicis
3409 3483 3607 3552 quippe

2020 3571 2232 3639 litteris,
2262 3587 2369 3625 non
2418 3573 2590 3626 solum
2612 3571 2778 3638 Patri,
2811 3587 2994 3626 verum
3026 3572 3192 3626 etiam
3221 3570 3452 3626 Domino
3480 3571 3606 3628 Jesu

2019 3660 2256 3731 Christo,
2283 3663 2480 3717 dictam
2503 3664 2728 3732 gloriam
2758 3664 3104 3718 nihilominus
3144 3662 3461 3718 invenimus.
3486 3663 3605 3719 Sci-

2015 3768 2142 3808 mus
2186 3754 2402 3824 quidem
2450 3756 2666 3810 beatum
2709 3757 2898 3811 Ju.!ain
2929 3755 3233 3827 apostolum
3273 3757 3330 3811 in
3368 3755 3606 3827 Epistola

2019 3845 2339 3900 s'ua‘mxisse
2368 3863 2389 3898 .:
2439 3844 2507 3899 Ei
2537 3856 2708 3924 autem
2734 3848 2818 3918 qui
2859 3857 3039 3916 potens
3077 3853 3152 3899 est
3193 3842 3495 3925 conser'vare
3522 3863 3606 3902 uos

2021 3936 2134 3990 sine
2163 3937 2462 4012 offensione,
2501 3947 2550 3992 et
2578 3941 2886 3993 constituere
2913 3949 3036 4004 ante
3067 3929 3397 4013 conspectum
3427 3942 3606 4012 gloria

2017 4045 2130 4084 sua:
2159 4013 2514 4084 immaculatos
2544 4032 2598 4084 in
2623 4032 2825 4096 lwtitia,
2849 4033 2947 4086 soli
2978 4033 3241 4089 Saluatori
3281 4044 3455 4087 nostro
3483 4033 3605 4099 Deo,

2024 4138 2116 4190 per
2133 4120 2310 4175 Iesum
2336 4120 2594 4176 Christum
2624 4123 2898 4178 Dominum
2931 4135 3183 4191 nostrum,
3215 4125 3398 4190 honor,
3430 4133 3606 4196 poten-

2018 4211 2122 4278 tia,
2147 4211 2382 4278 claritas,
2407 4221 2455 4264 et
2483 4221 2709 4282 potestas
2741 4221 2860 4266 ante
2897 4229 3048 4267 omne
3064 4215 3334 4280 swculum,
3367 4223 3416 4268 et
3453 4228 3608 4275 nunc,

2025 4311 2074 4355 et
2101 4305 2154 4356 in
2179 4304 2351 4357 omnia
2376 4305 2570 4358 uacula
2598 4305 2924 4358 surculorum.
2957 4305 3138 4359 Amen.
3173 4305 3342 4378 (Iud.,
3367 4305 3456 4374 9.4,
3487 4305 3603 4375 23).

2023 4391 2131 4447 Sed
2161 4393 2264 4448 hoc
2292 4395 2582 4449 secundum
2613 4397 2923 4467 mysterium
2943 4395 3329 4451 incarnationis
3363 4406 3513 4452 recte
3531 4413 3608 4453 ao-

2025 4484 2240 4554 cipitur,
2281 4499 2390 4554 quo
2433 4501 2532 4556 pro
2577 4487 2730 4540 nobis
2771 4495 2827 4540 et
2879 4484 3131 4541 Pontifex
3177 4497 3234 4541 et
3290 4485 3610 4542 sacriﬁcium

332 4577 541 4645 agimus
567 4577 767 4645 gratias
792 4575 938 4632 Patri
968 4577 1127 4632 simul
1157 4590 1212 4634 et
1253 4578 1412 4634 Filio.
1457 4572 1617 4635 Sicut
1643 4581 1786 4634 enim
1815 4596 1922 4634 non
1955 4605 1998 4663 ι)
2029 4577 2198 4632 factus
2224 4578 2319 4632 Dei
2347 4578 2513 4634 Filius
2555 4579 2843 4633 invenitur.
2889 4577 3174 4648 Utriusque
3205 4579 3346 4632 enim
3388 4588 3609 4646 naturae,

327 4666 508 4720 solum
537 4681 570 4719 a
610 4665 772 4721 Patre
799 4681 898 4736 per
923 4666 1140 4735 Filium,
1193 4683 1378 4724 verum
1409 4668 1571 4723 etiam
1617 4683 1648 4721 a
1675 4667 1838 4724 Patre
1867 4677 1923 4724 et

327 4754 471 4812 Filio
499 4759 726 4826 gratiam
757 4759 1071 4828 accepimus
1093 4799 1113 4824 ,
1167 4759 1240 4814 ita
1282 4775 1395 4814 non
1443 4759 1616 4815 solum
1651 4759 1795 4814 Patri
1820 4775 1923 4830 per

330 4847 547 4915 Filium,
578 4864 766 4908 verum
794 4851 958 4905 etiam
995 4850 1142 4905 Patri
1171 4858 1227 4906 et
1254 4849 1391 4907 Filio
1428 4851 1720 4920 gratiarum
1749 4852 1922 4906 actio-

333 4955 459 4996 nem
481 4941 679 4995 debitae
708 4955 931 4996 necesse
966 4949 1049 4996 est
1087 4942 1364 4998 servitutis
1399 4942 1702 4998 humilitate
1745 4942 1924 4998 solva-

331 5045 470 5086 mus.
505 5029 621 5086 lloc
636 5032 777 5086 enim
801 5033 944 5101 quod
971 5033 1178 5100 agimus
1195 5035 1400 5103 gratias
1416 5032 1564 5088 Patri
1585 5049 1686 5105 per
1703 5032 1919 5100 Filium,

326 5120 399 5176 ad
427 5122 812 5178 incarnationis
839 5126 1079 5193 pertinet
1105 5135 1543 5191 sacramentum;
1576 5126 1629 5180 in
1655 5140 1722 5180 eo
1742 5133 1922 5179 autem

329 5210 478 5282 quod
506 5213 711 5281 agimus
739 5212 940 5280 gratias
963 5210 1110 5268 Patri
1135 5221 1196 5270 et
1221 5214 1379 5280 Filio,
1411 5216 1568 5270 unius
1587 5215 1762 5270 claret
1785 5214 1922 5270 divi-

326 5303 520 5357 nitatis
547 5303 771 5372 agnitio.
817 5304 971 5359 Sicut
993 5305 1142 5361 cnim
1170 5305 1340 5361 Filius
1368 5307 1442 5360 ita
1471 5314 1711 5361 nostram
1742 5319 1928 5361 susce-

327 5393 411 5462 pit
437 5407 676 5459 carnem,
704 5401 764 5448 ut
792 5403 1030 5464 paternae
1052 5395 1274 5450 unitatis
1305 5396 1606 5450 naturalem
1632 5412 1739 5451 non
1763 5395 1924 5449 amit-

277 5543 281 5550 _
331 5493 475 5540 teret
502 5486 825 5552 veritatem,
880 5487 959 5542 sic
984 5488 1144 5543 nobis
1175 5495 1461 5558 utrumque
1499 5489 1740 5553 donavit,
1784 5496 1842 5544 ut
1869 5497 1924 5544 et

329 5590 431 5646 per
456 5574 650 5631 Filium
674 5579 880 5649 gratias
913 5592 1134 5649 agamus
1163 5578 1330 5646 Patri,
1364 5588 1418 5634 et
1446 5580 1647 5649 gratias
1686 5575 1824 5634 Filio
1845 5581 1919 5636 si-

328 5664 441 5720 mul
468 5679 691 5736 agamus
717 5678 773 5723 et
797 5666 968 5724 Patri.
1008 5669 1245 5725 Gratiam
1267 5671 1416 5726 enim
1442 5685 1603 5741 quam
1632 5671 1787 5726 nobis
1814 5673 1913 5728 do-

331 5760 480 5816 navit
505 5759 667 5817 Pater
691 5777 790 5835 per
815 5761 1030 5828 Filium,
1079 5764 1238 5819 simul
1282 5765 1440 5820 nobis
1487 5764 1724 5820 donante
1759 5765 1915 5820 Patre

328 5851 554 5910 donavit
607 5864 662 5912 et
701 5855 888 5914 Filius.
942 5858 1175 5916 Necesse
1217 5866 1299 5916 est
1348 5859 1508 5930 igitur
1536 5866 1594 5915 ut
1640 5859 1782 5915 sicut
1820 5875 1916 5930 per

2028 4675 2136 4719 tam
2181 4667 2373 4722 divinae
2420 4668 2626 4722 scilicet
2675 4683 2834 4739 quam
2884 4667 3159 4733 humanas,
3217 4668 3270 4722 in
3327 4667 3423 4734 Dei
3472 4668 3608 4723 Filio

2017 4757 2359 4825 agnoscenda
2387 4766 2470 4812 est
2499 4759 2731 4824 veritas;
2757 4766 2814 4812 ut
2843 4757 2959 4814 siue
2980 4757 3262 4828 cujuslibet
3283 4757 3611 4813 infidelitatis

2023 4859 2228 4913 errore,
2258 4855 2312 4902 ct
2341 4847 2499 4902 Patre
2546 4849 2724 4904 minor
2749 4848 2932 4916 Filius,
2965 4857 3019 4903 et
3050 4847 3194 4903 Patri
3224 4857 3370 4905 recte
3419 4863 3611 4917 cogno~

2023 4949 2208 4996 scatur
2234 4941 2474 5011 mqualis.
2510 4939 2666 4998 Unde
2697 4943 2886 4997 beatus
2918 4940 3106 4996 Petrus
3135 4941 3362 5010 gloriam
3392 4940 3613 4997 Christo

2025 5033 2178 5104 dicit,
2225 5052 2331 5091 non
2380 5036 2551 5091 solum
2601 5037 2655 5092 in
2696 5036 2801 5090 hoc
2844 5044 3104 5106 tempore,
3149 5050 3334 5090 verum
3364 5035 3528 5090 etiam
3559 5034 3614 5090 in

2027 5127 2115 5183 illa
2145 5128 2449 5184 mternitate
2485 5127 2787 5195 dicendam,
2832 5128 2923 5196 qui
2970 5127 3074 5181 hoc
3119 5141 3369 5181 sermone
3414 5140 3612 5180 secun-

2025 5219 2146 5275 dam
2167 5221 2244 5274 sic
2267 5221 2567 5274 terminavit
2586 5218 2883 5289 Epistolam
2903 5237 2915 5272 :
2937 5218 3159 5273 Crescite
3179 5235 3312 5283 vero,
3334 5219 3460 5289 inqu
3483 5233 3609 5283 ens,

2026 5310 2081 5363 in
2119 5311 2296 5381 gratia
2329 5319 2383 5363 et
2432 5311 2724 5380 cognitione
2761 5309 2973 5365 Domini
3012 5310 3176 5364 nostri
3221 5319 3268 5364 et
3321 5308 3611 5366 Saluatoris

2024 5396 2152 5451 Iesu
2171 5397 2382 5453 Christi.
2418 5397 2530 5468 Ipsi
2556 5402 2724 5472 gloria
2755 5408 2804 5454 et
2831 5417 2986 5464 nunc,
3019 5409 3068 5453 et
3096 5401 3150 5452 in
3179 5399 3318 5453 diem
3339 5400 3608 5454 wteruita-

2029 5493 2090 5547 tis
2123 5492 2207 5563 (11
2231 5492 2372 5562 Petr.
2409 5511 2487 5562 ιιι,
2521 5493 2642 5565 l8).
2685 5493 2752 5548 Et
2778 5495 3032 5564 quoniam
3062 5509 3198 5549 unus
3235 5493 3456 5564 spiritus
3487 5492 3610 5547 lidei

2024 5584 2178 5640 datus
2208 5595 2291 5642 est
2318 5585 2573 5657 apostolis
2599 5595 2652 5642 et
2681 5586 2960 5656 prOphetis
2988 5587 3152 5658 (quod
3198 5588 3389 5644 beatus
3410 5586 3610 5644 Paulus

2023 5686 2311 5743 asseverat,
2342 5677 2524 5732 dicens
2562 5695 2574 5731 :
2619 5676 2880 5730 Habentes
2909 5687 3079 5731 autem
3109 5677 3340 5732 eumdem
3367 5679 3608 5749 spiritum

2019 5769 2166 5838 ﬁdei,
2195 5770 2325 5822 sicut
2349 5771 2594 5838 scriptum
2623 5779 2698 5822 est
2722 5786 2738 5821 :
2769 5768 2976 5822 Credidi
3005 5778 3214 5840 propter
3233 5772 3371 5842 quod
3406 5771 3605 5826 locutus
3635 5835 3638 5838 ἢ

2020 5849 2162 5925 sum;
2222 5869 2269 5914 ct
2315 5877 2405 5916 nos
2460 5859 2742 5924 credimus,
2799 5869 3007 5931 propter
3057 5863 3192 5932 quod
3245 5873 3294 5918 et
3342 5863 3601 5934 loquimur
3680 5892 3692 5903 ο
