4090 6342
338 482 444 541 817

1403 471 1696 534 caurus»
1715 468 2061 531 FABIANBM
2103 468 2540 546 nucum“.

3482 441 3590 526 sis

337 597 393 651 in
423 595 510 649 illa
522 592 1032 649 aeternitatedicturi
1062 600 1185 646 sunt
1210 604 1417 656 omnes,
1438 589 1504 644 de
1517 589 1709 658 quibus
1731 589 1917 642 beatus
1945 589 1992 646 Α
2028 585 2167 659 (Gal.
2200 603 2272 650 iv,
2299 584 2390 654 26)
2417 603 2428 636 :
2473 583 2626 652 cujus
2654 597 2777 652 pars
2801 597 2921 652 quae
2949 567 3108 652 hujus
3137 583 3314 638 saeculi
3361 583 3592 650 peregri-

338 685 503 739 David
549 684 677 738 dicit
708 683 818 738 Deo
850 700 864 736 :
895 683 1094 737 Altaria
1122 692 1226 744 tua,
1256 679 1472 733 Domine
1520 682 1780 741 virtutum,
1806 675 1914 728 Rea:

340 789 501 840 meus,
523 783 573 825 et
603 771 742 825 Dens
773 788 930 825 meus.
963 768 1106 823 Beati
1127 785 1302 823 omnes
1326 770 1410 838 qui
1435 768 1666 820 habitant
1688 767 1739 819 in
1767 767 1916 818 domo

340 873 447 925 tua,
468 863 525 916 in
555 862 746 916 uacula
775 862 1080 914 seculorum
1107 859 1393 912 laudabunt
1425 867 1472 910 te
1499 856 1669 926 (Psal.
1695 871 1915 919 Lxxxnt,

338 948 390 1010 4v,
420 948 499 1018 5).
524 947 658 1003 Cum
689 949 830 1003 enim
855 948 1089 1015 aequales
1117 947 1323 1015 angelis
1353 947 1446 1000 Dei
1475 944 1796 1014 erunt(an.
1825 961 1914 1007 xx,

337 1036 467 1107 36),
498 1044 704 1091 certum
732 1044 817 1090 est
851 1051 946 1090 eos
971 1035 1074 1089 hoc
1102 1049 1220 1088 esse
1250 1033 1486 1088 dicturos
1513 1033 1564 1086 in
1593 1032 1796 1086 saecula
1815 1046 1916 1084 sar-

334 1125 603 1189 culorum,
627 1124 769 1194 quod
801 1125 852 1178 in
893 1124 1104 1178 laudem
1135 1123 1228 1177 Dei
1285 1138 1498 1192 semper
1540 1123 1711 1176 sancti
1741 1121 1915 1189 angeli

335 1216 542 1270 dicunt.
559 1214 634 1269 Ne
653 1215 774 1284 quis
788 1223 966 1268 autem
983 1222 1151 1283 putet,
1175 1215 1335 1267 aliam
1353 1213 1564 1268 laudem
1579 1212 1752 1267 Patris
1773 1228 1913 1279 esse,

336 1304 496 1358 aliam
528 1303 667 1368 Filii,
701 1304 841 1358 idem
869 1305 1060 1358 beatus
1087 1302 1322 1357 Joannes
1370 1303 1437 1358 de
1479 1304 1562 1358 his
1607 1304 1696 1371 qui
1737 1304 1790 1357 in
1828 1303 1916 1357 illa

335 1393 546 1449 cmicsti
573 1391 908 1452 Hierusalem
948 1409 1204 1462 superna,
1231 1408 1351 1461 quae
1407 1393 1600 1447 domus
1651 1392 1745 1448 Dei
1799 1402 1914 1457 est,

335 1484 606 1546 habitant,
639 1492 693 1538 et
721 1484 1298 1538 insanoulasmculorum
1321 1483 1614 1537 laudabunt
1638 1483 1830 1547 Deum,
1863 1484 1916 1536 in

337 1573 478 1628 libro
524 1582 821 1628 memorato
862 1574 939 1628 sic
985 1573 1162 1627 dicit:
1211 1572 1343 1626 Post
1389 1573 1497 1626 hac
1558 1573 1659 1625 ridi
1715 1573 1916 1626 turbam

337 1662 759 1734 multam,.quam
785 1663 1108 1716 dinumerare
1135 1679 1283 1715 nemo
1306 1670 1526 1731 poterat,
1557 1677 1622 1716 ex
1665 1663 1801 1715 omni
1831 1679 1917 1732 gs-

339 1771 483 1819 nere,
513 1763 562 1808 et
583 1772 647 1808 ea:
677 1755 826 1808 omni.
841 1753 1010 1818 tribu,
1028 1763 1077 1808 et
1104 1753 1327 1823 populo,
1347 1762 1394 1806 et
1415 1754 1618 1823 lingua,
1641 1762 1834 1806 stantes
1863 1755 1915 1806 in

337 1855 612 1914 conspectu
639 1845 832 1907 throni,
861 1854 910 1897 et
932 1847 982 1897 in
1007 1852 1278 1914 conspectu
1298 1844 1431 1914 Agni
1455 1860 1471 1896 :
1497 1853 1544 1897 et
1572 1853 1720 1896 erant
1743 1845 1915 1896 amicti

337 1935 485 1987 stolis
525 1933 682 2000 albis,
709 1942 758 1986 et
780 1934 968 2002 palma:
1007 1934 1211 2002 fuerunt
1255 1933 1309 1984 in
1358 1931 1592 1985 manibus
1634 1949 1806 1986 eorum
1820 1950 1837 1996 ;
1868 1943 1915 1986 et
1949 1950 1990 2007 Β

339 2041 528 2094 magno
556 2025 781 2077 clamore
827 2022 1107 2078 dicebant:
1143 2023 1300 2076 Salus
1345 2021 1455 2076 Deo
1495 2031 1669 2076 nostro
1723 2022 1918 2075 sedenti

337 2130 493 2182 super
521 2112 779 2177 thronum,
803 2123 851 2166 et
886 2112 1031 2183 Agna
1061 2112 1243 2184 (Apoc.
1272 2128 1366 2180 vn,
1395 2113 1446 2178 9,
1475 2112 1595 2181 10).
1624 2111 1723 2166 Ubi
1755 2112 1918 2167 Deum

339 2201 576 2267 Patrem,
606 2212 661 2257 et
683 2202 909 2270 Agnum,
941 2217 1104 2256 unum
1133 2217 1253 2257 esse
1293 2202 1456 2256 Deum
1483 2204 1736 2258 continuo
1763 2218 1918 2258 secu-

342 2303 428 2348 tus
452 2303 554 2357 est,
580 2293 762 2348 dicens
794 2313 806 2344 :
842 2293 909 2346 Et
935 2310 1110 2348 omnes
1157 2294 1327 2364 angeli
1374 2295 1459 2365 qui
1484 2296 1690 2348 stabant
1724 2296 1776 2348 in
1815 2297 1915 2348 cir-

339 2385 481 2435 cuitu
525 2383 720 2449 throni,
761 2391 810 2436 et
839 2384 978 2436 circa
1004 2385 1250 2446 seniores,
1302 2393 1350 2436 et
1378 2385 1517 2436 circa
1555 2393 1774 2452 quatuor
1803 2387 1918 2438 ani-

339 2469 524 2534 tnalia,
559 2486 678 2522 mox
714 2471 1002 2523 ceciderunt
1038 2472 1091 2523 in
1120 2473 1306 2541 faciem
1360 2488 1507 2524 suam
1555 2481 1676 2524 ante
1703 2489 1918 2542 conspe-

339 2570 477 2612 ctum
505 2559 696 2625 throni,
717 2568 764 2613 et
787 2559 1126 2613 adoraverunt
1152 2577 1328 2613 omnes
1351 2562 1604 2614 dicentes:
1621 2560 1803 2615 Amen.
1825 2562 1921 2615 Be-

339 2648 567 2704 nedictio
587 2661 635 2703 et
671 2651 857 2720 gloria,
889 2659 938 2704 et
973 2651 1246 2720 sapientia,
1287 2660 1334 2704 et
1377 2654 1664 2721 gratiarum
1693 2654 1848 2716 actio,
1872 2662 1920 2706 et

341 2740 531 2805 honor,
557 2750 605 2793 et
634 2741 811 2805 uirtus,
833 2749 883 2794 et
911 2740 1158 2810 fortitudo
1189 2739 1297 2794 Deo
1319 2750 1494 2793 nostro
1520 2741 1572 2793 in
1601 2741 1790 2794 saecula
1818 2759 1918 2795 sa:-

341 2827 575 2880 cnlorum
613 2826 798 2896 (Ibid.,
832 2827 918 2892 ll,
954 2826 1061 2896 12).
1093 2827 1281 2882 Nonne
1311 2826 1454 2896 quod
1499 2829 1744 2897 superius
1767 2829 1918 2884 dixe-

343 2925 492 2983 rant,
518 2916 732 2972 Sedenti
779 2919 832 2970 in
871 2917 1018 2982 solio,
1043 2925 1091 2970 et
1138 2918 1282 2988 Agna
1311 2916 1614 2981 benedictio,
1648 2929 1696 2972 et
1735 2920 1917 2984 honor,

343 3020 390 3062 et
410 3009 567 3078 847
589 3009 777 3079 gloria,
798 3017 847 3062 et
861 3016 1084 3078 potestas
1104 3009 1155 3060 in
1172 3010 1360 3062 saecula
1373 3009 1705 3073 swculorum;
1734 3018 1782 3062 et
1803 3026 1923 3081 qua-

344 3109 464 3152 tuor
480 3100 726 3152 animalia
755 3097 1009 3164 dicebant,
1036 3098 1228 3162 Amen;
1260 3097 1364 3152 hoc
1390 3113 1530 3152 nunc
1560 3098 1699 3152 idem
1729 3113 1920 3154 omnes

345 3187 521 3255 angeli
545 3186 642 3241 sub
665 3188 819 3242 unius
842 3186 936 3241 Dei
963 3184 1506 3256 professione,.ipsum
1520 3185 1684 3241 Deum
1699 3187 1920 3243 adoran-

2018 675 2237 730 natione
2262 675 2492 738 laborat,
2527 681 2812 742 propterea
2843 672 2911 726 ad
2960 671 3107 725 illum
3144 671 3258 740 ejus
3304 671 3594 725 delectabi-

2017 765 2120 819 lem
2147 764 2374 830 vultum,
2398 762 2660 832 dulceque
2680 762 3008 816 consortium
3039 770 3187 816 recto
3207 778 3364 818 cursu
3390 763 3592 828 nititur;

2015 855 2140 923 quia
2195 854 2338 908 illam
2396 861 2621 908 matrem
2652 868 2759 907 non
2788 852 2964 907 solum
3014 853 3066 906 in
3120 852 3276 906 bonis
3319 854 3596 924 operibus,

2016 961 2201 1001 verum
2231 946 2394 1000 etiam
2425 945 2480 999 in
2505 945 2622 999 istis
2651 945 2896 1022 laudibus
2921 945 3180 998 imitatur.
3213 943 3326 999 Hoc
3349 945 3448 999 ista
3475 962 3596 1000 can-

2017 1043 2138 1089 tans
2178 1035 2417 1088 ambulat
2454 1035 2506 1090 in
2537 1033 2660 1102 ﬁde,
2691 1033 2835 1103 quod
2864 1035 2950 1088 illa
2974 1043 3197 1090 cantans
3225 1036 3512 1104 requiescit
3542 1037 3594 1092 in

2017 1127 2214 1196 specie.
2249 1125 2362 1180 Iloc
2384 1125 2485 1181 ista
2532 1141 2660 1196 pars
2685 1125 2825 1180 illius
2854 1125 3107 1181 Ecclesiae
3146 1136 3370 1181 cantans
3397 1128 3594 1184 viatico

2017 1233 2154 1287 pane
2179 1217 2454 1285 reﬁcitur,
2477 1217 2630 1286 cujus
2651 1218 2738 1272 illa
2769 1217 3099 1272 Hierusalem
3117 1219 3230 1288 jugi
3256 1228 3416 1289 atque
3442 1221 3594 1276 indc-

2017 1307 2155 1362 fessa
2186 1307 2516 1376 plenitudine
2543 1308 2788 1362 satiatur.
2815 1307 3096 1374 Quomodo
3136 1317 3313 1363 autem
3344 1325 3402 1364 se
3433 1309 3592 1362 ﬁliam

2017 1405 2213 1450 sanctae
2233 1395 2468 1451 cmlestis
2497 1395 2836 1449 Hierusalem
2866 1396 3086 1450 credere
3111 1396 3193 1450 vel
3227 1396 3405 1452 dicere
3434 1381 3596 1453 audet

2019 1481 2106 1535 illa
2135 1481 2392 1546 Ecclesia,
2423 1497 2541 1550 qua:
2566 1481 2848 1537 dicendum
2875 1498 2906 1536 a
2933 1499 3120 1537 senon
3154 1492 3304 1552 putat
3332 1485 3384 1538 in
3417 1488 3590 1550 terris,

2017 1570 2159 1638 quod
2195 1571 2283 1624 illa
2313 1581 2499 1625 saneta
2525 1579 2699 1625 mater
2727 1571 2908 1626 dicere
2955 1588 3061 1626 non
3101 1581 3281 1626 cessat
3311 1572 3362 1626 in
3407 1575 3594 1628 cmlis?

2019 1659 2123 1711 Aut
2143 1659 2415 1728 quomodo
2436 1675 2772 1714 communem
2793 1677 2914 1715 cum
2936 1675 2998 1715 ea
3028 1662 3225 1731 poterit
3248 1663 3445 1718 habere
3466 1664 3593 1719 bea-

2020 1748 2321 1814 titudinem,
2351 1764 2470 1803 eum
2499 1763 2603 1817 qua
2632 1749 2798 1818 ipsius
2825 1749 2921 1804 Dei
2963 1765 3068 1804 non
3097 1752 3452 1805 communicat
3479 1751 3592 1806 lau-

2017 1835 2182 1888 dem?
2212 1851 2332 1889 cum
2363 1837 2546 1904 utique
2576 1837 2878 1893 nullatenus
2921 1838 3060 1892 illius
3104 1847 3304 1894 sancta:
3338 1840 3592 1902 llierusae

2019 1926 2121 1980 lem
2151 1928 2322 1996 possit
2371 1928 2594 1997 adipisci
2641 1929 2994 1995 consortium,
3027 1931 3268 1999 quisquis
3296 1948 3436 1987 nunc
3478 1931 3594 1999 ejus

2021 2032 2127 2070 non
2153 2016 2390 2070 imitatur
2418 2017 2770 2088 obsequium;
2803 2033 2922 2072 cum
2968 2019 3082 2088 ipsa
3123 2020 3311 2073 militia
3339 2022 3590 2088 caelestis,

2020 2113 2148 2160 nato
2175 2105 2467 2161 secundum
2512 2122 2729 2161 carnem
2776 2107 2936 2174 Filio,
2987 2123 3096 2162 non
3151 2109 3294 2164 aliud
3334 2110 3386 2164 in
3435 2112 3593 2167 terris

2020 2201 2317 2255 cantavcrit
2345 2214 2525 2269 quam,
2559 2200 2737 2255 Gloria
2766 2203 3048 2257 inexcelsis
3077 2203 3187 2260 Deo
3217 2205 3366 2273 (Luc.
3401 2223 3457 2271 ιι,
3484 2206 3591 2278 Η).

2019 2288 2076 2368 Si
2107 2289 2224 2359 quis
2252 2297 2431 2344 autem
2460 2290 2666 2357 quaerit,
2696 2291 2778 2344 cui
2812 2290 2952 2355 Deo,
3001 2292 3089 2346 illa
3129 2293 3309 2347 statim
3355 2295 3592 2362 angelica

2020 2378 2302 2433 multitudo
2324 2379 2630 2449 respondet,
2658 2378 2873 2434 Sedenti
2919 2382 2974 2433 in
3001 2381 3151 2445 solio,
3203 2392 3251 2434 et
3280 2383 3444 2451 Agna.
3480 2382 3592 2438 Hoc

2021 2471 2088 2522 ab
2127 2469 2327 2537 angelis
2354 2468 2548 2522 dicitur
2576 2469 2627 2522 in
2669 2468 2916 2537 excelsis,
2947 2470 3050 2525 hoc
3078 2470 3131 2524 in
3163 2471 3320 2526 terris
3350 2480 3593 2527 cantatur

2021 2558 2088 2611 ab
2109 2557 2412 2612 hominibus
2440 2557 2592 2611 bona:
2614 2557 2936 2623 voluntatis;
2968 2566 3027 2611 ut
3057 2561 3431 2614 ostenderetur
3458 2577 3594 2616 unus

2021 2649 2158 2704 idem
2189 2649 2303 2717 ipse
2331 2646 2592 2712 Christus,
2620 2647 2705 2702 cui
2747 2656 2801 2702 et
2830 2648 2897 2702 ab
2939 2649 3142 2716 angelis
3169 2649 3384 2717 dicitur,
3415 2649 3593 2705 Gloria

2019 2742 2071 2793 in
2092 2739 2308 2794 excelsis
2330 2739 2461 2805 Deo,
2490 2746 2544 2792 et
2574 2740 2664 2808 qui
2686 2738 2857 2794 factus
2877 2747 2959 2794 est
2983 2741 3035 2794 in
3059 2749 3200 2796 terra
3231 2757 3337 2811 pax
3365 2742 3593 2797 homini.

2019 2830 2118 2885 bus
2145 2831 2299 2885 bonae
2327 2829 2638 2884 voluntatis.
2673 2828 2795 2898 Ipse
2840 2840 2916 2883 est
2961 2831 3094 2884 enim
3128 2847 3232 2900 pax
3279 2841 3477 2895 nostra,
3509 2835 3592 2902 qui

2020 2922 2140 2990 fecit
2162 2930 2375 2990 utraque
2396 2936 2553 2973 unum
2583 2918 2795 2990 (Ephes.
2822 2936 2880 2987 ιι,
2912 2919 3022 2988 Η).
3046 2921 3127 2975 Ab
3156 2922 3273 2990 ipso
3312 2938 3469 2992 quem
3498 2924 3593 2977 ha-

2017 3010 2208 3064 bemus
2259 3023 2474 3077 pacem,
2524 3008 2828 3076 accepimus
2871 3009 3066 3063 bonam
3114 3010 3468 3077 voluntatem,
3499 3027 3593 3080 per

2019 3115 2179 3170 quam
2225 3099 2366 3154 dono
2415 3100 2660 3167 gratuitae
2711 3099 3127 3167 justilicationis,
3158 3103 3322 3174 648
3368 3102 3510 3158 Patri
3540 3113 3595 3159 et

2019 3189 2154 3245 Filio
2183 3196 2238 3243 et
2265 3187 2485 3258 Spiritui
2512 3196 2701 3243 sancto
2731 3189 2822 3242 uni
2852 3189 2963 3243 Deo
2991 3190 3216 3257 gloriam
3259 3190 3504 3256 dicimus,
3536 3203 3594 3246 ut

347 3285 431 3329 tes
460 3275 697 3330 ﬁrmasse
724 3276 1155 3344 cognoscuntur?
1180 3272 1415 3330 Attende
1444 3276 1585 3330 enim
1614 3277 1741 3346 quid
1765 3277 1917 3332 dixe-
1947 3301 1993 3365 ρ
2023 3278 2090 3332 ad
2120 3279 2430 3346 angelorum
2459 3279 2788 3332 consortium
2818 3280 3102 3348 pervenire
3150 3282 3416 3349 possimus
3449 3300 3462 3335 :
3503 3283 3592 3337 ubi

346 3367 488 3430 rint;
518 3366 626 3420 imo
653 3365 779 3435 quid
806 3365 984 3420 dicant
1013 3366 1220 3420 intente
1257 3365 1538 3420 considera
1565 3385 1576 3422 :
1602 3365 1918 3431 Benedictio,
1936 3371 1956 3392 ‘

347 3465 397 3510 et
427 3455 616 3526 gloria,
644 3465 693 3509 et
718 3457 994 3523 sapientia,
1013 3465 1074 3510 .et
1100 3457 1386 3526 gratiarum
1407 3459 1561 3520 actio,
1584 3467 1631 3510 et
1663 3457 1844 3524 honor,
1877 3467 1925 3510 et

318 3533 530 3611 lvii-tus,
562 3557 609 3600 et
639 3546 886 3618 fortitudo
918 3544 1027 3600 Deo
1057 3557 1234 3600 nostra
1264 3548 1316 3600 in
1363 3548 1553 3600 sarcula
1597 3547 1920 3600 swculorum.

350 3641 534 3691 Amen.
555 3637 678 3693 Haec
698 3631 874 3692 au'tem
900 3639 1078 3692 omnia
1103 3639 1348 3707 superius
1362 3639 1520 3693 iidem
1544 3655 1730 3692 omnes
1751 3639 1924 3707 angeli

350 3729 507 3796 Agno
537 3728 706 3782 danda
727 3743 846 3783 esse
876 3728 1140 3794 dixerunt,
1173 3744 1398 3798 quorum
1429 3728 1542 3784 haec
1569 3729 1655 3783 illa
1686 3746 1788 3784 vox
1814 3746 1926 3784 ma-

350 3835 458 3888 gna
480 3827 581 3884 est,
613 3817 815 3889 Dignus
835 3827 911 3872 est
936 3821 1111 3889 Agnus
1136 3821 1219 3890 qui
1251 3820 1443 3872 occisus
1474 3828 1548 3872 est
1576 3821 1806 3887 accipere
1833 3837 1926 3889 po-

354 3920 608 3974 testatem,
637 3920 687 3964 et
731 3909 954 3974 divitias,
986 3920 1035 3963 et
1058 3911 1362 3980 sapientiam
1395 3919 1441 3964 et
1479 3910 1854 3980 fortitudinem,
1877 3922 1924 3983 et

351 4001 595 4072 gloriam,
625 4009 672 4054 et
702 4000 1097 4054 benedictionem
1127 4017 1144 4053 :
1169 4017 1286 4070 quae
1313 4009 1503 4054 cuncta
1534 4000 1643 4055 Deo
1675 4002 1926 4056 continuo

354 4092 641 4158 dederunt,
672 4090 928 4156 dicentes,
952 4089 1163 4146 Sedenti
1212 4093 1263 4143 in
1293 4091 1440 4155 solio,
1474 4097 1522 4143 et
1552 4091 1696 4160 Agna
1720 4091 1927 4144 benedi-

355 4184 482 4247 ctio,
511 4192 559 4234 et
590 4181 769 4244 honor,
803 4191 851 4234 et
878 4181 1046 4251 gloria
1065 4223 1078 4245 ,
1105 4192 1153 4234 et
1182 4190 1405 4251 potestas
1426 4181 1477 4234 in
1499 4181 1688 4234 swcula
1715 4182 1929 4236 sacculo-

355 4287 490 4324 rum.
524 4269 667 4336 Quos
696 4269 883 4324 eadem
911 4285 1094 4323 rursus
1123 4271 1221 4324 sub
1247 4269 1402 4324 unius
1447 4269 1541 4324 Dei
1571 4270 1786 4326 nomine
1832 4271 1928 4326 de-

356 4361 502 4415 disse
527 4374 808 4428 cognoscc,
859 4359 1286 4428 quandoquidem
1335 4360 1692 4416 adoraverunt
1737 4361 1926 4430 Deum,

358 4453 619 4514 dicentes,
651 4452 830 4505 Amen.
876 4451 1189 4514 Benedictio,
1213 4460 1258 4504 et
1289 4452 1476 4523 gloria,
1497 4463 1546 4506 et
1575 4456 1849 4524 sapientia,
1881 4466 1930 4508 et

359 4543 646 4613 gratiarum
668 4544 824 4609 actio,
857 4551 906 4594 et
948 4543 1130 4604 honor,
1169 4552 1216 4595 et
1257 4543 1434 4607 virtus,
1466 4552 1515 4595 et
1543 4545 1790 4613 fortitudo
1820 4543 1930 4598 Deo

2023 3385 2244 3424 munere
2267 3369 2668 3436 glorilicationis
2690 3380 2930 3440 accepto,
2960 3372 3183 3439 gloriam
3208 3375 3412 3428 sedenti
3435 3375 3486 3429 in
3513 3392 3594 3430 so-

2023 3461 2118 3526 lio,
2150 3470 2206 3514 et
2232 3461 2383 3529 Agno
2407 3461 2516 3515 Deo
2547 3468 2732 3515 nostro
2754 3462 2807 3514 in
2835 3461 3031 3515 saecula
3061 3464 3374 3517 saeculorum
3417 3465 3594 3518 dicere

2021 3551 2311 3605 valeamus.
2344 3549 2620 3605 Neminem
2642 3558 2819 3606 autem
2865 3560 3098 3617 moveat,
3129 3555 3272 3620 quod
3302 3555 3352 3608 in
3382 3555 3464 3610 his
3485 3571 3594 3610 om-

2022 3643 2180 3696 nibus
2205 3641 2336 3695 nihil
2367 3641 2564 3697 dictum
2595 3651 2678 3696 est
2713 3643 2780 3697 de
2807 3643 3006 3713 Spiritu
3035 3652 3239 3698 sancto.
3274 3643 3590 3713 Evangelia-a

2022 3730 2219 3801 quippe
2244 3731 2506 3796 doctrina,
2525 3731 2779 3801 quidquid
2801 3732 3073 3787 servitutis
3092 3715 3450 3788 exitibendum
3467 3752 3594 3805 prac-

2025 3822 2156 3891 cipit
2195 3821 2340 3876 Patri
2385 3830 2438 3877 et
2467 3821 2622 3884 Filio,
2653 3822 2812 3877 simul
2860 3823 3218 3880 exhibendum
3269 3827 3503 3882 ostendit
3539 3837 3594 3882 et

2023 3911 2246 3982 Spiritui
2280 3919 2486 3966 sancto.
2518 3912 2654 3978 Quid
2691 3912 2940 3970 Salvator
2969 3923 3153 3970 noster
3192 3933 3300 3972 uno
3327 3927 3596 3988 praecepto

2025 4001 2362 4066 monstravit,
2396 4000 2581 4055 dicens
2613 4019 2623 4054 :
2659 4001 2756 4066 Ite,
2793 4002 2965 4058 docete
2994 4021 3167 4059 omnes
3207 4017 3399 4076 gentes,
3427 4007 3596 4076 bapti-

2027 4099 2200 4144 zantes
2228 4107 2311 4143 eos
2336 4091 2390 4146 in
2432 4092 2636 4145 nomine
2672 4091 2843 4146 Patris
2874 4104 2922 4146 et
2952 4092 3078 4146 Filii
3104 4104 3151 4147 et
3180 4094 3406 4166 Spiritus
3434 4097 3598 4150 sancti

2029 4179 2244 4249 (Matth.
2277 4197 2460 4246 xxvnl,
2497 4181 2612 4249 l9).
2645 4181 2797 4249 Quod
2846 4184 3031 4253 utique
3059 4185 3262 4251 dicens,
3315 4186 3601 4240 insinuavit

2027 4269 2199 4324 eidem
2225 4269 2472 4323 Trinitati
2502 4271 2658 4324 simul
2684 4287 2713 4324 a
2745 4271 2898 4326 nobis
2929 4272 3110 4326 deberi
3141 4289 3300 4328 omne
3330 4275 3602 4342 religionis

2027 4358 2364 4426 obsequium,
2387 4359 2438 4411 in
2462 4359 2614 4428 cujus
2633 4359 2849 4415 nomine
2870 4361 3211 4436 credentibus
3239 4371 3295 4416 et
3322 4363 3602 4432 baptizatis

2029 4449 2305 4504 confertur
2326 4446 2637 4506 salvationis
2665 4453 2966 4507 exordium.
2996 4454 3224 4508 Maxime
3255 4464 3432 4509 tamen
3464 4466 3519 4511 ct
3549 4460 3601 4512 in

2031 4541 2122 4594 illo
2153 4540 2271 4594 loco
2310 4539 2457 4593 Isaiae
2500 4541 2790 4608 prophetae,
2817 4557 2918 4594 una
2945 4542 3111 4609 gloria
3141 4542 3416 4599 Trinitatis
3446 4561 3602 4615 agno-

361 4643 538 4687 nostro
568 4635 619 4686 in
647 4635 834 4688 saecula
863 4634 1186 4688 saeculorum.
1219 4634 1399 4687 Amen.
1435 4634 1663 4688 Attende
1703 4637 1800 4689 ista
1833 4637 1925 4690 tria

2034 4630 2221 4694 scitur,
2251 4629 2301 4682 in
2357 4645 2463 4697 quo
2502 4628 2764 4698 Seraphin
2794 4631 3044 4696 clamant,
3087 4633 3338 4699 Sanctus,
3372 4648 3600 4703 sanctus,

363 4723 503 4786 loca,
527 4732 579 4776 et
611 4723 847 4776 invenies
877 4723 1154 4776 veritatem
1183 4730 1378 4776 nostra:
1421 4721 1540 4776 ﬁdei
1571 4724 1806 4791 angelica
1838 4725 1931 4778 de-

363 4814 584 4867 votione
615 4813 828 4866 ﬁrmari.
868 4812 1020 4869 Prius
1049 4814 1191 4868 enim
1231 4814 1426 4880 honor,
1451 4824 1504 4867 et
1532 4815 1722 4884 gloria,
1755 4823 1809 4870 et
1833 4816 1929 4870 be-

365 4904 623 4968 nedictio,
651 4913 705 4958 et
735 4913 993 4975 potestas,
1028 4906 1093 4959 ab
1120 4906 1366 4960 omnibus
1393 4907 1595 4973 angelis
1615 4907 1786 4960 danda
1817 4923 1934 4961 esse

365 4995 559 5051 dicitur
587 4996 759 5063 Agno,
790 4996 840 5050 id
869 5004 950 5050 est
985 4996 1150 5062 Filio;
1181 4995 1372 5050 deinde
1403 4997 1469 5050 ab
1496 4997 1738 5051 omnibus
1768 4999 1933 5053 bene-

304 5085 309 5153 Ῐ
366 5085 550 5148 dictio,
577 5093 630 5139 et
659 5086 850 5152 honor,
875 5094 926 5140 et
954 5095 1190 5156 potestas
1219 5102 1320 5140 una
1352 5086 1509 5141 datur
1535 5088 1739 5142 sedenti
1770 5089 1822 5143 in
1847 5105 1934 5144 so-

364 5175 458 5240 lio,
483 5183 536 5228 et
557 5173 706 5241 Agna
737 5194 747 5227 :
780 5177 920 5244 quod
952 5177 1080 5246 quid
1125 5184 1206 5230 est
1237 5176 1378 5229 aliud
1407 5193 1564 5245 quam
1594 5176 1734 5245 Patri
1765 5188 1816 5234 et
1842 5179 1931 5232 Fi-

364 5265 475 5320 lio?
495 5262 622 5320 Post
651 5266 781 5330 haec,
803 5265 1124 5330 benedictio,
1167 5277 1222 5320 et
1264 5266 1456 5332 gloria,
1487 5276 1540 5320 et
1569 5269 1850 5336 sapientia,
1881 5278 1936 5322 et

361 5356 658 5424 gratiarum
681 5356 838 5420 actio,
853 5365 908 5408 et
922 5356 1111 5419 honor,
1131 5364 1183 5408 et
1200 5357 1384 5421 virtus,
1401 5366 1455 5410 et
1469 5356 1718 5410 fortitudo
1731 5357 1926 5410 dantur

368 5443 461 5499 uni
488 5445 616 5509 Deo,
649 5459 766 5516 quae
789 5446 1032 5514 superius
1075 5445 1198 5497 data
1227 5454 1349 5499 sunt
1377 5445 1582 5499 sedenti
1612 5446 1660 5496 in
1693 5445 1850 5507 solio,
1882 5454 1936 5498 et

291 5519 300 5528 ⁶
361 5542 537 5605 Agno,
572 5538 621 5588 id
653 5545 752 5599 est,
784 5533 928 5588 Patri
975 5543 1029 5589 et
1060 5533 1210 5588 Filio.
1241 5535 1483 5602 Aguosce
1531 5534 1708 5600 igitur,
1739 5541 1792 5587 et
1820 5534 1937 5601 glo-

367 5627 499 5679 riam
529 5626 758 5679 dandam
789 5642 907 5681 csse
935 5626 1090 5693 Filio,
1115 5635 1168 5680 et
1199 5642 1358 5681 unam
1379 5625 1603 5693 gloriam
1636 5625 1787 5677 simul
1810 5623 1936 5678 dan-

366 5715 486 5769 dam
517 5715 660 5771 Patri
691 5727 743 5772 el
775 5717 928 5780 Filio,
961 5726 1014 5772 et
1037 5734 1196 5772 unum
1231 5720 1394 5772 Deum
1428 5724 1664 5770 nostrum
1690 5731 1807 5770 esse
1837 5716 1938 5770 Pa-

367 5815 503 5858 trem
552 5815 607 5860 et
635 5806 844 5860 Filium.
874 5806 988 5861 Hoc
1011 5809 1151 5861 enim
1177 5807 1374 5874 jugiter
1398 5806 1538 5860 canit
1566 5805 1798 5874 illa-quae
1827 5823 1937 5860 sur—

366 5907 488 5949 sum
511 5905 593 5952 est
622 5896 950 5952 Hierusalem
1006 5898 1187 5960 libera,
1239 5912 1355 5963 quae
1409 5905 1502 5952 est.
1545 5903 1715 5950 mater
1751 5904 1932 5949 nostra

2031 4728 2239 4771 sanctus
2266 4717 2518 4770 Dominus
2550 4717 2686 4771 Deus
2719 4719 2946 4774 Sabaoth
2979 4720 3134 4793 (Isai.
3160 4739 3230 4788 Vt,
3256 4721 3356 4794 5);
3384 4725 3469 4779 ubi
3498 4726 3602 4779 Tri~

2033 4809 2272 4872 nitatem,
2299 4823 2460 4861 unum
2481 4808 2760 4862 Dominum
2786 4808 2951 4864 Deum
2982 4811 3286 4880 ostendunt,
3314 4815 3602 4869 continuo-

2035 4915 2139 4968 que
2181 4899 2525 4967 subjuugunt,
2579 4899 2741 4953 Plena
2789 4909 2863 4955 est
2908 4903 3073 4956 omnis
3112 4912 3251 4957 terra
3279 4905 3444 4975 gloria
3472 4909 3600 4978 ejus.

2037 4987 2164 5043 Tale
2195 4989 2349 5042 nobis
2377 4989 2575 5057 aliquid
2599 4991 2759 5043 etiam
2791 4990 2953 5044 David
2984 4992 3172 5047 beatus
3203 4995 3494 5062 insinuans,
3521 5011 3606 5050 ca-

2041 5081 2118 5132 nit
2153 5096 2165 5130 :
2199 5079 2314 5133 Vox
2337 5078 2543 5132 Domini
2573 5083 2914 5149 prazparantis
2937 5097 3129 5149 cervos,
3158 5093 3206 5135 et
3235 5084 3605 5140 revelabitcon—

2041 5173 2221 5239 densa,
2254 5184 2301 5226 et
2328 5173 2381 5226 in
2405 5175 2588 5242 templo
2616 5175 2725 5243 ejus
2753 5191 2927 5228 omnes
2971 5175 3137 5228 dicent
3177 5176 3394 5246 gloriam
3423 5177 3585 5246 (Psal

2041 5281 2222 5330 xxvui,
2254 5265 2351 5332 9).
2381 5263 2660 5332 Templum
2683 5279 2813 5318 vero
2842 5282 2947 5319 non
2993 5267 3166 5320 solum
3198 5266 3370 5322 Patris
3392 5276 3445 5322 et
3467 5268 3606 5332 Filii,

2041 5369 2224 5408 verum
2254 5354 2415 5408 etiam
2447 5353 2678 5421 Spiritus
2723 5355 2893 5408 sancti
2924 5371 3022 5409 nos
3062 5370 3198 5421 esse,
3231 5358 3368 5411 sicut
3407 5358 3458 5412 in
3508 5360 3609 5415 hoc

2041 5459 2216 5512 opere
2243 5443 2354 5512 jam
2385 5443 2825 5507 memoravimus,
2857 5445 3147 5512 apostolica
3186 5446 3466 5501 conﬁrmat
3516 5463 3611 5502 au-

2039 5535 2280 5588 ctoritas.
2335 5533 2471 5586 Dicit
2515 5533 2656 5587 enim
2711 5534 2900 5587 beatus
2942 5534 3135 5588 Paulus
3169 5553 3180 5589 :
3212 5534 3438 5592 Nescitis
3491 5541 3608 5608 quia

2039 5624 2266 5678 membra
2317 5632 2482 5676 vestra
2530 5624 2766 5692 templum
2797 5635 2870 5678 est
2912 5627 2962 5678 in
2994 5625 3132 5679 vobis
3163 5626 3389 5696 Spiritus
3421 5632 3605 5696 sancti,

2039 5731 2186 5784 quem
2224 5710 2416 5766 hab’etis
2466 5730 2496 5764 a
2527 5711 2633 5765 Deo
2677 5712 2731 5781 (I
2755 5714 2873 5767 Cor.
2904 5730 2974 5779 γι,
3011 5714 3146 5785 19)?
3177 5717 3456 5782 Quomodo
3482 5734 3608 5785 ergo

2040 5805 2153 5858 ﬁeri
2180 5811 2374 5873 potest,
2409 5809 2466 5856 ut
2494 5803 2683 5870 gloria,
2715 5818 2832 5871 qua:
2862 5805 2913 5859 in
2945 5807 3144 5875 templo
3172 5809 3340 5862 sancti
3381 5809 3609 5878 Spiritus

2040 5895 2248 5962 dicitur,
2279 5895 2382 5966 ipsi
2410 5902 2594 5950 sancto
2623 5893 2841 5966 Spiritui
2878 5912 2986 5952 non
3017 5897 3258 5956 dicatur?
3289 5915 3406 5954 cum
3431 5900 3607 5971 proic-
