  <div class='ocr_page' id='page_1' title='image "/cluster/home/n/w/nwhite01/storage/ocr_20150623/65/hvd.32044054128558/415.png"; bbox 0 0 4144 6354; ppageno 0'>
   <div class='ocr_carea' id='block_1_1' title="bbox 484 441 624 530">
    <p class='ocr_par' dir='ltr' id='par_1_1' title="bbox 484 441 624 530">
     <span class='ocr_line' id='line_1_1' title="bbox 484 441 624 530; baseline 0 -34"><span class='ocrx_word' id='word_1_1' title='bbox 484 525 489 530; x_wconf 14' lang='grc' dir='ltr'>ἱ</span> <span class='ocrx_word' id='word_1_2' title='bbox 523 441 624 497; x_wconf 82' lang='grc'><strong>819</strong></span> 
     </span>
    </p>
   </div>
   <div class='ocr_carea' id='block_1_2' title="bbox 1548 433 2752 502">
    <p class='ocr_par' dir='ltr' id='par_1_2' title="bbox 1548 433 2752 502">
     <span class='ocr_line' id='line_1_2' title="bbox 1548 433 2752 502; baseline 0.003 -6"><span class='ocrx_word' id='word_1_3' title='bbox 1548 438 1609 497; x_wconf 72' lang='grc'><strong>8.</strong></span> <span class='ocrx_word' id='word_1_4' title='bbox 1654 442 1692 496; x_wconf 82' lang='lat' dir='ltr'><strong>F</strong></span> <span class='ocrx_word' id='word_1_5' title='bbox 1701 433 2016 497; x_wconf 72' lang='lat' dir='ltr'><strong>ULGENTD</strong></span> <span class='ocrx_word' id='word_1_6' title='bbox 2055 436 2359 499; x_wconf 75' lang='lat' dir='ltr'><strong>EPISCOPI</strong></span> <span class='ocrx_word' id='word_1_7' title='bbox 2383 436 2752 502; x_wconf 73' lang='lat' dir='ltr'><strong>RUSPENSiS</strong></span> 
     </span>
    </p>
   </div>
   <div class='ocr_carea' id='block_1_3' title="bbox 3689 440 3794 512">
    <p class='ocr_par' dir='ltr' id='par_1_3' title="bbox 3689 440 3794 512">
     <span class='ocr_line' id='line_1_3' title="bbox 3689 440 3794 512; baseline 0.029 -10"><span class='ocrx_word' id='word_1_8' title='bbox 3689 440 3794 512; x_wconf 76' lang='grc' dir='ltr'><strong>8ὲο</strong></span> 
     </span>
    </p>
   </div>
   <div class='ocr_carea' id='block_1_4' title="bbox 526 547 3795 631">
    <p class='ocr_par' dir='ltr' id='par_1_4' title="bbox 526 547 3795 631">
     <span class='ocr_line' id='line_1_4' title="bbox 526 547 3795 631; baseline 0.002 -23"><span class='ocrx_word' id='word_1_9' title='bbox 526 564 614 609; x_wconf 87' lang='lat' dir='ltr'><strong>cto</strong></span> <span class='ocrx_word' id='word_1_10' title='bbox 638 550 893 624; x_wconf 82' lang='lat' dir='ltr'><strong>quidquid</strong></span> <span class='ocrx_word' id='word_1_11' title='bbox 921 549 991 608; x_wconf 88' lang='lat' dir='ltr'><strong>ad</strong></span> <span class='ocrx_word' id='word_1_12' title='bbox 1017 547 1340 608; x_wconf 70' lang='lat' dir='ltr'><strong>laudandum</strong></span> <span class='ocrx_word' id='word_1_13' title='bbox 1367 551 1536 607; x_wconf 84' lang='lat' dir='ltr'><strong>Deum</strong></span> <span class='ocrx_word' id='word_1_14' title='bbox 1587 553 1640 607; x_wconf 89' lang='lat' dir='ltr'><strong>in</strong></span> <span class='ocrx_word' id='word_1_15' title='bbox 1665 552 1868 622; x_wconf 88' lang='lat' dir='ltr'><strong>templo</strong></span> <span class='ocrx_word' id='word_1_16' title='bbox 1897 552 1990 607; x_wconf 87' lang='lat' dir='ltr'><strong>Dei</strong></span> <span class='ocrx_word' id='word_1_17' title='bbox 2021 549 2103 607; x_wconf 80' lang='lat' dir='ltr'><strong>di-</strong></span> <span class='ocrx_word' id='word_1_18' title='bbox 2132 558 2179 612; x_wconf 84' lang='lat' dir='ltr'><strong>A</strong></span> <span class='ocrx_word' id='word_1_19' title='bbox 2212 554 2348 609; x_wconf 83' lang='lat' dir='ltr'><strong>Deus</strong></span> <span class='ocrx_word' id='word_1_20' title='bbox 2396 554 2666 620; x_wconf 78' lang='lat' dir='ltr'><strong>Sabaoth,-</strong></span> <span class='ocrx_word' id='word_1_21' title='bbox 2715 556 2869 625; x_wconf 87' lang='lat' dir='ltr'><strong>plena</strong></span> <span class='ocrx_word' id='word_1_22' title='bbox 2919 565 2996 610; x_wconf 80' lang='lat' dir='ltr'><strong>est</strong></span> <span class='ocrx_word' id='word_1_23' title='bbox 3041 550 3214 612; x_wconf 78' lang='lat' dir='ltr'><strong>omnis</strong></span> <span class='ocrx_word' id='word_1_24' title='bbox 3263 558 3405 612; x_wconf 78' lang='lat' dir='ltr'><strong>terra</strong></span> <span class='ocrx_word' id='word_1_25' title='bbox 3453 569 3624 628; x_wconf 71' lang='lat' dir='ltr'><strong>9.0m:</strong></span> <span class='ocrx_word' id='word_1_26' title='bbox 3683 564 3795 631; x_wconf 82' lang='lat' dir='ltr'><strong>ejus</strong></span> 
     </span>
    </p>
   </div>
   <div class='ocr_carea' id='block_1_5' title="bbox 523 642 2107 715">
    <p class='ocr_par' dir='ltr' id='par_1_5' title="bbox 523 642 2107 715">
     <span class='ocr_line' id='line_1_5' title="bbox 523 642 2107 715; baseline -0.004 -13"><span class='ocrx_word' id='word_1_27' title='bbox 523 655 670 702; x_wconf 90' lang='lat' dir='ltr'><strong>ctum</strong></span> <span class='ocrx_word' id='word_1_28' title='bbox 691 645 867 709; x_wconf 83' lang='lat' dir='ltr'><strong>fuerit,</strong></span> <span class='ocrx_word' id='word_1_29' title='bbox 899 646 966 701; x_wconf 91' lang='lat' dir='ltr'><strong>ab</strong></span> <span class='ocrx_word' id='word_1_30' title='bbox 993 645 1110 714; x_wconf 87' lang='lat' dir='ltr'><strong>ipso</strong></span> <span class='ocrx_word' id='word_1_31' title='bbox 1139 644 1269 711; x_wconf 89' lang='lat' dir='ltr'><strong>Deo,</strong></span> <span class='ocrx_word' id='word_1_32' title='bbox 1294 642 1446 714; x_wconf 88' lang='lat' dir='ltr'><strong>cujus</strong></span> <span class='ocrx_word' id='word_1_33' title='bbox 1467 643 1722 715; x_wconf 77' lang='lat' dir='ltr'><strong>templum</strong></span> <span class='ocrx_word' id='word_1_34' title='bbox 1753 652 1855 706; x_wconf 89' lang='lat' dir='ltr'><strong>est,</strong></span> <span class='ocrx_word' id='word_1_35' title='bbox 1876 644 2107 699; x_wconf 68' lang='lat' dir='ltr'><strong>alienun</strong></span> 
     </span>
    </p>
   </div>
   <div class='ocr_carea' id='block_1_6' title="bbox 525 731 2110 806">
    <p class='ocr_par' dir='ltr' id='par_1_6' title="bbox 525 731 2110 806">
     <span class='ocr_line' id='line_1_6' title="bbox 525 731 2110 806; baseline -0.003 -14"><span class='ocrx_word' id='word_1_36' title='bbox 525 752 644 794; x_wconf 89' lang='lat' dir='ltr'><strong>esse</strong></span> <span class='ocrx_word' id='word_1_37' title='bbox 672 753 780 792; x_wconf 88' lang='lat' dir='ltr'><strong>non</strong></span> <span class='ocrx_word' id='word_1_38' title='bbox 829 736 1014 806; x_wconf 78' lang='lat' dir='ltr'><strong>possit.</strong></span> <span class='ocrx_word' id='word_1_39' title='bbox 1045 735 1160 790; x_wconf 83' lang='lat' dir='ltr'><strong>Hoc</strong></span> <span class='ocrx_word' id='word_1_40' title='bbox 1200 737 1381 804; x_wconf 90' lang='lat' dir='ltr'><strong>itaque</strong></span> <span class='ocrx_word' id='word_1_41' title='bbox 1428 735 1565 790; x_wconf 79' lang='lat' dir='ltr'><strong>dixit</strong></span> <span class='ocrx_word' id='word_1_42' title='bbox 1595 735 1786 790; x_wconf 86' lang='lat' dir='ltr'><strong>beatus</strong></span> <span class='ocrx_word' id='word_1_43' title='bbox 1825 731 2023 802; x_wconf 78' lang='lat' dir='ltr'><strong>David,</strong></span> <span class='ocrx_word' id='word_1_44' title='bbox 2051 741 2110 788; x_wconf 91' lang='lat' dir='ltr'><strong>ut</strong></span> 
     </span>
    </p>
   </div>
   <div class='ocr_carea' id='block_1_7' title="bbox 525 816 2109 899">
    <p class='ocr_par' dir='ltr' id='par_1_7' title="bbox 525 816 2109 899">
     <span class='ocr_line' id='line_1_7' title="bbox 525 816 2109 899; baseline -0.004 -15"><span class='ocrx_word' id='word_1_45' title='bbox 525 829 640 899; x_wconf 90' lang='lat' dir='ltr'><strong>ipsa</strong></span> <span class='ocrx_word' id='word_1_46' title='bbox 668 827 920 894; x_wconf 76' lang='lat' dir='ltr'><strong>Trinitas,</strong></span> <span class='ocrx_word' id='word_1_47' title='bbox 951 827 1036 882; x_wconf 87' lang='lat' dir='ltr'><strong>cui</strong></span> <span class='ocrx_word' id='word_1_48' title='bbox 1067 826 1236 894; x_wconf 81' lang='lat' dir='ltr'><strong>gloria</strong></span> <span class='ocrx_word' id='word_1_49' title='bbox 1268 826 1318 880; x_wconf 91' lang='lat' dir='ltr'><strong>in</strong></span> <span class='ocrx_word' id='word_1_50' title='bbox 1343 824 1546 896; x_wconf 82' lang='lat' dir='ltr'><strong>templo</strong></span> <span class='ocrx_word' id='word_1_51' title='bbox 1573 816 1698 894; x_wconf 85' lang='lat' dir='ltr'><strong>ejus</strong></span> <span class='ocrx_word' id='word_1_52' title='bbox 1715 824 1932 889; x_wconf 82' lang='lat' dir='ltr'><strong>dicitur,</strong></span> <span class='ocrx_word' id='word_1_53' title='bbox 1969 839 2109 879; x_wconf 91' lang='lat' dir='ltr'><strong>unus</strong></span> 
     </span>
    </p>
   </div>
   <div class='ocr_carea' id='block_1_8' title="bbox 525 918 2111 989">
    <p class='ocr_par' dir='ltr' id='par_1_8' title="bbox 525 918 2111 989">
     <span class='ocr_line' id='line_1_8' title="bbox 525 918 2111 989; baseline -0.001 -13"><span class='ocrx_word' id='word_1_54' title='bbox 525 921 841 976; x_wconf 76' lang='lat' dir='ltr'><strong>naturaliter</strong></span> <span class='ocrx_word' id='word_1_55' title='bbox 883 934 1004 975; x_wconf 87' lang='lat' dir='ltr'><strong>esse</strong></span> <span class='ocrx_word' id='word_1_56' title='bbox 1055 918 1313 974; x_wconf 82' lang='lat' dir='ltr'><strong>Dominus</strong></span> <span class='ocrx_word' id='word_1_57' title='bbox 1341 926 1691 987; x_wconf 52' lang='lat' dir='ltr'><strong>agnoscatur,</strong></span> <span class='ocrx_word' id='word_1_58' title='bbox 1717 918 1871 985; x_wconf 87' lang='lat' dir='ltr'><strong>Quod</strong></span> <span class='ocrx_word' id='word_1_59' title='bbox 1913 927 1970 972; x_wconf 90' lang='lat' dir='ltr'><strong>ut</strong></span> <span class='ocrx_word' id='word_1_60' title='bbox 1996 918 2111 989; x_wconf 81' lang='lat' dir='ltr'><strong>ple‘</strong></span> 
     </span>
    </p>
   </div>
   <div class='ocr_carea' id='block_1_9' title="bbox 524 1010 2108 1082">
    <p class='ocr_par' dir='ltr' id='par_1_9' title="bbox 524 1010 2108 1082">
     <span class='ocr_line' id='line_1_9' title="bbox 524 1010 2108 1082; baseline -0.001 -15"><span class='ocrx_word' id='word_1_61' title='bbox 524 1015 642 1068; x_wconf 82' lang='lat' dir='ltr'><strong>nius</strong></span> <span class='ocrx_word' id='word_1_62' title='bbox 669 1012 902 1074; x_wconf 85' lang='lat' dir='ltr'><strong>noveris.</strong></span> <span class='ocrx_word' id='word_1_63' title='bbox 953 1012 1138 1068; x_wconf 83' lang='lat' dir='ltr'><strong>laudes</strong></span> <span class='ocrx_word' id='word_1_64' title='bbox 1183 1012 1392 1069; x_wconf 89' lang='lat' dir='ltr'><strong>divinas</strong></span> <span class='ocrx_word' id='word_1_65' title='bbox 1422 1011 1475 1066; x_wconf 90' lang='lat' dir='ltr'><strong>in</strong></span> <span class='ocrx_word' id='word_1_66' title='bbox 1499 1010 1725 1069; x_wconf 83' lang='lat' dir='ltr'><strong>Psalmis</strong></span> <span class='ocrx_word' id='word_1_67' title='bbox 1744 1011 1947 1082; x_wconf 81' lang='lat' dir='ltr'><strong>aspice,</strong></span> <span class='ocrx_word' id='word_1_68' title='bbox 1975 1020 2030 1066; x_wconf 91' lang='lat' dir='ltr'><strong>et</strong></span> <span class='ocrx_word' id='word_1_69' title='bbox 2055 1012 2108 1066; x_wconf 92' lang='lat' dir='ltr'><strong>in</strong></span> 
     </span>
    </p>
   </div>
   <div class='ocr_carea' id='block_1_10' title="bbox 524 1100 2110 1176">
    <p class='ocr_par' dir='ltr' id='par_1_10' title="bbox 524 1100 2110 1176">
     <span class='ocr_line' id='line_1_10' title="bbox 524 1100 2110 1176; baseline -0.001 -16"><span class='ocrx_word' id='word_1_70' title='bbox 524 1106 662 1162; x_wconf 90' lang='lat' dir='ltr'><strong>libro</strong></span> <span class='ocrx_word' id='word_1_71' title='bbox 701 1100 936 1161; x_wconf 85' lang='lat' dir='ltr'><strong>Danielis</strong></span> <span class='ocrx_word' id='word_1_72' title='bbox 988 1105 1294 1176; x_wconf 61' lang='lat' dir='ltr'><strong>prophetae,</strong></span> <span class='ocrx_word' id='word_1_73' title='bbox 1346 1105 1506 1161; x_wconf 90' lang='lat' dir='ltr'><strong>trium</strong></span> <span class='ocrx_word' id='word_1_74' title='bbox 1547 1120 1836 1176; x_wconf 90' lang='lat' dir='ltr'><strong>puerorum</strong></span> <span class='ocrx_word' id='word_1_75' title='bbox 1888 1105 2110 1160; x_wconf 87' lang='lat' dir='ltr'><strong>benedi-</strong></span> 
     </span>
    </p>
   </div>
   <div class='ocr_carea' id='block_1_11' title="bbox 525 1194 2160 1270">
    <p class='ocr_par' dir='ltr' id='par_1_11' title="bbox 525 1194 2160 1270">
     <span class='ocr_line' id='line_1_11' title="bbox 525 1194 2160 1270; baseline -0.002 -19"><span class='ocrx_word' id='word_1_76' title='bbox 525 1195 1026 1265; x_wconf 83' lang='lat' dir='ltr'><strong>ctionesdiligenter</strong></span> <span class='ocrx_word' id='word_1_77' title='bbox 1043 1197 1259 1252; x_wconf 89' lang='lat' dir='ltr'><strong>attende</strong></span> <span class='ocrx_word' id='word_1_78' title='bbox 1285 1194 1627 1268; x_wconf 73' lang='lat' dir='ltr'><strong>(Dan..in,_5&#39;l</strong></span> <span class='ocrx_word' id='word_1_79' title='bbox 1647 1205 1696 1249; x_wconf 86' lang='lat' dir='ltr'><strong>et</strong></span> <span class='ocrx_word' id='word_1_80' title='bbox 1717 1194 1880 1267; x_wconf 70' lang='grc' dir='ltr'><strong>εεᾳ;);</strong></span> <span class='ocrx_word' id='word_1_81' title='bbox 1905 1203 1960 1248; x_wconf 90' lang='lat' dir='ltr'><strong>et</strong></span> <span class='ocrx_word' id='word_1_82' title='bbox 1987 1209 2114 1250; x_wconf 87' lang='lat' dir='ltr'><strong>cum</strong></span> <span class='ocrx_word' id='word_1_83' title='bbox 2155 1264 2160 1270; x_wconf 23' lang='lat'><strong>‘</strong></span> 
     </span>
    </p>
   </div>
   <div class='ocr_carea' id='block_1_12' title="bbox 524 1288 2108 1359">
    <p class='ocr_par' dir='ltr' id='par_1_12' title="bbox 524 1288 2108 1359">
     <span class='ocr_line' id='line_1_12' title="bbox 524 1288 2108 1359; baseline -0.001 -15"><span class='ocrx_word' id='word_1_84' title='bbox 524 1291 666 1345; x_wconf 89' lang='lat' dir='ltr'><strong>inter</strong></span> <span class='ocrx_word' id='word_1_85' title='bbox 711 1289 964 1345; x_wconf 75' lang='lat' dir='ltr'><strong>universa</strong></span> <span class='ocrx_word' id='word_1_86' title='bbox 985 1305 1112 1359; x_wconf 78' lang='lat' dir='ltr'><strong>quae</strong></span> <span class='ocrx_word' id='word_1_87' title='bbox 1150 1289 1294 1344; x_wconf 82' lang='lat' dir='ltr'><strong>facta</strong></span> <span class='ocrx_word' id='word_1_88' title='bbox 1319 1297 1460 1356; x_wconf 78' lang='lat' dir='ltr'><strong>sunt,</strong></span> <span class='ocrx_word' id='word_1_89' title='bbox 1505 1289 1810 1344; x_wconf 82' lang='lat' dir='ltr'><strong>nullatenus</strong></span> <span class='ocrx_word' id='word_1_90' title='bbox 1838 1288 2108 1343; x_wconf 78' lang='lat' dir='ltr'><strong>inveneris</strong></span> 
     </span>
    </p>
   </div>
   <div class='ocr_carea' id='block_1_13' title="bbox 522 1376 2105 1451">
    <p class='ocr_par' dir='ltr' id='par_1_13' title="bbox 522 1376 2105 1451">
     <span class='ocr_line' id='line_1_13' title="bbox 522 1376 2105 1451; baseline -0.001 -16"><span class='ocrx_word' id='word_1_91' title='bbox 522 1380 784 1451; x_wconf 82' lang='lat' dir='ltr'><strong>Spiritum</strong></span> <span class='ocrx_word' id='word_1_92' title='bbox 810 1389 1056 1436; x_wconf 87' lang='lat' dir='ltr'><strong>sanctum</strong></span> <span class='ocrx_word' id='word_1_93' title='bbox 1090 1381 1376 1446; x_wconf 83' lang='lat' dir='ltr'><strong>nominari,</strong></span> <span class='ocrx_word' id='word_1_94' title='bbox 1412 1395 1644 1451; x_wconf 78' lang='lat' dir='ltr'><strong>agnosce</strong></span> <span class='ocrx_word' id='word_1_95' title='bbox 1685 1376 1943 1450; x_wconf 86' lang='lat' dir='ltr'><strong>Spiritum</strong></span> <span class='ocrx_word' id='word_1_96' title='bbox 1978 1389 2105 1437; x_wconf 74' lang='lat' dir='ltr'><strong>san-</strong></span> 
     </span>
    </p>
   </div>
   <div class='ocr_carea' id='block_1_14' title="bbox 522 1469 2108 1542">
    <p class='ocr_par' dir='ltr' id='par_1_14' title="bbox 522 1469 2108 1542">
     <span class='ocr_line' id='line_1_14' title="bbox 522 1469 2108 1542; baseline -0.004 -12"><span class='ocrx_word' id='word_1_97' title='bbox 522 1483 668 1530; x_wconf 90' lang='lat' dir='ltr'><strong>ctum</strong></span> <span class='ocrx_word' id='word_1_98' title='bbox 691 1481 1267 1540; x_wconf 80' lang='lat' dir='ltr'><strong>creatoremesse,non</strong></span> <span class='ocrx_word' id='word_1_99' title='bbox 1289 1481 1557 1537; x_wconf 86' lang='lat' dir='ltr'><strong>creatum;</strong></span> <span class='ocrx_word' id='word_1_100' title='bbox 1585 1471 1847 1530; x_wconf 80' lang='lat' dir='ltr'><strong>factorem</strong></span> <span class='ocrx_word' id='word_1_101' title='bbox 1871 1469 2108 1542; x_wconf 77' lang='lat' dir='ltr'><strong>omnium</strong></span> 
     </span>
    </p>
   </div>
   <div class='ocr_carea' id='block_1_15' title="bbox 521 1565 2101 1634">
    <p class='ocr_par' dir='ltr' id='par_1_15' title="bbox 521 1565 2101 1634">
     <span class='ocr_line' id='line_1_15' title="bbox 521 1565 2101 1634; baseline -0.004 -11"><span class='ocrx_word' id='word_1_102' title='bbox 521 1583 703 1624; x_wconf 85' lang='lat' dir='ltr'><strong>rerum</strong></span> <span class='ocrx_word' id='word_1_103' title='bbox 733 1582 874 1634; x_wconf 85' lang='lat' dir='ltr'><strong>esse,</strong></span> <span class='ocrx_word' id='word_1_104' title='bbox 902 1583 1010 1623; x_wconf 93' lang='lat' dir='ltr'><strong>non</strong></span> <span class='ocrx_word' id='word_1_105' title='bbox 1055 1566 1250 1622; x_wconf 80' lang='lat' dir='ltr'><strong>factum</strong></span> <span class='ocrx_word' id='word_1_106' title='bbox 1285 1585 1298 1620; x_wconf 88' lang='lat'><strong>:</strong></span> <span class='ocrx_word' id='word_1_107' title='bbox 1346 1575 1400 1622; x_wconf 93' lang='lat' dir='ltr'><strong>et</strong></span> <span class='ocrx_word' id='word_1_108' title='bbox 1427 1581 1494 1622; x_wconf 78' lang='lat' dir='ltr'><strong>ex</strong></span> <span class='ocrx_word' id='word_1_109' title='bbox 1525 1567 1626 1622; x_wconf 87' lang='lat' dir='ltr'><strong>hoc</strong></span> <span class='ocrx_word' id='word_1_110' title='bbox 1670 1565 1906 1634; x_wconf 89' lang='lat' dir='ltr'><strong>intellige</strong></span> <span class='ocrx_word' id='word_1_111' title='bbox 1937 1579 2101 1618; x_wconf 88' lang='lat' dir='ltr'><strong>unum</strong></span> 
     </span>
    </p>
   </div>
   <div class='ocr_carea' id='block_1_16' title="bbox 458 1654 2102 1734">
    <p class='ocr_par' dir='ltr' id='par_1_16' title="bbox 458 1654 2102 1734">
     <span class='ocr_line' id='line_1_16' title="bbox 458 1654 2102 1734; baseline -0.003 -20"><span class='ocrx_word' id='word_1_112' title='bbox 458 1730 462 1734; x_wconf 13' lang='grc' dir='ltr'><strong>Α</strong></span> <span class='ocrx_word' id='word_1_113' title='bbox 522 1675 660 1714; x_wconf 77' lang='lat' dir='ltr'><strong>cum</strong></span> <span class='ocrx_word' id='word_1_114' title='bbox 676 1659 841 1714; x_wconf 81' lang='lat' dir='ltr'><strong>Patre</strong></span> <span class='ocrx_word' id='word_1_115' title='bbox 863 1667 919 1713; x_wconf 86' lang='lat' dir='ltr'><strong>et</strong></span> <span class='ocrx_word' id='word_1_116' title='bbox 942 1657 1076 1714; x_wconf 84' lang='lat' dir='ltr'><strong>Filio</strong></span> <span class='ocrx_word' id='word_1_117' title='bbox 1102 1658 1419 1713; x_wconf 81' lang='lat' dir='ltr'><strong>naturaliter</strong></span> <span class='ocrx_word' id='word_1_118' title='bbox 1449 1673 1566 1713; x_wconf 88' lang='lat' dir='ltr'><strong>esse</strong></span> <span class='ocrx_word' id='word_1_119' title='bbox 1594 1657 1879 1712; x_wconf 89' lang='lat' dir='ltr'><strong>Dominum</strong></span> <span class='ocrx_word' id='word_1_120' title='bbox 1909 1654 2102 1710; x_wconf 89' lang='lat' dir='ltr'><strong>Deum.</strong></span> 
     </span>
    </p>
   </div>
   <div class='ocr_carea' id='block_1_17' title="bbox 521 1747 2106 1817">
    <p class='ocr_par' dir='ltr' id='par_1_17' title="bbox 521 1747 2106 1817">
     <span class='ocr_line' id='line_1_17' title="bbox 521 1747 2106 1817; baseline -0.003 -13"><span class='ocrx_word' id='word_1_121' title='bbox 521 1747 579 1813; x_wconf 80' lang='lat' dir='ltr'><strong>in</strong></span> <span class='ocrx_word' id='word_1_122' title='bbox 612 1749 834 1805; x_wconf 81' lang='lat' dir='ltr'><strong>Psalmis</strong></span> <span class='ocrx_word' id='word_1_123' title='bbox 859 1751 1024 1817; x_wconf 90' lang='lat' dir='ltr'><strong>enim,</strong></span> <span class='ocrx_word' id='word_1_124' title='bbox 1050 1750 1141 1804; x_wconf 90' lang='lat' dir='ltr'><strong>ubi</strong></span> <span class='ocrx_word' id='word_1_125' title='bbox 1164 1749 1231 1804; x_wconf 87' lang='lat' dir='ltr'><strong>ad</strong></span> <span class='ocrx_word' id='word_1_126' title='bbox 1257 1749 1578 1804; x_wconf 89' lang='lat' dir='ltr'><strong>laudandum</strong></span> <span class='ocrx_word' id='word_1_127' title='bbox 1608 1747 1893 1802; x_wconf 89' lang='lat' dir='ltr'><strong>Dominum</strong></span> <span class='ocrx_word' id='word_1_128' title='bbox 1925 1747 2106 1801; x_wconf 86' lang='lat' dir='ltr'><strong>omnia</strong></span> 
     </span>
    </p>
   </div>
   <div class='ocr_carea' id='block_1_18' title="bbox 523 1826 2108 1920">
    <p class='ocr_par' dir='ltr' id='par_1_18' title="bbox 523 1826 2108 1920">
     <span class='ocr_line' id='line_1_18' title="bbox 523 1826 2108 1920; baseline -0.003 -22"><span class='ocrx_word' id='word_1_129' title='bbox 523 1858 642 1915; x_wconf 66' lang='lat' dir='ltr'><strong>qua:</strong></span> <span class='ocrx_word' id='word_1_130' title='bbox 670 1843 809 1898; x_wconf 82' lang='lat' dir='ltr'><strong>facta</strong></span> <span class='ocrx_word' id='word_1_131' title='bbox 851 1851 978 1898; x_wconf 89' lang='lat' dir='ltr'><strong>sunt</strong></span> <span class='ocrx_word' id='word_1_132' title='bbox 1005 1849 1396 1920; x_wconf 77' lang='lat' dir='ltr'><strong>convocantur,</strong></span> <span class='ocrx_word' id='word_1_133' title='bbox 1428 1840 1496 1896; x_wconf 89' lang='lat' dir='ltr'><strong>ab</strong></span> <span class='ocrx_word' id='word_1_134' title='bbox 1528 1826 1731 1910; x_wconf 82' lang='lat' dir='ltr'><strong>angelis</strong></span> <span class='ocrx_word' id='word_1_135' title='bbox 1753 1839 2023 1910; x_wconf 88' lang='lat' dir='ltr'><strong>incipitur,</strong></span> <span class='ocrx_word' id='word_1_136' title='bbox 2057 1838 2108 1894; x_wconf 89' lang='lat' dir='ltr'><strong>id</strong></span> 
     </span>
    </p>
   </div>
   <div class='ocr_carea' id='block_1_19' title="bbox 2214 639 3796 721">
    <p class='ocr_par' dir='ltr' id='par_1_19' title="bbox 2214 639 3796 721">
     <span class='ocr_line' id='line_1_19' title="bbox 2214 639 3796 721; baseline 0.008 -24"><span class='ocrx_word' id='word_1_137' title='bbox 2214 639 2350 716; x_wconf 84' lang='lat' dir='ltr'><strong>(Isa.</strong></span> <span class='ocrx_word' id='word_1_138' title='bbox 2375 658 2447 712; x_wconf 76' lang='lat' dir='ltr'><strong>vr,</strong></span> <span class='ocrx_word' id='word_1_139' title='bbox 2475 646 2557 718; x_wconf 74' lang='lat'><strong>5).</strong></span> <span class='ocrx_word' id='word_1_140' title='bbox 2600 645 2753 712; x_wconf 83' lang='lat' dir='ltr'><strong>Quod</strong></span> <span class='ocrx_word' id='word_1_141' title='bbox 2780 646 2825 701; x_wconf 88' lang='lat' dir='ltr'><strong>si</strong></span> <span class='ocrx_word' id='word_1_142' title='bbox 2864 646 2966 702; x_wconf 91' lang='lat' dir='ltr'><strong>hoc</strong></span> <span class='ocrx_word' id='word_1_143' title='bbox 2989 661 3210 708; x_wconf 75' lang='lat' dir='ltr'><strong>nomen.</strong></span> <span class='ocrx_word' id='word_1_144' title='bbox 3234 649 3379 719; x_wconf 89' lang='lat' dir='ltr'><strong>quod</strong></span> <span class='ocrx_word' id='word_1_145' title='bbox 3407 659 3490 706; x_wconf 88' lang='lat' dir='ltr'><strong>est</strong></span> <span class='ocrx_word' id='word_1_146' title='bbox 3512 659 3757 721; x_wconf 84' lang='lat' dir='ltr'><strong>sanctum</strong></span> <span class='ocrx_word' id='word_1_147' title='bbox 3775 688 3796 720; x_wconf 91' lang='lat'><strong>,-</strong></span> 
     </span>
    </p>
   </div>
   <div class='ocr_carea' id='block_1_20' title="bbox 2213 727 3801 811">
    <p class='ocr_par' dir='ltr' id='par_1_20' title="bbox 2213 727 3801 811">
     <span class='ocr_line' id='line_1_20' title="bbox 2213 727 3801 811; baseline 0.006 -21"><span class='ocrx_word' id='word_1_148' title='bbox 2213 751 2322 791; x_wconf 91' lang='lat' dir='ltr'><strong>non</strong></span> <span class='ocrx_word' id='word_1_149' title='bbox 2374 752 2535 803; x_wconf 84' lang='lat' dir='ltr'><strong>unum</strong></span> <span class='ocrx_word' id='word_1_150' title='bbox 2587 752 2708 793; x_wconf 90' lang='lat' dir='ltr'><strong>esse</strong></span> <span class='ocrx_word' id='word_1_151' title='bbox 2749 744 2951 793; x_wconf 72' lang='lat' dir='ltr'><strong>sancta:</strong></span> <span class='ocrx_word' id='word_1_152' title='bbox 3001 737 3279 796; x_wconf 81' lang='lat' dir='ltr'><strong>Trinitatis</strong></span> <span class='ocrx_word' id='word_1_153' title='bbox 3320 727 3558 811; x_wconf 82' lang='lat' dir='ltr'><strong>asseras,</strong></span> <span class='ocrx_word' id='word_1_154' title='bbox 3601 753 3801 810; x_wconf 73' lang='lat' dir='ltr'><strong>restat,</strong></span> 
     </span>
    </p>
   </div>
   <div class='ocr_carea' id='block_1_21' title="bbox 2211 826 3793 910">
    <p class='ocr_par' dir='ltr' id='par_1_21' title="bbox 2211 826 3793 910">
     <span class='ocr_line' id='line_1_21' title="bbox 2211 826 3793 910; baseline 0.006 -29"><span class='ocrx_word' id='word_1_155' title='bbox 2211 826 2316 882; x_wconf 88' lang='lat' dir='ltr'><strong>hoc</strong></span> <span class='ocrx_word' id='word_1_156' title='bbox 2365 843 2563 910; x_wconf 83' lang='lat' dir='ltr'><strong>nomen</strong></span> <span class='ocrx_word' id='word_1_157' title='bbox 2616 837 2860 883; x_wconf 77' lang='lat' dir='ltr'><strong>sanctum</strong></span> <span class='ocrx_word' id='word_1_158' title='bbox 2908 829 3008 885; x_wconf 89' lang='lat' dir='ltr'><strong>soli</strong></span> <span class='ocrx_word' id='word_1_159' title='bbox 3076 839 3264 887; x_wconf 77' lang='lat' dir='ltr'><strong>sancto</strong></span> <span class='ocrx_word' id='word_1_160' title='bbox 3323 831 3548 902; x_wconf 86' lang='lat' dir='ltr'><strong>Spiritui</strong></span> <span class='ocrx_word' id='word_1_161' title='bbox 3606 835 3793 904; x_wconf 80' lang='lat' dir='ltr'><strong>(velis,</strong></span> 
     </span>
    </p>
   </div>
   <div class='ocr_carea' id='block_1_22' title="bbox 2213 917 3792 996">
    <p class='ocr_par' dir='ltr' id='par_1_22' title="bbox 2213 917 3792 996">
     <span class='ocr_line' id='line_1_22' title="bbox 2213 917 3792 996; baseline 0.006 -25"><span class='ocrx_word' id='word_1_162' title='bbox 2213 917 2372 988; x_wconf 89' lang='lat' dir='ltr'><strong>nolis)</strong></span> <span class='ocrx_word' id='word_1_163' title='bbox 2401 918 2673 988; x_wconf 88' lang='lat' dir='ltr'><strong>assignare</strong></span> <span class='ocrx_word' id='word_1_164' title='bbox 2699 920 2908 989; x_wconf 88' lang='lat' dir='ltr'><strong>cogaris</strong></span> <span class='ocrx_word' id='word_1_165' title='bbox 2932 937 2946 974; x_wconf 92' lang='lat'><strong>:</strong></span> <span class='ocrx_word' id='word_1_166' title='bbox 2975 921 3090 990; x_wconf 89' lang='lat' dir='ltr'><strong>ipse</strong></span> <span class='ocrx_word' id='word_1_167' title='bbox 3114 921 3256 976; x_wconf 84' lang='lat' dir='ltr'><strong>enim</strong></span> <span class='ocrx_word' id='word_1_168' title='bbox 3287 922 3341 976; x_wconf 91' lang='lat' dir='ltr'><strong>in</strong></span> <span class='ocrx_word' id='word_1_169' title='bbox 3370 920 3641 980; x_wconf 77' lang='lat' dir='ltr'><strong>Trinitate&#39;</strong></span> <span class='ocrx_word' id='word_1_170' title='bbox 3662 938 3792 996; x_wconf 57' lang='lat' dir='ltr'><strong>proa</strong></span> 
     </span>
    </p>
   </div>
   <div class='ocr_carea' id='block_1_23' title="bbox 2211 1011 3791 1084">
    <p class='ocr_par' dir='ltr' id='par_1_23' title="bbox 2211 1011 3791 1084">
     <span class='ocr_line' id='line_1_23' title="bbox 2211 1011 3791 1084; baseline 0.006 -19"><span class='ocrx_word' id='word_1_171' title='bbox 2211 1012 2332 1082; x_wconf 87' lang='lat' dir='ltr'><strong>prie</strong></span> <span class='ocrx_word' id='word_1_172' title='bbox 2355 1011 2586 1082; x_wconf 87' lang='lat' dir='ltr'><strong>Spiritus</strong></span> <span class='ocrx_word' id='word_1_173' title='bbox 2629 1024 2848 1069; x_wconf 83' lang='lat' dir='ltr'><strong>sanctus</strong></span> <span class='ocrx_word' id='word_1_174' title='bbox 2890 1015 3120 1082; x_wconf 89' lang='lat' dir='ltr'><strong>dicitur;</strong></span> <span class='ocrx_word' id='word_1_175' title='bbox 3166 1018 3412 1084; x_wconf 81' lang='lat' dir='ltr'><strong>quamvis</strong></span> <span class='ocrx_word' id='word_1_176' title='bbox 3457 1021 3513 1072; x_wconf 86' lang='lat' dir='ltr'><strong>et</strong></span> <span class='ocrx_word' id='word_1_177' title='bbox 3544 1017 3708 1074; x_wconf 76' lang='lat' dir='ltr'><strong>Pater</strong></span> <span class='ocrx_word' id='word_1_178' title='bbox 3735 1027 3791 1074; x_wconf 85' lang='lat' dir='ltr'><strong>et</strong></span> 
     </span>
    </p>
   </div>
   <div class='ocr_carea' id='block_1_24' title="bbox 2212 1096 3797 1177">
    <p class='ocr_par' dir='ltr' id='par_1_24' title="bbox 2212 1096 3797 1177">
     <span class='ocr_line' id='line_1_24' title="bbox 2212 1096 3797 1177; baseline 0.006 -22"><span class='ocrx_word' id='word_1_179' title='bbox 2212 1096 2378 1157; x_wconf 81' lang='lat' dir='ltr'><strong>Filius</strong></span> <span class='ocrx_word' id='word_1_180' title='bbox 2397 1097 2692 1158; x_wconf 88' lang='lat' dir='ltr'><strong>secundum</strong></span> <span class='ocrx_word' id='word_1_181' title='bbox 2721 1114 2923 1160; x_wconf 81' lang='lat' dir='ltr'><strong>rectam</strong></span> <span class='ocrx_word' id='word_1_182' title='bbox 2956 1104 3117 1160; x_wconf 82' lang='lat' dir='ltr'><strong>ﬁdem</strong></span> <span class='ocrx_word' id='word_1_183' title='bbox 3143 1114 3198 1162; x_wconf 94' lang='lat' dir='ltr'><strong>et</strong></span> <span class='ocrx_word' id='word_1_184' title='bbox 3224 1105 3457 1177; x_wconf 87' lang='lat' dir='ltr'><strong>Spiritus</strong></span> <span class='ocrx_word' id='word_1_185' title='bbox 3500 1117 3556 1164; x_wconf 92' lang='lat' dir='ltr'><strong>et</strong></span> <span class='ocrx_word' id='word_1_186' title='bbox 3576 1119 3797 1166; x_wconf 83' lang='lat' dir='ltr'><strong>sanctus</strong></span> 
     </span>
    </p>
   </div>
   <div class='ocr_carea' id='block_1_25' title="bbox 2213 1194 3796 1272">
    <p class='ocr_par' dir='ltr' id='par_1_25' title="bbox 2213 1194 3796 1272">
     <span class='ocr_line' id='line_1_25' title="bbox 2213 1194 3796 1272; baseline 0.007 -25"><span class='ocrx_word' id='word_1_187' title='bbox 2213 1194 2528 1250; x_wconf 76' lang='lat' dir='ltr'><strong>naturaliter</strong></span> <span class='ocrx_word' id='word_1_188' title='bbox 2577 1211 2691 1251; x_wconf 86' lang='lat' dir='ltr'><strong>non</strong></span> <span class='ocrx_word' id='word_1_189' title='bbox 2742 1204 2994 1265; x_wconf 72' lang='lat' dir='ltr'><strong>negetur.</strong></span> <span class='ocrx_word' id='word_1_190' title='bbox 3047 1195 3196 1254; x_wconf 85' lang='lat' dir='ltr'><strong>Unde</strong></span> <span class='ocrx_word' id='word_1_191' title='bbox 3254 1199 3448 1258; x_wconf 76' lang='lat' dir='ltr'><strong>beatus</strong></span> <span class='ocrx_word' id='word_1_192' title='bbox 3504 1201 3796 1272; x_wconf 69' lang='lat' dir='ltr'><strong>Apostolus</strong></span> 
     </span>
    </p>
   </div>
   <div class='ocr_carea' id='block_1_26' title="bbox 2212 1285 3799 1358">
    <p class='ocr_par' dir='ltr' id='par_1_26' title="bbox 2212 1285 3799 1358">
     <span class='ocr_line' id='line_1_26' title="bbox 2212 1285 3799 1358; baseline 0.006 -20"><span class='ocrx_word' id='word_1_193' title='bbox 2212 1299 2376 1338; x_wconf 88' lang='lat' dir='ltr'><strong>unum</strong></span> <span class='ocrx_word' id='word_1_194' title='bbox 2405 1285 2584 1341; x_wconf 83' lang='lat' dir='ltr'><strong>sciens</strong></span> <span class='ocrx_word' id='word_1_195' title='bbox 2607 1301 2806 1341; x_wconf 85' lang='lat' dir='ltr'><strong>nomen</strong></span> <span class='ocrx_word' id='word_1_196' title='bbox 2831 1301 2950 1343; x_wconf 89' lang='lat' dir='ltr'><strong>esse</strong></span> <span class='ocrx_word' id='word_1_197' title='bbox 2989 1297 3234 1344; x_wconf 88' lang='lat' dir='ltr'><strong>sanctum</strong></span> <span class='ocrx_word' id='word_1_198' title='bbox 3263 1287 3455 1358; x_wconf 78' lang='lat' dir='ltr'><strong>Patris,</strong></span> <span class='ocrx_word' id='word_1_199' title='bbox 3487 1299 3544 1346; x_wconf 92' lang='lat' dir='ltr'><strong>et</strong></span> <span class='ocrx_word' id='word_1_200' title='bbox 3569 1289 3709 1358; x_wconf 85' lang='lat' dir='ltr'><strong>Filii,</strong></span> <span class='ocrx_word' id='word_1_201' title='bbox 3742 1301 3799 1348; x_wconf 85' lang='lat' dir='ltr'><strong>et</strong></span> 
     </span>
    </p>
   </div>
   <div class='ocr_carea' id='block_1_27' title="bbox 2211 1372 3800 1448">
    <p class='ocr_par' dir='ltr' id='par_1_27' title="bbox 2211 1372 3800 1448">
     <span class='ocr_line' id='line_1_27' title="bbox 2211 1372 3800 1448; baseline 0.008 -20"><span class='ocrx_word' id='word_1_202' title='bbox 2211 1372 2441 1445; x_wconf 83' lang='lat' dir='ltr'><strong>Spiritus</strong></span> <span class='ocrx_word' id='word_1_203' title='bbox 2470 1378 2660 1442; x_wconf 77' lang='lat' dir='ltr'><strong>sancti,</strong></span> <span class='ocrx_word' id='word_1_204' title='bbox 2711 1378 2763 1432; x_wconf 92' lang='lat' dir='ltr'><strong>in</strong></span> <span class='ocrx_word' id='word_1_205' title='bbox 2811 1379 2930 1448; x_wconf 91' lang='lat' dir='ltr'><strong>ipso</strong></span> <span class='ocrx_word' id='word_1_206' title='bbox 2979 1378 3515 1438; x_wconf 82' lang='lat' dir='ltr'><strong>tidelessanctilicari</strong></span> <span class='ocrx_word' id='word_1_207' title='bbox 3564 1391 3800 1441; x_wconf 81' lang='lat' dir='ltr'><strong>testatus</strong></span> 
     </span>
    </p>
   </div>
   <div class='ocr_carea' id='block_1_28' title="bbox 2211 1462 3795 1545">
    <p class='ocr_par' dir='ltr' id='par_1_28' title="bbox 2211 1462 3795 1545">
     <span class='ocr_line' id='line_1_28' title="bbox 2211 1462 3795 1545; baseline 0.007 -24"><span class='ocrx_word' id='word_1_208' title='bbox 2211 1475 2294 1522; x_wconf 90' lang='lat' dir='ltr'><strong>est</strong></span> <span class='ocrx_word' id='word_1_209' title='bbox 2319 1467 2539 1522; x_wconf 87' lang='lat' dir='ltr'><strong>dicens:</strong></span> <span class='ocrx_word' id='word_1_210' title='bbox 2571 1466 2680 1523; x_wconf 90' lang='lat' dir='ltr'><strong>Sed</strong></span> <span class='ocrx_word' id='word_1_211' title='bbox 2727 1462 2886 1522; x_wconf 80' lang='lat' dir='ltr'><strong>abluti</strong></span> <span class='ocrx_word' id='word_1_212' title='bbox 2911 1471 3056 1534; x_wconf 84' lang='lat' dir='ltr'><strong>estis,</strong></span> <span class='ocrx_word' id='word_1_213' title='bbox 3085 1472 3176 1525; x_wconf 86' lang='lat' dir='ltr'><strong>sed</strong></span> <span class='ocrx_word' id='word_1_214' title='bbox 3213 1468 3491 1545; x_wconf 67' lang='lat' dir='ltr'><strong>justi/irati</strong></span> <span class='ocrx_word' id='word_1_215' title='bbox 3530 1488 3673 1543; x_wconf 72' lang='lat' dir='ltr'><strong>estis,</strong></span> <span class='ocrx_word' id='word_1_216' title='bbox 3702 1489 3795 1532; x_wconf 75' lang='lat' dir='ltr'><strong>sed</strong></span> 
     </span>
    </p>
   </div>
   <div class='ocr_carea' id='block_1_29' title="bbox 2211 1558 3792 1632">
    <p class='ocr_par' dir='ltr' id='par_1_29' title="bbox 2211 1558 3792 1632">
     <span class='ocr_line' id='line_1_29' title="bbox 2211 1558 3792 1632; baseline 0.006 -20"><span class='ocrx_word' id='word_1_217' title='bbox 2211 1558 2524 1628; x_wconf 76' lang='lat' dir='ltr'><strong>sancti/lculi</strong></span> <span class='ocrx_word' id='word_1_218' title='bbox 2550 1561 2673 1612; x_wconf 88' lang='lat' dir='ltr'><strong>estis</strong></span> <span class='ocrx_word' id='word_1_219' title='bbox 2693 1560 2746 1613; x_wconf 88' lang='lat' dir='ltr'><strong>in</strong></span> <span class='ocrx_word' id='word_1_220' title='bbox 2769 1562 2974 1614; x_wconf 83' lang='lat' dir='ltr'><strong>nomine</strong></span> <span class='ocrx_word' id='word_1_221' title='bbox 3001 1559 3213 1615; x_wconf 84' lang='lat' dir='ltr'><strong>Domini</strong></span> <span class='ocrx_word' id='word_1_222' title='bbox 3241 1566 3405 1619; x_wconf 79' lang='lat' dir='ltr'><strong>nostri</strong></span> <span class='ocrx_word' id='word_1_223' title='bbox 3426 1563 3551 1621; x_wconf 85' lang='lat' dir='ltr'><strong>Jesu</strong></span> <span class='ocrx_word' id='word_1_224' title='bbox 3577 1565 3792 1632; x_wconf 78' lang='lat' dir='ltr'><strong>Christi,</strong></span> 
     </span>
    </p>
   </div>
   <div class='ocr_carea' id='block_1_30' title="bbox 2210 1647 3794 1726">
    <p class='ocr_par' dir='ltr' id='par_1_30' title="bbox 2210 1647 3794 1726">
     <span class='ocr_line' id='line_1_30' title="bbox 2210 1647 3794 1726; baseline 0.008 -25"><span class='ocrx_word' id='word_1_225' title='bbox 2210 1649 2337 1702; x_wconf 90' lang='lat' dir='ltr'><strong>etin</strong></span> <span class='ocrx_word' id='word_1_226' title='bbox 2364 1649 2564 1719; x_wconf 84' lang='lat' dir='ltr'><strong>Spiritu</strong></span> <span class='ocrx_word' id='word_1_227' title='bbox 2587 1647 2686 1703; x_wconf 85' lang='lat' dir='ltr'><strong>Dei</strong></span> <span class='ocrx_word' id='word_1_228' title='bbox 2712 1649 2875 1703; x_wconf 89' lang='lat' dir='ltr'><strong>nostri</strong></span> <span class='ocrx_word' id='word_1_229' title='bbox 2897 1647 2950 1721; x_wconf 92' lang='lat' dir='ltr'><strong>(I</strong></span> <span class='ocrx_word' id='word_1_230' title='bbox 2979 1648 3097 1704; x_wconf 87' lang='lat' dir='ltr'><strong>Cor.</strong></span> <span class='ocrx_word' id='word_1_231' title='bbox 3131 1666 3204 1720; x_wconf 75' lang='lat' dir='ltr'><strong>vr,</strong></span> <span class='ocrx_word' id='word_1_232' title='bbox 3251 1652 3359 1723; x_wconf 80' lang='lat' dir='ltr'><strong>ll).</strong></span> <span class='ocrx_word' id='word_1_233' title='bbox 3395 1654 3594 1712; x_wconf 83' lang='lat' dir='ltr'><strong>Recole</strong></span> <span class='ocrx_word' id='word_1_234' title='bbox 3633 1658 3794 1726; x_wconf 88' lang='lat' dir='ltr'><strong>igitttr</strong></span> 
     </span>
    </p>
   </div>
   <div class='ocr_carea' id='block_1_31' title="bbox 2212 1738 3792 1810">
    <p class='ocr_par' dir='ltr' id='par_1_31' title="bbox 2212 1738 3792 1810">
     <span class='ocr_line' id='line_1_31' title="bbox 2212 1738 3792 1810; baseline 0.007 -17"><span class='ocrx_word' id='word_1_235' title='bbox 2212 1738 2264 1792; x_wconf 93' lang='lat' dir='ltr'><strong>in</strong></span> <span class='ocrx_word' id='word_1_236' title='bbox 2291 1754 2398 1808; x_wconf 90' lang='lat' dir='ltr'><strong>quo</strong></span> <span class='ocrx_word' id='word_1_237' title='bbox 2428 1740 2646 1794; x_wconf 89' lang='lat' dir='ltr'><strong>nomine</strong></span> <span class='ocrx_word' id='word_1_238' title='bbox 2673 1749 2918 1794; x_wconf 89' lang='lat' dir='ltr'><strong>sanctum</strong></span> <span class='ocrx_word' id='word_1_239' title='bbox 2947 1741 3208 1810; x_wconf 87' lang='lat' dir='ltr'><strong>baptisma</strong></span> <span class='ocrx_word' id='word_1_240' title='bbox 3238 1742 3417 1808; x_wconf 86' lang='lat' dir='ltr'><strong>detur,</strong></span> <span class='ocrx_word' id='word_1_241' title='bbox 3466 1754 3521 1801; x_wconf 90' lang='lat' dir='ltr'><strong>et</strong></span> <span class='ocrx_word' id='word_1_242' title='bbox 3550 1748 3792 1804; x_wconf 81' lang='lat' dir='ltr'><strong>invenies</strong></span> 
     </span>
    </p>
   </div>
   <div class='ocr_carea' id='block_1_32' title="bbox 2169 1835 3790 1908">
    <p class='ocr_par' dir='ltr' id='par_1_32' title="bbox 2169 1835 3790 1908">
     <span class='ocr_line' id='line_1_32' title="bbox 2169 1835 3790 1908; baseline 0.003 -19"><span class='ocrx_word' id='word_1_243' title='bbox 2169 1863 2174 1866; x_wconf 90' lang='lat'><strong><em>-</em></strong></span> <span class='ocrx_word' id='word_1_244' title='bbox 2209 1836 2463 1904; x_wconf 88' lang='lat' dir='ltr'><strong>quoniam</strong></span> <span class='ocrx_word' id='word_1_245' title='bbox 2491 1835 2546 1890; x_wconf 92' lang='lat' dir='ltr'><strong>in</strong></span> <span class='ocrx_word' id='word_1_246' title='bbox 2573 1835 2790 1891; x_wconf 90' lang='lat' dir='ltr'><strong>nomine</strong></span> <span class='ocrx_word' id='word_1_247' title='bbox 2819 1835 3010 1900; x_wconf 89' lang='lat' dir='ltr'><strong>Patris,</strong></span> <span class='ocrx_word' id='word_1_248' title='bbox 3043 1845 3098 1892; x_wconf 91' lang='lat' dir='ltr'><strong>et</strong></span> <span class='ocrx_word' id='word_1_249' title='bbox 3121 1836 3259 1903; x_wconf 85' lang='lat' dir='ltr'><strong>Filii,</strong></span> <span class='ocrx_word' id='word_1_250' title='bbox 3283 1846 3337 1893; x_wconf 91' lang='lat' dir='ltr'><strong>et</strong></span> <span class='ocrx_word' id='word_1_251' title='bbox 3357 1837 3585 1908; x_wconf 88' lang='lat' dir='ltr'><strong>Spiritus</strong></span> <span class='ocrx_word' id='word_1_252' title='bbox 3613 1840 3790 1895; x_wconf 83' lang='lat' dir='ltr'><strong>sancti</strong></span> 
     </span>
    </p>
   </div>
   <div class='ocr_carea' id='block_1_33' title="bbox 522 1923 3828 2014">
    <p class='ocr_par' dir='ltr' id='par_1_33' title="bbox 522 1923 3828 2014">
     <span class='ocr_line' id='line_1_33' title="bbox 522 1923 3828 2014; baseline -0.001 -25"><span class='ocrx_word' id='word_1_253' title='bbox 522 1942 606 1989; x_wconf 89' lang='lat' dir='ltr'><strong>est</strong></span> <span class='ocrx_word' id='word_1_254' title='bbox 655 1935 728 1988; x_wconf 83' lang='lat' dir='ltr'><strong>ab</strong></span> <span class='ocrx_word' id='word_1_255' title='bbox 775 1935 887 2014; x_wconf 84' lang='lat' dir='ltr'><strong>ipsa</strong></span> <span class='ocrx_word' id='word_1_256' title='bbox 935 1934 1199 2005; x_wconf 82' lang='lat' dir='ltr'><strong>sapientia</strong></span> <span class='ocrx_word' id='word_1_257' title='bbox 1228 1932 1296 1987; x_wconf 91' lang='lat' dir='ltr'><strong>de</strong></span> <span class='ocrx_word' id='word_1_258' title='bbox 1325 1948 1430 2004; x_wconf 88' lang='lat' dir='ltr'><strong>qua</strong></span> <span class='ocrx_word' id='word_1_259' title='bbox 1476 1933 1737 2002; x_wconf 92' lang='lat' dir='ltr'><strong>scriptum</strong></span> <span class='ocrx_word' id='word_1_260' title='bbox 1785 1939 1903 1985; x_wconf 91' lang='lat' dir='ltr'><strong>est:</strong></span> <span class='ocrx_word' id='word_1_261' title='bbox 1952 1929 2112 1983; x_wconf 82' lang='lat' dir='ltr'><strong>Prior</strong></span> <span class='ocrx_word' id='word_1_262' title='bbox 2143 1929 2190 1988; x_wconf 85' lang='lat' dir='ltr'><strong>B</strong></span> <span class='ocrx_word' id='word_1_263' title='bbox 2215 1925 2580 1994; x_wconf 88' lang='lat' dir='ltr'><strong>unusquisque</strong></span> <span class='ocrx_word' id='word_1_264' title='bbox 2602 1923 2930 1993; x_wconf 81' lang='lat' dir='ltr'><strong>justiﬁcatur</strong></span> <span class='ocrx_word' id='word_1_265' title='bbox 2971 1935 3026 1982; x_wconf 90' lang='lat' dir='ltr'><strong>et</strong></span> <span class='ocrx_word' id='word_1_266' title='bbox 3050 1926 3436 1994; x_wconf 86' lang='lat' dir='ltr'><strong>sanetilicatur,</strong></span> <span class='ocrx_word' id='word_1_267' title='bbox 3466 1930 3711 2001; x_wconf 88' lang='lat' dir='ltr'><strong>quisquis</strong></span> <span class='ocrx_word' id='word_1_268' title='bbox 3739 1934 3794 1986; x_wconf 88' lang='lat' dir='ltr'><strong>in</strong></span> <span class='ocrx_word' id='word_1_269' title='bbox 3825 1942 3828 1943; x_wconf 71' lang='lat'><strong><em>&#39;</em></strong></span> 
     </span>
    </p>
   </div>
   <div class='ocr_carea' id='block_1_34' title="bbox 522 2020 2110 2093">
    <p class='ocr_par' dir='ltr' id='par_1_34' title="bbox 522 2020 2110 2093">
     <span class='ocr_line' id='line_1_34' title="bbox 522 2020 2110 2093; baseline -0.003 -15"><span class='ocrx_word' id='word_1_270' title='bbox 522 2038 759 2078; x_wconf 74' lang='lat' dir='ltr'><strong>omnium</strong></span> <span class='ocrx_word' id='word_1_271' title='bbox 775 2031 948 2077; x_wconf 84' lang='lat' dir='ltr'><strong>creata</strong></span> <span class='ocrx_word' id='word_1_272' title='bbox 985 2033 1060 2077; x_wconf 87' lang='lat' dir='ltr'><strong>est</strong></span> <span class='ocrx_word' id='word_1_273' title='bbox 1089 2023 1344 2093; x_wconf 77' lang='lat' dir='ltr'><strong>sapientia</strong></span> <span class='ocrx_word' id='word_1_274' title='bbox 1363 2061 1378 2086; x_wconf 92' lang='lat'><strong>,</strong></span> <span class='ocrx_word' id='word_1_275' title='bbox 1408 2031 1457 2075; x_wconf 92' lang='lat' dir='ltr'><strong>et</strong></span> <span class='ocrx_word' id='word_1_276' title='bbox 1487 2022 1775 2076; x_wconf 85' lang='lat' dir='ltr'><strong>intellectus</strong></span> <span class='ocrx_word' id='word_1_277' title='bbox 1824 2020 2110 2089; x_wconf 82' lang='lat' dir='ltr'><strong>prudentia:</strong></span> 
     </span>
    </p>
   </div>
   <div class='ocr_carea' id='block_1_35' title="bbox 523 2111 2106 2184">
    <p class='ocr_par' dir='ltr' id='par_1_35' title="bbox 523 2111 2106 2184">
     <span class='ocr_line' id='line_1_35' title="bbox 523 2111 2106 2184; baseline -0.003 -15"><span class='ocrx_word' id='word_1_278' title='bbox 523 2115 588 2169; x_wconf 86' lang='lat' dir='ltr'><strong>ab</strong></span> <span class='ocrx_word' id='word_1_279' title='bbox 617 2128 730 2169; x_wconf 70' lang='grc' dir='ltr'><strong>(ενοι</strong></span> <span class='ocrx_word' id='word_1_280' title='bbox 754 2111 941 2184; x_wconf 81' lang='lat' dir='ltr'><strong>(Eccli.</strong></span> <span class='ocrx_word' id='word_1_281' title='bbox 979 2126 1034 2178; x_wconf 77' lang='lat' dir='ltr'><strong>&#39;i,</strong></span> <span class='ocrx_word' id='word_1_282' title='bbox 1070 2113 1165 2184; x_wconf 74' lang='lat'><strong>4);.</strong></span> <span class='ocrx_word' id='word_1_283' title='bbox 1187 2122 1241 2168; x_wconf 91' lang='lat' dir='ltr'><strong>ct</strong></span> <span class='ocrx_word' id='word_1_284' title='bbox 1271 2113 1336 2167; x_wconf 87' lang='lat' dir='ltr'><strong>de</strong></span> <span class='ocrx_word' id='word_1_285' title='bbox 1382 2129 1484 2184; x_wconf 83' lang='lat' dir='ltr'><strong>qua</strong></span> <span class='ocrx_word' id='word_1_286' title='bbox 1524 2113 1687 2182; x_wconf 89' lang='lat' dir='ltr'><strong>paulo</strong></span> <span class='ocrx_word' id='word_1_287' title='bbox 1733 2121 1856 2182; x_wconf 88' lang='lat' dir='ltr'><strong>post</strong></span> <span class='ocrx_word' id='word_1_288' title='bbox 1890 2111 2106 2176; x_wconf 90' lang='lat' dir='ltr'><strong>dicitur,</strong></span> 
     </span>
    </p>
   </div>
   <div class='ocr_carea' id='block_1_36' title="bbox 524 2203 2104 2276">
    <p class='ocr_par' dir='ltr' id='par_1_36' title="bbox 524 2203 2104 2276">
     <span class='ocr_line' id='line_1_36' title="bbox 524 2203 2104 2276; baseline -0.003 -16"><span class='ocrx_word' id='word_1_289' title='bbox 524 2205 655 2275; x_wconf 72' lang='lat' dir='ltr'><strong>Ipse“</strong></span> <span class='ocrx_word' id='word_1_290' title='bbox 688 2208 878 2260; x_wconf 62' lang='grc' dir='ltr'><em>τηαυό</em></span> <span class='ocrx_word' id='word_1_291' title='bbox 902 2207 1055 2260; x_wconf 77' lang='lat' dir='ltr'><strong>illam</strong></span> <span class='ocrx_word' id='word_1_292' title='bbox 1078 2205 1277 2276; x_wconf 77' lang='lat' dir='ltr'><strong>Spiritu</strong></span> <span class='ocrx_word' id='word_1_293' title='bbox 1311 2203 1542 2275; x_wconf 83' lang='lat' dir='ltr'><strong>sancta-(</strong></span> <span class='ocrx_word' id='word_1_294' title='bbox 1572 2203 1720 2258; x_wconf 79' lang='lat' dir='ltr'><strong>Psal.</strong></span> <span class='ocrx_word' id='word_1_295' title='bbox 1745 2219 1969 2270; x_wconf 72' lang='lat' dir='ltr'><strong>cxu&#39;ni,</strong></span> <span class='ocrx_word' id='word_1_296' title='bbox 2008 2203 2029 2255; x_wconf 86' lang='lat' dir='ltr'><strong>l</strong></span> <span class='ocrx_word' id='word_1_297' title='bbox 2063 2203 2104 2273; x_wconf 94' lang='lat'><strong>).</strong></span> 
     </span>
    </p>
   </div>
   <div class='ocr_carea' id='block_1_37' title="bbox 522 2292 2112 2366">
    <p class='ocr_par' dir='ltr' id='par_1_37' title="bbox 522 2292 2112 2366">
     <span class='ocr_line' id='line_1_37' title="bbox 522 2292 2112 2366; baseline -0.001 -16"><span class='ocrx_word' id='word_1_298' title='bbox 522 2296 663 2351; x_wconf 89' lang='lat' dir='ltr'><strong>Dicit</strong></span> <span class='ocrx_word' id='word_1_299' title='bbox 689 2307 868 2350; x_wconf 89' lang='lat' dir='ltr'><strong>autem</strong></span> <span class='ocrx_word' id='word_1_300' title='bbox 899 2296 1086 2351; x_wconf 88' lang='lat' dir='ltr'><strong>beatus</strong></span> <span class='ocrx_word' id='word_1_301' title='bbox 1112 2295 1376 2366; x_wconf 85' lang='lat' dir='ltr'><strong>propheta</strong></span> <span class='ocrx_word' id='word_1_302' title='bbox 1403 2313 1414 2347; x_wconf 91' lang='lat'>:</span> <span class='ocrx_word' id='word_1_303' title='bbox 1451 2292 1687 2348; x_wconf 78' lang='lat' dir='ltr'><strong>Laudate</strong></span> <span class='ocrx_word' id='word_1_304' title='bbox 1737 2293 2016 2348; x_wconf 82' lang='lat' dir='ltr'><strong>Dominum</strong></span> <span class='ocrx_word' id='word_1_305' title='bbox 2047 2293 2112 2348; x_wconf 90' lang='lat' dir='ltr'><strong>de</strong></span> 
     </span>
    </p>
   </div>
   <div class='ocr_carea' id='block_1_38' title="bbox 521 2383 2107 2454">
    <p class='ocr_par' dir='ltr' id='par_1_38' title="bbox 521 2383 2107 2454">
     <span class='ocr_line' id='line_1_38' title="bbox 521 2383 2107 2454; baseline -0.001 -15"><span class='ocrx_word' id='word_1_306' title='bbox 521 2386 680 2452; x_wconf 71' lang='lat' dir='ltr'><strong>cazlis,</strong></span> <span class='ocrx_word' id='word_1_307' title='bbox 713 2385 924 2439; x_wconf 89' lang='lat' dir='ltr'><strong>laudate</strong></span> <span class='ocrx_word' id='word_1_308' title='bbox 955 2402 1070 2439; x_wconf 88' lang='lat' dir='ltr'><strong>eum</strong></span> <span class='ocrx_word' id='word_1_309' title='bbox 1113 2387 1167 2439; x_wconf 90' lang='lat' dir='ltr'><strong>in</strong></span> <span class='ocrx_word' id='word_1_310' title='bbox 1213 2385 1460 2450; x_wconf 75' lang='lat' dir='ltr'><strong>excelsis;</strong></span> <span class='ocrx_word' id='word_1_311' title='bbox 1492 2394 1547 2439; x_wconf 88' lang='lat' dir='ltr'><strong>et</strong></span> <span class='ocrx_word' id='word_1_312' title='bbox 1603 2384 1864 2454; x_wconf 87' lang='lat' dir='ltr'><strong>incipiens</strong></span> <span class='ocrx_word' id='word_1_313' title='bbox 1902 2384 1974 2439; x_wconf 85' lang='lat' dir='ltr'><strong>ab</strong></span> <span class='ocrx_word' id='word_1_314' title='bbox 1992 2383 2107 2454; x_wconf 84' lang='lat' dir='ltr'><strong>ipsa</strong></span> 
     </span>
    </p>
   </div>
   <div class='ocr_carea' id='block_1_39' title="bbox 521 2475 2109 2546">
    <p class='ocr_par' dir='ltr' id='par_1_39' title="bbox 521 2475 2109 2546">
     <span class='ocr_line' id='line_1_39' title="bbox 521 2475 2109 2546; baseline -0.001 -16"><span class='ocrx_word' id='word_1_315' title='bbox 521 2476 692 2545; x_wconf 91' lang='lat' dir='ltr'><strong>prima</strong></span> <span class='ocrx_word' id='word_1_316' title='bbox 721 2483 776 2531; x_wconf 89' lang='lat' dir='ltr'><strong>et</strong></span> <span class='ocrx_word' id='word_1_317' title='bbox 803 2476 1072 2546; x_wconf 81' lang='lat' dir='ltr'><strong>praecipua</strong></span> <span class='ocrx_word' id='word_1_318' title='bbox 1101 2485 1378 2542; x_wconf 88' lang='lat' dir='ltr'><strong>creatura,</strong></span> <span class='ocrx_word' id='word_1_319' title='bbox 1405 2491 1567 2546; x_wconf 88' lang='lat' dir='ltr'><strong>supra</strong></span> <span class='ocrx_word' id='word_1_320' title='bbox 1596 2491 1757 2546; x_wconf 87' lang='lat' dir='ltr'><strong>quam</strong></span> <span class='ocrx_word' id='word_1_321' title='bbox 1803 2475 1918 2530; x_wconf 89' lang='lat' dir='ltr'><strong>sola</strong></span> <span class='ocrx_word' id='word_1_322' title='bbox 1948 2484 2109 2529; x_wconf 88' lang='lat' dir='ltr'><strong>natu-</strong></span> 
     </span>
    </p>
   </div>
   <div class='ocr_carea' id='block_1_40' title="bbox 519 2566 2109 2637">
    <p class='ocr_par' dir='ltr' id='par_1_40' title="bbox 519 2566 2109 2637">
     <span class='ocr_line' id='line_1_40' title="bbox 519 2566 2109 2637; baseline -0.001 -14"><span class='ocrx_word' id='word_1_323' title='bbox 519 2569 706 2624; x_wconf 89' lang='lat' dir='ltr'><strong>raliter</strong></span> <span class='ocrx_word' id='word_1_324' title='bbox 727 2576 810 2624; x_wconf 90' lang='lat' dir='ltr'><strong>est</strong></span> <span class='ocrx_word' id='word_1_325' title='bbox 829 2568 1129 2624; x_wconf 82' lang='lat' dir='ltr'><strong>substantia</strong></span> <span class='ocrx_word' id='word_1_326' title='bbox 1154 2567 1460 2632; x_wconf 88' lang='lat' dir='ltr'><strong>Creatoris,</strong></span> <span class='ocrx_word' id='word_1_327' title='bbox 1493 2567 1712 2636; x_wconf 79' lang='lat' dir='ltr'><strong>angelos</strong></span> <span class='ocrx_word' id='word_1_328' title='bbox 1744 2567 1898 2637; x_wconf 90' lang='lat' dir='ltr'><strong>ponit</strong></span> <span class='ocrx_word' id='word_1_329' title='bbox 1927 2566 1980 2621; x_wconf 91' lang='lat' dir='ltr'><strong>in</strong></span> <span class='ocrx_word' id='word_1_330' title='bbox 2009 2567 2109 2622; x_wconf 82' lang='lat' dir='ltr'><strong>hu-</strong></span> 
     </span>
    </p>
   </div>
   <div class='ocr_carea' id='block_1_41' title="bbox 520 2658 2106 2732">
    <p class='ocr_par' dir='ltr' id='par_1_41' title="bbox 520 2658 2106 2732">
     <span class='ocr_line' id='line_1_41' title="bbox 520 2658 2106 2732; baseline 0 -18"><span class='ocrx_word' id='word_1_331' title='bbox 520 2661 604 2729; x_wconf 79' lang='lat' dir='ltr'><strong>ius</strong></span> <span class='ocrx_word' id='word_1_332' title='bbox 631 2659 951 2716; x_wconf 87' lang='lat' dir='ltr'><strong>laudationis</strong></span> <span class='ocrx_word' id='word_1_333' title='bbox 975 2659 1227 2726; x_wconf 74' lang='lat' dir='ltr'><strong>exordio,</strong></span> <span class='ocrx_word' id='word_1_334' title='bbox 1261 2659 1446 2716; x_wconf 91' lang='lat' dir='ltr'><strong>dicens</strong></span> <span class='ocrx_word' id='word_1_335' title='bbox 1478 2661 1542 2732; x_wconf 86' lang='lat' dir='ltr'><strong>(v.</strong></span> <span class='ocrx_word' id='word_1_336' title='bbox 1575 2658 1630 2731; x_wconf 74' lang='lat'><strong>2)</strong></span> <span class='ocrx_word' id='word_1_337' title='bbox 1661 2678 1672 2712; x_wconf 96' lang='lat'>:</span> <span class='ocrx_word' id='word_1_338' title='bbox 1699 2659 1944 2714; x_wconf 69' lang='lat' dir='ltr'><strong>Laudare</strong></span> <span class='ocrx_word' id='word_1_339' title='bbox 1970 2675 2106 2728; x_wconf 87' lang='lat' dir='ltr'><strong>eum,</strong></span> 
     </span>
    </p>
   </div>
   <div class='ocr_carea' id='block_1_42' title="bbox 519 2745 2114 2823">
    <p class='ocr_par' dir='ltr' id='par_1_42' title="bbox 519 2745 2114 2823">
     <span class='ocr_line' id='line_1_42' title="bbox 519 2745 2114 2823; baseline -0.003 -17"><span class='ocrx_word' id='word_1_340' title='bbox 519 2768 696 2807; x_wconf 68' lang='lat' dir='ltr'><strong>anines</strong></span> <span class='ocrx_word' id='word_1_341' title='bbox 724 2752 897 2823; x_wconf 85' lang='lat' dir='ltr'><strong>angeli</strong></span> <span class='ocrx_word' id='word_1_342' title='bbox 925 2752 1056 2823; x_wconf 87' lang='lat' dir='ltr'><strong>ejus,</strong></span> <span class='ocrx_word' id='word_1_343' title='bbox 1103 2751 1314 2806; x_wconf 85' lang='lat' dir='ltr'><strong>laudate</strong></span> <span class='ocrx_word' id='word_1_344' title='bbox 1338 2768 1483 2816; x_wconf 88' lang='lat' dir='ltr'><strong>eum,</strong></span> <span class='ocrx_word' id='word_1_345' title='bbox 1513 2768 1690 2806; x_wconf 89' lang='lat' dir='ltr'><strong>omnes</strong></span> <span class='ocrx_word' id='word_1_346' title='bbox 1717 2753 1925 2804; x_wconf 86' lang='lat' dir='ltr'><strong>virtutes</strong></span> <span class='ocrx_word' id='word_1_347' title='bbox 1961 2745 2114 2822; x_wconf 72' lang='lat' dir='ltr'><strong>ejuss&#39;</strong></span> 
     </span>
    </p>
   </div>
   <div class='ocr_carea' id='block_1_43' title="bbox 518 2841 2106 2913">
    <p class='ocr_par' dir='ltr' id='par_1_43' title="bbox 518 2841 2106 2913">
     <span class='ocr_line' id='line_1_43' title="bbox 518 2841 2106 2913; baseline 0.001 -16"><span class='ocrx_word' id='word_1_348' title='bbox 518 2842 718 2898; x_wconf 82' lang='lat' dir='ltr'><strong>deinde</strong></span> <span class='ocrx_word' id='word_1_349' title='bbox 766 2843 897 2898; x_wconf 88' lang='lat' dir='ltr'><strong>dieit</strong></span> <span class='ocrx_word' id='word_1_350' title='bbox 945 2846 1038 2911; x_wconf 78' lang='grc' dir='ltr'><strong>(υ.</strong></span> <span class='ocrx_word' id='word_1_351' title='bbox 1067 2842 1124 2911; x_wconf 80' lang='lat'><strong>5,</strong></span> <span class='ocrx_word' id='word_1_352' title='bbox 1175 2841 1293 2913; x_wconf 69' lang='lat' dir='ltr'><strong>4r):</strong></span> <span class='ocrx_word' id='word_1_353' title='bbox 1345 2841 1580 2896; x_wconf 88' lang='lat' dir='ltr'><strong>Laudate</strong></span> <span class='ocrx_word' id='word_1_354' title='bbox 1604 2858 1741 2907; x_wconf 89' lang='lat' dir='ltr'><strong>eum,</strong></span> <span class='ocrx_word' id='word_1_355' title='bbox 1782 2843 1860 2896; x_wconf 86' lang='lat' dir='ltr'><strong>sol</strong></span> <span class='ocrx_word' id='word_1_356' title='bbox 1890 2851 1937 2895; x_wconf 89' lang='lat' dir='ltr'><strong>et</strong></span> <span class='ocrx_word' id='word_1_357' title='bbox 1962 2843 2106 2898; x_wconf 89' lang='lat' dir='ltr'><strong>luna.</strong></span> 
     </span>
    </p>
   </div>
   <div class='ocr_carea' id='block_1_44' title="bbox 519 2933 2106 3004">
    <p class='ocr_par' dir='ltr' id='par_1_44' title="bbox 519 2933 2106 3004">
     <span class='ocr_line' id='line_1_44' title="bbox 519 2933 2106 3004; baseline -0.002 -15"><span class='ocrx_word' id='word_1_358' title='bbox 519 2935 927 3004; x_wconf 68' lang='lat' dir='ltr'><strong>Laudate‘eum,</strong></span> <span class='ocrx_word' id='word_1_359' title='bbox 969 2953 1150 2990; x_wconf 81' lang='lat' dir='ltr'><strong>omnes</strong></span> <span class='ocrx_word' id='word_1_360' title='bbox 1169 2936 1333 2990; x_wconf 68' lang='lat' dir='ltr'><strong>stella:</strong></span> <span class='ocrx_word' id='word_1_361' title='bbox 1381 2945 1429 2989; x_wconf 87' lang='lat' dir='ltr'><strong>et</strong></span> <span class='ocrx_word' id='word_1_362' title='bbox 1478 2936 1669 2989; x_wconf 83' lang='lat' dir='ltr'><strong>lumen.</strong></span> <span class='ocrx_word' id='word_1_363' title='bbox 1703 2933 1936 2988; x_wconf 86' lang='lat' dir='ltr'><strong>Laudale</strong></span> <span class='ocrx_word' id='word_1_364' title='bbox 1969 2951 2106 3000; x_wconf 89' lang='lat' dir='ltr'><strong>eum,</strong></span> 
     </span>
    </p>
   </div>
   <div class='ocr_carea' id='block_1_45' title="bbox 518 3025 2110 3099">
    <p class='ocr_par' dir='ltr' id='par_1_45' title="bbox 518 3025 2110 3099">
     <span class='ocr_line' id='line_1_45' title="bbox 518 3025 2110 3099; baseline 0.001 -23"><span class='ocrx_word' id='word_1_365' title='bbox 518 3029 633 3080; x_wconf 72' lang='lat' dir='ltr'><strong>aceti</strong></span> <span class='ocrx_word' id='word_1_366' title='bbox 655 3028 915 3092; x_wconf 62' lang='lat' dir='ltr'><strong>calonum,</strong></span> <span class='ocrx_word' id='word_1_367' title='bbox 955 3036 1002 3081; x_wconf 86' lang='lat' dir='ltr'><strong>et</strong></span> <span class='ocrx_word' id='word_1_368' title='bbox 1033 3043 1322 3099; x_wconf 58' lang='lat' dir='ltr'><strong>aquaaqua:</strong></span> <span class='ocrx_word' id='word_1_369' title='bbox 1349 3044 1501 3097; x_wconf 87' lang='lat' dir='ltr'><strong>super</strong></span> <span class='ocrx_word' id='word_1_370' title='bbox 1547 3026 1700 3080; x_wconf 73' lang='lat' dir='ltr'><strong>caelos</strong></span> <span class='ocrx_word' id='word_1_371' title='bbox 1749 3035 1867 3079; x_wconf 88' lang='lat' dir='ltr'><strong>sunt</strong></span> <span class='ocrx_word' id='word_1_372' title='bbox 1896 3025 2110 3079; x_wconf 90' lang='lat' dir='ltr'><strong>laudent</strong></span> 
     </span>
    </p>
   </div>
   <div class='ocr_carea' id='block_1_46' title="bbox 518 3116 2103 3188">
    <p class='ocr_par' dir='ltr' id='par_1_46' title="bbox 518 3116 2103 3188">
     <span class='ocr_line' id='line_1_46' title="bbox 518 3116 2103 3188; baseline -0.001 -16"><span class='ocrx_word' id='word_1_373' title='bbox 518 3135 704 3172; x_wconf 80' lang='lat' dir='ltr'><strong>nomen</strong></span> <span class='ocrx_word' id='word_1_374' title='bbox 735 3119 945 3172; x_wconf 82' lang='lat' dir='ltr'><strong>Domini</strong></span> <span class='ocrx_word' id='word_1_375' title='bbox 976 3136 992 3172; x_wconf 91' lang='lat'><strong><em>:</em></strong></span> <span class='ocrx_word' id='word_1_376' title='bbox 1024 3134 1348 3188; x_wconf 86' lang='lat' dir='ltr'><strong>causa.nque</strong></span> <span class='ocrx_word' id='word_1_377' title='bbox 1379 3120 1536 3188; x_wconf 86' lang='lat' dir='ltr'><strong>hujus</strong></span> <span class='ocrx_word' id='word_1_378' title='bbox 1563 3116 1892 3173; x_wconf 89' lang='lat' dir='ltr'><strong>laudationis</strong></span> <span class='ocrx_word' id='word_1_379' title='bbox 1917 3125 2103 3172; x_wconf 88' lang='lat' dir='ltr'><strong>osten-</strong></span> 
     </span>
    </p>
   </div>
   <div class='ocr_carea' id='block_1_47' title="bbox 517 3206 2104 3288">
    <p class='ocr_par' dir='ltr' id='par_1_47' title="bbox 517 3206 2104 3288">
     <span class='ocr_line' id='line_1_47' title="bbox 517 3206 2104 3288; baseline -0.002 -24"><span class='ocrx_word' id='word_1_380' title='bbox 517 3209 649 3264; x_wconf 82' lang='lat' dir='ltr'><strong>dens</strong></span> <span class='ocrx_word' id='word_1_381' title='bbox 679 3209 754 3262; x_wconf 91' lang='lat' dir='ltr'><strong>ait</strong></span> <span class='ocrx_word' id='word_1_382' title='bbox 786 3209 864 3279; x_wconf 82' lang='grc' dir='ltr'><strong>(υ.</strong></span> <span class='ocrx_word' id='word_1_383' title='bbox 899 3206 1021 3288; x_wconf 75' lang='lat'><strong>5_</strong></span> <span class='ocrx_word' id='word_1_384' title='bbox 1057 3206 1318 3272; x_wconf 79' lang='lat' dir='ltr'><strong>Quoniam</strong></span> <span class='ocrx_word' id='word_1_385' title='bbox 1358 3209 1475 3279; x_wconf 84' lang='lat' dir='ltr'><strong>ipse</strong></span> <span class='ocrx_word' id='word_1_386' title='bbox 1517 3207 1669 3274; x_wconf 76' lang='lat' dir='ltr'><strong>dixit,</strong></span> <span class='ocrx_word' id='word_1_387' title='bbox 1702 3217 1751 3261; x_wconf 90' lang='lat' dir='ltr'><strong>et</strong></span> <span class='ocrx_word' id='word_1_388' title='bbox 1780 3209 1919 3278; x_wconf 80' lang='lat' dir='ltr'><strong>facta</strong></span> <span class='ocrx_word' id='word_1_389' title='bbox 1949 3216 2104 3284; x_wconf 79' lang='lat' dir='ltr'><strong>sunt:</strong></span> 
     </span>
    </p>
   </div>
   <div class='ocr_carea' id='block_1_48' title="bbox 2214 2015 3794 2084">
    <p class='ocr_par' dir='ltr' id='par_1_48' title="bbox 2214 2015 3794 2084">
     <span class='ocr_line' id='line_1_48' title="bbox 2214 2015 3794 2084; baseline 0.006 -14"><span class='ocrx_word' id='word_1_390' title='bbox 2214 2015 2405 2070; x_wconf 90' lang='lat' dir='ltr'><strong>eodem</strong></span> <span class='ocrx_word' id='word_1_391' title='bbox 2446 2017 2664 2072; x_wconf 89' lang='lat' dir='ltr'><strong>nomine</strong></span> <span class='ocrx_word' id='word_1_392' title='bbox 2693 2025 2843 2083; x_wconf 87' lang='lat' dir='ltr'><strong>recte</strong></span> <span class='ocrx_word' id='word_1_393' title='bbox 2869 2019 3114 2084; x_wconf 89' lang='lat' dir='ltr'><strong>credens,</strong></span> <span class='ocrx_word' id='word_1_394' title='bbox 3159 2020 3212 2074; x_wconf 93' lang='lat' dir='ltr'><strong>in</strong></span> <span class='ocrx_word' id='word_1_395' title='bbox 3237 2035 3398 2074; x_wconf 89' lang='lat' dir='ltr'><strong>unam</strong></span> <span class='ocrx_word' id='word_1_396' title='bbox 3437 2021 3794 2079; x_wconf 85' lang='lat' dir='ltr'><strong>substantiam</strong></span> 
     </span>
    </p>
   </div>
   <div class='ocr_carea' id='block_1_49' title="bbox 2214 2106 3795 2171">
    <p class='ocr_par' dir='ltr' id='par_1_49' title="bbox 2214 2106 3795 2171">
     <span class='ocr_line' id='line_1_49' title="bbox 2214 2106 3795 2171; baseline 0.006 -9"><span class='ocrx_word' id='word_1_397' title='bbox 2214 2106 2489 2166; x_wconf 88' lang='lat' dir='ltr'><strong>Trinitatis</strong></span> <span class='ocrx_word' id='word_1_398' title='bbox 2527 2109 2781 2165; x_wconf 82' lang='lat' dir='ltr'><strong>abluitur.</strong></span> <span class='ocrx_word' id='word_1_399' title='bbox 2816 2108 2969 2166; x_wconf 89' lang='lat' dir='ltr'><strong>Unde</strong></span> <span class='ocrx_word' id='word_1_400' title='bbox 2997 2128 3159 2167; x_wconf 89' lang='lat' dir='ltr'><strong>unum</strong></span> <span class='ocrx_word' id='word_1_401' title='bbox 3190 2128 3387 2168; x_wconf 90' lang='lat' dir='ltr'><strong>nomen</strong></span> <span class='ocrx_word' id='word_1_402' title='bbox 3417 2123 3662 2170; x_wconf 89' lang='lat' dir='ltr'><strong>sanctum</strong></span> <span class='ocrx_word' id='word_1_403' title='bbox 3692 2114 3795 2171; x_wconf 87' lang='lat' dir='ltr'><strong>Pa-</strong></span> 
     </span>
    </p>
   </div>
   <div class='ocr_carea' id='block_1_50' title="bbox 2213 2199 3795 2270">
    <p class='ocr_par' dir='ltr' id='par_1_50' title="bbox 2213 2199 3795 2270">
     <span class='ocr_line' id='line_1_50' title="bbox 2213 2199 3795 2270; baseline 0.004 -17"><span class='ocrx_word' id='word_1_404' title='bbox 2213 2199 2330 2263; x_wconf 84' lang='lat' dir='ltr'><strong>tris,</strong></span> <span class='ocrx_word' id='word_1_405' title='bbox 2356 2208 2412 2254; x_wconf 90' lang='lat' dir='ltr'><strong>et</strong></span> <span class='ocrx_word' id='word_1_406' title='bbox 2440 2199 2577 2265; x_wconf 87' lang='lat' dir='ltr'><strong>Filii,</strong></span> <span class='ocrx_word' id='word_1_407' title='bbox 2627 2208 2683 2255; x_wconf 91' lang='lat' dir='ltr'><strong>et</strong></span> <span class='ocrx_word' id='word_1_408' title='bbox 2710 2199 2942 2270; x_wconf 90' lang='lat' dir='ltr'><strong>Spiritus</strong></span> <span class='ocrx_word' id='word_1_409' title='bbox 2969 2201 3140 2256; x_wconf 88' lang='lat' dir='ltr'><strong>sancti</strong></span> <span class='ocrx_word' id='word_1_410' title='bbox 3188 2203 3509 2258; x_wconf 89' lang='lat' dir='ltr'><strong>naturaliter</strong></span> <span class='ocrx_word' id='word_1_411' title='bbox 3545 2218 3666 2260; x_wconf 91' lang='lat' dir='ltr'><strong>esse</strong></span> <span class='ocrx_word' id='word_1_412' title='bbox 3697 2221 3795 2261; x_wconf 79' lang='lat' dir='ltr'><strong>to-</strong></span> 
     </span>
    </p>
   </div>
   <div class='ocr_carea' id='block_1_51' title="bbox 2212 2291 3793 2366">
    <p class='ocr_par' dir='ltr' id='par_1_51' title="bbox 2212 2291 3793 2366">
     <span class='ocr_line' id='line_1_51' title="bbox 2212 2291 3793 2366; baseline 0.003 -21"><span class='ocrx_word' id='word_1_413' title='bbox 2212 2292 2450 2360; x_wconf 85' lang='lat' dir='ltr'><strong>gnoseit,</strong></span> <span class='ocrx_word' id='word_1_414' title='bbox 2476 2291 2719 2362; x_wconf 84' lang='lat' dir='ltr'><strong>quisquis</strong></span> <span class='ocrx_word' id='word_1_415' title='bbox 2743 2292 2797 2346; x_wconf 82' lang='lat' dir='ltr'><strong>in</strong></span> <span class='ocrx_word' id='word_1_416' title='bbox 2827 2292 3020 2348; x_wconf 87' lang='lat' dir='ltr'><strong>eodem</strong></span> <span class='ocrx_word' id='word_1_417' title='bbox 3047 2293 3265 2348; x_wconf 89' lang='lat' dir='ltr'><strong>nomine</strong></span> <span class='ocrx_word' id='word_1_418' title='bbox 3288 2292 3520 2349; x_wconf 82' lang='lat' dir='ltr'><strong>conferri</strong></span> <span class='ocrx_word' id='word_1_419' title='bbox 3553 2294 3793 2366; x_wconf 80' lang='lat' dir='ltr'><strong>(Florus,</strong></span> 
     </span>
    </p>
   </div>
   <div class='ocr_carea' id='block_1_52' title="bbox 2213 2383 3796 2454">
    <p class='ocr_par' dir='ltr' id='par_1_52' title="bbox 2213 2383 3796 2454">
     <span class='ocr_line' id='line_1_52' title="bbox 2213 2383 3796 2454; baseline 0.002 -15"><span class='ocrx_word' id='word_1_420' title='bbox 2213 2383 2480 2453; x_wconf 74' lang='lat' dir='ltr'><strong>conﬁteri)</strong></span> <span class='ocrx_word' id='word_1_421' title='bbox 2505 2384 2702 2438; x_wconf 84' lang='lat' dir='ltr'><strong>donum</strong></span> <span class='ocrx_word' id='word_1_422' title='bbox 2729 2399 2877 2439; x_wconf 74' lang='lat' dir='ltr'><strong>vera:</strong></span> <span class='ocrx_word' id='word_1_423' title='bbox 2897 2384 3337 2440; x_wconf 87' lang='lat' dir='ltr'><strong>sanctilicationis</strong></span> <span class='ocrx_word' id='word_1_424' title='bbox 3367 2385 3633 2454; x_wconf 79' lang='lat' dir='ltr'><strong>intelligit.</strong></span> <span class='ocrx_word' id='word_1_425' title='bbox 3658 2385 3796 2442; x_wconf 80' lang='lat' dir='ltr'><strong>Dicit</strong></span> 
     </span>
    </p>
   </div>
   <div class='ocr_carea' id='block_1_53' title="bbox 2213 2472 3800 2547">
    <p class='ocr_par' dir='ltr' id='par_1_53' title="bbox 2213 2472 3800 2547">
     <span class='ocr_line' id='line_1_53' title="bbox 2213 2472 3800 2547; baseline 0.004 -21"><span class='ocrx_word' id='word_1_426' title='bbox 2213 2472 2410 2528; x_wconf 88' lang='lat' dir='ltr'><strong>deinde</strong></span> <span class='ocrx_word' id='word_1_427' title='bbox 2438 2473 2490 2527; x_wconf 91' lang='lat' dir='ltr'><strong>in</strong></span> <span class='ocrx_word' id='word_1_428' title='bbox 2518 2473 3020 2529; x_wconf 87' lang='lat' dir='ltr'><strong>benedictionibus:</strong></span> <span class='ocrx_word' id='word_1_429' title='bbox 3054 2473 3370 2529; x_wconf 79' lang='lat' dir='ltr'><strong>Benedictus</strong></span> <span class='ocrx_word' id='word_1_430' title='bbox 3413 2491 3466 2530; x_wconf 85' lang='lat' dir='ltr'><strong>es</strong></span> <span class='ocrx_word' id='word_1_431' title='bbox 3512 2477 3565 2530; x_wconf 88' lang='lat' dir='ltr'><strong>in</strong></span> <span class='ocrx_word' id='word_1_432' title='bbox 3608 2477 3800 2547; x_wconf 86' lang='lat' dir='ltr'><strong>templo</strong></span> 
     </span>
    </p>
   </div>
   <div class='ocr_carea' id='block_1_54' title="bbox 2214 2563 3800 2637">
    <p class='ocr_par' dir='ltr' id='par_1_54' title="bbox 2214 2563 3800 2637">
     <span class='ocr_line' id='line_1_54' title="bbox 2214 2563 3800 2637; baseline 0.004 -21"><span class='ocrx_word' id='word_1_433' title='bbox 2214 2573 2394 2618; x_wconf 89' lang='lat' dir='ltr'><strong>sancto</strong></span> <span class='ocrx_word' id='word_1_434' title='bbox 2419 2564 2598 2635; x_wconf 75' lang='lat' dir='ltr'><strong>gloria:</strong></span> <span class='ocrx_word' id='word_1_435' title='bbox 2626 2573 2746 2630; x_wconf 78' lang='lat' dir='ltr'><strong>tute,</strong></span> <span class='ocrx_word' id='word_1_436' title='bbox 2779 2573 2827 2618; x_wconf 88' lang='lat' dir='ltr'><strong>et</strong></span> <span class='ocrx_word' id='word_1_437' title='bbox 2849 2563 3124 2619; x_wconf 81' lang='lat' dir='ltr'><strong>laudabilis</strong></span> <span class='ocrx_word' id='word_1_438' title='bbox 3152 2575 3202 2619; x_wconf 87' lang='lat' dir='ltr'><strong>et</strong></span> <span class='ocrx_word' id='word_1_439' title='bbox 3235 2565 3494 2637; x_wconf 64' lang='lat' dir='ltr'><strong>gloriosus</strong></span> <span class='ocrx_word' id='word_1_440' title='bbox 3531 2567 3586 2620; x_wconf 87' lang='lat' dir='ltr'><strong>in</strong></span> <span class='ocrx_word' id='word_1_441' title='bbox 3605 2567 3800 2622; x_wconf 67' lang='lat' dir='ltr'><strong>sertula</strong></span> 
     </span>
    </p>
   </div>
   <div class='ocr_carea' id='block_1_55' title="bbox 2214 2654 3804 2728">
    <p class='ocr_par' dir='ltr' id='par_1_55' title="bbox 2214 2654 3804 2728">
     <span class='ocr_line' id='line_1_55' title="bbox 2214 2654 3804 2728; baseline 0.004 -20"><span class='ocrx_word' id='word_1_442' title='bbox 2214 2654 2381 2728; x_wconf 88' lang='lat' dir='ltr'><strong>(Dan.</strong></span> <span class='ocrx_word' id='word_1_443' title='bbox 2422 2673 2503 2721; x_wconf 78' lang='lat' dir='ltr'><strong>in,</strong></span> <span class='ocrx_word' id='word_1_444' title='bbox 2530 2655 2652 2726; x_wconf 76' lang='lat'><strong>53);</strong></span> <span class='ocrx_word' id='word_1_445' title='bbox 2703 2657 2958 2728; x_wconf 86' lang='lat' dir='ltr'><strong>templum</strong></span> <span class='ocrx_word' id='word_1_446' title='bbox 2995 2665 3174 2712; x_wconf 84' lang='lat' dir='ltr'><strong>autem</strong></span> <span class='ocrx_word' id='word_1_447' title='bbox 3203 2672 3303 2711; x_wconf 91' lang='lat' dir='ltr'><strong>nos</strong></span> <span class='ocrx_word' id='word_1_448' title='bbox 3329 2672 3466 2724; x_wconf 91' lang='lat' dir='ltr'><strong>esse,</strong></span> <span class='ocrx_word' id='word_1_449' title='bbox 3493 2674 3599 2714; x_wconf 88' lang='lat' dir='ltr'><strong>non</strong></span> <span class='ocrx_word' id='word_1_450' title='bbox 3628 2659 3804 2715; x_wconf 83' lang='lat' dir='ltr'><strong>solius</strong></span> 
     </span>
    </p>
   </div>
   <div class='ocr_carea' id='block_1_56' title="bbox 2215 2743 3800 2820">
    <p class='ocr_par' dir='ltr' id='par_1_56' title="bbox 2215 2743 3800 2820">
     <span class='ocr_line' id='line_1_56' title="bbox 2215 2743 3800 2820; baseline 0.004 -21"><span class='ocrx_word' id='word_1_451' title='bbox 2215 2745 2405 2813; x_wconf 77' lang='lat' dir='ltr'><strong>Patris,</strong></span> <span class='ocrx_word' id='word_1_452' title='bbox 2439 2748 2532 2802; x_wconf 90' lang='lat' dir='ltr'><strong>sed</strong></span> <span class='ocrx_word' id='word_1_453' title='bbox 2563 2747 2726 2818; x_wconf 90' lang='lat' dir='ltr'><strong>ipsius</strong></span> <span class='ocrx_word' id='word_1_454' title='bbox 2754 2755 2955 2803; x_wconf 62' lang='lat' dir='ltr'><strong>sanctae</strong></span> <span class='ocrx_word' id='word_1_455' title='bbox 2979 2743 3275 2812; x_wconf 76' lang='lat' dir='ltr'><strong>Trinitatis,</strong></span> <span class='ocrx_word' id='word_1_456' title='bbox 3293 2747 3405 2816; x_wconf 83' lang='lat' dir='ltr'><strong>jam</strong></span> <span class='ocrx_word' id='word_1_457' title='bbox 3427 2748 3480 2803; x_wconf 91' lang='lat' dir='ltr'><strong>in</strong></span> <span class='ocrx_word' id='word_1_458' title='bbox 3503 2748 3608 2804; x_wconf 84' lang='lat' dir='ltr'><strong>hoc</strong></span> <span class='ocrx_word' id='word_1_459' title='bbox 3629 2765 3800 2820; x_wconf 85' lang='lat' dir='ltr'><strong>opere</strong></span> 
     </span>
    </p>
   </div>
   <div class='ocr_carea' id='block_1_57' title="bbox 2213 2837 3803 2908">
    <p class='ocr_par' dir='ltr' id='par_1_57' title="bbox 2213 2837 3803 2908">
     <span class='ocr_line' id='line_1_57' title="bbox 2213 2837 3803 2908; baseline 0.002 -15"><span class='ocrx_word' id='word_1_460' title='bbox 2213 2846 2517 2894; x_wconf 86' lang='lat' dir='ltr'><strong>sanctarum</strong></span> <span class='ocrx_word' id='word_1_461' title='bbox 2586 2837 2980 2908; x_wconf 87' lang='lat' dir='ltr'><strong>Scripturarum</strong></span> <span class='ocrx_word' id='word_1_462' title='bbox 3050 2839 3393 2894; x_wconf 86' lang='lat' dir='ltr'><strong>attestatione</strong></span> <span class='ocrx_word' id='word_1_463' title='bbox 3466 2837 3803 2896; x_wconf 79' lang='lat' dir='ltr'><strong>sufﬁcienter</strong></span> 
     </span>
    </p>
   </div>
   <div class='ocr_carea' id='block_1_58' title="bbox 2213 2927 3798 3000">
    <p class='ocr_par' dir='ltr' id='par_1_58' title="bbox 2213 2927 3798 3000">
     <span class='ocr_line' id='line_1_58' title="bbox 2213 2927 3798 3000; baseline 0.004 -18"><span class='ocrx_word' id='word_1_464' title='bbox 2213 2927 2560 2983; x_wconf 87' lang='lat' dir='ltr'><strong>ostendimus.</strong></span> <span class='ocrx_word' id='word_1_465' title='bbox 2593 2927 2826 2983; x_wconf 85' lang='lat' dir='ltr'><strong>Trinitas</strong></span> <span class='ocrx_word' id='word_1_466' title='bbox 2863 2937 2946 2984; x_wconf 92' lang='lat' dir='ltr'><strong>est</strong></span> <span class='ocrx_word' id='word_1_467' title='bbox 2975 2929 3136 2997; x_wconf 80' lang='lat' dir='ltr'><strong>igitur</strong></span> <span class='ocrx_word' id='word_1_468' title='bbox 3164 2945 3300 2985; x_wconf 91' lang='lat' dir='ltr'><strong>unus</strong></span> <span class='ocrx_word' id='word_1_469' title='bbox 3339 2929 3798 3000; x_wconf 52' lang='lat' dir='ltr'><strong>Dominus&#39;Deus,</strong></span> 
     </span>
    </p>
   </div>
   <div class='ocr_carea' id='block_1_59' title="bbox 2212 3018 3793 3094">
    <p class='ocr_par' dir='ltr' id='par_1_59' title="bbox 2212 3018 3793 3094">
     <span class='ocr_line' id='line_1_59' title="bbox 2212 3018 3793 3094; baseline 0.003 -19"><span class='ocrx_word' id='word_1_470' title='bbox 2212 3018 2523 3075; x_wconf 88' lang='lat' dir='ltr'><strong>benedictus</strong></span> <span class='ocrx_word' id='word_1_471' title='bbox 2544 3027 2599 3075; x_wconf 90' lang='lat' dir='ltr'><strong>et</strong></span> <span class='ocrx_word' id='word_1_472' title='bbox 2622 3019 2918 3083; x_wconf 83' lang='lat' dir='ltr'><strong>laudabilis,</strong></span> <span class='ocrx_word' id='word_1_473' title='bbox 2940 3027 2996 3074; x_wconf 88' lang='lat' dir='ltr'><strong>ct</strong></span> <span class='ocrx_word' id='word_1_474' title='bbox 3014 3020 3279 3090; x_wconf 79' lang='lat' dir='ltr'><strong>gloriosus</strong></span> <span class='ocrx_word' id='word_1_475' title='bbox 3299 3021 3351 3075; x_wconf 92' lang='lat' dir='ltr'><strong>in</strong></span> <span class='ocrx_word' id='word_1_476' title='bbox 3371 3022 3564 3076; x_wconf 84' lang='lat' dir='ltr'><strong>saecula</strong></span> <span class='ocrx_word' id='word_1_477' title='bbox 3591 3041 3603 3074; x_wconf 95' lang='lat'>:</span> <span class='ocrx_word' id='word_1_478' title='bbox 3629 3039 3793 3094; x_wconf 87' lang='lat' dir='ltr'><strong>quem</strong></span> 
     </span>
    </p>
   </div>
   <div class='ocr_carea' id='block_1_60' title="bbox 2213 3112 3803 3184">
    <p class='ocr_par' dir='ltr' id='par_1_60' title="bbox 2213 3112 3803 3184">
     <span class='ocr_line' id='line_1_60' title="bbox 2213 3112 3803 3184; baseline 0.001 -15"><span class='ocrx_word' id='word_1_479' title='bbox 2213 3115 2266 3169; x_wconf 92' lang='lat' dir='ltr'><strong>in</strong></span> <span class='ocrx_word' id='word_1_480' title='bbox 2298 3114 2497 3184; x_wconf 91' lang='lat' dir='ltr'><strong>templo</strong></span> <span class='ocrx_word' id='word_1_481' title='bbox 2518 3120 2704 3169; x_wconf 90' lang='lat' dir='ltr'><strong>sancto</strong></span> <span class='ocrx_word' id='word_1_482' title='bbox 2724 3113 2905 3181; x_wconf 74' lang='lat' dir='ltr'><strong>gloria:</strong></span> <span class='ocrx_word' id='word_1_483' title='bbox 2926 3112 3045 3183; x_wconf 86' lang='lat' dir='ltr'><strong>ejus</strong></span> <span class='ocrx_word' id='word_1_484' title='bbox 3071 3114 3144 3167; x_wconf 89' lang='lat' dir='ltr'><strong>illi</strong></span> <span class='ocrx_word' id='word_1_485' title='bbox 3167 3114 3432 3168; x_wconf 83' lang='lat' dir='ltr'><strong>veraciter</strong></span> <span class='ocrx_word' id='word_1_486' title='bbox 3450 3113 3803 3181; x_wconf 85' lang='lat' dir='ltr'><strong>benedicunt,</strong></span> 
     </span>
    </p>
   </div>
   <div class='ocr_carea' id='block_1_61' title="bbox 2212 3185 3797 3277">
    <p class='ocr_par' dir='ltr' id='par_1_61' title="bbox 2212 3185 3797 3277">
     <span class='ocr_line' id='line_1_61' title="bbox 2212 3185 3797 3277; baseline 0 -16"><span class='ocrx_word' id='word_1_487' title='bbox 2212 3205 2304 3277; x_wconf 93' lang='lat' dir='ltr'><strong>qui</strong></span> <span class='ocrx_word' id='word_1_488' title='bbox 2350 3221 2408 3261; x_wconf 89' lang='lat' dir='ltr'><strong>se</strong></span> <span class='ocrx_word' id='word_1_489' title='bbox 2438 3220 2599 3260; x_wconf 91' lang='lat' dir='ltr'><strong>unum</strong></span> <span class='ocrx_word' id='word_1_490' title='bbox 2632 3185 2886 3274; x_wconf 72' lang='lat' dir='ltr'><strong>templum</strong></span> <span class='ocrx_word' id='word_1_491' title='bbox 2911 3219 3030 3258; x_wconf 84' lang='lat' dir='ltr'><strong>esse</strong></span> <span class='ocrx_word' id='word_1_492' title='bbox 3074 3212 3275 3258; x_wconf 59' lang='lat' dir='ltr'><strong>sancta</strong></span> <span class='ocrx_word' id='word_1_493' title='bbox 3305 3199 3581 3260; x_wconf 87' lang='lat' dir='ltr'><strong>Trinitatis</strong></span> <span class='ocrx_word' id='word_1_494' title='bbox 3627 3207 3797 3274; x_wconf 84' lang='lat' dir='ltr'><strong>agno-</strong></span> 
     </span>
    </p>
   </div>
   <div class='ocr_carea' id='block_1_62' title="bbox 517 3282 3801 3368">
    <p class='ocr_par' dir='ltr' id='par_1_62' title="bbox 517 3282 3801 3368">
     <span class='ocr_line' id='line_1_62' title="bbox 517 3282 3801 3368; baseline 0 -18"><span class='ocrx_word' id='word_1_495' title='bbox 517 3297 625 3366; x_wconf 85' lang='lat' dir='ltr'><strong>ipse</strong></span> <span class='ocrx_word' id='word_1_496' title='bbox 649 3282 944 3366; x_wconf 55' lang='lat' dir='ltr'><strong>mandauit;</strong></span> <span class='ocrx_word' id='word_1_497' title='bbox 959 3306 1008 3352; x_wconf 89' lang='lat' dir='ltr'><strong>et</strong></span> <span class='ocrx_word' id='word_1_498' title='bbox 1043 3307 1218 3352; x_wconf 88' lang='lat' dir='ltr'><strong>creata</strong></span> <span class='ocrx_word' id='word_1_499' title='bbox 1244 3306 1379 3352; x_wconf 86' lang='lat' dir='ltr'><strong>sunt.</strong></span> <span class='ocrx_word' id='word_1_500' title='bbox 1407 3296 1537 3354; x_wconf 74' lang='lat' dir='ltr'><strong>Haec</strong></span> <span class='ocrx_word' id='word_1_501' title='bbox 1559 3299 1742 3368; x_wconf 81' lang='lat' dir='ltr'><strong>itaque</strong></span> <span class='ocrx_word' id='word_1_502' title='bbox 1772 3298 1951 3352; x_wconf 90' lang='lat' dir='ltr'><strong>omnia</strong></span> <span class='ocrx_word' id='word_1_503' title='bbox 1980 3282 2101 3354; x_wconf 86' lang='lat' dir='ltr'><strong>ideo</strong></span> <span class='ocrx_word' id='word_1_504' title='bbox 2132 3303 2176 3366; x_wconf 72' lang='grc' dir='ltr'>Ο</span> <span class='ocrx_word' id='word_1_505' title='bbox 2207 3305 2382 3352; x_wconf 89' lang='lat' dir='ltr'><strong>scunt.</strong></span> <span class='ocrx_word' id='word_1_506' title='bbox 2410 3295 2612 3350; x_wconf 90' lang='lat' dir='ltr'><strong>Deinde</strong></span> <span class='ocrx_word' id='word_1_507' title='bbox 2634 3294 2702 3349; x_wconf 89' lang='lat' dir='ltr'><strong>ab</strong></span> <span class='ocrx_word' id='word_1_508' title='bbox 2722 3294 2824 3348; x_wconf 90' lang='lat' dir='ltr'><strong>illis</strong></span> <span class='ocrx_word' id='word_1_509' title='bbox 2845 3292 3016 3349; x_wconf 82' lang='lat' dir='ltr'><strong>tribus</strong></span> <span class='ocrx_word' id='word_1_510' title='bbox 3045 3294 3225 3364; x_wconf 86' lang='lat' dir='ltr'><strong>pueris</strong></span> <span class='ocrx_word' id='word_1_511' title='bbox 3241 3295 3465 3350; x_wconf 91' lang='lat' dir='ltr'><strong>dicitur:</strong></span> <span class='ocrx_word' id='word_1_512' title='bbox 3487 3295 3801 3352; x_wconf 79' lang='lat' dir='ltr'><strong>Benedictus</strong></span> 
     </span>
    </p>
   </div>
   <div class='ocr_carea' id='block_1_63' title="bbox 515 3387 2103 3459">
    <p class='ocr_par' dir='ltr' id='par_1_63' title="bbox 515 3387 2103 3459">
     <span class='ocr_line' id='line_1_63' title="bbox 515 3387 2103 3459; baseline 0.001 -17"><span class='ocrx_word' id='word_1_513' title='bbox 515 3389 773 3443; x_wconf 89' lang='lat' dir='ltr'><strong>dicuntur</strong></span> <span class='ocrx_word' id='word_1_514' title='bbox 799 3388 1084 3444; x_wconf 89' lang='lat' dir='ltr'><strong>Dominum</strong></span> <span class='ocrx_word' id='word_1_515' title='bbox 1113 3387 1313 3444; x_wconf 88' lang='lat' dir='ltr'><strong>debere</strong></span> <span class='ocrx_word' id='word_1_516' title='bbox 1340 3387 1581 3454; x_wconf 82' lang='lat' dir='ltr'><strong>laudare,</strong></span> <span class='ocrx_word' id='word_1_517' title='bbox 1609 3389 1861 3458; x_wconf 85' lang='lat' dir='ltr'><strong>quoniam</strong></span> <span class='ocrx_word' id='word_1_518' title='bbox 1891 3388 1957 3443; x_wconf 90' lang='lat' dir='ltr'><strong>ab</strong></span> <span class='ocrx_word' id='word_1_519' title='bbox 1986 3389 2103 3459; x_wconf 90' lang='lat' dir='ltr'><strong>ipso</strong></span> 
     </span>
    </p>
   </div>
   <div class='ocr_carea' id='block_1_64' title="bbox 514 3479 2104 3552">
    <p class='ocr_par' dir='ltr' id='par_1_64' title="bbox 514 3479 2104 3552">
     <span class='ocr_line' id='line_1_64' title="bbox 514 3479 2104 3552; baseline 0.001 -19"><span class='ocrx_word' id='word_1_520' title='bbox 514 3479 678 3552; x_wconf 64' lang='grc'><strong>649</strong></span> <span class='ocrx_word' id='word_1_521' title='bbox 707 3479 844 3534; x_wconf 84' lang='lat' dir='ltr'><strong>facta</strong></span> <span class='ocrx_word' id='word_1_522' title='bbox 873 3488 1015 3535; x_wconf 86' lang='lat' dir='ltr'><strong>sunt.</strong></span> <span class='ocrx_word' id='word_1_523' title='bbox 1047 3479 1198 3546; x_wconf 84' lang='lat' dir='ltr'><strong>Quod</strong></span> <span class='ocrx_word' id='word_1_524' title='bbox 1225 3480 1266 3534; x_wconf 91' lang='lat' dir='ltr'><strong>si</strong></span> <span class='ocrx_word' id='word_1_525' title='bbox 1299 3479 1470 3535; x_wconf 84' lang='lat' dir='ltr'><strong>lactus</strong></span> <span class='ocrx_word' id='word_1_526' title='bbox 1491 3488 1634 3535; x_wconf 89' lang='lat' dir='ltr'><strong>esset</strong></span> <span class='ocrx_word' id='word_1_527' title='bbox 1680 3480 1844 3535; x_wconf 86' lang='lat' dir='ltr'><strong>etiam</strong></span> <span class='ocrx_word' id='word_1_528' title='bbox 1875 3480 2104 3550; x_wconf 90' lang='lat' dir='ltr'><strong>Spiritus</strong></span> 
     </span>
    </p>
   </div>
   <div class='ocr_carea' id='block_1_65' title="bbox 513 3570 2105 3639">
    <p class='ocr_par' dir='ltr' id='par_1_65' title="bbox 513 3570 2105 3639">
     <span class='ocr_line' id='line_1_65' title="bbox 513 3570 2105 3639; baseline 0.002 -16"><span class='ocrx_word' id='word_1_529' title='bbox 513 3578 749 3636; x_wconf 87' lang='lat' dir='ltr'><strong>sanctus,</strong></span> <span class='ocrx_word' id='word_1_530' title='bbox 787 3571 841 3625; x_wconf 91' lang='lat' dir='ltr'><strong>in</strong></span> <span class='ocrx_word' id='word_1_531' title='bbox 884 3571 976 3625; x_wconf 92' lang='lat' dir='ltr'><strong>illo</strong></span> <span class='ocrx_word' id='word_1_532' title='bbox 1017 3570 1342 3626; x_wconf 88' lang='lat' dir='ltr'><strong>laudationis</strong></span> <span class='ocrx_word' id='word_1_533' title='bbox 1387 3571 1595 3636; x_wconf 87' lang='lat' dir='ltr'><strong>ordine,</strong></span> <span class='ocrx_word' id='word_1_534' title='bbox 1634 3579 1759 3626; x_wconf 87' lang='lat' dir='ltr'><strong>ante</strong></span> <span class='ocrx_word' id='word_1_535' title='bbox 1803 3571 2024 3639; x_wconf 86' lang='lat' dir='ltr'><strong>angelos</strong></span> <span class='ocrx_word' id='word_1_536' title='bbox 2049 3579 2105 3626; x_wconf 90' lang='lat' dir='ltr'><strong>et</strong></span> 
     </span>
    </p>
   </div>
   <div class='ocr_carea' id='block_1_66' title="bbox 515 3662 2103 3734">
    <p class='ocr_par' dir='ltr' id='par_1_66' title="bbox 515 3662 2103 3734">
     <span class='ocr_line' id='line_1_66' title="bbox 515 3662 2103 3734; baseline 0.003 -19"><span class='ocrx_word' id='word_1_537' title='bbox 515 3663 739 3717; x_wconf 80' lang='lat' dir='ltr'><strong>virtutes</strong></span> <span class='ocrx_word' id='word_1_538' title='bbox 764 3663 1082 3734; x_wconf 75' lang='lat' dir='ltr'><strong>pnephetico</strong></span> <span class='ocrx_word' id='word_1_539' title='bbox 1111 3672 1406 3732; x_wconf 87' lang='lat' dir='ltr'><strong>poneretur</strong></span> <span class='ocrx_word' id='word_1_540' title='bbox 1434 3662 1670 3732; x_wconf 88' lang='lat' dir='ltr'><strong>eloquio.</strong></span> <span class='ocrx_word' id='word_1_541' title='bbox 1703 3663 1784 3717; x_wconf 88' lang='lat' dir='ltr'><strong>An</strong></span> <span class='ocrx_word' id='word_1_542' title='bbox 1816 3665 1920 3718; x_wconf 85' lang='lat' dir='ltr'><strong>hoc</strong></span> <span class='ocrx_word' id='word_1_543' title='bbox 1949 3663 2103 3719; x_wconf 86' lang='lat' dir='ltr'><strong>vobis</strong></span> 
     </span>
    </p>
   </div>
   <div class='ocr_carea' id='block_1_67' title="bbox 513 3754 2102 3826">
    <p class='ocr_par' dir='ltr' id='par_1_67' title="bbox 513 3754 2102 3826">
     <span class='ocr_line' id='line_1_67' title="bbox 513 3754 2102 3826; baseline 0.001 -18"><span class='ocrx_word' id='word_1_544' title='bbox 513 3754 714 3825; x_wconf 88' lang='lat' dir='ltr'><strong>placet,</strong></span> <span class='ocrx_word' id='word_1_545' title='bbox 765 3762 827 3810; x_wconf 88' lang='lat' dir='ltr'><strong>ut</strong></span> <span class='ocrx_word' id='word_1_546' title='bbox 849 3754 1078 3826; x_wconf 86' lang='lat' dir='ltr'><strong>Spiritus</strong></span> <span class='ocrx_word' id='word_1_547' title='bbox 1119 3765 1354 3820; x_wconf 89' lang='lat' dir='ltr'><strong>sanctus,</strong></span> <span class='ocrx_word' id='word_1_548' title='bbox 1401 3755 1494 3825; x_wconf 91' lang='lat' dir='ltr'><strong>qui</strong></span> <span class='ocrx_word' id='word_1_549' title='bbox 1536 3755 1828 3811; x_wconf 91' lang='lat' dir='ltr'><strong>secundum</strong></span> <span class='ocrx_word' id='word_1_550' title='bbox 1869 3763 2102 3811; x_wconf 83' lang='lat' dir='ltr'><strong>vestram</strong></span> 
     </span>
    </p>
   </div>
   <div class='ocr_carea' id='block_1_68' title="bbox 511 3845 2102 3917">
    <p class='ocr_par' dir='ltr' id='par_1_68' title="bbox 511 3845 2102 3917">
     <span class='ocr_line' id='line_1_68' title="bbox 511 3845 2102 3917; baseline 0.001 -17"><span class='ocrx_word' id='word_1_551' title='bbox 511 3847 834 3901; x_wconf 87' lang='lat' dir='ltr'><strong>sententiam</strong></span> <span class='ocrx_word' id='word_1_552' title='bbox 859 3845 1032 3902; x_wconf 79' lang='lat' dir='ltr'><strong>lactus</strong></span> <span class='ocrx_word' id='word_1_553' title='bbox 1058 3862 1154 3917; x_wconf 90' lang='lat' dir='ltr'><strong>per</strong></span> <span class='ocrx_word' id='word_1_554' title='bbox 1177 3846 1368 3902; x_wconf 85' lang='lat' dir='ltr'><strong>Filium</strong></span> <span class='ocrx_word' id='word_1_555' title='bbox 1393 3846 1607 3911; x_wconf 90' lang='lat' dir='ltr'><strong>dicitur,</strong></span> <span class='ocrx_word' id='word_1_556' title='bbox 1634 3847 1750 3902; x_wconf 87' lang='lat' dir='ltr'><strong>sine</strong></span> <span class='ocrx_word' id='word_1_557' title='bbox 1771 3847 1962 3902; x_wconf 81' lang='lat' dir='ltr'><strong>divinae</strong></span> <span class='ocrx_word' id='word_1_558' title='bbox 1987 3846 2102 3902; x_wconf 89' lang='lat' dir='ltr'><strong>lau-</strong></span> 
     </span>
    </p>
   </div>
   <div class='ocr_carea' id='block_1_69' title="bbox 510 3939 2098 4010">
    <p class='ocr_par' dir='ltr' id='par_1_69' title="bbox 510 3939 2098 4010">
     <span class='ocr_line' id='line_1_69' title="bbox 510 3939 2098 4010; baseline 0.003 -18"><span class='ocrx_word' id='word_1_559' title='bbox 510 3939 743 3994; x_wconf 88' lang='lat' dir='ltr'><strong>dationis</strong></span> <span class='ocrx_word' id='word_1_560' title='bbox 767 3941 1036 4009; x_wconf 75' lang='lat' dir='ltr'><strong>obsequio</strong></span> <span class='ocrx_word' id='word_1_561' title='bbox 1056 3940 1427 4010; x_wconf 88' lang='lat' dir='ltr'><strong>relinquatur?</strong></span> <span class='ocrx_word' id='word_1_562' title='bbox 1455 3949 1510 3995; x_wconf 91' lang='lat' dir='ltr'><strong>et</strong></span> <span class='ocrx_word' id='word_1_563' title='bbox 1538 3939 1627 3995; x_wconf 89' lang='lat' dir='ltr'><strong>ille</strong></span> <span class='ocrx_word' id='word_1_564' title='bbox 1652 3940 1743 4010; x_wconf 89' lang='lat' dir='ltr'><strong>qui</strong></span> <span class='ocrx_word' id='word_1_565' title='bbox 1772 3955 1801 3994; x_wconf 91' lang='lat' dir='ltr'><strong>a</strong></span> <span class='ocrx_word' id='word_1_566' title='bbox 1832 3941 1984 3996; x_wconf 91' lang='lat' dir='ltr'><strong>vobis</strong></span> <span class='ocrx_word' id='word_1_567' title='bbox 2010 3956 2098 3996; x_wconf 87' lang='lat' dir='ltr'><strong>as-</strong></span> 
     </span>
    </p>
   </div>
   <div class='ocr_carea' id='block_1_70' title="bbox 510 4030 2098 4102">
    <p class='ocr_par' dir='ltr' id='par_1_70' title="bbox 510 4030 2098 4102">
     <span class='ocr_line' id='line_1_70' title="bbox 510 4030 2098 4102; baseline 0.001 -18"><span class='ocrx_word' id='word_1_568' title='bbox 510 4033 706 4086; x_wconf 85' lang='lat' dir='ltr'><strong>seritur</strong></span> <span class='ocrx_word' id='word_1_569' title='bbox 753 4047 850 4102; x_wconf 89' lang='lat' dir='ltr'><strong>per</strong></span> <span class='ocrx_word' id='word_1_570' title='bbox 887 4031 1089 4086; x_wconf 82' lang='lat' dir='ltr'><strong>Filium</strong></span> <span class='ocrx_word' id='word_1_571' title='bbox 1124 4031 1334 4087; x_wconf 69' lang='lat' dir='ltr'><strong>caneris</strong></span> <span class='ocrx_word' id='word_1_572' title='bbox 1379 4032 1636 4086; x_wconf 88' lang='lat' dir='ltr'><strong>creaturis</strong></span> <span class='ocrx_word' id='word_1_573' title='bbox 1679 4031 1856 4100; x_wconf 91' lang='lat' dir='ltr'><strong>potior</strong></span> <span class='ocrx_word' id='word_1_574' title='bbox 1906 4030 2098 4100; x_wconf 85' lang='lat' dir='ltr'><strong>factus,</strong></span> 
     </span>
    </p>
   </div>
   <div class='ocr_carea' id='block_1_71' title="bbox 509 4121 2102 4199">
    <p class='ocr_par' dir='ltr' id='par_1_71' title="bbox 509 4121 2102 4199">
     <span class='ocr_line' id='line_1_71' title="bbox 509 4121 2102 4199; baseline -0.001 -22"><span class='ocrx_word' id='word_1_575' title='bbox 509 4123 848 4199; x_wconf 86' lang='lat' dir='ltr'><strong>laudantibus</strong></span> <span class='ocrx_word' id='word_1_576' title='bbox 876 4130 1173 4178; x_wconf 87' lang='lat' dir='ltr'><strong>creatorem</strong></span> <span class='ocrx_word' id='word_1_577' title='bbox 1208 4122 1446 4190; x_wconf 82' lang='lat' dir='ltr'><strong>eunetis,</strong></span> <span class='ocrx_word' id='word_1_578' title='bbox 1465 4123 1581 4176; x_wconf 90' lang='lat' dir='ltr'><strong>sine</strong></span> <span class='ocrx_word' id='word_1_579' title='bbox 1608 4121 1763 4176; x_wconf 84' lang='lat' dir='ltr'><strong>laude</strong></span> <span class='ocrx_word' id='word_1_580' title='bbox 1791 4130 2102 4191; x_wconf 85' lang='lat' dir='ltr'><strong>perseveret</strong></span> 
     </span>
    </p>
   </div>
   <div class='ocr_carea' id='block_1_72' title="bbox 508 4204 2095 4284">
    <p class='ocr_par' dir='ltr' id='par_1_72' title="bbox 508 4204 2095 4284">
     <span class='ocr_line' id='line_1_72' title="bbox 508 4204 2095 4284; baseline 0.001 -16"><span class='ocrx_word' id='word_1_581' title='bbox 508 4215 784 4284; x_wconf 85' lang='lat' dir='ltr'><strong>ingratus?</strong></span> <span class='ocrx_word' id='word_1_582' title='bbox 815 4218 871 4268; x_wconf 79' lang='lat' dir='ltr'><strong>e&#39;t</strong></span> <span class='ocrx_word' id='word_1_583' title='bbox 899 4214 965 4269; x_wconf 90' lang='lat' dir='ltr'><strong>ab</strong></span> <span class='ocrx_word' id='word_1_584' title='bbox 993 4213 1110 4283; x_wconf 89' lang='lat' dir='ltr'><strong>ipso</strong></span> <span class='ocrx_word' id='word_1_585' title='bbox 1143 4213 1399 4268; x_wconf 87' lang='lat' dir='ltr'><strong>Dominus</strong></span> <span class='ocrx_word' id='word_1_586' title='bbox 1436 4229 1543 4269; x_wconf 93' lang='lat' dir='ltr'><strong>non</strong></span> <span class='ocrx_word' id='word_1_587' title='bbox 1578 4204 1841 4280; x_wconf 86' lang='lat' dir='ltr'><strong>laudetur,</strong></span> <span class='ocrx_word' id='word_1_588' title='bbox 1873 4213 1927 4268; x_wconf 90' lang='lat' dir='ltr'><strong>in</strong></span> <span class='ocrx_word' id='word_1_589' title='bbox 1965 4228 2095 4283; x_wconf 92' lang='lat' dir='ltr'><strong>quo,</strong></span> 
     </span>
    </p>
   </div>
   <div class='ocr_carea' id='block_1_73' title="bbox 508 4303 2096 4374">
    <p class='ocr_par' dir='ltr' id='par_1_73' title="bbox 508 4303 2096 4374">
     <span class='ocr_line' id='line_1_73' title="bbox 508 4303 2096 4374; baseline 0.001 -15"><span class='ocrx_word' id='word_1_590' title='bbox 508 4303 802 4360; x_wconf 84' lang='lat' dir='ltr'><strong>secundum</strong></span> <span class='ocrx_word' id='word_1_591' title='bbox 829 4303 1198 4359; x_wconf 88' lang='lat' dir='ltr'><strong>credulitatem</strong></span> <span class='ocrx_word' id='word_1_592' title='bbox 1231 4313 1492 4366; x_wconf 78' lang='lat' dir='ltr'><strong>vestram,</strong></span> <span class='ocrx_word' id='word_1_593' title='bbox 1534 4313 1747 4359; x_wconf 81' lang='lat' dir='ltr'><strong>creator</strong></span> <span class='ocrx_word' id='word_1_594' title='bbox 1784 4304 1898 4374; x_wconf 89' lang='lat' dir='ltr'><strong>ejus</strong></span> <span class='ocrx_word' id='word_1_595' title='bbox 1927 4306 2096 4374; x_wconf 87' lang='lat' dir='ltr'><strong>magis</strong></span> 
     </span>
    </p>
   </div>
   <div class='ocr_carea' id='block_1_74' title="bbox 508 4381 2093 4466">
    <p class='ocr_par' dir='ltr' id='par_1_74' title="bbox 508 4381 2093 4466">
     <span class='ocr_line' id='line_1_74' title="bbox 508 4381 2093 4466; baseline 0.001 -16"><span class='ocrx_word' id='word_1_596' title='bbox 508 4395 788 4451; x_wconf 83' lang='lat' dir='ltr'><strong>laudabilis</strong></span> <span class='ocrx_word' id='word_1_597' title='bbox 834 4381 1141 4451; x_wconf 71' lang='lat' dir='ltr'><strong>invenitur?</strong></span> <span class='ocrx_word' id='word_1_598' title='bbox 1199 4395 1612 4451; x_wconf 87' lang='lat' dir='ltr'><strong>Benedictiones</strong></span> <span class='ocrx_word' id='word_1_599' title='bbox 1661 4411 1877 4466; x_wconf 91' lang='lat' dir='ltr'><strong>quoque</strong></span> <span class='ocrx_word' id='word_1_600' title='bbox 1931 4398 2093 4452; x_wconf 87' lang='lat' dir='ltr'><strong>trium</strong></span> 
     </span>
    </p>
   </div>
   <div class='ocr_carea' id='block_1_75' title="bbox 507 4487 2091 4558">
    <p class='ocr_par' dir='ltr' id='par_1_75' title="bbox 507 4487 2091 4558">
     <span class='ocr_line' id='line_1_75' title="bbox 507 4487 2091 4558; baseline 0.003 -18"><span class='ocrx_word' id='word_1_601' title='bbox 507 4503 814 4557; x_wconf 87' lang='lat' dir='ltr'><strong>puerorum,</strong></span> <span class='ocrx_word' id='word_1_602' title='bbox 844 4487 984 4542; x_wconf 91' lang='lat' dir='ltr'><strong>sicut</strong></span> <span class='ocrx_word' id='word_1_603' title='bbox 1010 4487 1254 4556; x_wconf 89' lang='lat' dir='ltr'><strong>superius</strong></span> <span class='ocrx_word' id='word_1_604' title='bbox 1282 4487 1424 4555; x_wconf 61' lang='lat' dir='ltr'><strong>dixi,</strong></span> <span class='ocrx_word' id='word_1_605' title='bbox 1444 4487 1734 4558; x_wconf 86' lang='lat' dir='ltr'><strong>prudenter</strong></span> <span class='ocrx_word' id='word_1_606' title='bbox 1760 4489 1976 4544; x_wconf 88' lang='lat' dir='ltr'><strong>attende</strong></span> <span class='ocrx_word' id='word_1_607' title='bbox 2002 4508 2014 4543; x_wconf 94' lang='lat'>:</span> <span class='ocrx_word' id='word_1_608' title='bbox 2040 4491 2091 4545; x_wconf 93' lang='lat' dir='ltr'><strong>in</strong></span> 
     </span>
    </p>
   </div>
   <div class='ocr_carea' id='block_1_76' title="bbox 507 4576 2088 4648">
    <p class='ocr_par' dir='ltr' id='par_1_76' title="bbox 507 4576 2088 4648">
     <span class='ocr_line' id='line_1_76' title="bbox 507 4576 2088 4648; baseline 0.003 -18"><span class='ocrx_word' id='word_1_609' title='bbox 507 4577 698 4646; x_wconf 82' lang='lat' dir='ltr'><strong>quibus</strong></span> <span class='ocrx_word' id='word_1_610' title='bbox 725 4576 972 4648; x_wconf 86' lang='lat' dir='ltr'><strong>primitus</strong></span> <span class='ocrx_word' id='word_1_611' title='bbox 1010 4577 1082 4632; x_wconf 89' lang='lat' dir='ltr'><strong>ita</strong></span> <span class='ocrx_word' id='word_1_612' title='bbox 1115 4579 1228 4647; x_wconf 89' lang='lat' dir='ltr'><strong>ipse</strong></span> <span class='ocrx_word' id='word_1_613' title='bbox 1258 4578 1429 4633; x_wconf 80' lang='lat' dir='ltr'><strong>factor</strong></span> <span class='ocrx_word' id='word_1_614' title='bbox 1456 4579 1693 4633; x_wconf 86' lang='lat' dir='ltr'><strong>omnium</strong></span> <span class='ocrx_word' id='word_1_615' title='bbox 1717 4594 1894 4633; x_wconf 88' lang='lat' dir='ltr'><strong>rerum</strong></span> <span class='ocrx_word' id='word_1_616' title='bbox 1925 4579 2088 4634; x_wconf 88' lang='lat' dir='ltr'><strong>bene-</strong></span> 
     </span>
    </p>
   </div>
   <div class='ocr_carea' id='block_1_77' title="bbox 2206 3385 3797 3463">
    <p class='ocr_par' dir='ltr' id='par_1_77' title="bbox 2206 3385 3797 3463">
     <span class='ocr_line' id='line_1_77' title="bbox 2206 3385 3797 3463; baseline -0.001 -18"><span class='ocrx_word' id='word_1_617' title='bbox 2206 3408 2280 3457; x_wconf 80' lang='lat' dir='ltr'><strong>es,</strong></span> <span class='ocrx_word' id='word_1_618' title='bbox 2311 3393 2396 3463; x_wconf 88' lang='lat' dir='ltr'><strong>qui</strong></span> <span class='ocrx_word' id='word_1_619' title='bbox 2424 3389 2563 3445; x_wconf 84' lang='lat' dir='ltr'><strong>vides</strong></span> <span class='ocrx_word' id='word_1_620' title='bbox 2583 3387 2819 3459; x_wconf 80' lang='lat' dir='ltr'><strong>abyssos,</strong></span> <span class='ocrx_word' id='word_1_621' title='bbox 2837 3387 3019 3442; x_wconf 83' lang='lat' dir='ltr'><strong>sedens</strong></span> <span class='ocrx_word' id='word_1_622' title='bbox 3049 3400 3207 3456; x_wconf 77' lang='lat' dir='ltr'><strong>super</strong></span> <span class='ocrx_word' id='word_1_623' title='bbox 3230 3385 3512 3456; x_wconf 78' lang='lat' dir='ltr'><strong>Cherubin,</strong></span> <span class='ocrx_word' id='word_1_624' title='bbox 3535 3400 3583 3442; x_wconf 87' lang='lat' dir='ltr'><strong>et</strong></span> <span class='ocrx_word' id='word_1_625' title='bbox 3601 3391 3797 3444; x_wconf 79' lang='lat' dir='ltr'><strong>lauda-</strong></span> 
     </span>
    </p>
   </div>
   <div class='ocr_carea' id='block_1_78' title="bbox 2205 3477 3792 3552">
    <p class='ocr_par' dir='ltr' id='par_1_78' title="bbox 2205 3477 3792 3552">
     <span class='ocr_line' id='line_1_78' title="bbox 2205 3477 3792 3552; baseline 0.001 -18"><span class='ocrx_word' id='word_1_626' title='bbox 2205 3483 2342 3548; x_wconf 80' lang='lat' dir='ltr'><strong>bilis,</strong></span> <span class='ocrx_word' id='word_1_627' title='bbox 2367 3491 2417 3535; x_wconf 91' lang='lat' dir='ltr'><strong>et</strong></span> <span class='ocrx_word' id='word_1_628' title='bbox 2443 3481 2699 3552; x_wconf 89' lang='lat' dir='ltr'><strong>gloriosus</strong></span> <span class='ocrx_word' id='word_1_629' title='bbox 2723 3480 2777 3533; x_wconf 89' lang='lat' dir='ltr'><strong>in</strong></span> <span class='ocrx_word' id='word_1_630' title='bbox 2805 3479 2994 3533; x_wconf 61' lang='lat' dir='ltr'><strong>saecula</strong></span> <span class='ocrx_word' id='word_1_631' title='bbox 3025 3477 3220 3552; x_wconf 88' lang='lat' dir='ltr'><strong>(Ibid.,</strong></span> <span class='ocrx_word' id='word_1_632' title='bbox 3267 3477 3384 3533; x_wconf 68' lang='lat'><strong>55).</strong></span> <span class='ocrx_word' id='word_1_633' title='bbox 3411 3477 3475 3533; x_wconf 86' lang='lat' dir='ltr'><strong>Et</strong></span> <span class='ocrx_word' id='word_1_634' title='bbox 3502 3478 3658 3534; x_wconf 87' lang='lat' dir='ltr'><strong>Pater</strong></span> <span class='ocrx_word' id='word_1_635' title='bbox 3685 3495 3792 3536; x_wconf 86' lang='lat' dir='ltr'><strong>au-</strong></span> 
     </span>
    </p>
   </div>
   <div class='ocr_carea' id='block_1_79' title="bbox 2207 3571 3790 3642">
    <p class='ocr_par' dir='ltr' id='par_1_79' title="bbox 2207 3571 3790 3642">
     <span class='ocr_line' id='line_1_79' title="bbox 2207 3571 3790 3642; baseline -0.003 -10"><span class='ocrx_word' id='word_1_636' title='bbox 2207 3585 2333 3641; x_wconf 89' lang='lat' dir='ltr'><strong>tem,</strong></span> <span class='ocrx_word' id='word_1_637' title='bbox 2366 3583 2423 3629; x_wconf 92' lang='lat' dir='ltr'><strong>et</strong></span> <span class='ocrx_word' id='word_1_638' title='bbox 2446 3573 2627 3638; x_wconf 90' lang='lat' dir='ltr'><strong>Filius,</strong></span> <span class='ocrx_word' id='word_1_639' title='bbox 2651 3583 2706 3627; x_wconf 90' lang='lat' dir='ltr'><strong>et</strong></span> <span class='ocrx_word' id='word_1_640' title='bbox 2727 3571 2957 3642; x_wconf 90' lang='lat' dir='ltr'><strong>Spiritus</strong></span> <span class='ocrx_word' id='word_1_641' title='bbox 2980 3581 3196 3626; x_wconf 84' lang='lat' dir='ltr'><strong>sanctus</strong></span> <span class='ocrx_word' id='word_1_642' title='bbox 3221 3571 3293 3624; x_wconf 88' lang='lat' dir='ltr'><strong>ita</strong></span> <span class='ocrx_word' id='word_1_643' title='bbox 3319 3579 3486 3625; x_wconf 92' lang='lat' dir='ltr'><strong>totum</strong></span> <span class='ocrx_word' id='word_1_644' title='bbox 3507 3571 3790 3640; x_wconf 65' lang='lat' dir='ltr'><strong>mqualiter</strong></span> 
     </span>
    </p>
   </div>
   <div class='ocr_carea' id='block_1_80' title="bbox 2202 3661 3794 3734">
    <p class='ocr_par' dir='ltr' id='par_1_80' title="bbox 2202 3661 3794 3734">
     <span class='ocr_line' id='line_1_80' title="bbox 2202 3661 3794 3734; baseline -0.003 -14"><span class='ocrx_word' id='word_1_645' title='bbox 2202 3665 2368 3734; x_wconf 85' lang='lat' dir='ltr'><strong>videt,</strong></span> <span class='ocrx_word' id='word_1_646' title='bbox 2385 3666 2524 3720; x_wconf 91' lang='lat' dir='ltr'><strong>sicut</strong></span> <span class='ocrx_word' id='word_1_647' title='bbox 2541 3673 2711 3718; x_wconf 88' lang='lat' dir='ltr'><strong>totum</strong></span> <span class='ocrx_word' id='word_1_648' title='bbox 2735 3664 2847 3733; x_wconf 89' lang='lat' dir='ltr'><strong>ipsa</strong></span> <span class='ocrx_word' id='word_1_649' title='bbox 2865 3661 3098 3717; x_wconf 84' lang='lat' dir='ltr'><strong>Trinitas</strong></span> <span class='ocrx_word' id='word_1_650' title='bbox 3113 3661 3304 3731; x_wconf 88' lang='lat' dir='ltr'><strong>replet.</strong></span> <span class='ocrx_word' id='word_1_651' title='bbox 3322 3661 3432 3716; x_wconf 84' lang='lat' dir='ltr'><strong>Nec</strong></span> <span class='ocrx_word' id='word_1_652' title='bbox 3448 3661 3584 3716; x_wconf 84' lang='lat' dir='ltr'><strong>Filio</strong></span> <span class='ocrx_word' id='word_1_653' title='bbox 3601 3662 3794 3730; x_wconf 80' lang='lat' dir='ltr'><strong>igitur,</strong></span> 
     </span>
    </p>
   </div>
   <div class='ocr_carea' id='block_1_81' title="bbox 2204 3752 3796 3827">
    <p class='ocr_par' dir='ltr' id='par_1_81' title="bbox 2204 3752 3796 3827">
     <span class='ocr_line' id='line_1_81' title="bbox 2204 3752 3796 3827; baseline -0.004 -15"><span class='ocrx_word' id='word_1_654' title='bbox 2204 3773 2304 3812; x_wconf 86' lang='lat' dir='ltr'><strong>nec</strong></span> <span class='ocrx_word' id='word_1_655' title='bbox 2323 3755 2544 3827; x_wconf 86' lang='lat' dir='ltr'><strong>Spiritui</strong></span> <span class='ocrx_word' id='word_1_656' title='bbox 2564 3755 2726 3827; x_wconf 74' lang='lat'><strong>650</strong></span> <span class='ocrx_word' id='word_1_657' title='bbox 2742 3761 2931 3808; x_wconf 89' lang='lat' dir='ltr'><strong>sancto</strong></span> <span class='ocrx_word' id='word_1_658' title='bbox 2955 3753 3268 3823; x_wconf 80' lang='lat' dir='ltr'><strong>abyssorum</strong></span> <span class='ocrx_word' id='word_1_659' title='bbox 3291 3752 3428 3806; x_wconf 89' lang='lat' dir='ltr'><strong>visio</strong></span> <span class='ocrx_word' id='word_1_660' title='bbox 3456 3752 3796 3821; x_wconf 75' lang='lat' dir='ltr'><strong>denegatur;</strong></span> 
     </span>
    </p>
   </div>
   <div class='ocr_carea' id='block_1_82' title="bbox 2202 3833 3793 3921">
    <p class='ocr_par' dir='ltr' id='par_1_82' title="bbox 2202 3833 3793 3921">
     <span class='ocr_line' id='line_1_82' title="bbox 2202 3833 3793 3921; baseline -0.002 -17"><span class='ocrx_word' id='word_1_661' title='bbox 2202 3850 2457 3921; x_wconf 89' lang='lat' dir='ltr'><strong>quoniam</strong></span> <span class='ocrx_word' id='word_1_662' title='bbox 2487 3847 2601 3918; x_wconf 91' lang='lat' dir='ltr'><strong>ipsa</strong></span> <span class='ocrx_word' id='word_1_663' title='bbox 2630 3854 2815 3902; x_wconf 88' lang='lat' dir='ltr'><strong>sancta</strong></span> <span class='ocrx_word' id='word_1_664' title='bbox 2841 3845 3074 3900; x_wconf 88' lang='lat' dir='ltr'><strong>Trinitas</strong></span> <span class='ocrx_word' id='word_1_665' title='bbox 3103 3844 3260 3900; x_wconf 91' lang='lat' dir='ltr'><strong>simul</strong></span> <span class='ocrx_word' id='word_1_666' title='bbox 3282 3845 3459 3899; x_wconf 89' lang='lat' dir='ltr'><strong>omnia</strong></span> <span class='ocrx_word' id='word_1_667' title='bbox 3484 3844 3539 3898; x_wconf 88' lang='lat' dir='ltr'><strong>in</strong></span> <span class='ocrx_word' id='word_1_668' title='bbox 3565 3833 3793 3901; x_wconf 58' lang='lat' dir='ltr'><strong>caiiiset</strong></span> 
     </span>
    </p>
   </div>
   <div class='ocr_carea' id='block_1_83' title="bbox 2201 3935 3778 4007">
    <p class='ocr_par' dir='ltr' id='par_1_83' title="bbox 2201 3935 3778 4007">
     <span class='ocr_line' id='line_1_83' title="bbox 2201 3935 3778 4007; baseline -0.005 -11"><span class='ocrx_word' id='word_1_669' title='bbox 2201 3941 2256 3996; x_wconf 90' lang='lat' dir='ltr'><strong>in</strong></span> <span class='ocrx_word' id='word_1_670' title='bbox 2289 3949 2456 4007; x_wconf 81' lang='lat' dir='ltr'><strong>terra,</strong></span> <span class='ocrx_word' id='word_1_671' title='bbox 2481 3937 2709 3995; x_wconf 76' lang='lat' dir='ltr'><strong>visibilis</strong></span> <span class='ocrx_word' id='word_1_672' title='bbox 2740 3944 2796 3991; x_wconf 91' lang='lat' dir='ltr'><strong>ct</strong></span> <span class='ocrx_word' id='word_1_673' title='bbox 2839 3935 3145 3997; x_wconf 86' lang='lat' dir='ltr'><strong>invisibilia,</strong></span> <span class='ocrx_word' id='word_1_674' title='bbox 3179 3935 3583 4006; x_wconf 78' lang='lat' dir='ltr'><strong>omnipotentia:</strong></span> <span class='ocrx_word' id='word_1_675' title='bbox 3611 3944 3778 3989; x_wconf 88' lang='lat' dir='ltr'><strong>natu-</strong></span> 
     </span>
    </p>
   </div>
   <div class='ocr_carea' id='block_1_84' title="bbox 2201 4026 3788 4100">
    <p class='ocr_par' dir='ltr' id='par_1_84' title="bbox 2201 4026 3788 4100">
     <span class='ocr_line' id='line_1_84' title="bbox 2201 4026 3788 4100; baseline -0.003 -16"><span class='ocrx_word' id='word_1_676' title='bbox 2201 4029 2328 4085; x_wconf 91' lang='lat' dir='ltr'><strong>ralis</strong></span> <span class='ocrx_word' id='word_1_677' title='bbox 2355 4029 2628 4098; x_wconf 82' lang='lat' dir='ltr'><strong>agnitione</strong></span> <span class='ocrx_word' id='word_1_678' title='bbox 2665 4027 3075 4098; x_wconf 92' lang='lat' dir='ltr'><strong>complectitur:</strong></span> <span class='ocrx_word' id='word_1_679' title='bbox 3101 4035 3156 4080; x_wconf 90' lang='lat' dir='ltr'><strong>et</strong></span> <span class='ocrx_word' id='word_1_680' title='bbox 3195 4026 3246 4080; x_wconf 93' lang='lat' dir='ltr'><strong>in</strong></span> <span class='ocrx_word' id='word_1_681' title='bbox 3279 4041 3347 4080; x_wconf 90' lang='lat' dir='ltr'><strong>eo</strong></span> <span class='ocrx_word' id='word_1_682' title='bbox 3396 4027 3576 4080; x_wconf 89' lang='lat' dir='ltr'><strong>omnia</strong></span> <span class='ocrx_word' id='word_1_683' title='bbox 3600 4027 3788 4100; x_wconf 84' lang='lat' dir='ltr'><strong>mani-</strong></span> 
     </span>
    </p>
   </div>
   <div class='ocr_carea' id='block_1_85' title="bbox 2198 4117 3783 4187">
    <p class='ocr_par' dir='ltr' id='par_1_85' title="bbox 2198 4117 3783 4187">
     <span class='ocr_line' id='line_1_85' title="bbox 2198 4117 3783 4187; baseline -0.004 -9"><span class='ocrx_word' id='word_1_684' title='bbox 2198 4121 2484 4178; x_wconf 77' lang='lat' dir='ltr'><strong>festissima</strong></span> <span class='ocrx_word' id='word_1_685' title='bbox 2512 4120 2721 4177; x_wconf 84' lang='lat' dir='ltr'><strong>visione</strong></span> <span class='ocrx_word' id='word_1_686' title='bbox 2768 4119 2958 4183; x_wconf 90' lang='lat' dir='ltr'><strong>cernit,</strong></span> <span class='ocrx_word' id='word_1_687' title='bbox 2991 4118 3114 4186; x_wconf 88' lang='lat' dir='ltr'><strong>quia</strong></span> <span class='ocrx_word' id='word_1_688' title='bbox 3161 4117 3497 4187; x_wconf 88' lang='lat' dir='ltr'><strong>plenitudine</strong></span> <span class='ocrx_word' id='word_1_689' title='bbox 3531 4118 3783 4171; x_wconf 75' lang='lat' dir='ltr'><strong>scientia:</strong></span> 
     </span>
    </p>
   </div>
   <div class='ocr_carea' id='block_1_86' title="bbox 2198 4207 3787 4283">
    <p class='ocr_par' dir='ltr' id='par_1_86' title="bbox 2198 4207 3787 4283">
     <span class='ocr_line' id='line_1_86' title="bbox 2198 4207 3787 4283; baseline -0.005 -13"><span class='ocrx_word' id='word_1_690' title='bbox 2198 4228 2310 4270; x_wconf 73' lang='lat' dir='ltr'><strong>sum</strong></span> <span class='ocrx_word' id='word_1_691' title='bbox 2350 4213 2488 4268; x_wconf 90' lang='lat' dir='ltr'><strong>sicut</strong></span> <span class='ocrx_word' id='word_1_692' title='bbox 2526 4211 2797 4283; x_wconf 58' lang='lat' dir='ltr'><strong>praeterita</strong></span> <span class='ocrx_word' id='word_1_693' title='bbox 2845 4218 2900 4264; x_wconf 90' lang='lat' dir='ltr'><strong>et</strong></span> <span class='ocrx_word' id='word_1_694' title='bbox 2946 4208 3252 4279; x_wconf 70' lang='lat' dir='ltr'><strong>prtesentia,</strong></span> <span class='ocrx_word' id='word_1_695' title='bbox 3302 4208 3381 4262; x_wconf 91' lang='lat' dir='ltr'><strong>sic</strong></span> <span class='ocrx_word' id='word_1_696' title='bbox 3407 4208 3571 4262; x_wconf 87' lang='lat' dir='ltr'><strong>etiam</strong></span> <span class='ocrx_word' id='word_1_697' title='bbox 3597 4207 3787 4262; x_wconf 78' lang='lat' dir='ltr'><strong>futura</strong></span> 
     </span>
    </p>
   </div>
   <div class='ocr_carea' id='block_1_87' title="bbox 2199 4298 3797 4372">
    <p class='ocr_par' dir='ltr' id='par_1_87' title="bbox 2199 4298 3797 4372">
     <span class='ocr_line' id='line_1_87' title="bbox 2199 4298 3797 4372; baseline -0.004 -13"><span class='ocrx_word' id='word_1_698' title='bbox 2199 4305 2448 4360; x_wconf 80' lang='lat' dir='ltr'><strong>universa</strong></span> <span class='ocrx_word' id='word_1_699' title='bbox 2469 4301 2770 4372; x_wconf 86' lang='lat' dir='ltr'><strong>cognoscit.</strong></span> <span class='ocrx_word' id='word_1_700' title='bbox 2795 4299 2927 4355; x_wconf 90' lang='lat' dir='ltr'><strong>Cum</strong></span> <span class='ocrx_word' id='word_1_701' title='bbox 2959 4315 3087 4354; x_wconf 92' lang='lat' dir='ltr'><strong>vero</strong></span> <span class='ocrx_word' id='word_1_702' title='bbox 3108 4298 3300 4354; x_wconf 91' lang='lat' dir='ltr'><strong>deinde</strong></span> <span class='ocrx_word' id='word_1_703' title='bbox 3323 4299 3374 4352; x_wconf 88' lang='lat' dir='ltr'><strong>in</strong></span> <span class='ocrx_word' id='word_1_704' title='bbox 3397 4298 3797 4353; x_wconf 87' lang='lat' dir='ltr'><strong>benedictioni-</strong></span> 
     </span>
    </p>
   </div>
   <div class='ocr_carea' id='block_1_88' title="bbox 2197 4389 3793 4460">
    <p class='ocr_par' dir='ltr' id='par_1_88' title="bbox 2197 4389 3793 4460">
     <span class='ocr_line' id='line_1_88' title="bbox 2197 4389 3793 4460; baseline -0.004 -10"><span class='ocrx_word' id='word_1_705' title='bbox 2197 4395 2298 4450; x_wconf 83' lang='lat' dir='ltr'><strong>bus</strong></span> <span class='ocrx_word' id='word_1_706' title='bbox 2325 4394 2518 4449; x_wconf 83' lang='lat' dir='ltr'><strong>dicitur</strong></span> <span class='ocrx_word' id='word_1_707' title='bbox 2548 4411 2560 4445; x_wconf 90' lang='lat'>:</span> <span class='ocrx_word' id='word_1_708' title='bbox 2596 4391 2900 4445; x_wconf 83' lang='lat' dir='ltr'><strong>Benedictus</strong></span> <span class='ocrx_word' id='word_1_709' title='bbox 2937 4407 2993 4444; x_wconf 88' lang='lat' dir='ltr'><strong>es</strong></span> <span class='ocrx_word' id='word_1_710' title='bbox 3025 4406 3181 4460; x_wconf 84' lang='lat' dir='ltr'><strong>supra</strong></span> <span class='ocrx_word' id='word_1_711' title='bbox 3213 4389 3382 4448; x_wconf 81' lang='lat' dir='ltr'><strong>sedem</strong></span> <span class='ocrx_word' id='word_1_712' title='bbox 3430 4389 3576 4460; x_wconf 84' lang='lat' dir='ltr'><strong>regni</strong></span> <span class='ocrx_word' id='word_1_713' title='bbox 3603 4391 3709 4453; x_wconf 88' lang='lat' dir='ltr'><strong>tui,</strong></span> <span class='ocrx_word' id='word_1_714' title='bbox 3734 4402 3793 4443; x_wconf 78' lang='lat' dir='ltr'><strong>et</strong></span> 
     </span>
    </p>
   </div>
   <div class='ocr_carea' id='block_1_89' title="bbox 2197 4480 3793 4555">
    <p class='ocr_par' dir='ltr' id='par_1_89' title="bbox 2197 4480 3793 4555">
     <span class='ocr_line' id='line_1_89' title="bbox 2197 4480 3793 4555; baseline -0.003 -16"><span class='ocrx_word' id='word_1_715' title='bbox 2197 4486 2495 4552; x_wconf 85' lang='lat' dir='ltr'><strong>laudabilis,</strong></span> <span class='ocrx_word' id='word_1_716' title='bbox 2528 4493 2577 4538; x_wconf 84' lang='lat' dir='ltr'><strong>et</strong></span> <span class='ocrx_word' id='word_1_717' title='bbox 2605 4485 2862 4555; x_wconf 85' lang='lat' dir='ltr'><strong>gloriosus</strong></span> <span class='ocrx_word' id='word_1_718' title='bbox 2887 4483 2941 4535; x_wconf 89' lang='lat' dir='ltr'><strong>in</strong></span> <span class='ocrx_word' id='word_1_719' title='bbox 2979 4482 3171 4536; x_wconf 77' lang='lat' dir='ltr'><strong>stecula</strong></span> <span class='ocrx_word' id='word_1_720' title='bbox 3202 4480 3390 4554; x_wconf 75' lang='lat' dir='ltr'><strong>(Ibid,</strong></span> <span class='ocrx_word' id='word_1_721' title='bbox 3409 4480 3533 4554; x_wconf 48' lang='lat'><strong>.54),</strong></span> <span class='ocrx_word' id='word_1_722' title='bbox 3559 4481 3681 4551; x_wconf 91' lang='lat' dir='ltr'><strong>quis</strong></span> <span class='ocrx_word' id='word_1_723' title='bbox 3707 4481 3793 4535; x_wconf 78' lang='lat' dir='ltr'><strong>ita</strong></span> 
     </span>
    </p>
   </div>
   <div class='ocr_carea' id='block_1_90' title="bbox 2197 4571 3786 4648">
    <p class='ocr_par' dir='ltr' id='par_1_90' title="bbox 2197 4571 3786 4648">
     <span class='ocr_line' id='line_1_90' title="bbox 2197 4571 3786 4648; baseline -0.004 -16"><span class='ocrx_word' id='word_1_724' title='bbox 2197 4577 2444 4648; x_wconf 89' lang='lat' dir='ltr'><strong>desipiat,</strong></span> <span class='ocrx_word' id='word_1_725' title='bbox 2481 4584 2538 4630; x_wconf 92' lang='lat' dir='ltr'><strong>ut</strong></span> <span class='ocrx_word' id='word_1_726' title='bbox 2560 4575 2631 4630; x_wconf 86' lang='lat' dir='ltr'><strong>ab</strong></span> <span class='ocrx_word' id='word_1_727' title='bbox 2656 4575 2757 4628; x_wconf 86' lang='lat' dir='ltr'><strong>hac</strong></span> <span class='ocrx_word' id='word_1_728' title='bbox 2782 4573 3153 4628; x_wconf 89' lang='lat' dir='ltr'><strong>benedictione</strong></span> <span class='ocrx_word' id='word_1_729' title='bbox 3181 4571 3373 4626; x_wconf 87' lang='lat' dir='ltr'><strong>Filium</strong></span> <span class='ocrx_word' id='word_1_730' title='bbox 3401 4579 3495 4625; x_wconf 92' lang='lat' dir='ltr'><strong>aut</strong></span> <span class='ocrx_word' id='word_1_731' title='bbox 3517 4571 3786 4641; x_wconf 84' lang='lat' dir='ltr'><strong>Spiritum</strong></span> 
     </span>
    </p>
   </div>
   <div class='ocr_carea' id='block_1_91' title="bbox 506 4662 3788 4738">
    <p class='ocr_par' dir='ltr' id='par_1_91' title="bbox 506 4662 3788 4738">
     <span class='ocr_line' id='line_1_91' title="bbox 506 4662 3788 4738; baseline -0 -18"><span class='ocrx_word' id='word_1_732' title='bbox 506 4669 720 4734; x_wconf 77' lang='lat' dir='ltr'><strong>dicitur,</strong></span> <span class='ocrx_word' id='word_1_733' title='bbox 766 4676 824 4722; x_wconf 92' lang='lat' dir='ltr'><strong>ut</strong></span> <span class='ocrx_word' id='word_1_734' title='bbox 869 4668 919 4724; x_wconf 93' lang='lat' dir='ltr'><strong>ei</strong></span> <span class='ocrx_word' id='word_1_735' title='bbox 957 4668 1165 4723; x_wconf 89' lang='lat' dir='ltr'><strong>dicatur</strong></span> <span class='ocrx_word' id='word_1_736' title='bbox 1197 4686 1210 4723; x_wconf 89' lang='lat'><strong>:</strong></span> <span class='ocrx_word' id='word_1_737' title='bbox 1247 4667 1553 4724; x_wconf 86' lang='lat' dir='ltr'><strong>Benedictus</strong></span> <span class='ocrx_word' id='word_1_738' title='bbox 1591 4687 1672 4735; x_wconf 87' lang='lat' dir='ltr'><strong>es,</strong></span> <span class='ocrx_word' id='word_1_739' title='bbox 1707 4669 1927 4725; x_wconf 86' lang='lat' dir='ltr'><strong>Domine</strong></span> <span class='ocrx_word' id='word_1_740' title='bbox 1955 4669 2097 4726; x_wconf 83' lang='lat' dir='ltr'><strong>Deus</strong></span> <span class='ocrx_word' id='word_1_741' title='bbox 2126 4669 2171 4728; x_wconf 94' lang='lat' dir='ltr'><strong>D</strong></span> <span class='ocrx_word' id='word_1_742' title='bbox 2198 4677 2443 4724; x_wconf 89' lang='lat' dir='ltr'><strong>sanctum</strong></span> <span class='ocrx_word' id='word_1_743' title='bbox 2496 4681 2750 4738; x_wconf 89' lang='lat' dir='ltr'><strong>separare</strong></span> <span class='ocrx_word' id='word_1_744' title='bbox 2819 4664 3146 4721; x_wconf 87' lang='lat' dir='ltr'><strong>contendat?</strong></span> <span class='ocrx_word' id='word_1_745' title='bbox 3201 4680 3322 4718; x_wconf 90' lang='lat' dir='ltr'><strong>cum</strong></span> <span class='ocrx_word' id='word_1_746' title='bbox 3377 4664 3565 4719; x_wconf 89' lang='lat' dir='ltr'><strong>beatus</strong></span> <span class='ocrx_word' id='word_1_747' title='bbox 3613 4662 3788 4719; x_wconf 82' lang='lat' dir='ltr'><strong>Isaias</strong></span> 
     </span>
    </p>
   </div>
   <div class='ocr_carea' id='block_1_92' title="bbox 504 4759 2088 4838">
    <p class='ocr_par' dir='ltr' id='par_1_92' title="bbox 504 4759 2088 4838">
     <span class='ocr_line' id='line_1_92' title="bbox 504 4759 2088 4838; baseline 0.004 -28"><span class='ocrx_word' id='word_1_748' title='bbox 504 4768 707 4830; x_wconf 81' lang='lat' dir='ltr'><strong>patrum</strong></span> <span class='ocrx_word' id='word_1_749' title='bbox 737 4768 1050 4829; x_wconf 83' lang='lat' dir='ltr'><strong>nostrorum,</strong></span> <span class='ocrx_word' id='word_1_750' title='bbox 1079 4759 1447 4826; x_wconf 61' lang='lat' dir='ltr'><strong>calaudabilis,</strong></span> <span class='ocrx_word' id='word_1_751' title='bbox 1471 4771 1519 4838; x_wconf 74' lang='lat' dir='ltr'><strong>et</strong></span> <span class='ocrx_word' id='word_1_752' title='bbox 1539 4761 1802 4832; x_wconf 77' lang='lat' dir='ltr'><strong>gloriosus</strong></span> <span class='ocrx_word' id='word_1_753' title='bbox 1821 4763 1874 4815; x_wconf 90' lang='lat' dir='ltr'><strong>in</strong></span> <span class='ocrx_word' id='word_1_754' title='bbox 1895 4764 2088 4816; x_wconf 65' lang='lat' dir='ltr'><strong>sarcula</strong></span> 
     </span>
    </p>
   </div>
   <div class='ocr_carea' id='block_1_93' title="bbox 505 4849 2085 4921">
    <p class='ocr_par' dir='ltr' id='par_1_93' title="bbox 505 4849 2085 4921">
     <span class='ocr_line' id='line_1_93' title="bbox 505 4849 2085 4921; baseline 0.004 -20"><span class='ocrx_word' id='word_1_755' title='bbox 505 4849 675 4919; x_wconf 82' lang='lat' dir='ltr'><strong>(Dan.</strong></span> <span class='ocrx_word' id='word_1_756' title='bbox 698 4866 772 4917; x_wconf 75' lang='lat' dir='ltr'><strong>in,</strong></span> <span class='ocrx_word' id='word_1_757' title='bbox 824 4850 936 4920; x_wconf 58' lang='grc' dir='ltr'><strong>δε).</strong></span> <span class='ocrx_word' id='word_1_758' title='bbox 970 4849 1130 4920; x_wconf 85' lang='lat' dir='ltr'><strong>Ecce,</strong></span> <span class='ocrx_word' id='word_1_759' title='bbox 1181 4860 1288 4906; x_wconf 89' lang='lat' dir='ltr'><strong>tres</strong></span> <span class='ocrx_word' id='word_1_760' title='bbox 1316 4852 1393 4906; x_wconf 90' lang='lat' dir='ltr'><strong>illi</strong></span> <span class='ocrx_word' id='word_1_761' title='bbox 1434 4860 1684 4921; x_wconf 89' lang='lat' dir='ltr'><strong>tauquam</strong></span> <span class='ocrx_word' id='word_1_762' title='bbox 1715 4869 1792 4907; x_wconf 50' lang='lat' dir='ltr'><strong>ex.</strong></span> <span class='ocrx_word' id='word_1_763' title='bbox 1831 4867 1942 4907; x_wconf 93' lang='lat' dir='ltr'><strong>uno</strong></span> <span class='ocrx_word' id='word_1_764' title='bbox 1971 4869 2085 4920; x_wconf 90' lang='lat' dir='ltr'><strong>ore,</strong></span> 
     </span>
    </p>
   </div>
   <div class='ocr_carea' id='block_1_94' title="bbox 505 4940 2088 5013">
    <p class='ocr_par' dir='ltr' id='par_1_94' title="bbox 505 4940 2088 5013">
     <span class='ocr_line' id='line_1_94' title="bbox 505 4940 2088 5013; baseline 0 -18"><span class='ocrx_word' id='word_1_765' title='bbox 505 4940 788 4997; x_wconf 90' lang='lat' dir='ltr'><strong>Dominum</strong></span> <span class='ocrx_word' id='word_1_766' title='bbox 824 4942 993 4996; x_wconf 87' lang='lat' dir='ltr'><strong>Deum</strong></span> <span class='ocrx_word' id='word_1_767' title='bbox 1021 4950 1077 4998; x_wconf 89' lang='lat' dir='ltr'><strong>et</strong></span> <span class='ocrx_word' id='word_1_768' title='bbox 1118 4941 1439 4997; x_wconf 87' lang='lat' dir='ltr'><strong>benedicere</strong></span> <span class='ocrx_word' id='word_1_769' title='bbox 1469 4951 1523 4997; x_wconf 88' lang='lat' dir='ltr'><strong>et</strong></span> <span class='ocrx_word' id='word_1_770' title='bbox 1563 4942 1864 4998; x_wconf 68' lang='lat' dir='ltr'><strong>laudare‘et</strong></span> <span class='ocrx_word' id='word_1_771' title='bbox 1887 4943 2088 5013; x_wconf 82' lang='lat' dir='ltr'><strong>glorili-</strong></span> 
     </span>
    </p>
   </div>
   <div class='ocr_carea' id='block_1_95' title="bbox 503 5031 2089 5102">
    <p class='ocr_par' dir='ltr' id='par_1_95' title="bbox 503 5031 2089 5102">
     <span class='ocr_line' id='line_1_95' title="bbox 503 5031 2089 5102; baseline 0.002 -14"><span class='ocrx_word' id='word_1_772' title='bbox 503 5048 630 5088; x_wconf 90' lang='lat' dir='ltr'><strong>care</strong></span> <span class='ocrx_word' id='word_1_773' title='bbox 659 5049 764 5088; x_wconf 91' lang='lat' dir='ltr'><strong>non</strong></span> <span class='ocrx_word' id='word_1_774' title='bbox 792 5031 1062 5087; x_wconf 81' lang='lat' dir='ltr'><strong>desinunt.</strong></span> <span class='ocrx_word' id='word_1_775' title='bbox 1114 5031 1214 5087; x_wconf 87' lang='lat' dir='ltr'><strong>Ubi</strong></span> <span class='ocrx_word' id='word_1_776' title='bbox 1240 5033 1413 5088; x_wconf 89' lang='lat' dir='ltr'><strong>solum</strong></span> <span class='ocrx_word' id='word_1_777' title='bbox 1443 5031 1655 5088; x_wconf 88' lang='lat' dir='ltr'><strong>Patrem</strong></span> <span class='ocrx_word' id='word_1_778' title='bbox 1705 5032 1924 5102; x_wconf 87' lang='lat' dir='ltr'><strong>intelligi</strong></span> <span class='ocrx_word' id='word_1_779' title='bbox 1947 5036 2089 5091; x_wconf 78' lang='lat' dir='ltr'><strong>Scri-</strong></span> 
     </span>
    </p>
   </div>
   <div class='ocr_carea' id='block_1_96' title="bbox 500 5124 2095 5196">
    <p class='ocr_par' dir='ltr' id='par_1_96' title="bbox 500 5124 2095 5196">
     <span class='ocr_line' id='line_1_96' title="bbox 500 5124 2095 5196; baseline 0.002 -18"><span class='ocrx_word' id='word_1_780' title='bbox 500 5135 672 5194; x_wconf 66' lang='lat' dir='ltr'><strong>ptura!</strong></span> <span class='ocrx_word' id='word_1_781' title='bbox 694 5124 884 5179; x_wconf 76' lang='lat' dir='ltr'><strong>divina:</strong></span> <span class='ocrx_word' id='word_1_782' title='bbox 907 5142 1015 5180; x_wconf 88' lang='lat' dir='ltr'><strong>non</strong></span> <span class='ocrx_word' id='word_1_783' title='bbox 1037 5126 1296 5196; x_wconf 74' lang='lat' dir='ltr'><strong>permittit</strong></span> <span class='ocrx_word' id='word_1_784' title='bbox 1323 5125 1644 5191; x_wconf 89' lang='lat' dir='ltr'><strong>auctoritas;</strong></span> <span class='ocrx_word' id='word_1_785' title='bbox 1669 5125 1917 5195; x_wconf 88' lang='lat' dir='ltr'><strong>primitus</strong></span> <span class='ocrx_word' id='word_1_786' title='bbox 1941 5127 2095 5182; x_wconf 86' lang='lat' dir='ltr'><strong>enim-</strong></span> 
     </span>
    </p>
   </div>
   <div class='ocr_carea' id='block_1_97' title="bbox 501 5216 2104 5289">
    <p class='ocr_par' dir='ltr' id='par_1_97' title="bbox 501 5216 2104 5289">
     <span class='ocr_line' id='line_1_97' title="bbox 501 5216 2104 5289; baseline 0.001 -19"><span class='ocrx_word' id='word_1_787' title='bbox 501 5219 568 5273; x_wconf 88' lang='lat' dir='ltr'><strong>ab</strong></span> <span class='ocrx_word' id='word_1_788' title='bbox 597 5216 705 5274; x_wconf 90' lang='lat' dir='ltr'><strong>illis</strong></span> <span class='ocrx_word' id='word_1_789' title='bbox 733 5219 900 5273; x_wconf 89' lang='lat' dir='ltr'><strong>tribus</strong></span> <span class='ocrx_word' id='word_1_790' title='bbox 929 5219 1108 5289; x_wconf 86' lang='lat' dir='ltr'><strong>pueris</strong></span> <span class='ocrx_word' id='word_1_791' title='bbox 1132 5218 1348 5288; x_wconf 83' lang='lat' dir='ltr'><strong>ponitur</strong></span> <span class='ocrx_word' id='word_1_792' title='bbox 1377 5237 1389 5271; x_wconf 91' lang='lat'><strong>:</strong></span> <span class='ocrx_word' id='word_1_793' title='bbox 1418 5217 1747 5272; x_wconf 85' lang='lat' dir='ltr'><strong>Benedictum</strong></span> <span class='ocrx_word' id='word_1_794' title='bbox 1777 5233 1958 5271; x_wconf 89' lang='lat' dir='ltr'><strong>nomen</strong></span> <span class='ocrx_word' id='word_1_795' title='bbox 1987 5220 2104 5287; x_wconf 45' lang='lat' dir='ltr'><strong>glow</strong></span> 
     </span>
    </p>
   </div>
   <div class='ocr_carea' id='block_1_98' title="bbox 501 5308 2089 5383">
    <p class='ocr_par' dir='ltr' id='par_1_98' title="bbox 501 5308 2089 5383">
     <span class='ocr_line' id='line_1_98' title="bbox 501 5308 2089 5383; baseline 0.001 -22"><span class='ocrx_word' id='word_1_796' title='bbox 501 5310 595 5364; x_wconf 79' lang='lat' dir='ltr'><strong>ria:</strong></span> <span class='ocrx_word' id='word_1_797' title='bbox 623 5319 750 5375; x_wconf 66' lang='lat' dir='ltr'><strong>tua,</strong></span> <span class='ocrx_word' id='word_1_798' title='bbox 769 5311 905 5383; x_wconf 84' lang='lat' dir='ltr'><strong>quod</strong></span> <span class='ocrx_word' id='word_1_799' title='bbox 923 5321 999 5364; x_wconf 88' lang='lat' dir='ltr'><strong>est</strong></span> <span class='ocrx_word' id='word_1_800' title='bbox 1025 5320 1278 5376; x_wconf 83' lang='lat' dir='ltr'><strong>sanctum,</strong></span> <span class='ocrx_word' id='word_1_801' title='bbox 1302 5320 1351 5363; x_wconf 87' lang='lat' dir='ltr'><strong>et</strong></span> <span class='ocrx_word' id='word_1_802' title='bbox 1370 5310 1630 5364; x_wconf 86' lang='lat' dir='ltr'><strong>laudabile</strong></span> <span class='ocrx_word' id='word_1_803' title='bbox 1657 5318 1706 5362; x_wconf 88' lang='lat' dir='ltr'><strong>et</strong></span> <span class='ocrx_word' id='word_1_804' title='bbox 1733 5308 2013 5380; x_wconf 86' lang='lat' dir='ltr'><strong>gloriosum</strong></span> <span class='ocrx_word' id='word_1_805' title='bbox 2036 5311 2089 5363; x_wconf 90' lang='lat' dir='ltr'><strong>in</strong></span> 
     </span>
    </p>
   </div>
   <div class='ocr_carea' id='block_1_99' title="bbox 499 5404 2087 5476">
    <p class='ocr_par' dir='ltr' id='par_1_99' title="bbox 499 5404 2087 5476">
     <span class='ocr_line' id='line_1_99' title="bbox 499 5404 2087 5476; baseline -0.003 -17"><span class='ocrx_word' id='word_1_806' title='bbox 499 5407 694 5460; x_wconf 79' lang='lat' dir='ltr'><strong>swcula</strong></span> <span class='ocrx_word' id='word_1_807' title='bbox 731 5406 749 5476; x_wconf 96' lang='lat'><strong>(</strong></span> <span class='ocrx_word' id='word_1_808' title='bbox 773 5404 1043 5474; x_wconf 89' lang='lat' dir='ltr'><strong>Ibidem);</strong></span> <span class='ocrx_word' id='word_1_809' title='bbox 1089 5404 1226 5458; x_wconf 86' lang='lat' dir='ltr'><strong>istud</strong></span> <span class='ocrx_word' id='word_1_810' title='bbox 1257 5412 1443 5458; x_wconf 86' lang='lat' dir='ltr'><strong>autem</strong></span> <span class='ocrx_word' id='word_1_811' title='bbox 1471 5419 1666 5458; x_wconf 86' lang='lat' dir='ltr'><strong>nomen</strong></span> <span class='ocrx_word' id='word_1_812' title='bbox 1689 5410 1958 5468; x_wconf 90' lang='lat' dir='ltr'><strong>sanctum,</strong></span> <span class='ocrx_word' id='word_1_813' title='bbox 1982 5417 2087 5455; x_wconf 89' lang='lat' dir='ltr'><strong>non</strong></span> 
     </span>
    </p>
   </div>
   <div class='ocr_carea' id='block_1_100' title="bbox 500 5489 2087 5559">
    <p class='ocr_par' dir='ltr' id='par_1_100' title="bbox 500 5489 2087 5559">
     <span class='ocr_line' id='line_1_100' title="bbox 500 5489 2087 5559; baseline -0.002 -10"><span class='ocrx_word' id='word_1_814' title='bbox 500 5495 666 5550; x_wconf 82' lang='lat' dir='ltr'><strong>solius</strong></span> <span class='ocrx_word' id='word_1_815' title='bbox 697 5495 885 5559; x_wconf 79' lang='lat' dir='ltr'><strong>Patris,</strong></span> <span class='ocrx_word' id='word_1_816' title='bbox 917 5495 1012 5550; x_wconf 83' lang='lat' dir='ltr'><strong>sed</strong></span> <span class='ocrx_word' id='word_1_817' title='bbox 1052 5509 1215 5550; x_wconf 91' lang='lat' dir='ltr'><strong>unum</strong></span> <span class='ocrx_word' id='word_1_818' title='bbox 1254 5492 1497 5548; x_wconf 78' lang='lat' dir='ltr'><strong>naturale</strong></span> <span class='ocrx_word' id='word_1_819' title='bbox 1526 5507 1720 5547; x_wconf 81' lang='lat' dir='ltr'><strong>nomen</strong></span> <span class='ocrx_word' id='word_1_820' title='bbox 1750 5500 1831 5546; x_wconf 88' lang='lat' dir='ltr'><strong>est</strong></span> <span class='ocrx_word' id='word_1_821' title='bbox 1853 5489 2087 5546; x_wconf 80' lang='lat' dir='ltr'><strong>Trinita-</strong></span> 
     </span>
    </p>
   </div>
   <div class='ocr_carea' id='block_1_101' title="bbox 505 5583 2088 5658">
    <p class='ocr_par' dir='ltr' id='par_1_101' title="bbox 505 5583 2088 5658">
     <span class='ocr_line' id='line_1_101' title="bbox 505 5583 2088 5658; baseline 0 -21"><span class='ocrx_word' id='word_1_822' title='bbox 505 5583 571 5638; x_wconf 89' lang='lat' dir='ltr'><strong>tis</strong></span> <span class='ocrx_word' id='word_1_823' title='bbox 590 5586 762 5655; x_wconf 88' lang='lat' dir='ltr'><strong>:quod</strong></span> <span class='ocrx_word' id='word_1_824' title='bbox 784 5588 1029 5658; x_wconf 86' lang='lat' dir='ltr'><strong>superius</strong></span> <span class='ocrx_word' id='word_1_825' title='bbox 1056 5595 1139 5641; x_wconf 89' lang='lat' dir='ltr'><strong>est</strong></span> <span class='ocrx_word' id='word_1_826' title='bbox 1159 5601 1191 5641; x_wconf 89' lang='lat' dir='ltr'><strong>a</strong></span> <span class='ocrx_word' id='word_1_827' title='bbox 1233 5587 1388 5640; x_wconf 87' lang='lat' dir='ltr'><strong>nobis</strong></span> <span class='ocrx_word' id='word_1_828' title='bbox 1418 5583 1632 5641; x_wconf 77' lang='lat' dir='ltr'><strong>sancti-1</strong></span> <span class='ocrx_word' id='word_1_829' title='bbox 1663 5583 1758 5637; x_wconf 77' lang='lat' dir='ltr'><strong>aia:</strong></span> <span class='ocrx_word' id='word_1_830' title='bbox 1782 5583 2088 5637; x_wconf 78' lang='lat' dir='ltr'><strong>testimonio</strong></span> 
     </span>
    </p>
   </div>
   <div class='ocr_carea' id='block_1_102' title="bbox 503 5673 2085 5749">
    <p class='ocr_par' dir='ltr' id='par_1_102' title="bbox 503 5673 2085 5749">
     <span class='ocr_line' id='line_1_102' title="bbox 503 5673 2085 5749; baseline 0.001 -23"><span class='ocrx_word' id='word_1_831' title='bbox 503 5674 948 5744; x_wconf 87' lang='lat' dir='ltr'><strong>demonstratum,</strong></span> <span class='ocrx_word' id='word_1_832' title='bbox 979 5679 1070 5749; x_wconf 91' lang='lat' dir='ltr'><strong>qui</strong></span> <span class='ocrx_word' id='word_1_833' title='bbox 1099 5677 1360 5748; x_wconf 79' lang='lat' dir='ltr'><strong>Seraphin</strong></span> <span class='ocrx_word' id='word_1_834' title='bbox 1391 5675 1457 5730; x_wconf 86' lang='lat' dir='ltr'><strong>ad</strong></span> <span class='ocrx_word' id='word_1_835' title='bbox 1487 5676 1714 5730; x_wconf 85' lang='lat' dir='ltr'><strong>invicem</strong></span> <span class='ocrx_word' id='word_1_836' title='bbox 1743 5674 1822 5728; x_wconf 89' lang='lat' dir='ltr'><strong>sic</strong></span> <span class='ocrx_word' id='word_1_837' title='bbox 1850 5673 2085 5728; x_wconf 83' lang='lat' dir='ltr'><strong>clamare</strong></span> 
     </span>
    </p>
   </div>
   <div class='ocr_carea' id='block_1_103' title="bbox 503 5762 2082 5833">
    <p class='ocr_par' dir='ltr' id='par_1_103' title="bbox 503 5762 2082 5833">
     <span class='ocr_line' id='line_1_103' title="bbox 503 5762 2082 5833; baseline -0.001 -15"><span class='ocrx_word' id='word_1_838' title='bbox 503 5774 890 5821; x_wconf 78' lang='lat' dir='ltr'><strong>commemorat</strong></span> <span class='ocrx_word' id='word_1_839' title='bbox 940 5785 951 5818; x_wconf 89' lang='lat'><strong>:</strong></span> <span class='ocrx_word' id='word_1_840' title='bbox 1003 5767 1249 5833; x_wconf 77' lang='lat' dir='ltr'><strong>Sanctus,</strong></span> <span class='ocrx_word' id='word_1_841' title='bbox 1303 5777 1536 5833; x_wconf 82' lang='lat' dir='ltr'><strong>sanctus,</strong></span> <span class='ocrx_word' id='word_1_842' title='bbox 1573 5775 1784 5821; x_wconf 69' lang='lat' dir='ltr'><strong>sanctus</strong></span> <span class='ocrx_word' id='word_1_843' title='bbox 1834 5762 2082 5818; x_wconf 86' lang='lat' dir='ltr'><strong>Dominus</strong></span> 
     </span>
    </p>
   </div>
   <div class='ocr_carea' id='block_1_104' title="bbox 2194 4754 3784 4819">
    <p class='ocr_par' dir='ltr' id='par_1_104' title="bbox 2194 4754 3784 4819">
     <span class='ocr_line' id='line_1_104' title="bbox 2194 4754 3784 4819; baseline -0.003 -5"><span class='ocrx_word' id='word_1_844' title='bbox 2194 4774 2358 4814; x_wconf 89' lang='lat' dir='ltr'><strong>unam</strong></span> <span class='ocrx_word' id='word_1_845' title='bbox 2383 4774 2501 4812; x_wconf 90' lang='lat' dir='ltr'><strong>esse</strong></span> <span class='ocrx_word' id='word_1_846' title='bbox 2527 4757 2711 4814; x_wconf 87' lang='lat' dir='ltr'><strong>sedem</strong></span> <span class='ocrx_word' id='word_1_847' title='bbox 2739 4765 2934 4812; x_wconf 64' lang='lat' dir='ltr'><strong>sancta:</strong></span> <span class='ocrx_word' id='word_1_848' title='bbox 2964 4754 3239 4809; x_wconf 89' lang='lat' dir='ltr'><strong>Trinitatis</strong></span> <span class='ocrx_word' id='word_1_849' title='bbox 3267 4755 3517 4819; x_wconf 88' lang='lat' dir='ltr'><strong>insinuet,</strong></span> <span class='ocrx_word' id='word_1_850' title='bbox 3548 4754 3736 4811; x_wconf 88' lang='lat' dir='ltr'><strong>dicens</strong></span> <span class='ocrx_word' id='word_1_851' title='bbox 3767 4772 3784 4809; x_wconf 88' lang='lat'><strong>:</strong></span> 
     </span>
    </p>
   </div>
   <div class='ocr_carea' id='block_1_105' title="bbox 2203 4845 3789 4915">
    <p class='ocr_par' dir='ltr' id='par_1_105' title="bbox 2203 4845 3789 4915">
     <span class='ocr_line' id='line_1_105' title="bbox 2203 4845 3789 4915; baseline -0.003 -10"><span class='ocrx_word' id='word_1_852' title='bbox 2203 4851 2320 4905; x_wconf 73' lang='lat' dir='ltr'><strong>Vidi</strong></span> <span class='ocrx_word' id='word_1_853' title='bbox 2346 4849 2622 4905; x_wconf 83' lang='lat' dir='ltr'><strong>Dominum</strong></span> <span class='ocrx_word' id='word_1_854' title='bbox 2650 4849 2906 4902; x_wconf 82' lang='lat' dir='ltr'><strong>sedentem</strong></span> <span class='ocrx_word' id='word_1_855' title='bbox 2929 4863 3082 4915; x_wconf 83' lang='lat' dir='ltr'><strong>super</strong></span> <span class='ocrx_word' id='word_1_856' title='bbox 3110 4845 3298 4900; x_wconf 86' lang='lat' dir='ltr'><strong>solium</strong></span> <span class='ocrx_word' id='word_1_857' title='bbox 3321 4846 3578 4900; x_wconf 73' lang='lat' dir='ltr'><strong>excelsum</strong></span> <span class='ocrx_word' id='word_1_858' title='bbox 3598 4856 3648 4900; x_wconf 88' lang='lat' dir='ltr'><strong>et</strong></span> <span class='ocrx_word' id='word_1_859' title='bbox 3674 4847 3789 4901; x_wconf 84' lang='lat' dir='ltr'><strong>ele-</strong></span> 
     </span>
    </p>
   </div>
   <div class='ocr_carea' id='block_1_106' title="bbox 2193 4937 3784 5013">
    <p class='ocr_par' dir='ltr' id='par_1_106' title="bbox 2193 4937 3784 5013">
     <span class='ocr_line' id='line_1_106' title="bbox 2193 4937 3784 5013; baseline -0.001 -18"><span class='ocrx_word' id='word_1_860' title='bbox 2193 4951 2366 4997; x_wconf 84' lang='lat' dir='ltr'><strong>vatum</strong></span> <span class='ocrx_word' id='word_1_861' title='bbox 2400 4939 2543 5013; x_wconf 71' lang='lat' dir='ltr'><strong>(Isar</strong></span> <span class='ocrx_word' id='word_1_862' title='bbox 2567 4956 2640 5004; x_wconf 76' lang='lat' dir='ltr'><strong>vr,</strong></span> <span class='ocrx_word' id='word_1_863' title='bbox 2673 4939 2752 5010; x_wconf 82' lang='lat' dir='ltr'><strong>l).</strong></span> <span class='ocrx_word' id='word_1_864' title='bbox 2781 4937 2948 5005; x_wconf 84' lang='lat' dir='ltr'><strong>Quem</strong></span> <span class='ocrx_word' id='word_1_865' title='bbox 2979 4937 3301 5006; x_wconf 85' lang='lat' dir='ltr'><strong>Dominum,</strong></span> <span class='ocrx_word' id='word_1_866' title='bbox 3327 4937 3681 4993; x_wconf 85' lang='lat' dir='ltr'><strong>clamantibus</strong></span> <span class='ocrx_word' id='word_1_867' title='bbox 3708 4941 3784 4993; x_wconf 80' lang='lat' dir='ltr'><strong>ad</strong></span> 
     </span>
    </p>
   </div>
   <div class='ocr_carea' id='block_1_107' title="bbox 2194 5028 3792 5100">
    <p class='ocr_par' dir='ltr' id='par_1_107' title="bbox 2194 5028 3792 5100">
     <span class='ocr_line' id='line_1_107' title="bbox 2194 5028 3792 5100; baseline -0.002 -14"><span class='ocrx_word' id='word_1_868' title='bbox 2194 5032 2420 5088; x_wconf 90' lang='lat' dir='ltr'><strong>invicem</strong></span> <span class='ocrx_word' id='word_1_869' title='bbox 2446 5030 2739 5100; x_wconf 80' lang='lat' dir='ltr'><strong>Seraphin,</strong></span> <span class='ocrx_word' id='word_1_870' title='bbox 2763 5029 2835 5084; x_wconf 89' lang='lat' dir='ltr'><strong>ita</strong></span> <span class='ocrx_word' id='word_1_871' title='bbox 2884 5028 3162 5098; x_wconf 72' lang='lat' dir='ltr'><strong>prmdicari</strong></span> <span class='ocrx_word' id='word_1_872' title='bbox 3190 5038 3582 5083; x_wconf 86' lang='lat' dir='ltr'><strong>commemorat</strong></span> <span class='ocrx_word' id='word_1_873' title='bbox 3608 5047 3620 5081; x_wconf 92' lang='lat'><strong>:</strong></span> <span class='ocrx_word' id='word_1_874' title='bbox 3651 5030 3792 5084; x_wconf 82' lang='lat' dir='ltr'><strong>San-</strong></span> 
     </span>
    </p>
   </div>
   <div class='ocr_carea' id='block_1_108' title="bbox 2195 5108 3793 5196">
    <p class='ocr_par' dir='ltr' id='par_1_108' title="bbox 2195 5108 3793 5196">
     <span class='ocr_line' id='line_1_108' title="bbox 2195 5108 3793 5196; baseline -0.002 -19"><span class='ocrx_word' id='word_1_875' title='bbox 2195 5108 2595 5196; x_wconf 26' lang='lat' dir='ltr'><strong>dan-sanctus,</strong></span> <span class='ocrx_word' id='word_1_876' title='bbox 2634 5131 2849 5175; x_wconf 78' lang='lat' dir='ltr'><strong>sanctus</strong></span> <span class='ocrx_word' id='word_1_877' title='bbox 2872 5119 3121 5174; x_wconf 88' lang='lat' dir='ltr'><strong>Dominus</strong></span> <span class='ocrx_word' id='word_1_878' title='bbox 3153 5118 3291 5173; x_wconf 90' lang='lat' dir='ltr'><strong>Deus</strong></span> <span class='ocrx_word' id='word_1_879' title='bbox 3318 5119 3583 5180; x_wconf 80' lang='lat' dir='ltr'><strong>Sabaoth;</strong></span> <span class='ocrx_word' id='word_1_880' title='bbox 3625 5121 3793 5190; x_wconf 88' lang='lat' dir='ltr'><strong>plena</strong></span> 
     </span>
    </p>
   </div>
   <div class='ocr_carea' id='block_1_109' title="bbox 2195 5209 3794 5283">
    <p class='ocr_par' dir='ltr' id='par_1_109' title="bbox 2195 5209 3794 5283">
     <span class='ocr_line' id='line_1_109' title="bbox 2195 5209 3794 5283; baseline -0.003 -13"><span class='ocrx_word' id='word_1_881' title='bbox 2195 5225 2271 5270; x_wconf 83' lang='lat' dir='ltr'><strong>est</strong></span> <span class='ocrx_word' id='word_1_882' title='bbox 2310 5209 2638 5269; x_wconf 62' lang='lat' dir='ltr'><strong>omnis‘terra</strong></span> <span class='ocrx_word' id='word_1_883' title='bbox 2667 5213 2833 5283; x_wconf 81' lang='lat' dir='ltr'><strong>gloria</strong></span> <span class='ocrx_word' id='word_1_884' title='bbox 2860 5214 2992 5282; x_wconf 86' lang='lat' dir='ltr'><strong>ejus.</strong></span> <span class='ocrx_word' id='word_1_885' title='bbox 3040 5212 3214 5281; x_wconf 82' lang='lat' dir='ltr'><strong>Ipsum</strong></span> <span class='ocrx_word' id='word_1_886' title='bbox 3264 5227 3392 5280; x_wconf 86' lang='lat' dir='ltr'><strong>ergo</strong></span> <span class='ocrx_word' id='word_1_887' title='bbox 3423 5220 3448 5246; x_wconf 71' lang='grc' dir='ltr'><strong><em>λ</em></strong></span> <span class='ocrx_word' id='word_1_888' title='bbox 3481 5226 3642 5264; x_wconf 90' lang='lat' dir='ltr'><strong>unum</strong></span> <span class='ocrx_word' id='word_1_889' title='bbox 3677 5210 3794 5265; x_wconf 83' lang='lat' dir='ltr'><strong>Do-</strong></span> 
     </span>
    </p>
   </div>
   <div class='ocr_carea' id='block_1_110' title="bbox 2197 5302 3789 5372">
    <p class='ocr_par' dir='ltr' id='par_1_110' title="bbox 2197 5302 3789 5372">
     <span class='ocr_line' id='line_1_110' title="bbox 2197 5302 3789 5372; baseline -0.002 -12"><span class='ocrx_word' id='word_1_890' title='bbox 2197 5307 2400 5360; x_wconf 81' lang='lat' dir='ltr'><strong>minum</strong></span> <span class='ocrx_word' id='word_1_891' title='bbox 2430 5306 2482 5360; x_wconf 93' lang='lat' dir='ltr'><strong>in</strong></span> <span class='ocrx_word' id='word_1_892' title='bbox 2523 5320 2630 5360; x_wconf 92' lang='lat' dir='ltr'><strong>uno</strong></span> <span class='ocrx_word' id='word_1_893' title='bbox 2659 5305 2852 5358; x_wconf 87' lang='lat' dir='ltr'><strong>throno</strong></span> <span class='ocrx_word' id='word_1_894' title='bbox 2881 5303 3156 5358; x_wconf 90' lang='lat' dir='ltr'><strong>sedentem</strong></span> <span class='ocrx_word' id='word_1_895' title='bbox 3187 5302 3455 5372; x_wconf 87' lang='lat' dir='ltr'><strong>propheta</strong></span> <span class='ocrx_word' id='word_1_896' title='bbox 3504 5303 3789 5372; x_wconf 82' lang='lat' dir='ltr'><strong>cognovit,</strong></span> 
     </span>
    </p>
   </div>
   <div class='ocr_carea' id='block_1_111' title="bbox 2195 5394 3796 5460">
    <p class='ocr_par' dir='ltr' id='par_1_111' title="bbox 2195 5394 3796 5460">
     <span class='ocr_line' id='line_1_111' title="bbox 2195 5394 3796 5460; baseline -0.002 -8"><span class='ocrx_word' id='word_1_897' title='bbox 2195 5398 2249 5452; x_wconf 91' lang='lat' dir='ltr'><strong>in</strong></span> <span class='ocrx_word' id='word_1_898' title='bbox 2279 5405 2614 5453; x_wconf 87' lang='lat' dir='ltr'><strong>sacramento</strong></span> <span class='ocrx_word' id='word_1_899' title='bbox 2659 5395 2934 5450; x_wconf 87' lang='lat' dir='ltr'><strong>Trinitatis</strong></span> <span class='ocrx_word' id='word_1_900' title='bbox 2983 5395 3141 5450; x_wconf 89' lang='lat' dir='ltr'><strong>tertio</strong></span> <span class='ocrx_word' id='word_1_901' title='bbox 3183 5394 3367 5450; x_wconf 88' lang='lat' dir='ltr'><strong>vocari</strong></span> <span class='ocrx_word' id='word_1_902' title='bbox 3413 5401 3695 5460; x_wconf 72' lang='lat' dir='ltr'><strong>sanctum;</strong></span> <span class='ocrx_word' id='word_1_903' title='bbox 3730 5405 3796 5449; x_wconf 85' lang='lat' dir='ltr'><strong>et</strong></span> 
     </span>
    </p>
   </div>
   <div class='ocr_carea' id='block_1_112' title="bbox 2195 5485 3790 5556">
    <p class='ocr_par' dir='ltr' id='par_1_112' title="bbox 2195 5485 3790 5556">
     <span class='ocr_line' id='line_1_112' title="bbox 2195 5485 3790 5556; baseline -0.003 -10"><span class='ocrx_word' id='word_1_904' title='bbox 2195 5490 2361 5546; x_wconf 87' lang='lat' dir='ltr'><strong>semel</strong></span> <span class='ocrx_word' id='word_1_905' title='bbox 2390 5489 2495 5544; x_wconf 92' lang='lat' dir='ltr'><strong>dici</strong></span> <span class='ocrx_word' id='word_1_906' title='bbox 2522 5488 2804 5542; x_wconf 89' lang='lat' dir='ltr'><strong>Domimnn</strong></span> <span class='ocrx_word' id='word_1_907' title='bbox 2834 5485 3027 5553; x_wconf 92' lang='lat' dir='ltr'><strong>Deum,</strong></span> <span class='ocrx_word' id='word_1_908' title='bbox 3059 5487 3389 5542; x_wconf 87' lang='lat' dir='ltr'><strong>revelatione</strong></span> <span class='ocrx_word' id='word_1_909' title='bbox 3414 5487 3597 5555; x_wconf 65' lang='lat' dir='ltr'><strong>gratia:</strong></span> <span class='ocrx_word' id='word_1_910' title='bbox 3620 5488 3790 5556; x_wconf 87' lang='lat' dir='ltr'><strong>spiri—</strong></span> 
     </span>
    </p>
   </div>
   <div class='ocr_carea' id='block_1_113' title="bbox 2195 5579 3834 5650">
    <p class='ocr_par' dir='ltr' id='par_1_113' title="bbox 2195 5579 3834 5650">
     <span class='ocr_line' id='line_1_113' title="bbox 2195 5579 3834 5650; baseline -0.001 -16"><span class='ocrx_word' id='word_1_911' title='bbox 2195 5581 2318 5636; x_wconf 87' lang='lat' dir='ltr'><strong>talis</strong></span> <span class='ocrx_word' id='word_1_912' title='bbox 2339 5579 2559 5635; x_wconf 88' lang='lat' dir='ltr'><strong>audivit.</strong></span> <span class='ocrx_word' id='word_1_913' title='bbox 2603 5579 2730 5634; x_wconf 89' lang='lat' dir='ltr'><strong>lnde</strong></span> <span class='ocrx_word' id='word_1_914' title='bbox 2753 5587 2837 5634; x_wconf 82' lang='lat' dir='ltr'><strong>est</strong></span> <span class='ocrx_word' id='word_1_915' title='bbox 2865 5579 3008 5648; x_wconf 90' lang='lat' dir='ltr'><strong>quod</strong></span> <span class='ocrx_word' id='word_1_916' title='bbox 3039 5595 3200 5634; x_wconf 92' lang='lat' dir='ltr'><strong>unum</strong></span> <span class='ocrx_word' id='word_1_917' title='bbox 3247 5595 3470 5650; x_wconf 86' lang='lat' dir='ltr'><strong>regnum</strong></span> <span class='ocrx_word' id='word_1_918' title='bbox 3503 5593 3784 5648; x_wconf 85' lang='lat' dir='ltr'><strong>unamque</strong></span> <span class='ocrx_word' id='word_1_919' title='bbox 3823 5612 3834 5617; x_wconf 85' lang='lat'><strong><em>-</em></strong></span> 
     </span>
    </p>
   </div>
   <div class='ocr_carea' id='block_1_114' title="bbox 2188 5671 3789 5742">
    <p class='ocr_par' dir='ltr' id='par_1_114' title="bbox 2188 5671 3789 5742">
     <span class='ocr_line' id='line_1_114' title="bbox 2188 5671 3789 5742; baseline -0.002 -16"><span class='ocrx_word' id='word_1_920' title='bbox 2188 5672 2369 5727; x_wconf 89' lang='lat' dir='ltr'><strong>sedem</strong></span> <span class='ocrx_word' id='word_1_921' title='bbox 2400 5673 2570 5728; x_wconf 84' lang='lat' dir='ltr'><strong>Patris</strong></span> <span class='ocrx_word' id='word_1_922' title='bbox 2598 5680 2653 5728; x_wconf 91' lang='lat' dir='ltr'><strong>et</strong></span> <span class='ocrx_word' id='word_1_923' title='bbox 2681 5671 2800 5726; x_wconf 82' lang='lat' dir='ltr'><strong>Filii</strong></span> <span class='ocrx_word' id='word_1_924' title='bbox 2825 5671 3119 5742; x_wconf 89' lang='lat' dir='ltr'><strong>apostolica</strong></span> <span class='ocrx_word' id='word_1_925' title='bbox 3147 5671 3438 5742; x_wconf 64' lang='lat' dir='ltr'><strong>prindicare</strong></span> <span class='ocrx_word' id='word_1_926' title='bbox 3460 5687 3568 5726; x_wconf 91' lang='lat' dir='ltr'><strong>non</strong></span> <span class='ocrx_word' id='word_1_927' title='bbox 3598 5677 3789 5725; x_wconf 84' lang='lat' dir='ltr'><strong>cessat</strong></span> 
     </span>
    </p>
   </div>
   <div class='ocr_carea' id='block_1_115' title="bbox 2120 5760 3788 5832">
    <p class='ocr_par' dir='ltr' id='par_1_115' title="bbox 2120 5760 3788 5832">
     <span class='ocr_line' id='line_1_115' title="bbox 2120 5760 3788 5832; baseline -0.003 -13"><span class='ocrx_word' id='word_1_928' title='bbox 2120 5760 2122 5762; x_wconf 63' lang='grc'>’</span> <span class='ocrx_word' id='word_1_929' title='bbox 2187 5766 2497 5820; x_wconf 85' lang='lat' dir='ltr'><strong>auctoritas.</strong></span> <span class='ocrx_word' id='word_1_930' title='bbox 2533 5765 2726 5820; x_wconf 86' lang='lat' dir='ltr'><strong>Beatus</strong></span> <span class='ocrx_word' id='word_1_931' title='bbox 2757 5763 2897 5821; x_wconf 85' lang='lat' dir='ltr'><strong>enim</strong></span> <span class='ocrx_word' id='word_1_932' title='bbox 2947 5762 3159 5826; x_wconf 86' lang='lat' dir='ltr'><strong>Paulus,</strong></span> <span class='ocrx_word' id='word_1_933' title='bbox 3191 5779 3354 5818; x_wconf 90' lang='lat' dir='ltr'><strong>unum</strong></span> <span class='ocrx_word' id='word_1_934' title='bbox 3401 5777 3622 5832; x_wconf 86' lang='lat' dir='ltr'><strong>regnum</strong></span> <span class='ocrx_word' id='word_1_935' title='bbox 3657 5760 3788 5816; x_wconf 84' lang='lat' dir='ltr'><strong>Filii</strong></span> 
     </span>
    </p>
   </div>
   <div class='ocr_carea' id='block_1_116' title="bbox 548 5914 2283 5992">
    <p class='ocr_par' dir='ltr' id='par_1_116' title="bbox 548 5914 2283 5992">
     <span class='ocr_line' id='line_1_116' title="bbox 548 5914 2283 5992; baseline -0.004 -12"><span class='ocrx_word' id='word_1_936' title='bbox 548 5914 596 5962; x_wconf 64' lang='lat'>&quot;</span> <span class='ocrx_word' id='word_1_937' title='bbox 631 5924 821 5980; x_wconf 69' lang='lat' dir='ltr'><strong>Florus</strong></span> <span class='ocrx_word' id='word_1_938' title='bbox 853 5923 998 5992; x_wconf 70' lang='lat' dir='ltr'><strong>legit,</strong></span> <span class='ocrx_word' id='word_1_939' title='bbox 1024 5922 1276 5992; x_wconf 78' lang='lat' dir='ltr'><strong>Spiritum</strong></span> <span class='ocrx_word' id='word_1_940' title='bbox 1300 5938 1418 5989; x_wconf 81' lang='lat' dir='ltr'><strong>ergo</strong></span> <span class='ocrx_word' id='word_1_941' title='bbox 1545 5939 1689 5975; x_wconf 68' lang='lat' dir='ltr'><strong>artem</strong></span> <span class='ocrx_word' id='word_1_942' title='bbox 1722 5923 1772 5974; x_wconf 86' lang='lat' dir='ltr'><strong>in</strong></span> <span class='ocrx_word' id='word_1_943' title='bbox 1803 5934 2151 5983; x_wconf 65' lang='lat' dir='ltr'><strong>sxcramento,</strong></span> <span class='ocrx_word' id='word_1_944' title='bbox 2183 5928 2283 5974; x_wconf 89' lang='lat' dir='ltr'><strong>etc.</strong></span> 
     </span>
    </p>
   </div>
  </div>
