4090 6342
342 415 348 430 .
373 374 468 435 831

1431 373 1472 431 C
1517 365 1702 429 NTR‘A
1739 363 2091 426 FABlANUM
2128 360 2572 424 FRAGMENTA.

3528 367 3631 430 82‘?-

374 501 428 547 et
450 489 624 544 Patris
642 490 956 554 ostendens,
979 489 1087 543 ait:
1115 487 1230 542 Hoc
1249 487 1384 540 enim
1406 484 1944 555 sritoteintelligentes
1977 488 2018 544 Α
2051 481 2476 535 convocassent?
2523 477 2618 534 sed
2665 478 2766 544 boc
2817 494 3137 549 quemquam
3201 480 3389 536 beatus
3441 481 3631 538 Petrus

371 579 505 652 quod
541 581 708 634 omnis
754 580 1062 649 fornicator,
1110 585 1200 631 aut
1243 577 1558 638 immundus,
1603 585 1693 628 aut
1739 591 1944 635 avarus,

371 670 504 744 quod
522 678 601 724 est
627 669 885 724 idolorum
907 670 1141 731 servitus,
1169 683 1270 722 non
1301 665 1504 720 habebit
1524 666 1875 720 [nereditatem
1895 666 1948 718 in

378 775 532 832 regno
543 757 738 814 Christi
765 769 813 813 et
830 757 926 813 Dei
945 757 1161 829 (Ephes.
1177 775 1232 823 v,
1252 756 1534 828 5).Sedem
1561 770 1776 825 quoque
1792 770 1950 808 unam

373 864 494 905 esse
522 857 740 903 sanctus
769 846 1003 902 Joannes
1039 848 1092 902 in
1121 847 1441 918 Apocalypsi
1470 845 1740 900 evidenter
1770 852 1950 900 osten-

371 938 470 1000 dit,
520 938 704 994 dicens
729 937 799 993 de
825 938 1017 1006 angelo
1063 953 1092 992 a
1121 953 1230 1007 quo
1257 937 1358 993 sibi
1401 943 1641 992 sanctam
1681 936 1948 990 civitatem

374 1036 602 1082 testatur
628 1035 902 1082 ostensam
928 1043 940 1080 :
970 1026 1040 1080 Et
1060 1028 1281 1081 ostendit
1303 1027 1425 1080 mihi
1447 1027 1634 1095 [lumen
1663 1041 1810 1096 aqua:
1829 1027 1952 1080 rivo:

371 1119 652 1173 candidum
701 1119 848 1190 quasi
895 1119 1220 1190 crystallum,
1261 1119 1436 1173 exiens
1487 1117 1550 1170 de
1597 1116 1717 1171 sede
1756 1116 1856 1170 Dei
1903 1126 1952 1170 et

373 1209 528 1278 Agni.
556 1209 662 1264 Per
691 1209 913 1263 mediam
934 1209 1160 1278 plateam
1189 1209 1322 1279 ejus,
1351 1225 1415 1263 ex
1441 1217 1656 1277 utraque
1681 1217 1828 1278 parte
1851 1209 1952 1276 [lue

368 1301 546 1364 minis,
595 1301 788 1372 lignum
831 1301 966 1363 ritte,
1009 1300 1232 1368 offerens
1281 1299 1548 1354 duodecim
1595 1302 1811 1370 fructus,
1861 1316 1951 1368 per

370 1389 603 1460 singulos
632 1406 830 1443 menses
857 1389 1074 1444 reddens
1099 1391 1320 1460 fructum
1337 1406 1502 1453 suum,
1519 1399 1568 1442 et
1591 1389 1719 1460 folia
1747 1389 1875 1460 ligni
1897 1389 1951 1442 in

368 1479 687 1533 curationem
715 1481 959 1550 gentium.
980 1477 1163 1550 Neque
1181 1480 1344 1534 ullum
1355 1481 1470 1549 jam
1490 1479 1817 1532 maledictum
1832 1479 1948 1542 erit,

366 1581 421 1626 et
445 1573 659 1627 thronus
691 1571 784 1625 Dei
813 1581 860 1624 et
881 1571 1015 1643 Agni
1041 1572 1095 1624 in
1123 1587 1185 1624 ea
1207 1573 1302 1624 erit
1331 1572 1512 1641 (Apoc.
1546 1586 1676 1636 uti,
1703 1569 1757 1636 l,
1788 1567 1840 1633 2,
1868 1569 1944 1636 ὅ).

369 1660 604 1719 Trinitas
653 1663 814 1731 igitur
858 1678 996 1717 unus
1041 1662 1182 1716 Deus
1225 1661 1600 1728 intelligendus
1635 1666 1720 1714 eSt
1757 1662 1812 1714 in
1859 1660 1947 1714 illa

369 1751 532 1806 trium
561 1765 851 1820 puerorum
890 1740 1286 1818 benedictione,
1332 1750 1421 1804 ubi
1457 1750 1693 1806 dicitur:
1728 1748 1948 1804 Benedi-

2053 571 2274 626 credere
2302 585 2409 624 non
2453 569 2734 638 permittit,
2785 569 2969 624 dicens
3001 587 3014 624 :
3059 568 3109 621 Ν
3116 587 3180 623 ou
3211 570 3346 624 enim
3377 571 3632 633 voluntate

2055 663 2278 716 humana
2300 661 2463 715 allata
2483 671 2560 715 est
2580 677 2806 732 unquam
2848 661 3137 730 prapltetia,
3163 662 3254 715 sed
3277 662 3474 730 Spiritu
3509 679 3630 720 san-

2050 763 2133 807 cto
2155 755 2258 806 acti
2284 754 2437 807 locuti
2464 761 2582 808 sunt
2608 755 2774 807 sancti
2798 740 3026 806 homines
3053 751 3144 805 Dei
3169 751 3257 818 (II
3288 753 3427 806 Petr.
3456 769 3490 817 ι,
3514 752 3626 824 ει).

2053 844 2174 898 Alio
2193 857 2408 912 quoque
2438 844 2558 898 loco
2580 843 2647 898 de
2675 843 2862 897 iisdem
2889 842 3172 913 prbphetis
3190 844 3303 898 bene
3331 853 3628 901 memorat:

2054 931 2357 987 Scrutantes
2385 933 2436 986 in
2472 931 2650 1003 quibus
2682 932 2759 986 vel
2797 932 2946 1001 quale
2977 942 3170 1002 tempus
3201 930 3521 1004 signiﬁcaret
3546 938 3632 1004 qui

2051 1023 2105 1076 in
2134 1024 2208 1077 eis
2235 1033 2347 1077 erat
2385 1024 2611 1093 Spiritus
2659 1024 2850 1078 Christi
2894 1023 2944 1092 (l
2971 1023 3116 1078 Petr.
3161 1041 3197 1090 ι,
3245 1024 3354 1085 il).
3399 1023 3632 1079 Proinde

2050 1112 2278 1184 Spiritus
2297 1123 2532 1182 sanctus,
2547 1129 2655 1184 quo
2681 1114 2862 1184 utique
2885 1114 2993 1168 acti
3015 1114 3177 1169 locuti
3199 1123 3324 1170 sunt
3343 1115 3512 1168 sancti
3534 1115 3631 1169 ho-

2053 1189 2222 1258 mines
2233 1203 2349 1270 Dei,
2378 1203 2503 1273 sise
2528 1219 2636 1258 non
2658 1203 2940 1270 factorem,
2965 1203 3058 1258 sed
3081 1203 3280 1259 factum
3305 1204 3487 1267 sciret,
3511 1211 3565 1259 et
3585 1205 3631 1259 si

2050 1309 2109 1348 se
2125 1309 2230 1349 non
2248 1303 2590 1363 operatorem
2605 1294 2794 1358 Deum,
2813 1295 2910 1350 sed
2932 1310 3068 1365 opus
3085 1295 3176 1350 Dei
3202 1310 3320 1350 esse
3336 1310 3629 1364 cognosce-

2051 1390 2166 1447 ret,
2214 1391 2338 1436 ante
2384 1381 2473 1437 illa
2502 1384 2680 1437 omnia
2710 1399 2830 1454 qua:
2877 1383 3014 1438 facta
3043 1393 3186 1450 sunt,
3207 1393 3274 1439 et
3317 1400 3435 1452 qua:
3464 1401 3628 1454 opera
3704 1394 3707 1396 '

2051 1473 2262 1530 Domini
2283 1475 2649 1546 nominantur,
2677 1479 2914 1548 seipsum
2943 1480 3188 1548 primitus
3209 1482 3326 1535 sine
3354 1481 3515 1535 dubio
3543 1498 3632 1550 po-

2049 1567 2287 1632 suisset,
2320 1576 2378 1621 ut
2399 1569 2466 1621 ab
2500 1568 2637 1638 ipso,
2667 1569 2717 1623 in
2746 1585 2852 1639 quo
2883 1571 3200 1625 excellentia
3248 1572 3410 1626 divini
3453 1573 3632 1642 Operis

2050 1667 2196 1713 esset
2239 1673 2348 1728 pne
2393 1661 2598 1730 angelis
2644 1662 3002 1730 agnoscenda,
3051 1665 3321 1732 operatori
3363 1663 3475 1720 Deo
3517 1666 3631 1720 laus

2050 1745 2317 1815 prmcipua
2341 1747 2671 1802 redderetur.
2708 1746 2822 1805 Hoc
2848 1757 3032 1829 autem
3075 1750 3194 1805 ideo
3221 1767 3326 1805 non
3376 1752 3456 1818 lit,
3506 1753 3628 1820 quia

370 1852 480 1896 ctus
504 1859 558 1896 es
587 1859 746 1912 supra
783 1843 956 1896 sedem
987 1845 1136 1913 regni
1167 1845 1237 1896 tui
1261 1859 1279 1895 :
1302 1843 1426 1911 quia
1454 1842 1593 1924 sicut
1621 1857 1724 1896 una
1768 1842 1942 1906 sedes,
1981 1843 2020 1900 Β
2050 1842 2301 1892 υηιιεέει
2321 1836 2462 1891 Deus
2490 1846 2706 1893 creator
2730 1824 2968 1894 omnium
3000 1856 3200 1906 rerum,
3255 1839 3414 1895 Pater
3462 1850 3516 1896 et
3546 1842 3629 1896 Fi—

368 1932 448 1985 sic
475 1946 637 1984 unum
661 1946 884 2000 regnum
905 1939 988 1986 est
1013 1931 1185 1986 Patris
1205 1940 1258 1986 et
1278 1931 1397 1985 Filii
1423 1941 1478 1986 et
1499 1930 1728 2000 Spiritus
1755 1932 1943 1986 sancti.

369 2017 506 2078 illud
536 2021 732 2076 deinde
757 2021 901 2090 quod
947 2021 1207 2076 infertur:
1241 2021 1542 2075 Benedictus
1589 2037 1642 2074 es
1671 2022 1722 2074 in
1768 2021 1948 2090 ﬁrma-

370 2121 542 2166 mento
571 2112 706 2179 caeli,
736 2119 784 2166 et
824 2111 1104 2167 laudabilis
1127 2119 1176 2164 et
1203 2111 1458 2182 gloriosus
1479 2113 1531 2164 in
1561 2110 1750 2165 scccula
1781 2108 1942 2180 (Dan.

369 2216 447 2266 tn,
471 2188 867 2273 56),.quis'non
891 2202 1069 2257 videat
1089 2203 1142 2256 in
1173 2202 1383 2258 laudem
1409 2201 1692 2258 Trinitatis
1709 2202 1948 2262 dictum?

339 2353 342 2356 ,
369 2289 802 2363 quandoquidem
831 2292 1004 2361 ipsum
1032 2292 1424 2346 ﬁrmamentum
1445 2292 1589 2359 caeli,
1631 2307 1794 2346 unum
1815 2306 1948 2360 opus

372 2389 456 2437 est
481 2380 795 2447 Trinitatis;
837 2381 1018 2446 Verbo,
1045 2381 1188 2435 enim
1210 2380 1421 2435 Domini
1451 2383 1561 2436 caeli
1585 2383 1779 2451 ﬁrmati
1805 2391 1942 2443 sunt,

371 2481 422 2527 ct
453 2471 654 2542 Spiritu
690 2473 798 2526 oris
835 2474 946 2543 ejus
990 2474 1156 2526 omnis
1185 2475 1342 2527 uirtus
1371 2489 1544 2526 eorum
1577 2473 1748 2541 (Psal.
1782 2488 1943 2535 xxxii,

371 2559 452 2632 ὖ).
502 2558 574 2616 Ut
617 2571 798 2616 autem
843 2560 1127 2625 Dominum
1157 2562 1323 2616 Deum
1364 2569 1574 2631 patrum
1617 2571 1942 2624 nostrorum,

371 2638 486 2706 non
527 2651 700 2707 solum
731 2650 976 2717 Patrem,
1017 2665 1117 2706 nec
1163 2651 1336 2706 solum
1365 2651 1578 2708 Filium.
1629 2666 1730 2706 nec
1773 2653 1944 2706 solum

371 2739 633 2812 Spiritum
660 2750 939 2806 sanctum,
988 2741 1084 2796 sed
1124 2742 1285 2798 simul
1331 2751 1573 2798 sanctam
1610 2741 1943 2806 Trinitatem,

374 2848 541 2888 unum
570 2833 850 2889 Dominum
879 2834 1046 2888 Deum
1072 2835 1140 2888 ab
1168 2833 1418 2888 omnibus
1443 2833 1692 2902 cperibus
1721 2833 1830 2889 suis
1851 2833 1944 2888 be-

373 2925 749 2990 nedicendum,
801 2925 1143 2992 laudandum,
1187 2933 1242 2980 et
1287 2924 1691 2994 glorilicandum
1722 2934 1831 2980 tres
1871 2925 1946 2979 illi

373 3013 477 3068 viri
506 3015 876 3081 ostenderent,
910 3015 1034 3069 vide
1063 3015 1208 3070 unde
1235 3015 1539 3070 divinorum
1581 3029 1805 3084 operum
1849 3017 1948 3070 ini-

370 3104 507 3159 tium
534 3090 893 3176 sumpserint:
930 3104 1169 3160 dicentes
1215 3105 1389 3170 enim,
1435 3104 1744 3170 Benedicitc,
1775 3108 1943 3160 omnia

2051 1926 2156 1981 lius
2183 1935 2238 1980 et
2274 1927 2504 1998 Spiritus
2534 1937 2751 1984 sanctus
2777 1947 2789 1982 :
2833 1931 2922 1999 qui
2951 1931 3017 1984 ab
3059 1932 3306 1987 omnibus
3333 1948 3452 2001 qua:
3482 1932 3627 1994 fecit,

2052 2015 2173 2070 ideo
2193 2016 2352 2084 digne
2377 2018 2639 2082 laudatur,
2673 2028 2728 2074 ct
2750 2020 2817 2074 ab
2846 2022 3092 2075 omnibus
3132 2023 3384 2091 operibus
3418 2024 3530 2080 suis
3559 2027 3628 2080 ni—

2049 2105 2338 2182 hilominus
2365 2108 2723 2176 benedicitur,
2755 2111 2878 2177 quia
2913 2111 3025 2178 ipse
3051 2121 3263 2166 creator
3289 2121 3450 2181 atque
3499 2129 3630 2183 ope.-

2047 2204 2198 2250 rator
2240 2212 2418 2251 rerum
2457 2199 2697 2254 omnium
2744 2198 2884 2254 Deus
2909 2198 3167 2256 Dominus
3197 2193 3484 2257 invenitur.
3514 2202 3628 2269 Una

2049 2299 2180 2353 ergo
2204 2284 2532 2351 benedictio,
2582 2303 2685 2342 una
2717 2289 2850 2353 laus,
2881 2306 2986 2344 una
3028 2291 3368 2360 glorilicatio,
3409 2295 3498 2349 uni
3520 2294 3628 2350 Deo

2051 2374 2300 2430 Trinitati
2338 2375 2563 2430 debetur
2603 2378 2674 2432 ab
2719 2379 2968 2433 omnibus
3014 2381 3268 2450 operibus
3313 2381 3460 2450 ejus;
3503 2386 3628 2450 quia

2049 2464 2209 2521 Pater
2255 2474 2308 2522 et
2335 2467 2501 2523 Filius
2538 2477 2593 2522 et
2648 2467 2878 2538 Spiritus
2906 2481 3141 2537 sanctus,
3187 2473 3333 2528 solus
3379 2472 3519 2528 Deus
3541 2471 3626 2528 fa-

2049 2565 2168 2610 ctor
2186 2558 2423 2612 omnium
2446 2558 2715 2613 invenitur
2738 2575 2877 2627 esse,
2901 2577 3006 2615 non
3033 2561 3228 2630 factus,
3251 2572 3304 2617 et
3323 2564 3470 2620 solus
3489 2563 3625 2620 Deus

2049 2653 2260 2700 creator
2287 2654 2390 2713 est,
2423 2663 2530 2703 non
2563 2661 2792 2704 creatus.

2479 2819 2952 2877 FBAGMENTUM
2991 2821 3188 2882 XXXV.

2048 2928 2208 2983 Pater
2229 2947 2330 2984 non
2353 2939 2430 2984 est
2451 2941 2630 2986 auctor
2653 2935 2804 2986 totius
2827 2932 2869 2986 Τ
2871 2936 3118 2996 rinitatis.
3155 2937 3246 2990 sed
3277 2945 3475 2991 tantum
3503 2938 3625 2991 Filii

2577 3011 2625 3055 et
2655 3001 2880 3071 Spiritus
2902 3009 3087 3059 sancti.

2121 3110 2251 3176 Quis
2296 3121 2477 3166 autem
2533 3112 2677 3166 illam
2746 3115 2820 3168 tui
2870 3115 3130 3170 mendacii
3186 3133 3291 3171 non
3333 3117 3628 3172 detestetur

370 3211 531 3266 opera
553 3195 785 3259 Domini,
820 3194 1096 3250 Dominum
1127 3195 1291 3267 (Dan.
1318 3211 1397 3260 tu,
1438 3196 1560 3263 57),
1602 3196 1946 3252 ostenderant
1974 3210 2019 3272 (ς
2050 3199 2321 3270 ineptiam,
2344 3217 2447 3271 qua
2463 3217 2549 3256 me
2567 3201 2826 3271 contingis
2843 3203 3009 3260 Deum
3033 3204 3240 3261 Patrem
3267 3207 3431 3262 totius
3452 3207 3626 3262 Trini-

370 3298 485 3340 non
505 3284 701 3340 debere
728 3285 869 3340 inter
895 3300 1060 3356 opera
1091 3286 1301 3341 Domini
1329 3287 1628 3356 computari
1669 3287 1940 3356 quodcun-

369 3390 482 3445 que
502 3376 557 3430 in
585 3376 670 3431 bis
711 3377 964 3446 operibus
1001 3393 1121 3446 qua:
1169 3378 1255 3434 hic
1283 3379 1810 3449 comprehenduntur
1837 3396 1944 3434 non

369 3467 570 3535 poterit
616 3467 863 3522 inveniri.
925 3467 1131 3522 Deinde
1179 3469 1356 3522 omnia
1405 3484 1626 3538 prorsus
1664 3484 1783 3539 qua:
1824 3479 1946 3524 sunt

366 3569 538 3623 opera
567 3553 775 3611 Domini
813 3556 929 3622 Dei,
961 3558 1028 3611 ad
1055 3557 1370 3626 obsequium
1399 3559 1593 3613 debita:
1617 3560 1947 3615 benedictio-

365 3633 452 3699 nis
471 3646 702 3701 creatori
730 3646 842 3702 Deo
863 3647 1216 3714 reddendum,
1238 3649 1340 3704 hoc
1369 3649 1597 3705 invitare
1619 3665 1946 3719 cognoscun-

367 3743 459 3790 tur
481 3733 706 3792 exordio
737 3755 752 3791 :
790 3736 1103 3803 Benedicite,
1133 3740 1266 3804 cteli,
1296 3738 1578 3794 Dominum
1602 3740 1671 3810 (υ.
1697 3739 1817 3810 59);
1850 3741 1945 3796 Be-

365 3828 604 3897 nedicite,
643 3830 839 3900 angeli,
880 3829 1162 3885 Dominum
1199 3835 1267 3902 (υ.
1299 3832 1391 3902 58)
1419 3849 1432 3897 ;
1464 3832 1773 3897 Benedicite,
1799 3851 1945 3904 aquae

365 3935 542 3974 omnes
569 3935 684 3990 qua:
701 3936 860 3991 super
889 3923 1039 3976 caelos
1069 3931 1208 3990 sunt,
1240 3922 1519 3977 Dominum
1551 3925 1618 3993 (v.
1647 3924 1759 3995 60),
1789 3925 1946 3980 Bene-

361 4010 535 4075 dicite,
574 4028 750 4067 omnes
790 4015 996 4068 virtutes
1041 4014 1273 4081 Domini,
1305 4015 1582 4071 Dominunt
1611 4020 1679 4088 (υ.
1711 4019 1837 4089 61),
1888 4029 1944 4076 et

363 4108 578 4167 extera,
611 4101 726 4157 sive
754 4118 873 4173 qua:
916 4103 969 4157 in
1003 4105 1164 4177 651
1194 4106 1365 4170 caelis,
1412 4107 1526 4162 sive
1554 4122 1674 4178 qua;
1714 4108 1767 4163 in
1799 4117 1939 4165 terra

362 4202 508 4256 sunt,
538 4193 768 4249 visibilis
813 4203 868 4250 et
896 4195 1180 4252 invisibilia
1205 4215 1217 4250 :
1261 4199 1314 4252 in
1341 4199 1535 4266 quibus
1556 4208 1737 4255 tamen
1763 4201 1940 4256 omni-

361 4281 463 4337 bus
481 4283 735 4352 operibus
760 4283 971 4340 Domini
1000 4301 1108 4341 non
1137 4287 1406 4343 invenitur
1429 4289 1661 4358 Spiritus
1687 4303 1938 4359 sanctus;

363 4387 521 4442 quem
551 4373 736 4443 utique
773 4374 819 4428 si
849 4382 1126 4444 oporteret
1163 4376 1304 4432 inter
1341 4378 1520 4432 divina
1567 4394 1731 4448 opera
1773 4382 1941 4451 depu-

362 4463 488 4530 tari,
537 4479 637 4519 nec
665 4465 924 4533 angelica,
977 4481 1153 4537 neque
1201 4469 1304 4522 alia
1330 4469 1583 4538 quazlibet
1626 4479 1752 4525 ante
1789 4473 1938 4526 illutn

2051 3292 2176 3346 tatis
2203 3301 2500 3360 auctorem,
2545 3293 2598 3347 in
2628 3293 2731 3347 illis
2774 3294 2939 3362 gestis
2969 3294 3113 3349 falsis
3161 3306 3323 3366 atque
3351 3297 3627 3352 fallacibus

2049 3385 2416 3452 nuncupasse?
2454 3382 2610 3449 Quod
2639 3384 2820 3452 utique
2851 3387 3057 3439 tantum
3081 3395 3162 3440 est
3189 3402 3218 3439 a
3260 3387 3360 3441 [ide
3387 3389 3627 3442 veritatis

2047 3476 2304 3542 alienum,
2345 3484 2621 3545 quautum-
2649 3483 2729 3530 est
2757 3485 2957 3530 sanctae
3000 3477 3242 3546 religioni
3273 3479 3619 3532 contrarium.

2050 3563 2190 3618 Deus
2237 3565 2436 3634 quippe
2483 3563 2643 3619 Pater
2689 3581 2796 3620 non
2839 3578 2920 3620 est
2959 3575 3145 3620 auctor
3187 3566 3480 3631 Trinitatis,
3533 3569 3626 3622 sed

2047 3662 2235 3709 auctor
2256 3664 2340 3709 est
2367 3654 2484 3709 Filii
2509 3665 2564 3710 et
2590 3654 2821 3725 Spiritus
2841 3657 3031 3720 sancti,
3081 3656 3132 3710 in
3175 3673 3242 3712 eo
3271 3659 3412 3726 quod
3439 3658 3504 3713 de
3536 3659 3625 3712 illo

2046 3751 2205 3799 natus
2233 3752 2315 3800 est
2344 3744 2532 3813 Filius,
2555 3753 2610 3800 et
2639 3745 2708 3801 de
2739 3747 2831 3802 illo
2860 3748 3101 3816 procedit
3131 3747 3360 3817 Spiritus
3386 3759 3621 3805 sanctus;

2045 3834 2177 3888 Nam
2223 3835 2467 3905 quisquis
2513 3844 2660 3892 recte
2707 3837 2954 3905 intelligit
3004 3839 3242 3894 auctoris
3285 3841 3622 3901 vocabulum.

2044 3923 2320 3985 relationis
2346 3941 2541 3981 nomen
2570 3919 2838 3992 inveniet;
2858 3944 2964 3982 non
3003 3923 3225 3983 naturae.
3251 3929 3454 3984 Auctor
3480 3932 3622 3985 enim

2044 4032 2202 4071 nemo
2230 4017 2390 4088 652
2417 4033 2540 4072 esse
2567 4018 2762 4074 dicitur
2807 4019 2926 4084 sibi,
2975 4019 3068 4073 sed
3109 4020 3302 4074 alteri:
3337 4021 3476 4074 unde
3519 4037 3625 4074 non

2042 4105 2111 4160 ad
2138 4120 2196 4160 se
2223 4106 2415 4176 ipsum,
2445 4106 2538 4161 sed
2565 4105 2632 4161 ad
2658 4107 2886 4162 alterum
2917 4116 3106 4162 auctor
3133 4109 3397 4162 veraciter
3419 4124 3623 4162 nuncu-

2044 4205 2224 4267 patur.
2254 4196 2423 4253 Nemo
2452 4205 2634 4252 autem
2662 4197 2903 4266 quolibet
2932 4197 3156 4253 relativo
3187 4199 3402 4252 nomine
3423 4199 3500 4253 sic
3527 4215 3623 4268 po-

2044 4295 2148 4343 test
2174 4287 2240 4342 ad
2268 4290 2418 4343 suam
2435 4289 2573 4344 sicut
2595 4289 2660 4342 ad
2681 4289 2900 4344 alterius
2919 4288 3106 4344 referri
3141 4305 3451 4359 personam:
3475 4289 3618 4358 quod

2043 4379 2186 4432 enim
2215 4378 2282 4432 ad
2309 4394 2461 4432 suam
2490 4380 2717 4448 quisque
2759 4395 3043 4448 personam
3074 4379 3287 4440 dicitur,
3330 4380 3624 4433 secundum

2043 4467 2360 4522 relationem
2412 4468 2514 4521 dici
2563 4468 2867 4522 nullatenus
2913 4468 3200 4521 invenitur.
3232 4469 3394 4521 Deum
3443 4467 3625 4536 itaque

361 4561 606 4643 creatura
645 4553 906 4610 debuerat
949 4557 1234 4612 nominari.
1283 4559 1420 4624 Quid
1467 4567 1551 4613 est
1595 4575 1744 4628 ergo,
1796 4562 1938 4630 quod
1975 4586 2020 4643 υ
2049 4556 2281 4622 Patrem,
2331 4573 2438 4612 non
2487 4559 2649 4612 totius
2688 4558 2986 4620 Trinitatis,
3035 4559 3128 4613 sed
3158 4559 3275 4612 Filii
3321 4567 3374 4612 et
3397 4557 3624 4626 Spiritus

360 4637 591 4711 Spiritus
617 4653 832 4700 sanctus
861 4662 961 4702 nec
985 4648 1124 4716 inter
1148 4649 1325 4703 omnia
1356 4665 1473 4718 quae
1494 4665 1523 4703 a
1550 4650 1774 4705 Domino
1797 4648 1938 4706 facta

362 4739 505 4796 sunt,
529 4731 808 4787 Dominum
856 4734 1054 4799 laudat,
1099 4752 1198 4792 nec
1221 4737 1390 4792 Deum
1433 4739 1573 4792 inter
1601 4740 1778 4792 omnia
1822 4739 1938 4807 ejus

359 4835 527 4912 opera
556 4821 858 4912 benedicit?
889 4825 968 4879 An
1009 4825 1147 4883 forte
1189 4829 1466 4912 mepltetis
1507 4829 1775 4897 subrepsit
1805 4829 1940 4883 obli-

363 4909 468 4972 vio,
495 4908 799 4979 utSpiritus
825 4916 996 4968 sancti
1027 4929 1134 4970 non
1165 4908 1554 4983 meminissent,
1585 4935 1705 4973 cum
1737 4918 1802 4972 ad
1827 4919 1937 4973 lano

359 5001 593 5056 dandum
623 5000 904 5058 Dominum
935 5007 1112 5060 omnia
1157 5021 1273 5076 quae
1304 5024 1332 5061 a
1367 5009 1593 5063 Domino
1624 5010 1759 5064 facta
1790 5019 1934 5077 sunt,

358 5100 414 5145 et
442 5089 511 5144 ad
539 5091 961 5148 benedicendum
992 5096 1272 5152 Dominum
1313 5100 1492 5153 omnia
1535 5115 1700 5168 opera
1728 5100 1932 5155 Domini

2042 4648 2211 4702 sancti
2240 4648 2470 4702 fatemur
2497 4657 2774 4703 auctorem
2802 4666 2815 4700 :
2859 4648 2925 4702 de
2951 4664 3058 4718 quo
3081 4649 3263 4713 habet,
3294 4657 3349 4702 et
3378 4647 3622 4716 unigeni—

2045 4746 2130 4793 tus
2172 4737 2337 4793 Filius
2381 4747 2596 4794 aeterna:
2641 4739 2970 4799 nativitatis.
3027 4748 3081 4794 et
3129 4739 3357 4809 Spiritus
3408 4747 3624 4794 sanctus

2041 4839 2258 4900 mterntp
2289 4833 2644 4900 processionis
2686 4831 2966 4900 originem.
3007 4829 3192 4884 Unitas
3238 4838 3418 4884 autem
3463 4839 3635 4884 natu—'

2044 4922 2192 4990 ralis,
2243 4932 2540 4978 creatorem
2572 4923 2762 4977 Filium
2810 4922 2877 4976 de
2917 4929 3162 4976 creatore
3193 4919 3352 4975 Patre
3396 4910 3622 4973 naturali

2046 5013 2322 5070 nativitate
2353 5015 2583 5069 insinuat
2609 5001 2899 5075 exStitisse,
2949 5020 3004 5067 et
3042 5020 3340 5066 creatorem
3367 5009 3622 5080 Spiritum

2041 5114 2286 5160 sanctum
2315 5104 2382 5161 de
2403 5105 2561 5160 Patre
2588 5105 2831 5173 Filioque
2863 5101 3172 5173 procedere.

358 5233 3580 5268 Mm...

359 5352 453 5400 EX
480 5353 705 5401 LIB'BO
734 5353 800 5400 Χ.
831 5354 952 5417 QUI
991 5351 1512 5400 DEFENSIONEM
1543 5352 1905 5401 CONTINE‘I‘
1933 5354 1944 5401 l

2047 5354 2257 5422 ιωοιιι
2288 5352 2818 5402 APOS‘I'OLOBUM
2862 5352 3240 5402 ADVERSUB
3283 5349 3618 5398 ABIANOS.

772 5479 1243 5534 FRAGMENTUM
1287 5479 1518 5536 XXXVI.

362 5589 497 5653 Quid
523 5591 842 5662 Symbolum.
877 5593 958 5644 Ad
985 5609 1131 5646 usunt
1168 5594 1279 5662 ejus
1311 5593 1586 5662 legitimum
1619 5597 1933 5647 necessarius

429 5671 504 5714 est
555 5672 721 5715 rectus
762 5662 1013 5715 credentis
1057 5664 1278 5715 animus.
1325 5662 1472 5726 Quod
1513 5665 1566 5715 in
1615 5680 1672 5716 eo
1705 5663 1863 5717 Pater
1889 5675 1936 5716 et

427 5732 751 5796 omnipotens
772 5741 820 5784 et
849 5742 1047 5784 creator
1075 5731 1285 5794 dicitur,
1330 5738 1422 5785 hoc
1460 5733 1522 5785 de
1545 5741 1648 5786 lotu
1684 5733 1933 5786 Triuitnte

429 5801 814 5870 intelligemlmu
847 5807 941 5855 eit.
977 5801 1292 5855 Immortalis
1327 5814 1400 5856 est
1435 5813 1483 5854 et
1523 5802 1788 5855 invisibilis
1817 5803 1943 5854 Tri-‘

2118 5463 2254 5531 nitas
2285 5462 2391 5515 alia
2419 5463 2618 5516 ratione
2641 5479 2792 5531 quam
2813 5462 3047 5531 angelus
3074 5462 3148 5531 rel
3178 5461 3352 5514 anima
3381 5460 3619 5514 hominis.

2115 5529 2447 5584 Enarrantur
2473 5529 2910 5602 omnesSymboli
2933 5530 3139 5584 articuli

2113 5621 2432 5675 Christiania
2453 5619 2575 5676 lidei
2598 5621 2908 5692 Symbolum
2935 5621 3098 5690 (quod
3119 5618 3305 5675 Graeco
3334 5619 3548 5690 eloquio
3570 5628 3626 5673 et

2043 5722 2257 5782 pactum
2288 5714 2423 5768 solet
2463 5721 2518 5767 et
2557 5713 2773 5768 collatio
2804 5713 3123 5784 nuncupari)
3160 5723 3345 5768 sancte
3385 5710 3616 5782 quidem,

2041 5813 2321 5872 recteque,
2367 5811 2418 5857 et
2467 5805 2683 5858 omnino
2729 5804 3002 5873 sapienter
3047 5804 3334 5860 secundum
3385 5801 3618 5870 regulam
