4144 6354
481 347 586 406 825

1491 343 1547 404 S.
1588 341 1950 403 FULGENT“
1990 342 2290 403 EPISCOPI
2331 342 2697 406 RUSPENSS

3637 343 3744 399 εει

479 458 720 514 veritatis
744 464 826 512 est
853 456 920 514 ab
949 458 1204 528 apostolis
1231 457 1552 514 ordinatum.
1600 459 1855 514 Dominus
1885 460 2052 519 erum,
2084 461 2125 516 Α
2157 466 2261 512 tur.
2307 458 2492 513 Nullus
2519 461 2663 514 enim
2692 467 2904 514 creatus
2929 449 3147 526 spiritus
3166 491 3187 523 ν
3219 452 3433 510 Patrem
3463 461 3520 510 et
3547 454 3741 509 Filium

473 551 566 618 qui
592 548 814 604 verbum
843 564 1218 604 consummans
1244 557 1298 603 et
1333 550 1580 605 brevians
1606 549 1731 605 fecit
1758 565 1920 620 super
1945 557 2054 603 ter-

473 651 608 704 ram,
641 639 782 694 sicut
809 640 862 692 in
884 639 1148 694 brevitate
1178 641 1564 695 consummavit
1585 642 1762 696 omnia
1787 648 2052 711 praecepta

471 729 602 798 legis
632 730 807 798 (Rom.
832 741 908 796 is,
931 728 1043 800 28),
1072 729 1278 795 dicens,
1308 731 1361 786 in
1405 731 1508 786 illis
1537 732 1744 786 duobus
1771 733 2052 801 praeceptis

456 822 772 878 dilectionis
803 822 894 876 Dei
923 830 980 876 et
1007 823 1236 892 proximi
1262 831 1426 876 totam
1451 823 1624 891 legem
1651 824 2050 893 prophetasque

469 912 703 982 pendere
729 910 943 983 (Matth.
973 928 1104 976 xxn,
1139 913 1265 984 40);
1311 914 1448 968 sicut
1489 914 1651 968 etiam
1697 915 1753 968 in
1789 913 2050 969 orationis

466 1000 731 1055 brevitate
775 999 1016 1070 perfecit,
1049 1002 1307 1071 quidquid
1351 1002 1418 1057 ad
1445 1003 1722 1072 praesentis
1751 1005 1872 1057 vita:
1897 1005 2050 1058 auxi-

452 1090 616 1153 lium,
649 1099 707 1146 et
734 1092 800 1146 ad
823 1092 1012 1146 futurae
1039 1093 1343 1162 pertinebat
1368 1091 1652 1159 ell'ectum;
1685 1093 1762 1148 sic
1800 1093 1962 1148 etiam
1994 1093 2046 1146 in

467 1179 708 1251 Symboli
737 1181 1020 1250 brevitate,
1072 1181 1366 1251 perfectum
1418 1182 1586 1236 voluit
1633 1197 1729 1252 per
1775 1183 2047 1252 apostolos

452 1289 596 1328 suos
628 1273 983 1329 ﬁdeisanctee
1019 1275 1256 1330 ordinari
1306 1283 1570 1340 tenorem,
1616 1275 1707 1344 qui
1753 1283 1901 1337 recte
1930 1289 2047 1330 cre-

467 1365 723 1420 dentibus
745 1365 1031 1435 proﬁceret
1051 1365 1127 1419 ad
1144 1365 1392 1419 salutem.
1417 1364 1512 1419 Est
1531 1372 1708 1418 autem
1732 1363 2045 1435 Symbolum

450 1458 734 1527 quoddam
751 1474 938 1514 verum
987 1464 1200 1528 pactum
1247 1471 1484 1526 veraque
1526 1457 1743 1511 collatio
1794 1457 1845 1510 in
1893 1455 2044 1524 cujus

464 1548 726 1603 brevitate
756 1549 921 1604 totius
967 1547 1294 1602 credulitatis
1319 1546 1636 1600 Christiana:
1681 1561 1886 1600 summa
1917 1561 2045 1601 con-

461 1642 625 1696 sistit.
667 1639 770 1696 Ubi
819 1649 996 1696 tamen
1043 1639 1375 1694 necessarius
1419 1645 1503 1692 est
1547 1645 1728 1692 rectus
1777 1635 2044 1692 credentis

462 1733 699 1797 animus,
734 1747 800 1786 ne
829 1731 971 1800 quod
1008 1729 1254 1799 auditfad
1281 1728 1470 1786 salutis
1497 1725 1766 1788 etl‘eetum,
1799 1727 1913 1795 ipse
1940 1726 2040 1780 sibi

2155 558 2210 603 et
2236 548 2494 618 Spiritum
2528 557 2769 604 sanetum
2807 547 3024 619 propria
3055 546 3310 602 facultate
3337 546 3521 611 videt,
3559 547 3606 602 si
3634 547 3744 603 hoc

2153 639 2300 696 Deus
2320 641 2439 711 ipse
2457 657 2564 696 non
2591 640 2775 694 donet.
2817 639 3046 693 Necesse
3074 648 3158 692 est
3181 646 3363 692 autem
3393 645 3452 691 ut
3479 654 3584 693 non
3613 655 3742 694 cor-

2154 745 2315 800 pore,
2349 732 2442 786 sed
2467 731 2658 800 spiritu
2686 730 2827 785 Deus
2855 728 3090 784 Trinitas
3115 728 3389 793 videatur,
3421 730 3465 783 si
3494 731 3598 785 hoc
3632 731 3740 785 bo-

2152 823 2335 876 nitatis
2361 837 2471 877 sua:
2499 837 2719 877 munere
2746 820 3002 890 largiatur
3033 838 3044 873 :
3075 821 3311 890 alioquin
3341 822 3615 891 quomodo
3645 817 3738 877 ve-

2149 929 2267 968 rum
2295 914 2399 969 erit
2421 914 2673 982 quoniam
2703 914 2878 981 angeli
2904 913 3076 969 sancti
3096 928 3308 983 semper
3329 914 3514 969 vident
3543 910 3735 970 faciem

2151 1003 2364 1059 Patris?
2391 1013 2446 1060 et
2471 1022 2483 1056 :
2511 1004 2658 1058 Beati
2697 1003 2889 1058 mundo
2930 1003 3109 1067 corde,
3148 1005 3390 1074 quoniam
3429 1006 3530 1074 ipsi
3564 1005 3736 1060 Deum

2148 1096 2388 1150 ridebunt
2430 1095 2642 1167 (Matth.
2672 1108 2728 1162 v,
2755 1095 2852 1165 8)?
2898 1094 3134 1164 Angelus
3170 1096 3332 1164 igitur
3359 1105 3414 1151 et
3441 1098 3623 1152 anima
3648 1111 3738 1152 ra-

2150 1185 2402 1250 tionalis,
2447 1185 2702 1254 quoniam
2751 1185 2969 1254 spiritus
3015 1193 3141 1241 sunt
3184 1200 3215 1239 a
3258 1185 3371 1240 Deo
3407 1189 3591 1251 creati,
3627 1201 3734 1242 non

2147 1285 2376 1345 possunt
2401 1275 2569 1331 oculis
2603 1274 2771 1329 videri
2799 1275 3108 1345 corporeis;
3151 1275 3386 1331 Trinitas
3413 1285 3613 1340 autem,
3643 1278 3734 1345 qui

2148 1374 2232 1420 est
2279 1365 2420 1420 Deus
2465 1367 2833 1421 universorum
2876 1374 3120 1429 creator,
3161 1374 3216 1421 et
3257 1381 3386 1422 vere
3433 1367 3732 1431 invisibilis,

2147 1460 2334 1529 procul
2359 1458 2520 1513 dubio
2547 1459 2592 1513 si
2623 1458 2691 1512 ab
2721 1473 2788 1513 eo
2815 1458 2984 1527 gratia
3012 1473 3117 1512 non
3139 1457 3389 1524 donetur,
3419 1459 3582 1513 etiam
3612 1474 3737 1514 cor-

2147 1549 2229 1603 dis
2251 1549 2408 1604 oculo
2455 1563 2561 1604 non
2594 1547 2819 1603 videtur.
2873 1547 3017 1603 Deus
3045 1548 3187 1602 enim
3229 1547 3321 1601 lux
3349 1557 3434 1602 est
3458 1563 3586 1602 vera
3614 1564 3735 1617 qua:

2148 1643 2409 1698 ilhiminat
2433 1657 2645 1698 omnem
2675 1641 2950 1717 hominem
2986 1641 3288 1695 venientem
3318 1640 3371 1694 in
3400 1640 3544 1695 hunc
3571 1657 3735 1695 mun-

2145 1733 2270 1787 dum
2316 1732 2495 1802 (Joan.
2522 1745 2558 1797 ι,
2591 1731 2646 1800 9)
2679 1748 2692 1784 :
2725 1731 2891 1800 gratis
2921 1731 3108 1798 itaque
3131 1729 3480 1785 illuminando
3523 1731 3736 1786 confert

463 1821 593 1875 velit
617 1821 686 1875 ad:
708 1822 895 1876 mortis
937 1828 1253 1890 retorquere
1277 1818 1615 1889 supplicium.
1647 1817 1780 1871 Nam
1807 1815 1939 1871 bona
1969 1826 2043 1870 est
2079 1835 2122 1896 Β
2148 1822 2585 1878 cmundationem
2611 1862 2626 1888 ,
2664 1829 2724 1876 ut
2761 1819 2972 1874 videndi
3005 1820 3202 1874 tribuat
3244 1820 3569 1875 facultatem.
3625 1819 3734 1874 lm-

459 1921 510 1964 ει
532 1913 642 1979 lex,
683 1913 728 1965 si
755 1913 869 1982 quis
909 1927 970 1964 ea
1000 1911 1226 1980 legitime
1276 1918 1454 1963 utatur
1482 1908 1536 1978 (I
1559 1907 1693 1962 Tim.
1723 1924 1761 1970 ι,
1793 1906 1867 1975 8).
1896 1906 2043 1984 Ὀυα-

460 2010 686 2071 propter
747 2001 977 2055 inaniter
1026 2001 1120 2055 tibi
1168 2001 1340 2054 visum
1389 2008 1508 2063 est,
1552 1999 1692 2053 male
1745 1999 2042 2066 intelligen-

460 2091 572 2156 do,
617 2091 690 2144 ad-
743 2099 891 2145 tuum
941 2106 1157 2145 sensum
1206 2090 1340 2145 velle
1385 2089 1766 2145 rectitudinem
1806 2087 2045 2159 Symboli

459 2186 794 2247 retorquere,
833 2187 888 2233 et
924 2178 1048 2233 inde
1089 2176 1432 2247 praescribere
1461 2184 1660 2232 sancta:
1700 2176 1819 2231 lidei
1854 2176 2042 2231 catho-

459 2267 598 2329 ηοω,
616 2267 746 2337 quia
772 2267 823 2321 in
857 2267 1112 2338 Symbolo
1146 2282 1250 2322 non
1274 2266 1455 2321 omnia
1483 2265 1625 2321 dicta
1650 2274 1774 2320 sunt
1798 2265 1865 2320 de
1885 2266 2042 2330 Filio,

461 2369 582 2429 qua;
603 2367 730 2414 sunt
747 2357 886 2415 dicta
911 2360 976 2414 de
997 2359 1155 2414 Patre
1179 2378 1191 2413 :
1217 2374 1337 2415 cum
1361 2359 1546 2428 utique
1565 2367 1852 2429 propterea
1868 2358 2042 2429 pleni-

468 2448 598 2502 tudo
611 2449 926 2517 divinitatis,
940 2458 1198 2518 quantum
1217 2448 1503 2519 oportebat
1517 2448 1759 2502 debuerit
1774 2448 1825 2502 in
1839 2448 2044 2516 origine

457 2538 846 2604 commendari,
867 2539 990 2609 quia
1014 2555 1120 2593 non
1145 2538 1328 2593 debuit
1347 2538 1502 2593 aliter
1521 2539 1572 2592 in
1594 2537 1747 2608 prole
1766 2537 2038 2605 cognosci.

454 2628 590 2682 Cum
621 2630 765 2685 enim
791 2632 1018 2700 quisque
1047 2645 1105 2685 se
1133 2629 1262 2684 dicit
1315 2627 1536 2684 credere
1574 2629 1735 2700 6-53
1773 2629 1824 2683 in
1875 2629 2040 2684 Deum

458 2720 672 2776 Patrem
724 2723 1189 2792 omnipotentem,
1241 2721 1343 2776 hoc
1388 2721 1559 2790 ipsum
1603 2720 1747 2789 quod
1789 2721 1841 2774 in
1872 2719 2040 2775 Deum

458 2810 674 2865 Patrem
697 2810 858 2877 dicit,
908 2811 1046 2866 sicut
1075 2811 1128 2865 in
1156 2825 1223 2865 eo
1250 2810 1532 2864 veritatem
1563 2810 1820 2863 naturalis
1845 2809 2039 2864 divini-

457 2901 601 2964 tatis,
623 2901 693 2954 ita
715 2901 996 2956 veritatem
1019 2900 1276 2955 naturalis
1299 2914 1512 2968 quoque
1525 2900 1881 2969 paternitatis,
1899 2908 1958 2964 et
1973 2914 2040 2954 ex

459 2992 559 3046 hac
607 2992 886 3046 veritatem
917 2992 1175 3046 naturalis
1209 2992 1370 3058 etiam
1398 2983 2036 3058 gmierationis‘ostendit.

459 3080 568 3136 Nec
608 3083 750 3136 enim
787 3081 929 3136 Deus
968 3082 1126 3136 Pater
1154 3083 1468 3136 naturaliter
1493 3081 1634 3137 Deus
1663 3091 1768 3149 est,
1794 3091 1849 3137 et
1882 3081 2040 3137 Pater

2105 1949 2110 1956 -
2149 1912 2395 1967 mortalis
2419 1926 2635 1982 quoque
2665 1926 2770 1966 non
2799 1925 2866 1966 eo
2895 1909 3058 1965 modo
3087 1910 3226 1965 Deus
3253 1909 3478 1975 dicitur,
3507 1925 3619 1980 quo
3648 1911 3735 1965 vel

2148 2002 2325 2057 anima
2363 2001 2448 2056 vel
2484 2001 2708 2068 angelus
2751 1995 3020 2054 invenitur
3049 2017 3062 2052 :
3093 1999 3344 2067 quoniam
3374 2006 3430 2053 et
3457 1999 3510 2052 in
3541 2000 3736 2067 angelo

2147 2093 2246 2148 etsi
2277 2107 2383 2148 non
2414 2100 2498 2146 est
2523 2090 2784 2146 naturalis
2815 2089 3120 2154 exstinctio,
3145 2095 3327 2159 potest
3358 2097 3542 2144 tamen
3573 2097 3736 2143 natu-

2145 2183 2274 2239 ralis
2319 2183 2545 2237 inveniri
2584 2182 2811 2237 mutatio
2845 2199 2858 2236 :
2887 2181 2974 2236 illa
3022 2195 3152 2236 vero
3177 2189 3388 2234 natura
3430 2181 3626 2250 recipit
3664 2195 3734 2234 ex

2143 2274 2502 2330 mutabilitate
2531 2272 2820 2343 quamdam
2847 2279 3077 2327 mortem
3096 2311 3112 2336 ,
3141 2286 3260 2340 qua
3285 2272 3477 2341 recipit
3503 2273 3733 2341 qualita-

2144 2373 2271 2419 tem.
2302 2363 2408 2419 Nos
2436 2372 2614 2418 autem
2644 2363 2810 2418 Deum
2838 2363 2956 2418 sine
2976 2362 3233 2432 qualitate
3255 2362 3483 2417 dicimus
3504 2361 3734 2429 bonum,

2144 2455 2229 2509 cui
2253 2470 2358 2508 non
2380 2462 2463 2509 est
2485 2454 2628 2508 aliud
2651 2454 2816 2508 Deum
2838 2468 2978 2518 esse,
2995 2453 3138 2507 aliud
3159 2453 3357 2507 bonum
3381 2467 3500 2506 esse
3525 2470 3540 2506 :
3563 2451 3730 2528 unde,

2144 2561 2266 2600 cum
2282 2544 2579 2598 bonitatem
2601 2543 2846 2607 dicimus,
2871 2543 3039 2612 ipsam
3055 2541 3387 2596 divinitatem
3403 2541 3520 2610 ejus
3541 2545 3732 2596 osten-

2142 2637 2345 2702 dimus;
2391 2645 2445 2690 et
2472 2651 2594 2690 cum
2627 2635 2958 2690 divinitatem
2987 2634 3212 2689 dicimus
3233 2674 3248 2699 ,
3287 2634 3582 2688 bonitatem
3613 2635 3734 2689 sine

2141 2726 2304 2782 dubio
2331 2726 2779 2792 demonstramus.
2837 2723 2978 2778 Dens
3025 2736 3153 2792 ergo
3197 2731 3383 2778 noster
3410 2724 3464 2777 in
3501 2739 3568 2778 eo
3599 2721 3730 2778 vere

2144 2815 2458 2871 immortalis
2483 2816 2810 2886 agnoscitur,
2840 2812 3004 2885 655.
3032 2813 3088 2868 in
3114 2829 3222 2883 quo
3264 2814 3588 2869 naturaliter
3618 2822 3731 2868 non

2143 2914 2378 2961 mutatur
2410 2925 2422 2959 :
2454 2906 2596 2974 quod
2638 2905 2781 2959 nulla
2821 2912 3063 2960 creatura
3105 2898 3277 2974 potuit
3307 2913 3399 2957 aut
3427 2911 3607 2974 potest
3631 2904 3735 2958 ha-

2143 2998 2270 3053 bere
2296 3013 2391 3068 per
2420 3006 2683 3059 naturam,
2715 2997 2959 3064 quamvis
2985 2995 3089 3050 hoc
3112 2995 3357 3064 qumdam
3386 2997 3735 3062 cognoscitur

2143 3090 2413 3158 accepisse
2443 3103 2538 3158 per
2565 3088 2812 3154 gratiam.
2841 3085 3026 3142 Omnis
3053 3086 3251 3156 quippe
3279 3101 3368 3141 res
3395 3101 3557 3155 quam
3586 3087 3734 3142 Deus

459 3171 775 3263 naturaliter
811 3187 920 3226 non
957 3181 1063 3240 est,
1119 3188 1242 3228 cum
1273 3173 1456 3242 utique
1484 3174 1741 3227 naturalis
1771 3173 1822 3226 in
1853 3188 1918 3227 eo
1947 3173 2035 3236 sit,
2065 3203 2108 3263 ρ
2142 3179 2302 3242 fecit,
2342 3178 2601 3245 originem
2631 3176 2777 3231 ducit
2821 3192 2889 3231 ex
2917 3176 3083 3231 nihilo
3117 3193 3136 3230 τ
3163 3176 3304 3231 unde
3332 3187 3735 3247 consequenter

458 3272 514 3318 et
541 3262 718 3318 divina
750 3264 1042 3333 paternitas
1078 3273 1131 3319 et
1160 3273 1382 3334 paterna
1409 3263 1679 3318 divinitas.
1719 3262 1912 3318 Totum
1942 3265 2037 3333 igio

455 3364 545 3421 tur
573 3355 624 3408 in
656 3370 715 3410 se
743 3355 903 3410 habet
933 3355 1020 3410 illa
1049 3355 1327 3424 generatio
1353 3354 1528 3408 divina
1558 3396 1582 3422 ,.
1613 3353 1873 3426 quidquid
1903 3355 1956 3409 in
1981 3369 2040 3410 se

457 3447 622 3501 habet
648 3447 742 3502 Dei
773 3446 947 3502 Patris
973 3455 1180 3502 interna~
1203 3447 1516 3502 substantia.
1551 3445 1781 3500 Proinde
1805 3444 2063 3514 suﬂicie-g

458 3539 550 3593 bat
581 3547 635 3593 ut
660 3539 928 3595 diceretur
952 3540 1019 3594 de
1047 3537 1204 3594 Patre
1229 3538 1347 3593 solo
1372 3536 1628 3606 quidquid
1655 3536 1934 3604 aequaliter
1961 3536 2043 3590 ino-

452 3628 804 3700 telligendum
831 3639 977 3688 esset
1020 3631 1080 3686 in
1121 3630 1276 3685 Filio.
1326 3628 1486 3684 Pater
1513 3629 1655 3684 enim
1684 3629 1762 3683 sic
1791 3628 2040 3696 omnipo-

458 3729 661 3778 tentem
691 3723 882 3778 Filium
911 3721 1132 3792 genuit,
1159 3722 1298 3776 sicut
1325 3727 1407 3775 est
1443 3720 1558 3790 ipse
1599 3718 1759 3773 Pater
1797 3718 2042 3786 omnipos

458 3822 612 3880 tens;
647 3816 726 3871 sic
754 3816 1123 3870 universorum
1153 3821 1452 3869 creatorem
1476 3850 1496 3879 τ
1519 3811 1656 3866 sicut
1684 3811 1799 3880 ipse
1827 3810 2040 3862 univer—

456 3919 644 3959 sorum
670 3911 886 3960 creator
915 3911 1028 3967 est;
1067 3903 1145 3957 sic
1176 3901 1374 3970 Regem
1401 3900 1740 3966 smculorum,
1767 3899 1904 3954 sicut
1930 3899 2044 3966 ipse

459 3993 575 4050 Rex
606 3995 925 4050 saeculorum
959 4001 1075 4058 est;
1123 3992 1202 4048 sic
1232 3991 1588 4046 immortalem
1619 3999 1673 4044 et
1702 3989 2041 4052 invisibilem,

456 4087 596 4141 sicut
625 4089 738 4156 ipse
767 4086 1082 4140 immortalis
1110 4093 1194 4138 est
1227 4092 1281 4137 et
1319 4082 1614 4137 invisibilis.
1669 4079 1856 4135 Omnia
1888 4082 2047 4148 igitur

458 4190 578 4244 qua:
607 4176 718 4230 Deo
748 4176 894 4228 Patri
923 4175 1118 4228 dantur
1148 4174 1198 4226 in
1221 4165 1496 4243 Symbolo,
1522 4172 1638 4240 ipso
1665 4185 1774 4225 uno
1802 4171 1919 4224 Filii
1949 4187 2047 4225 no-

459 4268 607 4322 mine
633 4264 946 4319 naturaliter
973 4264 1277 4317 tribunntur
1300 4258 1360 4316 et'
1384 4258 1538 4315 Filio.
1589 4260 1720 4314 Nam
1771 4261 2046 4316 universo-

462 4373 586 4413 rum
615 4360 826 4413 crcaloi'
856 4363 939 4411 est
976 4352 1168 4417 Pater,
1203 4351 1295 4408 sed
1324 4355 1495 4406 omnia
1523 4370 1612 4421 rer
1650 4335 2046 4423 Verbumfacta

459 4460 604 4517 sunt,
626 4459 677 4506 et
704 4450 821 4504 sine
841 4451 956 4518 ipso
987 4449 1178 4518 factum
1206 4455 1282 4500 est
1303 4445 1434 4498 nihil
1464 4443 1642 4515 (Joan.
1675 4461 1714 4509 ι,
1739 4445 1827 4513 5);
1858 4453 1913 4499 et
1940 4462 1952 4496 :
1980 4443 2045 4498 In

458 4549 578 4614 ipse
601 4555 772 4600 creata
807 4553 924 4598 sunt
956 4543 1193 4596 universa
1229 4543 1283 4594 in
1319 4541 1456 4595 razlis
1478 4550 1526 4595 et
1555 4543 1608 4595 in
1641 4543 1795 4606 terra,
1825 4540 2044 4594 visibilia

461 4647 512 4691 et
556 4634 835 4690 inuisibilia
865 4650 882 4687 :
913 4635 1018 4686 sive
1065 4631 1258 4685 'Throni
1283 4671 1296 4692 ,
1339 4633 1443 4684 sive
1479 4630 1869 4684 Dominationes
1894 4671 1908 4696 ,
1947 4631 2048 4684 sive

468 4728 799 4798 Principatus
825 4768 840 4793 ,
883 4727 982 4778 sire
1015 4723 1300 4778 Pot-estates
1323 4761 1336 4784 ,
1379 4724 1551 4776 omnia
1593 4738 1684 4791 per
1713 4723 1879 4790 ipsum
1920 4730 1968 4773 et
1996 4722 2050 4773 in

467 4820 584 4887 ipso
610 4819 783 4871 crezita
812 4825 962 4877 sunt,
1003 4824 1051 4868 et
1082 4815 1190 4884 ipse
1217 4822 1293 4867 est
1324 4822 1442 4866 ante
1470 4829 1648 4866 omnes
1666 4852 1680 4875 ,
1721 4822 1768 4865 et
1797 4813 1971 4865 omnia
1997 4813 2050 4865 in

465 4912 557 4964 illo
581 4915 816 4962 constant
848 4905 1068 4978 (Coloss.
1103 4922 1139 4970 ι,
1173 4907 1262 4971 lii,
1292 4904 1401 4974 l7).
1439 4903 1583 4957 Unus
1606 4912 1681 4956 est
1710 4904 1892 4971 itaque
1917 4901 2050 4956 Deus

468 5000 650 5061 Pater,
677 5014 742 5052 ex
769 5014 865 5068 quo
895 4997 1088 5061 omnia,
1117 5005 1166 5048 et
1189 5013 1281 5049 nos
1311 4995 1362 5048 in
1393 4996 1592 5064 ipsum;
1633 5001 1684 5045 et
1712 5009 1844 5045 unus
1875 4990 2054 5044 Domi-

469 5107 565 5144 nus
593 5074 745 5143 Iesus
775 5087 1027 5151 Christus,
1059 5105 1148 5157 per
1177 5102 1326 5154 quem
1355 5088 1548 5148 omnia,
1574 5095 1622 5137 et
1653 5101 1751 5136 nos
1774 5100 1863 5152 per
1887 5084 2053 5153 ipsum

471 5179 526 5249 (1
551 5179 673 5235 Cor.
703 5195 820 5242 vm,
842 5178 918 5249 ii).
974 5176 1086 5231 Rex
1117 5177 1436 5231 smculorunt
1477 5184 1558 5230 est
1600 5173 1792 5237 Pater,
1822 5172 1916 5227 sed
1948 5188 2054 5227 non

470 5275 648 5329 minus
679 5272 794 5326 Rex
824 5270 1093 5325 invenitur
1138 5277 1193 5323 et
1236 5268 1399 5322 Filius
1424 5310 1438 5334 ,
1470 5268 1552 5321 cui
1581 5266 1710 5319 dicit
1737 5263 2004 5334 PrOpheta
2040 5283 2051 5317 :

475 5363 711 5434 Regnum
746 5371 886 5414 tuum
908 5401 922 5424 ,
956 5376 1166 5430 regnum
1207 5358 1432 5412 omnium
1470 5358 1773 5410 smrulorum
1832 5355 2054 5424 (Psalm.

476 5468 658 5514 cxuv,
689 5450 800 5515 15).
852 5447 1177 5504 Immortalis
1219 5462 1347 5500 vero
1385 5454 1440 5498 et
1472 5445 1754 5498 invisibilis
1787 5444 1948 5498 simul
1975 5452 2057 5498 est

433 5543 592 5606 .,iosa
624 5541 886 5606 Trinitas,
919 5539 1008 5608 qui
1051 5547 1135 5594 est
1162 5554 1326 5604 unus,
1357 5552 1548 5604 verus,
1580 5545 1634 5590 et
1670 5535 1843 5588 bonus
1877 5535 2015 5588 Deus
2041 5550 2052 5586 :

482 5650 588 5688 non
620 5632 802 5700 utique
827 5632 904 5688 sic
932 5629 1249 5685 immortalis
1278 5636 1438 5698 atque
1474 5625 1771 5691 invisibilis,
1812 5625 1948 5680 sicut
1978 5633 2059 5679 est

482 5711 660 5778 anima
690 5722 919 5774 humana
947 5720 1028 5774 vel
1055 5719 1294 5788 angelus.
1329 5719 1466 5772 Deus
1487 5716 1628 5771 enim
1656 5715 1706 5769 in
1737 5730 1803 5769 eo
1831 5714 2061 5767 maxime

487 5811 769 5874 invisibilis
793 5810 1005 5876 dicitur,
1036 5810 1086 5863 in
1127 5824 1234 5880 quo
1263 5809 1360 5866 nisi
1401 5823 1496 5876 per
1523 5806 1749 5872 gratiam
1782 5821 1888 5860 non
1919 5803 2058 5859 vide-

2143 3271 2447 3339 agnoscitur
2474 3285 2504 3324 a
2534 3278 2684 3324 certo
2725 3269 2873 3322 initio
2900 3269 3128 3338 cepisse
3156 3283 3306 3335 esse,
3340 3275 3396 3322 et
3419 3269 3734 3339 priusquam

2141 3376 2262 3416 esse
2287 3360 2568 3430 inciperet,
2596 3375 2700 3413 non
2732 3358 2910 3413 fuisse.
2936 3357 3089 3412 Unde
3116 3359 3220 3413 hoc
3248 3357 3412 3413 habet
3438 3359 3610 3413 omnis
3640 3369 3738 3414 res

2142 3453 2293 3521 cujus
2323 3468 2428 3506 non
2458 3459 2543 3506 est
2571 3466 2676 3504 una
2702 3453 2823 3504 cum
2851 3449 2963 3503 Deo
2992 3447 3150 3504 Patre
3181 3455 3402 3513 natura,
3431 3457 3486 3502 ut
3512 3464 3611 3518 per
3639 3465 3734 3503 se-

2144 3543 2427 3612 metipsam
2479 3540 2820 3594 mutabilitati
2866 3539 3145 3607 subjaceat
3175 3556 3186 3589 :
3219 3537 3732 3592 incommutabilita-

2145 3641 2254 3687 tem
2300 3647 2466 3696 vero,
2512 3631 2652 3684 illius
2687 3637 2893 3683 natura:
2933 3629 3075 3684 dono
3103 3636 3496 3698 consequatur,
3536 3627 3586 3681 in
3625 3643 3737 3696 qua

2145 3723 2401 3777 naturalis
2440 3719 2950 3775 incommutabilitas
2995 3718 3284 3772 invenizu-r.
3335 3717 3459 3772 Sola
3491 3733 3619 3771 vero
3650 3725 3740 3771 est

2144 3821 2337 3868 natura
2363 3810 2791 3876 Trinitatis‘qute
2832 3807 3148 3861 naturaliter
3176 3805 3370 3860 mutari
3401 3817 3507 3860 non
3539 3806 3737 3873 possit,

2145 3902 2269 3971 quia
2317 3910 2507 3954 natura
2555 3913 2673 3954 esse
2721 3914 2826 3952 non
2879 3898 3042 3966 cmpit
3073 3915 3086 3950 :
3118 3897 3169 3951 in
3209 3897 3354 3951 omni
3393 3905 3574 3950 autem
3600 3898 3737 3950 sub-

2146 3993 2343 4047 stantia
2363 4007 2482 4060 qutc
2503 4006 2622 4046 cum
2647 3989 2756 4044 Deo
2779 3989 2937 4042 Patre
2960 4003 3068 4042 non
3091 3996 3172 4042 est
3197 3989 3356 4041 unius
3384 3982 3742 4055 ejusdemque

2147 4092 2382 4145 namrae,
2419 4082 2557 4136 sicut
2591 4079 2741 4149 origo
2767 4094 2832 4132 ex
2873 4078 3038 4132 nihilo
3075 4077 3235 4132 ducta
3265 4078 3626 4144 cognoscitur,
3660 4077 3742 4130 ita

2150 4173 2407 4228 naturalis
2440 4170 2773 4231 mutabilitas
2795 4170 3080 4236 invenitur.
3123 4167 3292 4234 Quam
3320 4168 3740 4222 mutabilitatem

2111 4274 2124 4281 ‘
2151 4263 2266 4317 sola
2316 4260 2594 4314 Trinitatis
2639 4259 2814 4313 divina
2865 4267 3051 4312 natura
3095 4273 3201 4311 non
3237 4257 3434 4320 habet,
3467 4271 3584 4324 qua:
3617 4256 3742 4311 esse

2153 4368 2262 4408 non.
2287 4351 2470 4419 coepit,
2505 4358 2702 4418 etquae
2731 4347 2910 4402 omnia
2939 4361 3057 4415 qua:
3083 4346 3228 4411 fecit,
3257 4361 3320 4400 ex
3366 4345 3532 4400 nihilo
3564 4344 3690 4400 fecit
3709 4358 3738 4398 ’ζ

2149 4456 2376 4511 qumque
2420 4447 2705 4509 propterea
2751 4438 2802 4491 in
2846 4451 2904 4490 se
2953 4435 3322 4490 tantummodo
3350 4434 3502 4489 credi
3545 4431 3741 4498 voluit,

2149 4533 2275 4601 quia
2317 4531 2402 4585 sic
2444 4530 2556 4585 sola
2604 4527 2797 4580 sullicit
2825 4525 2890 4579 ad
2919 4518 3326 4579 renovationem
3365 4525 3614 4578 humana:
3641 4540 3746 4577 na-

2152 4631 2282 4676 tura:
2307 4662 2327 4686 ,.
2366 4620 2508 4674 sicut
2541 4619 2606 4671 ad
2646 4617 2979 4672 creationem
3005 4615 3240 4668 omnium
3282 4629 3459 4668 rerum
3490 4615 3606 4668 sola
3637 4616 3746 4670 sibi

2152 4711 2380 4764 naturali
2409 4711 2607 4763 virtute
2635 4723 2698 4761 ac
2738 4706 2979 4760 bonitate
3021 4702 3237 4759 suﬂicit.
3286 4703 3342 4758 In
3388 4705 3534 4759 illam
3577 4707 3747 4774 igitur

2151 4811 2396 4857 naturam
2434 4807 2630 4854 saneta:
2667 4797 2941 4850 Trinitatis
2967 4795 3107 4864 jnste
3152 4811 3216 4849 ac
3243 4796 3534 4850 salubriter
3561 4797 3745 4850 credi-

2154 4905 2308 4953 mus,
2347 4904 2506 4958 quam
2555 4899 2611 4942 et.
2655 4888 3119 4957 omnipotentem,
3161 4896 3220 4941 et
3265 4903 3442 4941 rerum
3497 4890 3746 4942 omnium

2153 4983 2494 5045 creatricem,
2514 4989 2570 5035 et.
2591 4994 2794 5048 regem,
2820 4988 2876 5033 et
2905 4992 3122 5047 regnum
3152 4979 3391 5033 omnium
3421 4981 3749 5034 saeclilorum

2156 5073 2500 5142 singulariter
2526 5071 2885 5141 possidentem
2911 5109 2930 5136 τ
2965 5079 3022 5124 et
3058 5070 3379 5124 invisibilem
3423 5073 3753 5140 corporibus

2159 5173 2318 5234 atque
2349 5164 2623 5234 spiritibus
2651 5179 2749 5232 per
2791 5171 3074 5226 naturam,
3096 5162 3356 5216 visibilem
3385 5179 3515 5218 vero
3541 5165 3755 5232 spiriti-

2157 5258 2257 5313 bus
2280 5257 2438 5325 justis
2466 5271 2562 5325 per
2590 5255 2874 5323 gratuitam
2910 5254 3134 5321 gratiam
3160 5292 3176 5315 ,
3208 5254 3568 5308 immortalem
3606 5269 3759 5322 quo-

2161 5365 2267 5418 que
2315 5363 2412 5418 per
2458 5347 2814 5401 mternitatem
2883 5344 3139 5398 naturalis
3196 5344 3762 5400 incommutabilitatls

2161 5440 2517 5508 agnoscimus.
2549 5437 2888 5505 Quapropter
2915 5450 3036 5488 cum
3067 5434 3182 5487 lucc
3208 5433 3386 5486 omnia
3416 5450 3762 5488 commemo-

2162 5537 2411 5585 rarentur
2437 5529 2489 5581 in
2517 5525 2693 5587 Patre,
2727 5525 2778 5579 in
2801 5540 2907 5592 quo
2935 5523 3298 5593 principaliter
3321 5523 3762 5577 commendanda

2164 5627 2284 5674 erat
2310 5617 2488 5672 divina
2519 5625 2727 5679 natura,
2751 5614 2944 5668 suﬂicit
2974 5613 3162 5667 Filium
3187 5612 3303 5681 ejus
3333 5613 3545 5667 unicum
3573 5613 3769 5666 Domi-

2165 5727 2292 5766 num
2342 5717 2583 5764 nostrum
2648 5706 2826 5761 Jesum
2878 5706 3148 5759 Christum
3197 5703 3390 5759 deinde
3437 5704 3765 5770 nominari,

2168 5801 2600 5872 quandoquidem
2633 5799 2747 5870 ipso
2779 5797 2918 5853 unici
2951 5797 3065 5851 Filii
3092 5795 3386 5857 vocabulo.
3415 5795 3570 5867 plena
3605 5797 3770 5851 inte-
