4090 6342
1343 413 1618 478 CONTRA
1648 406 1994 474 FABlANUM
2036 402 2502 473 FRAGMENTA.‘

3452 416 3557 477 826

287 547 432 601 nitur
457 538 630 593 Patris
663 544 720 592 et
753 532 873 590 Filii
915 532 1171 589 naturalis
1211 531 1507 601 signiﬁcata
1537 531 1866 588 communio.
1899 533 1947 592 Α
1976 529 2133 584 Patre
2160 545 2264 584 una
2292 528 2544 584 divinitas
2573 524 2846 580 naturalis.
2877 524 3121 584 Christus
3151 529 3312 596 enim,
3339 535 3430 600 qui
3461 550 3554 590 ve-

287 631 519 687 Alterius
549 635 729 682 autem
758 622 1186 694 omnipotentizc,
1217 622 1618 685 dominationis,
1652 621 1872 674 immor-

273 719 511 776 talitatis
555 725 718 785 atque
761 713 1182 777 invisibilitatis,
1225 710 1381 767 Iesus
1421 711 1666 766 Christus
1712 711 1873 778 digne

284 809 619 874 crederetur,
640 807 684 861 si
707 820 814 859 non
836 804 929 858 Dei
955 803 1127 858 Patris
1155 802 1345 857 unicus
1366 801 1530 856 Filius
1558 801 1829 857 diceretur
1857 818 1868 852 :

269 900 477 956 unicus
505 905 684 950 autem
723 895 917 950 dicitur
940 934 954 958 ,
997 893 1121 961 quia
1158 893 1306 947 solus
1347 905 1502 945 verus
1539 898 1622 946 est
1661 891 1826 945 Filius
1857 909 1870 944 :

285 991 434 1047 solus
459 995 544 1045 est
571 996 750 1043 autem
783 999 939 1041 verus
968 978 1138 1039 Filius
1158 1025 1172 1050 ,
1214 985 1338 1052 quia
1386 983 1454 1037 de
1482 993 1674 1037 natura
1702 981 1876 1038 Patris

285 1083 436 1138 solus
459 1088 543 1136 est
566 1081 741 1134 natus.
766 1075 976 1132 Veritas
1003 1076 1183 1144 itaque
1208 1074 1502 1129 nativitatis
1530 1074 1690 1139 illius,
1715 1081 1874 1126 natu-

271 1173 456 1229 ‘ralem
485 1168 873 1241 plenitudinem
901 1166 970 1221 de
999 1164 1157 1220 Patre
1186 1163 1524 1218 demonstrat
1552 1163 1604 1217 in
1633 1162 1788 1228 Filio,
1822 1161 1877 1216 in

286 1279 397 1334 quo
425 1277 495 1317 ex
530 1259 759 1315 naturali
802 1256 1186 1327 generatione,
1219 1261 1456 1324 paternae
1504 1262 1705 1308 natura:
1748 1269 1875 1323 per-

285 1360 475 1408 manet
501 1349 798 1422 plenitudo.
841 1347 1181 1416 Congruebat
1221 1354 1401 1400 autem
1439 1349 1634 1400 nostra:
1663 1345 1786 1401 ﬁdei
1814 1361 1878 1401 ac

286 1445 468 1508 Saluti,
493 1458 600 1496 non
625 1440 801 1496 solum
825 1438 1134 1502 creationis,
1155 1453 1342 1493 verum
1371 1438 1534 1491 etiam
1556 1437 1880 1509 redemptio-

287 1535 374 1590 nis
407 1532 718 1603 mysterium
747 1529 1015 1585 contiteri.
1043 1527 1100 1582 ln
1131 1527 1378 1582 omnibus
1404 1527 1545 1582 enim
1574 1541 1693 1595 qute
1721 1542 1880 1596 supe-

287 1627 402 1681 rius
431 1625 497 1679 de
529 1623 690 1678 Patre
717 1622 858 1676 dicta
887 1628 1030 1686 sunt,
1063 1620 1348 1691 prtedicata
1377 1628 1458 1674 est
1485 1620 1741 1688 majestas
1765 1621 1881 1688 ejus

288 1731 394 1786 qua
427 1729 526 1769 nos
553 1713 702 1779 fecit,
732 1711 827 1766 sed
854 1727 961 1765 non
991 1718 1072 1765 est
1107 1719 1320 1765 ostensa
1349 1711 1562 1764 bonitas
1590 1725 1696 1778 qua
1726 1710 1881 1764 rede-

287 1807 391 1861 mit
416 1822 429 1857 :
453 1812 508 1858 et
531 1802 783 1872 quoniam
809 1801 913 1855 hoc
940 1801 1195 1854 collatum
1223 1806 1307 1854 est
1330 1799 1500 1864 nobis,
1533 1798 1750 1867 dignum
1780 1798 1880 1852 fuit

1975 619 2105 672 ritas
2131 627 2234 684 est,
2265 619 2401 674 sicut
2429 626 2511 672 est
2537 632 2695 671 verus
2725 619 2886 672 homo
2913 618 2978 672 de
3011 629 3198 678 natura
3240 625 3445 688 matris,
3484 624 3561 682 sic

1973 724 2132 762 verus
2172 708 2313 762 Deus
2351 715 2434 762 est
2468 708 2627 761 etiam
2667 707 2734 762 de
2773 708 3072 763 substantia
3114 709 3326 766 Patris:
3359 716 3443 770 cui
3480 715 3562 771 sic

1975 813 2082 851 non
2106 805 2188 851 est
2207 798 2487 851 diversitas
2510 797 2702 851 divinae
2725 806 2930 851 natura:
2950 815 3069 853 cum
3093 800 3273 866 Patre,
3296 805 3431 860 sicut
3456 822 3560 860 non

1975 896 2059 941 est
2075 887 2333 942 naturalis
2353 887 2638 943 diversitas
2662 889 2851 942 animae
2873 889 3156 959 carnisque
3178 907 3298 945 cum
3321 893 3560 963 Virgine.

1976 975 2238 1041 Proinde,
2269 977 2392 1046 quia
2421 986 2648 1031 mortem
2679 979 2903 1032 veritate
2932 981 3107 1034 carnis
3136 982 3370 1051 accepit,
3401 999 3564 1052 quam

1975 1066 2206 1120 veritate
2235 1065 2530 1121 divinitatis
2558 1068 2835 1122 absorbuit
2858 1110 2873 1135 ,
2915 1070 3037 1124 ideo
3068 1053 3298 1126 fa‘temur
3323 1075 3447 1141 quia
3478 1090 3565 1128 sc-

1977 1158 2180 1228 pultus,
2213 1158 2300 1212 die
2329 1160 2482 1212 tertia
2511 1161 2825 1213 resurrexit.
2867 1159 2982 1216 Hoc
3009 1162 3151 1215 enim
3183 1163 3246 1216 ad
3279 1162 3563 1218 conﬁrma-

1977 1247 2182 1302 tionem
2217 1249 2331 1317 spei
2361 1257 2557 1302 nostrae
2585 1258 2803 1318 onerata
2835 1258 2919 1304 est
2946 1251 3124 1305 divina
3154 1251 3474 1322 benignitas,
3505 1264 3561 1308 nt

1979 1341 2032 1395 in
2063 1357 2170 1412 quo
2194 1342 2509 1397 vincebatur
2541 1343 2730 1396 mortis
2760 1351 2957 1397 nostra:
2993 1345 3331 1413 supplicium,
3367 1345 3417 1399 in
3447 1346 3562 1416 ipso

1978 1431 2270 1500 refulgeret
2299 1442 2493 1486 nostra).
2522 1433 2932 1488 resurrectionis
2960 1435 3265 1503 exemplum
3301 1454 3313 1488 :
3347 1445 3400 1490 et
3439 1437 3564 1504 quia

1979 1520 2214 1575 Christus
2236 1536 2510 1592 resurgens
2537 1539 2567 1574 a
2591 1523 2804 1574 mortuis
2821 1524 2933 1592 jam
2956 1539 3060 1576 non
3088 1525 3324 1590 moritur,
3348 1534 3399 1578 et
3426 1543 3563 1580 mors

1979 1614 2027 1666 ei
2047 1612 2186 1666 ultra
2209 1629 2310 1665 non
2337 1610 2687 1666 dominabitur
2716 1610 2892 1682 (Rom.
2921 1628 2991 1675 vt,
3017 1613 3102 1682 9);
3135 1615 3270 1668 sicut
3294 1631 3564 1684 nunquam

1980 1703 2242 1757 morietur
2268 1702 2466 1756 Christi
2496 1718 2624 1757 caro
2653 1717 2811 1764 vera,
2853 1704 2925 1756 ita
2966 1713 3147 1757 nostra
3195 1720 3408 1774 quoque
3445 1722 3567 1760 cor-

1982 1808 2114 1864 pora
2158 1795 2570 1850 resurrectionis
2616 1795 2918 1849 aeternitate
2967 1796 3248 1852 credamus
3295 1797 3410 1852 sine
3461 1798 3567 1852 line

290 1903 352 1948 ut
378 1893 679 1948 sufﬁciente
724 1890 842 1946 solo
880 1889 998 1944 Filii
1027 1889 1245 1944 nomine
1271 1888 1338 1942 ad
1363 1887 1877 1942 demonstrationem
1911 1895 1953 1950 ιι
1981 1887 2207 1939 victura.
2246 1885 2448 1938 Deinde
2477 1896 2653 1938 autem
2684 1883 2912 1938 fatemur
2939 1883 3208 1939 Christum
3260 1887 3568 1942 ascendisse

289 1983 589 2055 majestatis
609 1981 800 2037 divinze
823 1997 925 2050 qua
949 1981 1117 2035 creati
1145 1993 1349 2044 sumus,
1383 1978 1579 2034 deinde
1601 1987 1627 2016 ιι
1657 1978 1879 2033 verbum

289 2077 486 2140 crucis,
510 2074 652 2145 quod
682 2073 1034 2144 pereuntibus
1057 2071 1272 2140 quidem
1294 2069 1522 2125 stultitia
1550 2076 1650 2134 est,
1676 2069 1759 2123 his
1786 2084 1882 2122 au-

291 2175 403 2222 tem
435 2168 525 2236 qui
554 2165 686 2220 salvi
720 2165 852 2218 ﬁunt
879 2164 1049 2218 virtus
1076 2163 1171 2216 Dei
1200 2170 1283 2217 est
1309 2161 1359 2232 (Ι
1383 2161 1502 2215 Cor.
1535 2178 1574 2228 ι,
1608 2160 1718 2231 l8).
1764 2161 1882 2227 Quo

290 2259 466 2327 magis
513 2255 582 2312 ad
622 2255 950 2312 credendum
1010 2253 1227 2308 difﬁcile
1288 2253 1587 2308 videbatur.
1657 2249 1882 2308 Difﬁcile

291 2348 497 2418 quippe
544 2362 650 2401 non
697 2346 798 2399 fuit
838 2343 1059 2408 credere
1103 2343 1294 2397 Filium
1341 2343 1501 2398 unius
1530 2350 1734 2397 natura:
1763 2359 1884 2398 cum

291 2436 476 2503 Patre,
509 2445 564 2492 et
591 2452 659 2491 ex
689 2437 792 2492 hoc
820 2435 999 2490 omnia
1029 2449 1148 2504 qua:
1182 2443 1480 2490 memorata
1508 2443 1654 2504 sunt,
1681 2437 1885 2491 unitate

290 2527 527 2582 naturali
552 2543 674 2581 cum
703 2525 947 2595 genitore
972 2526 1212 2594 genitum
1241 2521 1515 2595 possidere
1542 2544 1554 2578 :
1579 2532 1634 2580 et
1660 2525 1730 2580 ob
1758 2525 1884 2593 hoc,

291 2615 363 2668 ad
406 2614 725 2684 sapientiam
772 2611 956 2667 mundi
1014 2613 1227 2682 penitus
1291 2613 1708 2676 destruendam,
1759 2613 1885 2681 quia

291 2703 543 2759 Christus
588 2702 874 2758 cruciﬁxus
915 2700 1113 2757 Iudaeis
1157 2700 1372 2771 quidem
1419 2701 1729 2758 scandalum
1783 2710 1885 2769 est,

292 2796 547 2867 gentibus
572 2802 751 2850 autem
793 2794 1055 2860 stultitia,
1099 2793 1228 2863 ipsis
1272 2806 1402 2848 vero
1449 2794 1653 2848 vocatis
1695 2791 1889 2847 Judaeis

293 2893 461 2954 atque
489 2884 690 2940 Grtecis
715 2923 730 2948 ,
776 2883 1020 2944 Christus
1047 2883 1143 2938 Dei
1186 2884 1358 2937 virtus
1398 2891 1454 2938 et
1484 2883 1586 2938 'Dei
1629 2884 1887 2953 sapientia

295 2978 358 3050 (1
381 2977 503 3032 Cor.
539 2994 577 3042 ι,
608 2977 734 3046 25);
777 2978 846 3032 ob
887 2977 992 3032 hoc
1032 2977 1130 3031 fnit
1171 2977 1427 3032 intentius
1463 2985 1518 3031 et
1555 2977 1766 3046 penitus
1809 2977 1890 3031 in-

296 3068 618 3124 culcandum
636 3111 651 3135 ,
681 3068 848 3122 Deum
889 3082 1076 3121 verum
1101 3108 1114 3131 ,
1162 3066 1258 3120 Dei
1287 3065 1458 3120 Patris
1484 3067 1887 3136 omnipotentis,

297 3158 624 3213 immortalis
645 3197 662 3222 ,
693 3166 747 3212 et
776 3157 1056 3212 invisibilis
1083 3157 1358 3228 proprium
1384 3159 1544 3228 655
1573 3167 1736 3229 atque
1766 3158 1890 3213 nni-

1985 1977 2037 2032 in
2064 1977 2256 2032 ccelum
2283 2018 2297 2042 ,
2339 1985 2394 2030 et
2423 1977 2544 2031 inde
2571 1987 2855 2031 venturum
2882 1975 3122 2044 judicare
3150 1978 3301 2031 vivos
3334 1987 3387 2031 et
3425 1994 3569 2032 mor-

1986 2077 2106 2123 tuos
2137 2087 2148 2121 :
2180 2067 2340 2121 Pater
2384 2069 2520 2120 enim
2569 2083 2670 2120 non
2709 2068 2913 2136 judicat
2941 2076 3258 2138 quamquam,
3291 2070 3380 2121 sed
3421 2086 3569 2122 omne

1977 2161 2234 2232 judicium
2255 2160 2394 2213 dedit
2416 2159 2575 2225 Filio,
2599 2170 2651 2212 ut
2672 2177 2843 2213 omnes
2865 2161 3201 2230 honoriﬁcent
3224 2159 3414 2214 Filium
3440 2164 3570 2215 sicut

1987 2252 2333 2322 honoriﬁcam
2367 2251 2574 2306 Patrem
2615 2251 2792 2322 (Imm.
2822 2268 2872 2316 ν,
2903 2250 3016 2322 29.).
3065 2251 3294 2307 Proinde
3323 2269 3460 2307 unus
3488 2262 3572 2308 est

1985 2345 2162 2399 honor
2183 2344 2326 2398 Patri
2349 2353 2403 2398 et
2431 2344 2567 2399 Filio
2597 2343 2944 2407 deferendos,
2977 2343 3100 2413 quia
3132 2342 3309 2407 Pater,
3343 2345 3432 2414 qui
3465 2360 3570 2398 non

1981 2434 2185 2503 judicat
2219 2449 2539 2503 quemquam
2564 2475 2578 2499 ,
2610 2433 2703 2488 sed
2747 2450 2907 2489 omne
2932 2434 3190 2503 judicium
3228 2435 3376 2489 dedit
3413 2435 3568 2500 Filio,

1987 2539 2150 2580 unum
2183 2523 2572 2580 demonstravit
2618 2540 2738 2580 esse
2785 2541 2940 2580 suum
2987 2525 3214 2594 Filiique
3253 2525 3509 2594 judicium
3556 2544 3568 2579 :

1988 2612 2131 2684 quod
2167 2614 2450 2692 ideo’Filio
2479 2615 2664 2680 dedit,
2700 2623 2760 2670 ut
2786 2632 2973 2671 omnes
2997 2617 3353 2672 honoriﬁcent
3382 2614 3572 2672 Filium

1989 2702 2130 2774 sicut
2170 2705 2530 2761 honorificam
2557 2705 2792 2761 Patrem.
2833 2707 2912 2760 Ad
2955 2708 3339 2763 removendam
3379 2709 3575 2780 quippe

1992 2795 2345 2851 differentiam
2395 2797 2654 2862 honoris,
2702 2807 2918 2853 ostensa
2957 2785 3040 2854 esi
3082 2801 3259 2854 unitas
3282 2800 3576 2868 judiciariae

1989 2887 2272 2958 potestatis
2304 2905 2316 2940 :
2351 2895 2409 2941 ut
2436 2887 2639 2942 scilicet
2666 2887 2821 2953 Filio,
2847 2888 2929 2944 cui
2959 2904 2990 2942 a
3016 2887 3177 2944 Patre
3204 2889 3385 2944 datum
3418 2906 3579 2947 omne

1988 2979 2245 3048 judicium
2275 2977 2540 3042 novimus,
2571 2979 2832 3047 aequalem
2856 2979 3011 3034 simul
3032 2994 3154 3034 cum
3179 2978 3336 3034 Patre
3357 2981 3578 3036 honori-

1994 3070 2266 3126 ﬁcentiam
2297 3070 2630 3135 deferamus;
2676 3087 2777 3126 nec
2817 3087 3131 3141 separemus
3170 3072 3390 3128 honoris
3419 3074 3580 3129 obse-

1995 3163 2198 3233 quium,
2226 3160 2314 3216 uhi
2337 3171 2641 3232 separatum
2663 3161 2919 3231 judicium
2943 3179 3050 3218 non
3061 3164 3328 3219 ‘videmus.
3357 3164 3582 3234 Expleta

298 3247 546 3314 genitum
574 3246 764 3301 Filium
792 3286 810 3314 ,
847 3247 1008 3301 etiam
1038 3254 1221 3300 natum
1251 3247 1319 3301 de
1363 3246 1566 3317 Spiritu
1608 3257 1795 3303 sancto
1825 3263 1891 3302 ex
1921 3259 1965 3320 (ζ
1996 3267 2126 3306 vero
2160 3252 2498 3306 confessione
2533 3267 2675 3306 vera:
2704 3252 3028 3319 divinitatis,
3058 3269 3305 3324 vermque
3335 3255 3587 3309 humani-‘

298 3335 528 3406 Virgine
551 3333 740 3403 Maria,
771 3337 916 3406 quod
944 3334 1078 3391 nihil
1124 3343 1208 3391 est
1247 3337 1388 3390 aliud
1418 3353 1576 3406 quam
1615 3338 1681 3392 de
1720 3341 1890 3406 gratia

298 3425 420 3493 Dei,
453 3435 507 3482 et
531 3441 601 3500 ex
631 3433 784 3483 utero
813 3425 1079 3496 virginali.
1131 3425 1270 3494 Quid
1299 3435 1478 3482 autem
1510 3429 1803 3483 mirabilius
1833 3446 1896 3485 ac

299 3519 574 3578 salubrius
598 3560 612 3585 ,
652 3534 814 3590 quam
854 3533 1181 3588 cognoscere
1217 3519 1383 3574 Deum
1417 3520 1742 3588 unigenitum
1773 3560 1786 3588 ,
1828 3521 1895 3577 de

309 3611 509 3670 natura
539 3610 714 3665 Patris
741 3611 855 3665 sine
884 3610 1248 3673 initionatum
1274 3648 1290 3673 ,
1327 3617 1380 3663 et
1420 3607 1564 3662 Patri
1603 3608 1711 3663 Deo
1741 3619 1898 3663 natu-

303 3705 498 3760 raliter
547 3709 894 3766 coazternum,
940 3715 1050 3755 non
1099 3713 1210 3753 sua:
1251 3697 1512 3763 utilitatis,
1557 3697 1650 3752 sed
1701 3707 1897 3754 nostra:

302 3793 500 3850 salutis
525 3792 748 3846 obtentu
779 3789 975 3846 factum
1021 3803 1140 3843 esse
1176 3787 1319 3857 quod
1355 3786 1511 3852 fecit;
1551 3797 1897 3857 creatumque

303 3881 631 3938 mirabiliter
677 3896 741 3935 ac
789 3878 1210 3934 misericorditer
1239 3918 1254 3943 ,
1309 3884 1368 3931 ut
1414 3877 1702 3932 redimeret
1755 3877 1900 3947 quod

303 3973 548 4030 creavit?
576 3971 774 4026 Verum
803 3969 929 4040 quia
955 3968 1096 4023 idem
1126 3967 1376 4038 proprius
1404 3974 1564 4035 atque
1593 3969 1780 4022 unicus
1802 3968 1900 4022 Dei

305 4064 510 4128 Patris,
539 4061 698 4117 simul
730 4069 974 4116 naturam
1004 4069 1243 4116 nostram
1275 4073 1596 4128 pmnamqqe
1621 4059 1855 4129 suscepit
1881 4102 1897 4127 ,

304 4156 406 4228 qui
433 4155 715 4211 veritatem
746 4154 798 4208 in
826 4168 885 4208 se
911 4153 1101 4207 anima:
1136 4153 1382 4207 humanae
1409 4151 1489 4205 sic
1515 4150 1902 4208 demonstravit

304 4256 368 4304 et
391 4247 589 4313 carnis,
618 4255 677 4301 ut
702 4246 984 4300 veritatem
1008 4244 1236 4299 tristitite
1256 4243 1581 4314 suscepisset
1603 4251 1659 4298 et
1675 4243 1896 4310 mortis;

306 4338 454 4392 unde
483 4337 604 4391 ait:
639 4336 824 4390 Tristis
863 4344 940 4389 est
986 4335 1160 4388 anima
1208 4352 1321 4389 mea
1366 4350 1525 4406 usque
1571 4335 1640 4387 ad
1685 4343 1901 4388 mortem

308 4425 531 4499 (Matth.
583 4443 746 4493 xxvr,
794 4427 922 4495 55);
984 4435 1270 4496 propterea
1319 4426 1373 4480 in
1421 4425 1679 4496 Symbolo
1727 4425 1900 4494 ipsum

307 4515 531 4576 unicum
563 4520 669 4574 Dei
693 4519 904 4584 Filium,
935 4533 1110 4587 quem,
1125 4517 1192 4571 de
1219 4516 1420 4586 Spiritu
1448 4525 1633 4572 sancto
1655 4525 1712 4571 et
1734 4515 1902 4570 Maria

1998 3342 2122 3396 tatis
2152 3343 2292 3396 unici
2329 3340 2450 3396 Filii
2492 3341 2614 3402 Dei,
2657 3342 2980 3397 confitemur
3005 3359 3104 3397 nos
3133 3345 3352 3398 credere
3383 3345 3432 3397 in
3463 3345 3584 3413 Spi-

1995 3433 2156 3486 ritum
2187 3439 2463 3498 sanctum,
2504 3431 2592 3501 qui
2624 3439 2707 3485 est
2735 3449 2871 3487 unus
2900 3430 3129 3502 Spiritus
3161 3431 3334 3486 Patris
3363 3442 3417 3486 et
3445 3433 3582 3499 Filii,

1996 3521 2062 3578 de
2086 3521 2244 3576 Patre
2268 3518 2511 3591 Filioque
2539 3523 2856 3591 procedens,
2884 3524 2934 3576 in
2967 3522 3126 3577 Patre
3157 3517 3586 3595 Filioque'GSG

1997 3611 2315 3665 naturaliter
2344 3611 2446 3682 (at.
2479 3611 2738 3682 fideliter)
2770 3628 2995 3667 manens
3031 3630 3042 3665 :
3077 3613 3142 3668 de
3172 3613 3330 3667 Patre
3357 3629 3420 3668 ac
3449 3614 3587 3670 Filio

1997 3699 2200 3756 habens
2220 3702 2512 3756 divinitatis
2533 3704 2816 3771 originem,
2844 3719 2964 3758 cum
2989 3702 3148 3758 Patre
3177 3720 3240 3758 ac
3275 3705 3410 3759 Filio
3433 3707 3588 3761 unius

1985 3793 2212 3847 ’deitatis
2233 3791 2435 3848 habens
2456 3794 2771 3847 naturaliter
2789 3794 3090 3848 veritatem.
3116 3793 3170 3847 ln
3188 3794 3386 3864 Spiritu
3409 3805 3587 3850 autem

1997 3894 2186 3938 sancto
2227 3882 2353 3952 quid
2392 3884 2624 3953 amplius
2669 3883 2736 3937 ad
2783 3883 3167 3969 perfectionem
3198 3885 3389 3940 divinze
3419 3887 3589 3954 maje-

1999 3974 2152 4031 statis
2176 3973 2352 4043 potuit
2379 3982 2470 4028 aut
2497 3974 2680 4028 debuit
2710 3974 3012 4044 prmdicari,
3036 3989 3196 4043 quam
3227 3991 3347 4029 cum
3377 3975 3443 4030 de
3465 3975 3589 4046 Spi-

2000 4065 2104 4118 ritu
2134 4073 2319 4118 sancto
2348 4079 2413 4118 ex
2444 4064 2609 4118 Maria
2633 4064 2849 4133 Virgine
2876 4064 3156 4130 natusDei
3186 4064 3347 4120 Filius
3372 4066 3587 4130 dicitur,
3673 4095 3682 4102 ο

2001 4153 2116 4224 ipse
2145 4155 2323 4224 opifex
2374 4155 2514 4209 illius
2561 4156 2734 4210 sancti
2779 4157 3019 4226 corporis
3057 4157 3358 4211 invenitur?
3398 4157 3452 4211 lu
3482 4173 3592 4226 quo

2001 4261 2130 4316 ergo
2157 4247 2315 4316 digne
2343 4249 2520 4302 minor
2548 4247 2708 4303 Patre
2733 4247 2819 4303 vel
2845 4248 2982 4303 Filio
3011 4248 3114 4303 dici
3145 4258 3343 4318 potest,
3372 4250 3462 4318 qui
3510 4258 3592 4303 est

2001 4338 2168 4409 ipsius
2197 4339 2340 4394 unici
2369 4339 2489 4393 Filii
2525 4339 2620 4392 Dei
2656 4339 2946 4394 secundum
2987 4353 3203 4394 carnem
3233 4347 3447 4395 creator
3477 4355 3593 4393 om-

2002 4429 2292 4498 nipotens?
2334 4427 2459 4482 Hmc
2489 4437 2573 4483 est
2602 4428 2836 4482 Trinitas
2865 4445 3002 4483 unus
3031 4429 3171 4482 Deus
3189 4467 3204 4493 ,
3236 4428 3386 4496 cujus
3415 4413 3593 4484 sacra-

1941 4585 1952 4590 _
2004 4527 2244 4572 mentum
2274 4527 2463 4574 sancto
2490 4518 2745 4589 Symbolo
2771 4518 3095 4582 continetur,
3118 4526 3341 4587 propter
3367 4517 3510 4586 quod
3541 4519 3592 4573 in

309 4611 533 4680 Virgine
563 4618 746 4664 natum
776 4608 1006 4662 fatemur
1028 4645 1044 4670 ,
1087 4607 1645 4694 cruciﬁxumiquoque
1674 4604 1903 4660 dicimus
1933 4617 1984 4677 ι)
2006 4610 2224 4663 nomine
2261 4607 2435 4662 Patris
2460 4647 2475 4670 ,
2509 4616 2561 4662 et
2590 4607 2743 4673 Filii,
2775 4615 2830 4662 et
2859 4607 3089 4676 Spiritus
3133 4607 3302 4662 sancti
3350 4614 3594 4662 sanctum

309 4712 367 4758 et
412 4701 679 4772 sepultum
720 4718 732 4752 :
779 4708 836 4754 ut
892 4699 945 4753 in
995 4714 1062 4753 eo
1109 4698 1264 4752 simul
1324 4680 1645 4767 agnuscatur
1703 4695 1903 4751 veritas

313 4796 598 4863 utriusque
619 4802 823 4847 natura:
847 4833 861 4856 ,
904 4805 1063 4861 quem
1092 4790 1230 4845 sicut
1259 4804 1443 4844 verum
1472 4787 1641 4842 Deum
1671 4787 1906 4842 ostendit

311 4885 614 4940 divinitatis
641 4893 856 4938 mternm
885 4881 1159 4950 majestas,
1191 4880 1262 4933 ita
1291 4894 1476 4933 verum
1505 4879 1774 4933 hominem
1802 4878 1903 4932 dos

311 4983 406 5028 cet
440 4972 632 5028 divinae
658 4971 1005 5040 benignitatis
1046 4968 1336 5022 humilitas.
1387 4967 1530 5022 Deus
1573 4969 1770 5038 quippe
1816 4967 1906 5022 ille

311 5066 408 5136 qui
437 5072 524 5120 est
555 5065 622 5119 de
658 5062 816 5119 Patre
847 5071 1061 5117 creator
1089 5059 1328 5115 omnium
1369 5074 1576 5123 rerum,
1617 5059 1787 5115 factus
1826 5067 1909 5114 est

312 5155 387 5210 de
411 5153 634 5223 Virgine
679 5154 943 5208 mediator
991 5151 1084 5206 Dei
1130 5148 1531 5204 et'hominum.
1579 5148 1696 5219 ipse
1725 5159 1908 5205 autem

316 5248 588 5302 mediator
618 5262 723 5300 non
765 5244 938 5308 ﬁeret,
967 5243 1013 5298 si
1043 5243 1095 5296 in
1125 5256 1183 5297 se
1213 5257 1320 5296 uno
1349 5241 1632 5296 veritatem
1675 5248 1910 5310 paternae

315 5345 690 5406 maternusque
721 5333 1035 5389 substantia:
1065 5347 1170 5386 non
1203 5331 1442 5385 haberet.
1497 5329 1650 5384 Sicut
1687 5331 1826 5383 enim
1858 5331 1910 5384 in

318 5441 390 5482 eo
417 5441 603 5481 sumus
629 5423 959 5480 reconciliati
990 5437 1086 5492 per
1113 5431 1340 5475 mortem
1364 5419 1482 5473 Filii
1506 5419 1640 5488 ejus,
1669 5420 1790 5487 quia
1823 5420 1912 5476 ille

318 5515 589 5570 mediator
609 5529 790 5570 veram
814 5513 867 5567 in
887 5527 946 5566 se
964 5510 1152 5566 habuit
1175 5523 1416 5577 carnem,
1438 5509 1728 5563 secundum
1751 5526 1912 5580 quam

317 5606 623 5677 susciperet
645 5620 828 5660 veram
851 5610 1111 5667 mortem;
1141 5601 1219 5656 sic
1248 5601 1300 5654 in
1323 5615 1389 5654 eo
1415 5600 1568 5655 nobis
1593 5599 1928 5655 beneﬁcium‘

315 5696 554 5752 contulit
607 5710 751 5750 verae
795 5691 1278 5757 reconciliationis,
1321 5691 1372 5745 in
1418 5705 1524 5760 quo
1563 5699 1646 5746 est
1681 5691 1751 5746 illi
1791 5709 1910 5747 cum

399 5887 424 5916 ⁸
462 5881 686 5936 Videtur
715 5876 801 5932 hic
828 5874 1021 5932 deesse
1051 5875 1346 5934 adderetur.

2006 4702 2269 4772 baptisma
2307 4701 2484 4755 datur.
2539 4699 2800 4755 Remissio
2843 4715 2970 4754 vero
2999 4710 3337 4769 peccatorum
3365 4741 3380 4766 ,
3419 4700 3596 4755 carnis

2005 4793 2330 4848 resurrectio
2356 4834 2371 4860 ,
2412 4799 2467 4846 et
2503 4791 2611 4845 vita
2648 4797 2848 4846 :eterna
2876 4829 2891 4855 ,
2925 4797 3211 4860 propterea
3258 4791 3308 4844 in
3341 4789 3596 4859 Symbolo

2005 4891 2128 4954 post
2155 4880 2722 4938 commemorationem
2744 4889 2943 4936 sanctae
2966 4877 3243 4934 Trinitatis
3268 4879 3596 4948 adjungitur,

2010 4982 2070 5029 ut
2099 4973 2240 5027 illius
2268 4971 2619 5027 confessionis
2648 4970 2873 5038 utilitas,
2902 4969 3060 5038 hujus
3085 4968 3347 5023 mercedis
3375 4967 3598 5036 subjun~

2011 5066 2191 5120 ctione
2220 5070 2572 5117 monstretur.
2623 5061 2702 5115 Ad
2730 5061 2833 5115 hoc
2873 5061 3016 5115 enim
3048 5059 3190 5112 utilis
3217 5069 3298 5111 est
3332 5057 3463 5111 fides
3494 5057 3599 5111 Pa-

2015 5154 2131 5217 tris,
2163 5160 2218 5208 et
2244 5151 2382 5217 Filii,
2415 5159 2470 5205 et
2495 5150 2725 5222 Spiritus
2749 5149 2940 5214 sancti,
2973 5148 3130 5203 unius
3157 5147 3364 5202 scilicet
3391 5147 3600 5210 mtcrni,

2012 5244 2148 5309 veri,
2181 5251 2237 5297 et
2263 5242 2388 5297 boni
2435 5242 2529 5296 Dei
2555 5281 2570 5306 ,
2602 5249 2658 5295 ut
2687 5240 3055 5294 remissionem
3087 5244 3429 5308 peccatorum
3461 5237 3602 5302 accit-

2013 5333 2254 5404 piamns,
2288 5339 2341 5386 et
2369 5331 2422 5384 in
2454 5331 2553 5385 ista
2584 5346 2746 5385 carne
2775 5330 2827 5383 in
2864 5344 2968 5398 qua
2999 5344 3141 5383 nunc
3169 5327 3396 5381 vivimus
3426 5341 3618 5380 resur-

2014 5431 2233 5492 gentes,
2266 5423 2318 5475 in
2349 5429 2608 5475 aeternum
2639 5420 2796 5474 beate
2833 5421 3091 5474 vivamus.
3144 5417 3261 5487 Ipsa
3301 5425 3382 5471 est
3410 5418 3583 5487 pictas
3604 5457 3617 5476 .

2016 5529 2134 5583 qum
2164 5513 2232 5565 ad
2261 5513 2435 5566 omnia
2475 5511 2618 5565 utilis
2664 5520 2772 5570 est.
2813 5511 3202 5574 promissionem
3249 5509 3440 5562 habens
3490 5510 3603 5562 vita

2018 5603 2287 5673 praesentis
2315 5611 2362 5655 et
2395 5605 2591 5682 futura:
2639 5600 2693 5672 (Ι
2716 5600 2849 5656 Tim.
2877 5618 2946 5666 tv,
2970 5599 3059 5670 8);
3106 5599 3384 5670 prmsentis
3425 5600 3574 5667 utiqu

2017 5692 2189 5760 home,
2219 5707 2273 5746 et
2302 5692 2488 5746 futurae
2512 5701 2722 5764 (eterna:
2751 5708 2812 5748 ac
2838 5692 3024 5748 beatae.
3050 5689 3400 5760 Suhjungitur
3425 5699 3602 5745 autem
