4144 6354
556 355 657 412 827

1563 340 1612 413 sp
1650 355 2006 414 remearn
2078 354 2379 416 EPISCOPI
2418 358 2790 420 ausaausa

3703 364 3815 427 828

553 477 609 524 et
630 474 819 544 sancta
847 465 1105 532 Ecclesia,
1137 474 1190 522 ut
1235 475 1555 536 agnoscatur
1579 484 1700 538 qua:
1729 471 1797 526 sit
1821 472 2014 525 domus
2041 473 2134 527 Dei
2163 475 2207 533 Α
2237 471 2320 526 lus
2341 473 2619 540 apostolus
2639 479 2715 530 sic
2743 476 2820 529 ait
2845 477 2866 528 ε’
2887 475 3052 530 Nobis
3083 485 3248 531 tamen
3279 494 3411 532 unus
3431 488 3508 533 est
3539 479 3676 538 Deus
3710 484 3817 540 Pa-

553 559 847 615 conditoris
870 600 887 628 ,
930 569 1128 615 acterna
1155 559 1342 615 civitas
1388 559 1760 630 Redemptoris
1793 580 1806 616 :
1833 563 1949 617 sine
1977 563 2130 630 cujus

555 649 813 703 societate
860 657 1019 717 atque
1066 650 1272 705 unitate
1320 650 1564 706 remissio
1627 659 1970 720 peccatorum
2021 667 2126 706 non

555 739 884 808 acquiritur,
931 749 986 794 et
1031 756 1128 816 per
1179 742 1626 796 resurrectionem
1673 743 1848 818 carnis
1903 758 2033 796 non
2062 742 2129 795 ad

553 837 767 884 aeternae
793 829 914 884 vita:
942 829 1131 897 gaudia
1156 871 1170 895 ,
1203 831 1297 886 sed
1324 830 1392 884 ad
1417 840 1632 885 :cterna:
1657 832 1843 886 mortis
1869 831 2128 902 supplicia

551 918 876 989 pervenitur.
917 917 1149 974 Proinde
1175 920 1249 974 illi
1278 929 1521 974 sanctum
1549 908 1859 992 Symbolum
1885 923 2124 992 prodest,

551 1007 641 1074 qui
691 1004 904 1062 Patrem
950 1016 1006 1062 et
1052 1007 1242 1063 Filium
1281 1019 1335 1065 et
1373 1009 1627 1079 Spiritum
1671 1020 1914 1066 sanctum
1963 1028 2124 1067 unum

551 1095 717 1150 Deum
746 1099 1061 1153 naturaliter
1086 1100 1258 1155 credit
1285 1118 1296 1153 :
1329 1101 1442 1171 ipse
1470 1101 1612 1156 enim
1640 1103 2005 1158 remissionem
2031 1119 2129 1160 ac-

550 1189 694 1258 cepit
722 1199 1104 1259 peccatorum,
1137 1201 1192 1246 et
1225 1208 1322 1262 per
1348 1193 1794 1249 resurrectionem
1825 1195 1976 1249 istius
2003 1211 2124 1250 car-

549 1278 632 1332 nis
658 1278 711 1332 in
740 1293 844 1348 qua
866 1295 1006 1335 nunc
1032 1282 1168 1335 bene
1190 1281 1340 1347 vivit,
1363 1282 1522 1334 vitam
1545 1290 1800 1336 aeternam
1825 1283 1942 1338 sine
1965 1283 2127 1340 dubio

550 1367 874 1437 possidebit;
924 1383 1034 1423 non
1073 1378 1252 1424 autem
1281 1371 1358 1425 sic
1384 1371 1650 1428 credimus
1678 1372 1732 1426 in
1761 1372 2125 1427 remissionem

548 1465 916 1526 peccatorum,
959 1460 1010 1514 in
1056 1462 1232 1515 carnis
1276 1462 1724 1516 resurrectionem
1768 1470 1824 1516 et
1869 1463 1920 1516 in
1962 1463 2125 1517 vitam

547 1551 975 1613 :cternam,sicut
1003 1551 1266 1605 credimus
1287 1552 1338 1604 in
1361 1550 1615 1620 Spiritum
1636 1561 1902 1607 sanctum.
1918 1552 2127 1606 Discre-

547 1641 697 1696 tione
724 1642 919 1710 quippe
947 1641 1214 1708 largitoris
1260 1643 1626 1711 largitatisque
1665 1650 1896 1705 servata,
1928 1642 1980 1696 in
2021 1640 2126 1696 Pa-

548 1741 686 1800 trem
711 1740 767 1787 et
795 1733 847 1786 in
878 1733 1067 1787 Filium
1095 1734 1232 1788 et'in
1257 1733 1512 1803 Spiritum
1542 1743 1785 1789 sanctum
1813 1733 2078 1787 credimus
2109 1751 2122 1786 :

2230 568 2308 614 ter
2328 599 2342 623 ,
2374 578 2438 615 ea:
2477 579 2576 633 quo
2617 565 2790 617 omnia
2808 602 2822 626 ,
2855 575 2904 618 et
2932 582 3025 620 nos
3053 566 3106 619 in
3144 568 3290 637 ipso;
3319 571 3369 621 et
3399 585 3535 624 unus
3565 571 3817 630 Dominus

2229 648 2382 704 Jesns
2405 649 2659 714 Christus,
2686 670 2778 720 per
2804 669 2948 722 quem
2990 656 3186 719 omnia,
3231 665 3281 709 et
3301 671 3395 710 nos
3433 674 3525 727 per
3558 660 3726 726 ipsum
3759 664 3815 729 ('I

2230 738 2349 793 Cor.
2381 757 2490 805 vm,
2520 740 2595 810 6).
2623 739 2692 795 Ut
2710 743 2847 797 sicut
2871 743 2982 798 Deo
3014 741 3160 798 Patri
3186 760 3293 800 non
3316 745 3516 802 ademit
3529 748 3652 816 jura
3671 765 3814 806 vera:

2231 830 2632 894 dominationis,
2660 832 2738 886 sic
2762 847 2860 886 nec
2879 831 3108 888 Domino
3135 833 3270 889 Filio
3287 847 3668 904 agnosceretur
3695 841 3811 893 uni-

2229 927 2392 976 tatem
2425 922 2742 978 subtrahere
2769 923 3002 978 deitatis.
3057 923 3231 979 Unum
3287 927 3430 980 enim
3479 928 3635 984 nobis
3686 929 3810 984 licet

2227 1011 2392 1067 Deum
2441 1029 2713 1082 unumque
2766 1015 3064 1073 Dominum-
3088 1018 3352 1074 conﬁteri.
3387 1018 3505 1074 Una
3546 1036 3628 1076 est
3665 1023 3810 1077 enim

2227 1100 2522 1158 dominatio
2569 1105 2728 1158 unius
2771 1103 3062 1160 divinitatis
3086 1146 3102 1169 ,
3150 1115 3204 1161 et
3235 1123 3338 1162 una
3368 1108 3618 1166 divinitas
3655 1113 3812 1167 unius

2226 1191 2630 1259 dominationis,
2675 1201 2729 1248 et
2755 1195 2833 1250 sic
2861 1203 3056 1264 praeter
3083 1213 3244 1250 unum
3274 1197 3556 1254 Dominum
3583 1215 3694 1254 non
3723 1212 3810 1257 est

2226 1281 2363 1336 alius
2415 1283 2708 1348 Dominus,
2751 1284 2888 1340 sicut
2916 1295 3114 1355 praeter
3158 1303 3320 1342 unum
3374 1287 3542 1344 Deum
3590 1305 3701 1346 non
3730 1301 3811 1346 est

2227 1371 2362 1428 alius
2389 1373 2548 1428 Deus.
2585 1373 2751 1430 Unius
2790 1389 2919 1445 ergo
2961 1377 3052 1433 Dei
3099 1393 3201 1432 una
3249 1377 3546 1451 dominatio
3593 1381 3648 1434 in
3704 1397 3808 1435 una

2229 1463 2343 1536 ejus
2370 1463 2650 1519 divinitate
2690 1466 3062 1534 cognoscitur;
3102 1475 3157 1522 et
3178 1469 3335 1522 unius
3362 1468 3572 1535 Domini
3598 1484 3702 1524 una
3730 1469 3812 1524 di-

2227 1554 2423 1608 vinitas
2449 1555 2500 1608 in
2537 1571 2638 1610 una
2689 1556 2806 1624 ejus
2845 1557 3212 1612 dominatione
3257 1560 3574 1614 naturaliter
3598 1561 3810 1616 inveni-

2229 1648 2334 1694 tur.
2361 1638 2563 1694 Practer
2597 1657 2760 1696 unum
2798 1642 2966 1697 Deum
2996 1642 3208 1699 Patrem
3239 1661 3346 1700 non
3374 1655 3457 1700 est
3482 1633 3621 1702 alius
3649 1647 3808 1712 Deus,

2229 1738 2284 1782 et
2314 1738 2508 1797 praeter
2538 1746 2700 1790 unum
2749 1731 3032 1786 Dominum
3077 1731 3257 1787 Iesum
3297 1725 3566 1789 Christum
3595 1751 3704 1791 non
3730 1746 3812 1792 est

549 1823 916 1879 remissionem
952 1839 1082 1878 vero
1122 1831 1462 1892 peccatorum
1492 1863 1507 1888 ,
1550 1823 1726 1877 carnis
1770 1823 2126 1877 resurrectio-
2157 1824 2207 1883 B
2231 1817 2488 1874 Dominus
2528 1822 2684 1876 alius.
2738 1821 2844 1876 Sed
2887 1839 2988 1876 nec
3017 1823 3156 1878 Deus
3179 1824 3340 1879 Pater
3374 1826 3490 1880 sine
3533 1826 3648 1880 Deo
3676 1815 3810 1889 Filio

547 1927 702 1979 nem,
731 1921 787 1966 et
815 1913 978 1966 vitam
1015 1920 1301 1977 aeternam,
1333 1928 1363 1965 a
1396 1914 1552 1966 Patre
1590 1921 1646 1966 et
1683 1911 1816 1965 Filio
1845 1921 1898 1966 et
1924 1912 2124 1982 Spiritu

544 2010 731 2057 sancto
757 2001 930 2056 danda
962 2002 1117 2056 nobis
1143 2001 1406 2057 credimus
1434 2010 1488 2056 et
1511 2017 1808 2071 speramus.
1852 2001 1982 2055 Nam
2014 2003 2125 2071 ipse

544 2089 792 2144 Salvator
817 2099 1016 2155 noster,
1043 2090 1095 2143 in
1124 2106 1231 2160 quo
1259 2090 1412 2144 nobis
1439 2087 1767 2144 credendum
1793 2090 1880 2154 sit,
1905 2089 2123 2145 eviden-

497 2188 508 2207 ³
545 2187 626 2234 ter
646 2179 896 2245 ostendit,
924 2181 1107 2235 dicens
1135 2179 1405 2248 discipulis
1433 2180 1544 2236 suis
1577 2198 1589 2232 :
1625 2178 1725 2247 Ite,
1755 2181 1929 2234 docete
1949 2197 2126 2234 omnes

545 2281 718 2343 gentes
737 2312 752 2338 ,
797 2272 1118 2340 baptizantes
1154 2288 1240 2348 eos
1267 2271 1322 2324 in
1352 2270 1556 2324 nomine
1597 2269 1792 2337 Patris,
1825 2281 1874 2324 et
1901 2269 2050 2338 Filii,
2079 2282 2128 2325 et

544 2359 786 2429 Spiritus.
816 2361 980 2435 sancti
1029 2358 1242 2429 (Matth.
1277 2376 1461 2427 xxvm,
1489 2361 1599 2429 19).
1651 2359 1707 2413 In
1739 2357 1896 2413 Patre
1925 2368 2124 2427 autem,

545 2457 603 2504 et
647 2448 803 2518 Filio,
842 2457 898 2504 et
934 2447 1136 2519 Spiritu
1183 2457 1406 2514 sancto,
1460 2464 1808 2519 personarum
1855 2447 1952 2502 fuit
1994 2448 2124 2503 insi-

542 2537 750 2594 nuanda
778 2539 1107 2609 proprietas,
1153 2555 1219 2592 ne
1249 2538 1300 2592 in
1351 2537 1611 2594 Triuitate
1640 2538 1772 2606 Deo,
1804 2538 1856 2591 in
1885 2552 1992 2607 quo
2020 2555 2123 2593 una

543 2635 730 2682 natura
777 2629 1128 2684 saluberrime
1175 2627 1451 2693 creditur,
1497 2643 1602 2682 una
1640 2642 1852 2696 quoque
1897 2643 2124 2697 persona

541 2719 991 2790 perniciosissime
1026 2719 1357 2775 crederetur.
1405 2719 1570 2774 Miror
1595 2728 1772 2774 autem
1803 2728 1854 2774 te
1883 2718 2126 2774 conﬁteri

544 2812 670 2883 quia
691 2812 758 2868 de
781 2812 890 2868 Deo
915 2814 1044 2868 nihil
1067 2813 1208 2868 aliud
1232 2814 1375 2868 nasci
1399 2821 1606 2882 poterat
1626 2814 1725 2867 nisi
1749 2814 1916 2880 Deus’;
1940 2822 1994 2868 et
2019 2829 2123 2867 non

545 2903 823 2958 attendere
847 2939 862 2968 ,
903 2903 955 2956 in
998 2903 1110 2974 ipsa
1154 2913 1342 2959 natura
1380 2912 1437 2958 et
1463 2905 1677 2959 nomine
1706 2904 1799 2959 Dei
1828 2905 2006 2959 omnia
2037 2905 2123 2958 illa

543 3007 665 3061 quae
689 2991 756 3046 de
785 2993 897 3048 Deo
939 2993 1098 3048 Patre
1127 2994 1268 3048 dicta
1309 3002 1432 3049 sunt
1474 2994 1758 3049 contineri.
1806 2993 1862 3049 Si
1889 2995 2031 3049 enim
2058 2994 2126 3050 de

543 3083 655 3139 Deo
676 3083 806 3137 nihil
831 3083 972 3138 aliud
1003 3085 1147 3139 nasci
1173 3093 1384 3154 poterat
1414 3085 1513 3139 nisi
1534 3086 1694 3153 Deus,
1717 3087 1901 3157 utique
1924 3085 1991 3141 de
2013 3085 2124 3142 Deo

2225 1925 2364 1964 unus
2393 1922 2476 1965 est
2501 1909 2663 1975 Deus,
2707 1926 2806 1966 nec
2843 1911 3100 1967 Dominus
3138 1912 3384 1968 Christus
3411 1915 3530 1969 sine
3579 1915 3810 1972 Domino

2225 1999 2388 2056 Patre
2421 2017 2558 2056 unus
2599 2011 2682 2056 est
2722 2002 2996 2058 Dominus.
3031 2002 3337 2070 QuiaDeus
3361 2003 3525 2060 Pater
3551 2015 3605 2061 et
3631 2006 3809 2062 Domi-

2227 2107 2329 2147 nus
2370 2090 2526 2146 Jesus
2573 2084 2821 2146 Christus
2862 2095 3176 2149 naturaliter
3205 2093 3364 2151 ‘unus
3416 2105 3498 2152 est
3549 2097 3810 2154 Dominus

2224 2182 2410 2238 Deus:
2455 2183 2840 2252 plenitudinem
2883 2184 3097 2240 deitatis
3144 2186 3458 2240 naturaliter
3499 2187 3703 2244 habens
3746 2191 3800 2244 in

2225 2274 2556 2344 plenitudine
2583 2275 2980 2340 dominationis,
3006 2284 3061 2330 et
3082 2276 3464 2346 plenitudinem
3481 2277 3808 2334 dominatio-

2225 2364 2309 2417 nis
2361 2362 2566 2416 habens
2618 2363 2672 2417 in
2727 2363 3055 2436 plenitudine
3109 2364 3341 2419 deitatis.
3386 2365 3512 2419 Inde
3541 2374 3620 2420 est
3652 2370 3802 2435 quod

2223 2451 2413 2505 beatus
2437 2449 2602 2504 David
2629 2451 2760 2506 dicit
2789 2469 2801 2504 :
2837 2450 2964 2516 Quis
2998 2452 3133 2506 Deus
3168 2462 3356 2521 praeter
3379 2452 3683 2519 Dominum,
3717 2467 3810 2508 aut

2223 2542 2335 2612 quis
2369 2542 2504 2596 Deus
2531 2551 2719 2612 pra’ter
2748 2542 2911 2597 Deum
2939 2553 3171 2597 nostrum
3195 2542 3362 2612 (Psal.
3389 2559 3513 2608 xm,
3540 2543 3671 2615 '52)?
3703 2544 3806 2602 Te-

2230 2648 2330 2686 nor
2360 2632 2522 2700 igitur
2542 2631 2782 2703 Symboli
2809 2633 2863 2686 in
2885 2632 3044 2688 Patre
3060 2641 3113 2687 et
3138 2632 3273 2687 Filio
3302 2632 3811 2690 unitatemdeitatis

2224 2739 2288 2778 ac
2314 2723 2694 2780 dominationis
2721 2724 2953 2779 ostendit
2976 2723 3237 2793 ,‘quando
3283 2732 3340 2779 et
3376 2723 3612 2788 Patrem,
3646 2740 3818 2794 quem

2225 2813 2392 2868 Deum
2421 2814 2574 2879 dixit,
2603 2830 2709 2870 non
2741 2814 2881 2869 aliud
2903 2829 3066 2884 qnam
3087 2801 3369 2871 Dominum
3389 2821 3490 2882 ;._et
3510 2811 3811 2883 Christum,

2225 2917 2382 2972 quem
2415 2902 2698 2957 Dominum
2743 2902 2919 2965 dixit,
2953 2917 3061 2957 non
3089 2901 3232 2956 aliud
3259 2915 3420 2970 quam
3460 2901 3632 2955 Deum
3663 2910 3811 2958 recte

2225 2991 2568 3046 credentibus
2598 2991 2882 3046 intimavit.
2914 2991 2989 3045 De
3015 3005 3123 3045 uno
3151 2991 3294 3044 enim
3325 2990 3435 3044 Deo
3457 2991 3627 3061 658
3651 2989 3812 3046 Patro

2226 3091 2383 3137 natus
2411 3098 2549 3137 unus
2588 3082 2730 3138 Deus
2765 3080 2918 3142 Jesus
2958 3082 3244 3153 Christus,
3276 3097 3384 3136 non
3433 3081 3579 3136 aliud
3635 3085 3813 3152 potuit

543 3172 908 3242 omnipotente
937 3173 1067 3227 nihil
1097 3175 1237 3228 aliud
1280 3175 1424 3231 nasci
1452 3185 1664 3245 poterat
1704 3177 1805 3232 nisi
1835 3177 1974 3232 Deus
2008 3193 2123 3232 om-
2153 3176 2196 3238 C
2229 3171 2373 3225 nasci
2393 3186 2554 3240 quam
2578 3169 2722 3226 Deus
2754 3189 2766 3222 :
2795 3171 2887 3241 qui
2911 3178 3089 3226 tamen
3127 3185 3281 3243 unus.
3304 3169 3566 3226 Dominus
3591 3180 3812 3226 natura-

542 3265 790 3334 nipotens
813 3305 828 3327 ,
859 3264 927 3321 de
955 3263 1063 3320 Deo
1106 3267 1474 3320 universorum
1512 3275 1758 3322 creatore
1803 3267 1934 3321 nihil
1975 3269 2119 3323 nasci

541 3361 753 3425 poterat
783 3353 882 3409 nisi
911 3351 1051 3409 Deus
1079 3356 1447 3410 universorum
1475 3363 1706 3421 creator,
1738 3355 1805 3410 de
1834 3356 1945 3410 Deo
1974 3356 2120 3425 Rege
2166 3425 2168 3428 ν

540 3443 851 3498 stcculorum
876 3444 1004 3498 nihil
1033 3445 1171 3499 aliud
1202 3445 1346 3500 nasci
1375 3451 1588 3514 poterat
1615 3445 1715 3500 nisi
1763 3444 1874 3500 Rex
1898 3447 2121 3501 sacculo-

539 3545 656 3587 rum
681 3573 696 3597 ,
728 3532 796 3588 de
823 3533 935 3589 Deo
964 3535 1252 3591 immortali
1281 3534 1414 3589 nihil
1439 3535 1579 3589 aliud
1609 3535 1756 3589 nasci
1782 3543 1990 3604 poterat
2018 3536 2118 3590 nisi

539 3619 681 3676 Deus
710 3620 1046 3689 immortalis,
1077 3623 1143 3677 de
1169 3622 1279 3677 Deo
1307 3622 1553 3677 invisibili
1582 3621 1711 3676 nihil
1734 3623 1879 3678 nasci
1909 3632 2120 3695 poterat

538 3709 640 3763 nisi
671 3709 809 3765 Deus
838 3711 1132 3766 invisibilis.
1174 3711 1436 3777 Quoniam
1462 3725 1591 3780 ergo
1619 3711 1686 3765 de
1715 3710 1825 3765 Deo
1856 3719 2009 3765 natus
2037 3721 2122 3767 est

539 3797 680 3855 Deus
700 3841 714 3863 .
745 3800 811 3856 de
841 3801 999 3856 Patre
1033 3802 1192 3874 657
1223 3802 1388 3859 Filius
1410 3843 1425 3868 ,
1455 3802 1523 3857 de
1551 3802 1919 3872 omnipotente
1944 3805 2118 3858 omni-

539 3899 729 3959 potens
749 3932 766 3958 ,
806 3891 875 3947 de
902 3893 1270 3949 universorum
1297 3905 1542 3948 creatore
1572 3893 1940 3947 universorum
1968 3909 2116 3949 crea-

541 3988 643 4045 tor,
673 3981 740 4036 de
766 3981 909 4052 Rege
935 3983 1258 4039 saeculorum
1281 3983 1396 4038 Rex
1423 3983 1742 4038 saeculorum
1762 4025 1776 4049 ,
1806 3983 1874 4037 de
1899 3984 2117 4039 immor-

540 4071 630 4125 tali
654 4073 984 4139 immortalis,
1010 4073 1076 4128 de
1100 4074 1345 4129 invisibili
1372 4075 1649 4129 invisibilis
1666 4116 1681 4140 ,
1705 4076 1830 4144 quid
1852 4076 2112 4145 reliquum

539 4170 623 4216 est
649 4162 751 4216 nisi
779 4171 836 4216 ut
865 4161 1008 4217 Patri
1030 4163 1192 4219 Filius
1220 4179 1318 4234 per
1336 4165 1514 4218 omnia
1535 4165 1784 4220 credatur
1808 4166 2060 4235 mqualis?

933 4272 1406 4329 FRAGMENTUM
1445 4273 1705 4328 XXXVII.
2069 4315 2074 4319 .

541 4340 700 4412 Pater
727 4357 839 4396 vere
863 4341 1117 4397 Dominus
1144 4352 1238 4408 est,
1267 4353 1316 4397 et
1346 4344 1580 4412 Christus
1608 4361 1721 4398 vere
1749 4343 1910 4412 Deus,
1932 4355 1980 4398 et
2011 4357 2113 4400 tota

604 4409 830 4484 Trinitas
878 4429 992 4484 vere
1030 4412 1278 4484 Dominus
1313 4413 1464 4484 Deus.
1498 4411 1763 4478 Quomodo
1793 4409 2115 4484 baptizamur

607 4481 662 4554 in
681 4483 887 4554 nomine
904 4481 1094 4554 Patris
1120 4491 1168 4536 et
1186 4481 1318 4538 Filii
1344 4492 1393 4537 et
1415 4483 1642 4554 Spiritus
1664 4481 1922 4548 sancti,‘et
1945 4496 2111 4538 tamen

607 4553 661 4604 in
703 4551 812 4624 solo
850 4552 1039 4624 Christi
1064 4554 1274 4624 nomine
1311 4551 1588 4621 salvantur.
1621 4554 1700 4607 An
1731 4554 1890 4608 bonus
1919 4553 2114 4624 baptis-

609 4637 718 4674 mus
740 4623 793 4674 in
819 4623 1026 4676 nomine
1051 4621 1175 4676 Jesu
1207 4622 1414 4678 Christi.

608 4711 787 4782 Neque
833 4714 974 4768 enim
1023 4713 1260 4785 Symboli
1300 4722 1456 4770 tenor
1483 4715 1583 4770 soli
1615 4713 1760 4769 Patri
1793 4715 1976 4770 tribuit
2005 4713 2117 4769 dei-

537 4811 724 4870 tatem,
748 4801 841 4856 sed
883 4803 935 4856 in
969 4801 1081 4857 Deo
1127 4802 1285 4858 Patre
1325 4803 1622 4858 naturalem
1665 4801 1704 4856 F
1711 4803 1867 4865 iliiget
1887 4801 2117 4872 Spiritus

536 4893 706 4947 sancti
751 4890 984 4947 ostendit
1031 4893 1330 4960 originem:
1387 4893 1440 4947 iu
1495 4909 1602 4964 quo
1651 4892 1833 4962 utique
1887 4892 2116 4947 demou~

535 4981 751 5057 stranda
781 4989 894 5036 erat
921 4982 1174 5038 divinitas
1201 4999 1328 5039 vera
1351 4999 1447 5054 per
1467 4984 1870 5055 omnipotentiae
1899 4999 2114 5051 nomen,

535 5073 661 5142 quia
692 5072 832 5127 Deus
862 5089 967 5127 non
999 5079 1162 5138 esset,
1193 5073 1236 5128 si
1264 5073 1606 5143 omnipotens
1635 5089 1742 5128 non
1774 5071 1959 5127 fuisset
1987 5090 2006 5124 ι
2033 5071 2117 5127 de-

537 5165 882 5220 monstranda
916 5172 1030 5219 erat
1063 5169 1222 5221 etiam
1252 5179 1373 5219 vera
1401 5149 1676 5233 generatio
1704 5163 1927 5218 nomine
1941 5171 2118 5233 pater-

537 5257 716 5311 nitatis
739 5297 752 5322 ,
806 5263 865 5309 ut
910 5254 1084 5310 Patris
1128 5265 1182 5310 et
1210 5255 1329 5310 Filii
1358 5270 1484 5310 vere
1511 5255 1900 5324 signiﬁcaretur
1927 5262 2124 5308 natura

534 5348 855 5404 comtmmis.
890 5346 956 5400 Et
982 5348 1104 5416 quia
1156 5347 1267 5400 Deo
1306 5345 1564 5415 competit
1592 5343 1908 5398 naturaliter
1937 5342 2116 5397 Domi-

535 5454 662 5492 num
684 5453 801 5493 esse
831 5438 1067 5493 omnium
1109 5451 1316 5500 rerum;
1342 5434 1395 5490 in
1422 5451 1486 5489 eo
1516 5435 1660 5505 quod
1690 5443 1845 5488 tenor
1873 5431 2111 5508 Symboli

533 5527 800 5584 Christum
857 5528 990 5582 dixit
1043 5528 1357 5590 Dominum,
1405 5524 1673 5580 veraciter
1718 5522 2005 5578 insinuavit
2058 5528 2116 5576 et

538 5614 719 5670 Deum.
770 5612 1049 5687 Proprium
1096 5616 1294 5687 quippe
1321 5620 1401 5668 est
1431 5629 1494 5668 ac
1523 5611 1765 5666 naturale
1789 5626 1918 5691 vero
1963 5609 2106 5672 Deo,

537 5722 644 5760 non
673 5705 813 5758 aliud
840 5721 958 5760 esse
977 5720 1135 5774 quam
1160 5703 1475 5769 Dominum;
1501 5709 1557 5758 et
1573 5700 1977 5764 veroDomino,
2005 5714 2109 5752 non

540 5795 678 5850 aliud
705 5807 822 5849 esse
857 5808 1014 5864 quam
1044 5795 1228 5848 Deum.
1261 5793 1387 5848 inde
1416 5801 1496 5850 est
1520 5791 1662 5861 quod
1687 5799 1740 5847 et
1764 5792 1949 5849 beatus
1976 5789 2111 5844 Pau-

2225 3259 2348 3314 liter
2375 3275 2484 3314 non
2507 3267 2669 3326 esset,
2701 3261 2745 3314 si
2771 3271 2927 3314 natus
2951 3260 3024 3318 de
3051 3259 3280 3337 Domino
3301 3275 3407 3314 non
3425 3257 3633 3314 fuisset.
3653 3259 3814 3316 Pater

2223 3350 2403 3417 itaque
2431 3349 2592 3416 Deus,
2626 3351 2720 3418 qui
2744 3349 3026 3405 Dominum
3053 3351 3260 3420 genuit,
3282 3355 3444 3405 verus
3463 3353 3814 3419 cognoscitur

2222 3437 2511 3504 Dominus;
2539 3446 2594 3494 et
2622 3438 2866 3495 Christus
2886 3440 3142 3495 Dominus
3165 3440 3233 3494 de
3253 3441 3367 3494 Deo
3391 3442 3613 3509 genitus,
3644 3456 3812 3499 verus

2220 3529 2561 3596 cognoscitur
2584 3527 2754 3593 Deus;
2786 3538 2842 3585 et
2869 3528 3100 3601 Spiritus
3128 3537 3528 3594 sanctus,.unus
3549 3529 3816 3601 idemque

2221 3619 2396 3674 Patris
2423 3629 2479 3675 et
2517 3620 2637 3674 Filii
2667 3620 2898 3690 Spiritus
2921 3663 2960 3689 ,.
2978 3621 3104 3691 quia
3135 3621 3294 3676 unius
3337 3628 3540 3675 natura:
3575 3628 3662 3676 est
3681 3635 3812 3676 cum

2223 3709 2383 3766 Patre
2409 3720 2464 3767 et
2493 3711 2630 3766 Filio
2647 3699 2855 3779 ,.verits
2883 3721 2966 3768 est
2991 3711 3247 3784 Dominus
3276 3712 3436 3767 Deus.
3470 3700 3586 3767 Una
3609 3713 3827 3783 quippe

2219 3803 2294 3857 illi
2326 3811 2410 3858 est
2433 3803 2882 3858 naturalitercum
2905 3802 3134 3858 Domino
3157 3803 3268 3858 Deo
3290 3801 3470 3868 Patre,
3496 3811 3552 3856 et
3579 3802 3820 3859 Domino

2217 3893 2329 3948 Deo
2354 3894 2492 3949 Filio
2515 3935 2530 3960 ,
2564 3903 2618 3948 et
2645 3894 2818 3949 deitas
2845 3909 2988 3949 vera:
3015 3893 3396 3949 dominationis
3414 3901 3519 3958 ,.et
3546 3909 3691 3948 vera:
3711 3893 3812 3948 do-

2217 3986 2440 4042 minatio
2469 3985 2705 4042 deitatis.
2737 3984 2872 4050 Hinc
2893 3992 2978 4040 est
3003 3984 3149 4053 quod
3176 3983 3811 4053 unusquisque'catholi-

2215 4093 2312 4132 cus
2355 4075 2728 4141 Christianus,
2788 4090 2911 4130 cum
2964 4073 3127 4129 fuerit
3172 4073 3569 4144 interrogatus,
3628 4082 3812 4136 utrum

2215 4165 2357 4222 Deus
2402 4165 2564 4220 Pater
2603 4164 2865 4220 Dominus
2909 4165 3008 4230 sit,
3054 4172 3110 4219 et
3147 4173 3326 4218 utrum
3364 4162 3628 4218 Dominus
3654 4162 3818 4220 Jesus

2215 4255 2458 4310 Christus
2502 4254 2645 4309 Deus
2671 4254 2781 4320 sit,
2814 4263 3098 4326 utrumque
3139 4254 3272 4308 sine
3298 4253 3462 4308 dubio
3491 4252 3813 4320 conﬁtetur;

2215 4360 2317 4400 nec
2347 4352 2525 4398 tamen
2545 4343 2776 4399 duorum
2803 4342 3046 4408 deorum,
3076 4351 3168 4395 aut
3187 4341 3415 4396 duorum
3435 4340 3806 4406 dominorum,

2216 4434 2311 4489 sed
2339 4434 2497 4489 unius
2516 4432 2727 4488 Domini
2752 4433 2848 4488 Dei
2877 4432 3192 4503 praedicator
3217 4431 3800 4492 veridicus._inveuitur.

2150 4527 2195 4586 Ι)
2219 4525 2358 4592 Quid
2387 4526 2530 4580 enim
2568 4531 2738 4579 restat
2765 4523 2841 4578 illi
2867 4522 2955 4578 cui
2983 4521 3116 4576 duos
3143 4519 3275 4575 deos
3293 4563 3308 4588 ,
3340 4528 3433 4574 aut
3458 4519 3594 4575 duos
3622 4520 3806 4574 domi-

2226 4631 2324 4670 nos
2350 4614 2645 4686 praedicare
2673 4628 2781 4668 non
2810 4612 2972 4676 licet,
3007 4611 3106 4664 nisi
3138 4619 3205 4665 ut.
3226 4610 3605 4677 interrogatus,
3639 4606 3818 4665 Deum

2224 4705 2436 4761 Patrem
2464 4713 2519 4760 et
2547 4704 2831 4760 Dominum
2868 4701 3142 4757 Christum
3171 4717 3335 4756 unum
3357 4701 3644 4755 Dominum
3673 4716 3818 4756 eon-

2223 4796 2438 4850 ﬁtcatur
2483 4793 2815 4864 intrepidus?
2862 4807 2963 4848 nec
3003 4792 3148 4847 aliud
3177 4791 3360 4859 utique
3385 4790 3716 4860 respondeat
3745 4791 3821 4847 de

2220 4886 2422 4955 Spiritu
2458 4893 2668 4952 sancto,
2725 4883 2852 4952 quia
2901 4897 3037 4937 unus
3081 4889 3165 4935 est
3211 4878 3469 4934 Dominus
3503 4878 3647 4933 Deus
3683 4895 3819 4933 cum

2224 4975 2381 5032 Patre
2408 4985 2463 5030 et
2493 4973 2628 5034 Filio
2654 5015 2667 5039 ,
2701 4974 2790 5042 qui
2817 4987 2956 5028 unus
2983 4979 3066 5027 est
3093 4969 3326 5040 Spiritus
3353 4967 3530 5022 Patris
3555 4976 3611 5023 et
3653 4966 3824 5022 Filii?

2223 5066 2375 5132 Quod
2409 5065 2650 5136 quisquis
2678 5079 2860 5118 verum
2890 5076 3009 5117 esse
3036 5070 3128 5115 aut
3149 5067 3308 5128 negat
3329 5067 3422 5112 aut
3449 5057 3680 5122 dubitat,
3708 5072 3821 5112 ne-

2219 5171 2370 5212 cesse
2397 5165 2480 5211 est
2507 5164 2567 5210 ut
2587 5161 2678 5209 aut
2704 5152 3037 5214 solumdicat
3057 5149 3344 5206 colendum
3374 5149 3543 5204 Deum
3565 5146 3820 5215 Patrem,

2208 5254 2310 5313 aut
2339 5249 2570 5316 seipsum
2599 5243 2916 5314 proﬁteatur
2945 5241 3214 5297 creatoris
3229 5247 3599 5309 creaturaaque
3626 5238 3822 5294 culto-

2219 5352 2351 5392 rem.
2380 5335 2484 5391 Sed
2511 5335 2642 5389 lides
2661 5333 2963 5388 Christiana
2991 5331 3112 5386 ideo
3133 5345 3295 5384 unum
3326 5319 3611 5382 Dominum
3633 5327 3822 5383 Deum

2216 5425 2475 5498 prmdicat
2518 5424 2732 5478 Patrem
2786 5430 2842 5478 et
2889 5421 3078 5476 Filium
3109 5428 3165 5476 et
3203 5419 3460 5488 Spiritum
3509 5426 3768 5472 sanctum
3803 5461 3825 5486 ,

2215 5516 2345 5585 quia
2367 5529 2467 5569 nec
2493 5514 2629 5568 duos
2657 5511 2740 5566 vel
2773 5521 2882 5566 tres
2920 5510 3166 5565 dominos
3195 5518 3286 5562 aut
3324 5508 3456 5562 deos
3479 5506 3560 5561 fas
3580 5515 3666 5561 est
3684 5522 3825 5562 cre-

2214 5605 2360 5669 dere,
2419 5619 2519 5658 nec
2569 5610 2867 5657 creaturam
2913 5615 3034 5654 cum
3089 5598 3344 5653 Creatore
3385 5596 3513 5651 licet
3551 5595 3838 5663 cuiquam;

2214 5693 2412 5756 colere,
2445 5698 2546 5747 nec
2563 5692 2677 5746 sine
2696 5691 2900 5747 cultura
2925 5689 3045 5745 Filii
3068 5698 3160 5743 aut
3179 5687 3409 5758 Spiritus
3433 5685 3607 5740 sancti
3625 5693 3827 5763 potest

2217 5783 2355 5840 ﬁdes
2383 5782 2685 5839 Christiana
2735 5789 3005 5862 constare.
3039 5780 3188 5837 Unus
3217 5787 3299 5834 est
3326 5777 3487 5847 igitur
3522 5775 3666 5830 Deus
3689 5816 3710 5839 ,
3756 5784 3826 5826 et.
