4144 6354
1270 319 1306 347 ο

1400 380 1670 442 CONTRA
1710 374 2055 440 FABIANUM
2097 375 2542 442 FRAGMENTA.

3499 388 3602 454 8-50

292 490 296 493 ’
355 493 612 558 Dominus
640 486 876 553 omnium
905 501 1082 552 rerum
1107 536 1132 562 ,.
1155 494 1310 550 Pater
1336 505 1390 552 et
1426 497 1589 551 Filius
1616 507 1672 553 et
1694 498 1930 567 Spiritus
1960 507 2000 559 Α
2032 512 2182 554 cesso
2223 507 2308 552 est
2329 497 2474 553 dicas
2501 513 2620 553 esse
2649 497 2999 564 mendacem.
3030 500 3074 556 si
3102 516 3212 557 non
3242 503 3400 558 talem
3429 505 3601 574 Spiri-

355 595 590 647 Ianctus.
615 579 755 640 Deus
769 585 909 640 enim
938 600 1046 639 non
1077 585 1242 640 solius
1267 585 1584 640 vocabulum
1614 584 1805 652 Patris,
1837 585 1930 640 scd

287 740 289 742 ,
357 691 524 734 unum
575 674 932 731 communiter
979 674 1223 728 naturale
1268 689 1464 729 nomen
1510 683 1592 730 est
1635 665 1930 730 Trinitatis.

356 761 486 822 Ideo
511 763 759 819 Salvator
785 769 968 834 noster
988 763 1239 832 prmcepit
1260 760 1536 831 discipulis
1560 763 1692 829 suis,-
1713 763 1927 818 dicens:

359 853 467 921 Ite,
492 855 668 909 docete
711 869 886 926 omnes
922 861 1115 924 gentes,
1165 851 1486 921 baptisantes
1526 870 1612 906 eos
1642 855 1694 905 in
1726 853 1934 907 nomine

359 944 537 1000 Patris
563 953 613 998 et
642 943 768 999 Filii
795 951 844 997 et
872 943 1102 1013 Spiritus
1129 943 1297 996 sancti
1331 942 1543 1015 (Matth.
1569 954 1727 998 sxvnt
1752 977 1767 1007 ,
1821 943 1928 1014 i9).

364 1033 494 1089 Vide
522 1032 652 1103 quid
673 1031 998 1103 respondeas
1018 1033 1175 1086 beato
1193 1030 1371 1098 Petro,
1402 1033 1492 1100 qui
1521 1032 1572 1085 in
1601 1017 1716 1088 solo
1738 1032 1934 1087 Christi

359 1125 578 1183 nomine
601 1125 679 1180 sic
704 1123 988 1179 collocavit
1011 1123 1256 1177 humana:
1279 1116 1464 1177 salutis
1492 1117 1737 1178 effectum
1757 1164 1770 1188 ,
1796 1131 1851 1176 ut
1880 1123 1933 1176 in

357 1216 508 1272 nullo
521 1216 628 1271 alio
649 1231 749 1270 nos
770 1225 1033 1270 assereret
1055 1229 1214 1284 posse
1240 1215 1456 1269 salvari.
1487 1212 1544 1268 in
1574 1215 1710 1270 libro
1737 1216 1935 1285 quippe

275 1334 280 1338 τ
359 1307 587 1364 Actuum
615 1305 979 1377 apostolorum
999 1344 1013 1370 ,
1056 1313 1337 1375 postquam
1369 1305 1460 1360 ille
1497 1313 1711 1360 sanatus
1735 1316 1819 1361 est
1845 1306 1935 1374 qui

357 1381 475 1453 erat
526 1394 746 1452 claudus
772 1381 842 1450 ex
886 1387 1041 1450 utero
1071 1395 1258 1449 matris
1303 1410 1449 1459 sum,
1502 1411 1623 1451 cum
1665 1395 1854 1452 Petrus
1881 1405 1938 1452 et

357 1488 594 1566 Joannes
628 1503 659 1541 a
705 1487 1034 1558 principibus
1079 1487 1417 1542 sacerdotum
1456 1487 1932 1556 interrogarentur,

357 1580 412 1636 in
437 1595 542 1650 qua
579 1580 778 1634 virtute
810 1587 902 1632 aut
929 1578 979 1632 in
1018 1593 1126 1646 quo
1167 1579 1384 1642 nomine
1427 1578 1531 1634 hoc
1562 1575 1827 1644 feciSsent,
1860 1579 1934 1632 ita

355 1671 612 1740 scriptum
651 1677 778 1724 est:
832 1667 973 1722 Tunc
1009 1667 1194 1746 Petrus
1242 1668 1464 1738 repletus
1509 1669 1707 1739 Spiritu
1754 1680 1935 1724 sancto

354 1763 491 1815 dixit
514 1761 583 1813 ad
601 1777 686 1814 eos
717 1775 746 1814 :.
771 1759 1034 1831 Principes
1057 1760 1230 1833 populi
1258 1769 1304 1814 et
1327 1762 1572 1826 seniores,
1604 1761 1649 1814 si
1669 1777 1763 1816 nos
1783 1761 1935 1815 hodie

2037 594 2146 639 tum
2177 586 2322 641 misit
2357 587 2569 656 qualem
2599 589 2863 657 promisit.
2889 587 2948 643 Si
2990 591 3132 644 enim
3162 592 3598 660 praedicationem

2033 674 2178 728 illam
2227 677 2369 731 beati
2410 676 2552 731 Petri
2607 692 2850 732 veracem
2897 693 3015 733 esse
3069 681 3378 747 negaveris,
3429 682 3604 752 ipsum

2033 762 2300 819 Christum
2332 763 2409 836 (id
2459 773 2540 820 est
2579 764 2891 837 Veritatem)
2944 781 3164 822 necesse
3209 776 3291 822 est
3337 769 3606 856 mendacii

2033 853 2251 908 fatearis
2275 864 2551 909 auctorem
2580 876 2592 908 ι
2620 857 2732 925 ipse
2769 857 2911 909 enim
2939 857 3036 926 ait,
3068 857 3289 927 loquens
3311 858 3378 912 de
3403 853 3606 928 Spiritu

2032 953 2218 997 sancto
2251 961 2264 995 :
2292 942 2416 998 Non
2443 947 2577 1018 enim
2614 947 2846 1015 loquetur
2873 963 2904 999 a
2933 948 3229 1018 semetipso,
3258 948 3348 1002 sed
3368 966 3608 1020 quacun-

2033 1049 2128 1104 que
2171 1034 2344 1088 audict
2367 1036 2597 1107 loquetur
2620 1075 2635 1101 ,
2666 1046 2714 1090 et
2741 1049 2856 1106 qua:
2895 1047 3106 1092 ventura
3137 1047 3254 1094 sunt
3282 1041 3608 1096 annuntiabit

2033 1121 2189 1176 vobis.
2217 1123 2315 1176 Ille
2343 1141 2422 1177 me
2449 1125 2787 1194 clariﬁcabit,
2817 1128 2936 1198 quia
2965 1128 3029 1181 de
3061 1145 3170 1184 meo
3195 1131 3410 1199 accipiet
3435 1139 3484 1185 et
3504 1149 3604 1186 an-

2035 1213 2290 1265 nuntiabit
2333 1213 2472 1267 vobis
2520 1213 2697 1284 (Joau.
2748 1232 2855 1280 xvr,
2908 1217 2994 1283 l3,
3049 1217 3158 1288 14,.
3201 1218 3257 1272 Si
3297 1221 3364 1274 de
3392 1220 3605 1276 Christo

2035 1305 2178 1373 quod
2219 1305 2419 1360 diceret
2470 1306 2701 1376 Spiritus
2747 1319 2964 1364 sanctus
3008 1310 3244 1379 accepit,
3298 1319 3354 1365 et
3384 1311 3605 1366 menda-

2035 1395 2175 1448 cium
2196 1395 2362 1462 dixit,
2387 1409 2515 1464 ergo
2536 1395 2779 1452 Christus
2806 1397 3026 1468 Spiritui
3055 1408 3242 1455 sancto
3270 1401 3606 1456 mendacium
3692 1465 3708 1480 ,

2036 1485 2200 1541 dedit.
2239 1485 2342 1540 Sed
2371 1490 2416 1540 si
2441 1488 2541 1543 hoc
2570 1504 2600 1542 a
2630 1487 2845 1544 Christo
2870 1505 2978 1544 non
3006 1491 3234 1560 accepit,
3257 1491 3351 1546 sed
3378 1489 3609 1560 Spiritus

2036 1583 2253 1628 sanctus
2294 1575 2502 1630 locutus
2524 1585 2606 1632 est
2632 1592 2662 1630 a
2703 1579 2992 1647 semetipso
3020 1579 3164 1649 quod
3209 1595 3315 1633 non
3343 1581 3549 1650 accepit
3578 1597 3608 1634 a

2035 1662 2272 1730 Christo,
2303 1680 2454 1734 ergo,
2477 1667 2766 1722 secundum
2795 1670 3117 1724 sententiam
3140 1678 3302 1734 tuam,
3324 1679 3414 1724 aut
3434 1671 3610 1726 sciens

2036 1762 2128 1807 aut
2156 1754 2368 1822 ignarus
2389 1758 2644 1812 mentitus
2669 1768 2750 1813 est
2776 1758 3039 1827 Christus,
3067 1761 3157 1831 qui
3186 1763 3280 1827 ait,
3313 1761 3432 1817 Non
3473 1763 3608 1817 enim

355 1851 708 1921 dijudicamur
749 1851 804 1903 in
842 1848 1107 1919 benefacto
1129 1851 1348 1904 hominis
1377 1852 1610 1920 inﬁrmi,
1641 1853 1694 1904 in
1721 1867 1818 1923 quo
1839 1852 1933 1906 iste
1964 1864 2009 1924 Β
2035 1844 2270 1915 loquetur
2315 1863 2346 1898 α
2368 1849 2668 1917 semetipsa,
2711 1849 2800 1902 sed
2830 1867 3146 1922 quwcunque
3173 1853 3343 1907 audiet
3374 1854 3608 1924 loquetur

339 1927 530 1998 salvus
561 1928 734 2014 factus
773 1949 885 2007 est;
926 1952 1102 1995 notum
1131 1943 1197 1995 sit
1237 1942 1470 1997 omnibus
1508 1943 1648 1996 vobis
1694 1951 1742 1996 et
1795 1943 1934 1996 omni

352 2031 490 2102 plebi
535 2028 722 2095 Israel,
769 2030 891 2100 quia
927 2031 980 2082 in
1017 2030 1222 2084 nomine
1262 2029 1386 2084 Jcsu
1434 2030 1625 2084 Christi
1669 2029 1933 2084 Nazareni

351 2137 502 2191 quem
523 2135 608 2174 vos
630 2120 961 2190 eruciﬁxistis
982 2161 993 2182 ,
1017 2131 1162 2188 quem
1190 2118 1330 2174 Deus
1349 2121 1610 2174 suscitauit
1637 2136 1669 2172 a
1697 2121 1930 2186 mortuis,

352 2213 408 2266 in
431 2212 526 2266 hoc
557 2213 652 2266 iste
692 2220 830 2266 astat
874 2228 1046 2268 coram
1076 2211 1218 2265 vobis
1257 2229 1434 2264 sanus.
1467 2210 1566 2265 llic
1594 2221 1668 2265 est
1697 2212 1827 2280 lapis
1847 2213 1933 2282 qui

351 2301 655 2372 reprobatus
683 2311 760 2355 est
801 2319 833 2354 a
854 2299 996 2356 vobis
1024 2301 1401 2371 aediﬁcantibus
1426 2341 1441 2370 ,
1470 2303 1555 2373 qui
1581 2304 1746 2373 factus
1775 2311 1850 2356 est
1879 2304 1934 2356 in

352 2399 508 2460 caput
537 2391 714 2461 anguli
733 2390 821 2455 ,ἐι
853 2405 956 2443 non
975 2399 1051 2444 est
1072 2391 1126 2443 in
1155 2391 1258 2444 alio
1281 2390 1450 2461 aliquo
1480 2391 1640 2445 salus.
1666 2389 1776 2445 Nec
1797 2393 1930 2444 enim

266 2524 270 2526 .
351 2497 538 2535 nomen
550 2489 626 2534 est
637 2478 782 2533 aliud
793 2479 884 2534 sub
902 2479 1024 2536 caelo
1039 2479 1214 2532 datum
1229 2478 1518 2554 nominibus
1530 2481 1691 2550 inquo
1703 2488 1932 2550 oporteat

349 2587 449 2625 nos
497 2571 664 2624 salvos
692 2571 808 2640 ﬁeri
833 2570 974 2640 (Act.
1001 2585 1052 2623 tv
1078 2607 1092 2632 ,
1125 2568 1158 2623 8
1193 2579 1242 2622 et
1264 2586 1351 2640 seq
1377 2567 1415 2638 ).
1449 2567 1589 2625 Ecce
1629 2573 1813 2625 Petrus
1841 2587 1930 2626 re-

347 2659 528 2728 pletus
553 2657 755 2729 Spiritu
779 2667 965 2713 sancto
993 2657 1158 2723 dicit,
1187 2659 1263 2713 sic
1288 2674 1386 2714 nos
1406 2659 1460 2712 in
1491 2659 1707 2714 nomine
1731 2659 1929 2715 Christi

346 2747 546 2804 salvari
571 2789 591 2816 ,.
614 2755 674 2802 ut
698 2763 806 2802 non
831 2747 898 2800 sit
928 2745 1072 2801 aliud
1100 2763 1294 2802 nomen
1324 2748 1424 2802 sub
1452 2749 1590 2804 cmlo
1619 2748 1797 2804 datum
1829 2749 1930 2803 ho-

2037 1930 2145 1989 Sed
2187 1935 2310 2006 quia
2352 1951 2452 1991 nec
2487 1937 2729 1992 Christus
2757 1941 2929 2008 potuit
2970 1941 3181 1995 mentiri
3210 1983 3224 2006 .
3254 1957 3354 1997 nec
3381 1940 3608 2011 Spiritus

2035 2034 2272 2093 sanctus,
2319 2027 2444 2094 quia
2489 2028 2602 2096 ipsa
2643 2039 2828 2083 sancta
2869 2029 3100 2086 Trinitas
3154 2033 3466 2087 naturaliter
3505 2047 3608 2088 una

2036 2124 2119 2170 est
2163 2116 2381 2182 veritas,
2413 2118 2844 2187 quandoquidem
2881 2119 3021 2174 sicut
3063 2121 3340 2176 veritatem
3390 2120 3609 2178 conﬁte-

2036 2219 2156 2258 mur
2175 2220 2294 2260 esse
2314 2205 2482 2260 Deum
2505 2205 2736 2273 Patrem,
2764 2207 2843 2262 sic
2869 2209 3030 2262 etiam
3059 2207 3252 2263 Filium
3280 2217 3336 2264 et
3355 2209 3609 2280 Spiritum

2035 2302 2278 2348 sanctum
2331 2295 2646 2371 naturaliter
2691 2298 3065 2372 cognoscimus
3095 2299 3407 2364 veritatem;
3451 2299 3609 2358 Filius

2035 2385 2234 2454 quippe
2269 2385 2337 2439 de
2365 2386 2542 2455 seip-o
2567 2386 2694 2440 dicit
2728 2404 2740 2438 :
2773 2385 2887 2457 Ego
2916 2404 3027 2440 sum
3056 2390 3154 2450 via,
3188 2393 3371 2443 veritas
3398 2431 3414 2458 ,
3439 2401 3487 2445 et
3511 2393 3608 2446 vita

2036 2473 2216 2542 (Joan.
2272 2490 2379 2540 xw,
2435 2473 2530 2546 6);
2570 2473 2825 2546 Spiritum
2879 2493 3092 2546 quoque
3144 2480 3385 2538 veritatis
3423 2481 3606 2538 beatus

2031 2562 2268 2618 Joannes
2297 2564 2575 2618 veritatem
2605 2581 2722 2620 esse
2751 2574 2996 2634 testatur,
3024 2568 3207 2623 dicens
3239 2587 3252 2622 :
3285 2569 3352 2624 Et
3384 2570 3605 2640 Spiritus

2033 2665 2108 2709 est
2128 2657 2212 2728 qui
2233 2656 2555 2726 testiﬁcatur,
2576 2657 2693 2727 quia
2716 2655 2938 2726 Spiritus
2959 2667 3034 2712 est
3063 2661 3248 2714 veritas
3264 2672 3286 2698 ι·
3306 2659 3528 2731 (Iloan.
3552 2679 3603 2728 v,

2033 2744 2118 2816 6);
2145 2746 2396 2813 quoniam
2428 2746 2586 2814 igitur
2607 2749 2763 2801 l'ater
2793 2748 3008 2813 veritas,
3031 2756 3085 2803 et
3116 2748 3278 2804 Filius
3305 2754 3521 2818 veritas,
3552 2761 3603 2808 ot

346 2838 613 2906 minibus,
655 2837 710 2891 in
757 2853 867 2906 quo
917 2843 1171 2908 oporteat
1215 2852 1314 2892 nos
1361 2837 1538 2892 salvos
1567 2837 1701 2893 ﬁeri.
1734 2835 1933 2892 Confer
2027 2832 2262 2905 Spiritzs
2288 2845 2506 2902 sanctus
2528 2837 2757 2905 veritas,
2789 2853 2895 2892 non
2924 2847 3049 2894 sunt
3075 2849 3180 2895 tres
3199 2841 3474 2910 veritates,
3511 2843 3602 2898 sed

347 2945 498 2986 nunc
526 2929 652 2984 illud
677 2935 1004 2999 praeceptum
1034 2928 1231 2984 Christi
1261 2943 1367 2997 quo
1394 2928 1647 2998 prtecepit
1673 2927 1929 2998 baptizari

345 3027 540 3088 ge:.tes
585 3019 638 3073 in
684 3017 900 3072 nomine
945 3017 1118 3072 Patris
1152 3025 1206 3072 et
1242 3017 1362 3071 Filii
1400 3025 1455 3072 et
1481 3017 1712 3087 Spiritus
1739 3018 1926 3084 sancti,

345 3109 604 3164 cum'isto
622 3108 766 3164 beati
784 3107 930 3163 Petri
952 3123 1224 3176 sermone,
1255 3123 1360 3177 quo
1389 3109 1466 3164 sic
1490 3108 1542 3162 in
1569 3107 1685 3162 solo
1714 3107 1930 3163 nomine

343 3198 547 3253 Christi
575 3198 739 3269 659
763 3198 989 3254 salutem
1011 3199 1298 3252 humanam
1320 3197 1692 3262 commendat,
1721 3205 1780 3251 ut
1807 3212 1926 3252 om-

346 3288 479 3343 nino
507 3297 668 3357 neget
700 3304 896 3344 nomen
926 3287 1072 3343 aliud
1101 3273 1220 3343 esse
1247 3287 1346 3342 sub
1376 3287 1512 3342 coelo
1536 3273 1720 3341 datum
1749 3287 1926 3342 homi-

344 3379 508 3434 nibus
536 3379 590 3432 in
617 3394 724 3449 quo
753 3385 1002 3448 oporteat
1025 3393 1124 3432 nos
1151 3377 1327 3432 salvos
1356 3376 1489 3430 ﬁeri.
1521 3375 1718 3431 Confer
1746 3377 1927 3445 itaque

343 3485 491 3525 nunc
513 3484 789 3525 sermones
808 3468 1008 3524 Christi
1032 3483 1151 3522 cum
1177 3467 1514 3525 sermonibus
1544 3465 1717 3533 Petri;
1741 3468 1948 3522 confer‘

341 3561 646 3616 doctrinam
694 3560 936 3627 magistri
975 3575 1097 3614 cum
1135 3557 1378 3613 doctrina
1419 3557 1690 3627 discipuli;
1737 3555 1926 3612 confer

339 3651 489 3721 quod
517 3650 711 3706 Petrus
740 3651 936 3705 audivit
961 3666 992 3704 a
1015 3649 1250 3714 Christo,
1281 3657 1335 3704 et
1362 3649 1504 3720 quod
1534 3648 1669 3703 dixit
1692 3649 1924 3720 repletus

337 3741 547 3813 Spiritu
598 3749 811 3795 sancto.
853 3740 1097 3796 Christus
1125 3740 1379 3811 praecepit
1417 3741 1468 3794 in
1511 3740 1725 3794 nomine
1750 3739 1923 3794 Patris

337 3843 395 3889 et
421 3828 542 3887 Filii
571 3841 624 3887 ct
647 3831 878 3902 Spiritus
898 3833 1067 3886 sancti
1093 3831 1382 3900 baptizari;
1416 3829 1604 3886 Petrus
1632 3847 1761 3885 vero
1788 3831 1921 3884 dixit

335 3923 514 3977 solum
539 3936 737 3976 nomen
764 3918 963 3976 Christi
991 3920 1172 3974 datum
1202 3919 1505 3973 hominibus
1534 3918 1585 3972 in
1609 3933 1716 3987 quo
1757 3935 1919 3989 opor-

334 4019 454 4066 teat
479 4026 576 4066 nos
605 4011 786 4066 salvos
807 4009 948 4064 ﬁeri.
968 4008 1062 4062 Dic
1091 4021 1218 4077 ergo
1248 4016 1424 4062 utrum
1455 4007 1739 4062 conveniat
1767 4006 1915 4076 quod

334 4099 532 4156 Petrus
574 4116 606 4155 a
649 4100 865 4156 Christo
912 4087 1154 4167 audivit,
1202 4107 1255 4155 et
1281 4099 1424 4170 quod
1454 4099 1687 4169 repletus
1712 4098 1915 4173 Spiritu

333 4199 525 4246 sancto
569 4189 898 4260 prmdicavit.
945 4188 1003 4242 Si
1032 4189 1172 4242 enim
1201 4188 1452 4242 Convenit
1481 4173 1784 4257 utrumque,
1817 4203 1914 4242 ne-

332 4295 490 4336 cesse
518 4289 601 4336 est
621 4295 784 4335 unum
814 4295 1011 4334 nomen
1038 4294 1158 4334 esse
1197 4276 1369 4334 Patris
1390 4286 1444 4333 et
1475 4275 1591 4332 Filii
1613 4288 1668 4332 et
1689 4278 1916 4348 Spiritus

329 4373 538 4439 sancti,
567 4382 622 4428 et
649 4373 755 4429 hoc
779 4372 953 4429 solum
979 4387 1173 4426 nomen
1201 4370 1383 4424 datum
1405 4370 1708 4425 hominibus
1734 4370 1786 4424 in
1808 4385 1915 4440 quo

330 4472 586 4532 oporteat
629 4478 729 4517 nos
773 4463 953 4519 salvos
1001 4460 1135 4516 ﬁeri.
1170 4462 1224 4514 Si
1265 4475 1394 4515 vero
1436 4461 1590 4513 istam
1616 4459 1912 4514 doctrinam

329 4553 481 4609 Petri
529 4556 597 4610 ab
640 4554 732 4609 illo
789 4561 1058 4623 praecepto
1106 4551 1302 4607 Christi
1347 4550 1546 4605 dixeris
1587 4549 1909 4618 discrepare,

2035 2924 2147 2992 ipsa
2175 2937 2361 2980 sancta
2419 2925 2653 2981 Trinitas
2679 2943 2786 2981 una
2813 2938 2896 2982 est
2935 2930 3251 2988 naturaliter
3288 2932 3514 2997 veritas;
3552 2941 3602 2988 ct

2031 3013 2284 3084 quidquid
2300 3016 2469 3070 sancti
2481 3015 2712 3085 apostoli
2724 3016 3040 3082 docuerunt,
3055 3018 3201 3089 pleni
3212 3020 3438 3074 veritate
3449 3021 3602 3076 dixe-

2033 3114 2158 3158 runt
2187 3122 2200 3158 :
2232 3120 2454 3161 necesse
2486 3116 2567 3160 est
2595 3114 2652 3160 ut
2692 3122 2877 3161 verum
2905 3107 2976 3161 sit
3001 3117 3059 3163 et
3081 3108 3224 3176 quod
3264 3107 3480 3163 Petrum
3507 3109 3602 3164 do-

2032 3197 2143 3251 cuit
2169 3194 2411 3253 Christus
2436 3240 2452 3266 ,
2481 3206 2536 3252 et
2573 3199 2718 3268 quod
2766 3199 2954 3270 plenus
2981 3198 3182 3270 Spiritu
3217 3209 3402 3255 sancto
3427 3200 3602 3259 docuit

2038 3245 2142 3251 -m
2177 3245 2409 3253 πω---
2436 3245 2452 3266 ,
2485 3245 2535 3252 --
2576 3245 2718 3268 τ---
2766 3245 2953 3270 τω...
2981 3245 3182 3270 -.ν-η--
3217 3245 3400 3255 --.ηη
3429 3245 3602 3259 ..η-..ν

1954 3245 1998 3308 C
2030 3275 2242 3342 Petrus.
2297 3287 2452 3354 Nam,
2484 3289 2622 3344 sicut
2673 3305 2832 3344 nemo
2886 3291 3122 3346 salvatur
3166 3290 3267 3344 nisi
3306 3275 3602 3360 baptizatus

2005 3379 2186 3436 'l'nerit
2209 3379 2262 3433 in
2294 3379 2510 3434 nomine
2536 3378 2710 3435 Patris
2731 3386 2786 3435 et
2803 3380 2923 3445 Filii
2951 3389 3005 3435 et
3029 3380 3261 3450 Spiritus
3297 3382 3500 3446 sancti;
3526 3382 3599 3436 sic

2024 3477 2252 3540 excepto
2279 3469 2476 3523 Christi
2521 3471 2768 3534 nomine,
2794 3486 2899 3525 tton
2927 3478 3010 3524 est
3029 3472 3170 3524 aliud
3199 3485 3394 3524 nomen
3418 3471 3599 3524 datum

2022 3559 2328 3614 hominibus
2371 3559 2534 3629 σεο
2584 3560 2637 3612 in
2661 3573 2768 3628 quo
2814 3567 3064 3630 oporteat
3109 3574 3209 3614 nos
3255 3554 3433 3615 salvos
3463 3557 3597 3615 ﬁeri.

2025 3645 2198 3702 linum
2248 3648 2392 3702 enim
2435 3648 2678 3702 naturale
2728 3663 2924 3702 nomen
2969 3657 3053 3703 est
3102 3650 3272 3704 Patris
3307 3657 3363 3704 et
3397 3649 3517 3704 Filii
3546 3659 3597 3707 et

2021 3737 2250 3806 Spiritus
2274 3738 2464 3803 sancti,
2494 3736 2637 3807 quod
2665 3746 2745 3792 est
2771 3738 2942 3804 Deus;
2973 3746 3028 3792 et
3057 3737 3160 3793 hoc
3188 3746 3271 3792 est
3293 3739 3468 3792 solum
3495 3739 3596 3794 ho-

2021 3827 2252 3881 niuibus
2277 3826 2461 3881 datum
2492 3842 2707 3892 nomen,
2740 3828 2793 3880 iu
2820 3842 2928 3896 quo
2947 3828 3037 3897 qui
3065 3837 3215 3882 recte
3238 3829 3480 3894 credunt,
3503 3844 3596 3899 per

2019 3925 2410 3972 sacramentum
2461 3917 2795 3988 baptismatis
2851 3919 3171 3988 perveniunt
3232 3919 3298 3972 ad
3345 3920 3593 3976 salutem.

2020 4007 2359 4078 Quapropter
2386 4009 2430 4064 si
2483 4025 2591 4064 non
2631 4010 2684 4064 in
2712 4026 2819 4064 uno
2847 4011 3144 4080 eodemque
3186 4012 3423 4078 nomine,
3451 4014 3594 4081 quod

2018 4108 2102 4153 est
2131 4099 2446 4154 naturaliter
2473 4098 2617 4154 Patri
2657 4109 2712 4154 et
2734 4100 2870 4156 Filio
2899 4110 2955 4156 et
2980 4100 3202 4172 Spiritui
3227 4112 3416 4158 sancto
3440 4119 3592 4159 com-

2017 4204 2176 4243 nunc
2197 4227 2211 4254 ,
2267 4198 2512 4244 sanctum
2550 4191 2815 4262 baptisma
2843 4191 3127 4248 credentes
3169 4195 3467 4263 accipiunt;
3498 4197 3592 4253 sed

2018 4279 2177 4352 (sicut
2211 4287 2267 4333 tu
2297 4282 2472 4351 putas)
2504 4281 2556 4334 in
2601 4281 2768 4335 tribus
2806 4283 3032 4340 diversis
3070 4282 3376 4340 nominibus
3412 4285 3591 4355 bapti-

2012 4377 2225 4436 santur,
2246 4371 2482 4437 quando,
2503 4370 2792 4424 secundum
2820 4372 3058 4439 regulam
3079 4371 3277 4430 Christi
3298 4375 3591 4431 Salvatoris

2015 4458 2240 4527 imperio
2265 4457 2633 4526 constitutam,
2657 4460 2708 4513 in
2738 4460 2954 4514 nomine
2977 4458 3149 4516 Patris
3174 4471 3228 4518 et
3247 4463 3368 4517 Filii
3389 4471 3444 4518 et
3467 4463 3588 4532 Spi-

2015 4549 2150 4602 ritus
2198 4549 2367 4603 sancti
2413 4549 2503 4618 qui
2533 4551 2858 4605 crediderint
2905 4552 3244 4624 haptizantur
3281 4557 3588 4627 :respondn

327 4644 439 4701 hoc
459 4646 556 4700 tibi
581 4612 843 4715 reliquum
871 4612 983 4710 est,-
1008 4653 1066 4698 ut
1094 4660 1199 4698 non
1231 4652 1335 4696 tam
1360 4641 1574 4715 Petrum
1596 4612 1909 4710 quam-Spi;
1941 4612 1988 4671 θ
2015 4640 2171 4694 nobis
2189 4679 2202 4702 ,
2237 4649 2410 4694 utrum
2429 4612 2712 4696 subtracto
2735 4644 2816 4697 vel
2845 4612 3019 4700 Patris
3045 4646 3131 4703 vel
3159 4645 3276 4700 Filii
3308 4647 3389 4702 vel
3411 4612 3588 4718 .Spiri-i

326 4737 493 4791 ritum
539 4746 778 4792 sanctum
828 4735 978 4792 dicas
1013 4751 1130 4791 esse
1178 4735 1477 4790 mentitum.
1513 4733 1728 4804 'Spiritu
1768 4735 1910 4789 enim

263 4811 278 4826 ’
325 4837 522 4886 sancto
576 4829 817 4898 repletus
868 4830 970 4883 hoc
1024 4828 1176 4893 dixit,
1227 4835 1282 4882 et
1318 4826 1384 4881 ab
1422 4827 1538 4896 ipso
1563 4827 1743 4896 utique
1771 4824 1916 4896 quod

324 4919 650 4990 praedicaret
703 4919 934 4983 audivit.
959 4917 1092 4974 Cum
1123 4926 1301 4972 autem
1344 4916 1397 4970 in
1446 4914 1724 4970 mendacio
1767 4913 1910 4968 Petri

322 4995 641 5065 mendacem
671 5008 872 5066 dixeris
901 5008 1157 5078 Spiritum
1186 5016 1448 5070 sanctum,
1481 5006 1732 5061 continuo
1753 5021 1904 5060 men-

322 5103 519 5157 dacem
566 5101 879 5172 przediCahis
905 5109 960 5154 et
989 5099 1276 5154 Christum.
1317 5097 1432 5168 Ipse
1461 5098 1605 5152 enim
1647 5096 1900 5167 Spiritum

323 5192 574 5246 veritatis
602 5207 631 5244 a
660 5207 719 5245 se
745 5190 989 5260 promisit
1017 5189 1332 5244 mittendum
1361 5204 1478 5243 esse
1504 5188 1773 5258 discipulis
1797 5228 1811 5253 ,
1844 5197 1902 5244 ut

320 5300 452 5339 eum
482 5283 735 5354 Spiritum
761 5283 851 5354 qui
891 5283 1009 5337 illos
1030 5283 1250 5337 doceret
1277 5281 1328 5334 in
1357 5295 1568 5335 omnem
1597 5281 1896 5334 veritatem.

317 5359 480 5440 Quod
509 5376 553 5429 si
582 5389 677 5429 eos
718 5374 770 5429 in
814 5373 1026 5444 aliquod
1055 5372 1409 5444 :mcndacium
1438 5370 1664 5441 Spiritus
1689 5379 1901 5427 sanctus

319 5461 558 5530 induxit,
587 5479 692 5516 non
719 5463 890 5518 solum
917 5461 1394 5531 ipsummentitum
1424 5461 1616 5514 asseris
1640 5501 1653 5526 ,
1683 5461 1772 5531 qui
1805 5476 1898 5515 ve-

317 5553 474 5606 ritati
504 5551 702 5621 aliquid
732 5553 1055 5607 contrarium
1085 5551 1298 5617 docuit;
1322 5550 1413 5606 sed
1442 5560 1496 5605 et
1518 5549 1788 5606 Christum
1805 5566 1899 5608 ne-

2015 4740 2100 4786 tus
2124 4733 2293 4786 sancti
2323 4734 2537 4786 nomine
2559 4771 2576 4798 ,
2616 4735 2786 4804 possit
2826 4735 2879 4790 in
2923 4738 3132 4793 duobus
3159 4739 3466 4796 nominibus
3489 4739 3586 4794 ba-

2014 4826 2205 4896 ptisma
2247 4825 2428 4880 datum
2481 4827 2780 4883 Christiana
2820 4832 3072 4887 lirmitate
3119 4842 3388 4890 constare.
3429 4834 3588 4902 Quod

2013 4917 2196 4986 utique
2224 4918 2525 4976 nullatenus
2551 4919 2728 4976 dicere
2757 4922 2994 4990 audebis,
3042 4926 3165 4994 quia
3193 4925 3297 4981 hoc
3328 4937 3382 4983 te
3407 4927 3582 4984 dicere

2009 5009 2312 5080 prohibebit
2359 5011 2524 5081 ipsius
2579 5015 2842 5073 sententia
2899 5015 3169 5073 Veritatis.
3225 5018 3363 5087 Quid
3421 5020 3581 5089 igitur

2007 5108 2174 5153 restat
2194 5100 2292 5154 nisi
2323 5108 2379 5153 ut
2400 5102 2726 5171 respondeas
2744 5144 2760 5172 ,
2783 5104 2910 5158 illud
2939 5121 3058 5161 esse
3088 5106 3348 5175 integrum
3375 5108 3578 5179 baptis-

2006 5189 2164 5242 matis
2192 5199 2606 5258 sacramentum,
2633 5192 2778 5260 quod
2805 5196 3092 5250 secundum
3114 5207 3433 5268 praeceptum
3465 5199 3574 5254 Do-

2005 5279 2136 5334 mini
2156 5279 2313 5334 datur
2338 5279 2392 5335 in
2416 5282 2632 5338 nomine
2652 5283 2825 5339 Patris
2851 5285 3050 5340 et'Filii
3071 5286 3367 5358 etSpiritus
3380 5291 3573 5346 sancti.

2007 5367 2155 5423 Nunc
2176 5369 2352 5422 veniat
2373 5370 2425 5423 in
2447 5379 2682 5426 mentem
2710 5373 2833 5428 libet
2861 5375 3087 5430 Actuum
3111 5377 3495 5446 apostolorum,
3520 5381 3572 5435 in

2002 5469 2112 5527 quo
2139 5458 2325 5514 beatus
2355 5457 2543 5515 Petrus
2573 5461 2842 5518 invenitur
2869 5465 3066 5520 dixisse
3103 5465 3299 5525 Judceis
3342 5486 3356 5523 :
3396 5468 3573 5525 Paeni-

2005 5550 2214 5602 tentiam
2257 5550 2422 5620 agite,
2466 5562 2514 5605 et
2558 5549 2839 5623 baptizatur
2889 5557 3227 5628 unusquisque
3264 5569 3480 5614 vestrum
3516 5561 3582 5615 iis

391 5749 501 5832 ita'
568 5755 734 5828 Syrus
771 5765 822 5812 et
877 5755 1092 5814 Caecus
1123 5765 1330 5829 textus,
1379 5758 1709 5820 etnonnulh
1759 5759 1958 5832 antiqui
2002 5757 2205 5814 Patres.
2267 5760 2320 5814 ln
2380 5725 2622 5832 Vulgatts
2654 5723 2899 5818 habetur
2933 5749 2961 5831 ,’
2999 5765 3131 5828 Qulu
3203 5765 3432 5821 Christus
3497 5775 3578 5821 cst

318 5825 526 5878 ueritas;
