4144 6354
888 314 958 328 *δ’

511 413 610 469 8M

1534 405 1591 465 3.
1631 396 1995 464 FUlA'JEN'lIl
2032 391 2346 462 EPISCOPI-
2370 394 2739 461 ltUSPENSlS

3653 395 3770 456 επ

513 523 718 583 nomine
757 522 880 581 Jesu
909 508 1137 589 Christi,-
1176 524 1228 577 in
1259 523 1606 577 remissionem
1635 531 1956 592 peccatorum
1978 536 2085 572 ves-
2112 517 2172 581 Αι
2189 520 2486 575 certissime
2516 519 2684 574 credit
2719 525 2773 573 et
2803 517 3168 571 indubitanter
3187 515 3382 570 fdtetur
3411 533 3569 570 unum
3598 526 3756 574 natu-

497 631 562 672 .tr
599 635 709 671 rum
734 658 748 683 ,
779 627 825 670 et
851 616 1110 685 accipietis
1140 616 1327 668 donum
1381 613 1608 682 Spiritus
1634 613 1802 668 sancti
1831 613 1969 680 (Act.
2016 626 2051 664 ιι
2071 651 2086 676 ,

517 708 587 762 38
619 748 632 762 .
688 707 887 761 Deinde
927 706 1208 760 considera
1255 705 1380 774 quia
1425 705 1477 758 in
1525 704 1712 758 eodem
1753 704 2090 758 contineatur

519 799 677 874 libgo,
709 797 796 850 ubi
841 796 1096 865 scriptum
1123 803 1206 849 est
1239 812 1251 847 :
1305 793 1430 848 Cum
1471 804 1640 848 autem
1669 795 1932 847 audissent
1959 803 2088 862 apa-

516 890 635 942 stoli
680 886 766 957 qui
816 897 968 940 erant
1009 886 1405 957 Hierosolymis,
1445 888 1564 955 quia
1611 887 1798 952 recepit
1846 885 2090 938 Samaria

516 977 721 1029 uerbum
765 976 876 1037 Dei,
927 978 1172 1029 miserunt
1227 977 1293 1028 ad
1339 976 1459 1028 illos
1509 974 1714 1027 Petrum
1742 984 1790 1026 et
1811 972 2086 1026 Joannem.

521 1063 621 1128 Qui
669 1082 784 1118 cum
823 1068 1072 1120 venissent
1098 1105 1112 1129 ,
1143 1075 1414 1119 oraveruut
1442 1081 1534 1134 pro
1564 1065 1689 1133 ipsis
1710 1071 1765 1115 ut
1805 1063 2093 1131 acciperent

519 1157 775 1228 Spiritum
812 1168 1067 1212 sanctum.
1115 1157 1360 1212 Nondum
1389 1159 1524 1210 enim
1563 1156 1614 1208 in
1645 1170 1943 1224 quemquam
1972 1153 2090 1204 illo—

519 1265 634 1302 rum
680 1259 888 1304 venerat
936 1249 1161 1318 Spiritus
1191 1259 1417 1312 sanctus,
1464 1247 1554 1300 sed
1600 1245 1847 1314 baptizati
1895 1251 2092 1296 tantum

519 1350 669 1391 erant
695 1341 751 1393 in
779 1340 990 1392 nomine
1027 1337 1233 1392 Domini
1259 1337 1381 1391 Jcsu
1411 1336 1547 1406 (Act.
1589 1351 1702 1396 vin,
1736 1333 1801 1384 H
1845 1343 1893 1385 et
1937 1332 2088 1402 scq.).

521 1428 653 1483 Item
686 1431 738 1483 in
761 1430 951 1485 eodem
976 1430 1133 1495 libro,
1159 1445 1276 1482 cum
1311 1429 1496 1482 Petrus
1525 1425 1797 1496 apostolus
1816 1423 2007 1478 missus
2027 1422 2094 1476 ab

521 1519 722 1589 Spiritu
751 1528 940 1574 sancto
964 1564 978 1588 ,
1012 1534 1258 1587 magnum
1293 1518 1502 1587 pietatis
1548 1515 1862 1586 pmdicaret
1909 1521 2096 1567 centu-

524 1610 661 1664 rioni
695 1609 952 1664 Cornelio
979 1616 1371 1663 sacramentum
1401 1649 1414 1671 ,
1447 1615 1501 1658 et
1529 1605 1702 1658 adhuc
1740 1619 1805 1658 eo
1842 1603 2095 1670 loquente

525 1716 688 1769 super
717 1715 904 1754 omnes
933 1700 1023 1769 qui
1061 1699 1348 1753 audiebant
1379 1697 1597 1750 verbum
1626 1694 1856 1762 Spiritus
1881 1698 2098 1745 sanctus

498 1789 842 1855 cecidisset,
870 1798 996 1843 tunc
1044 1796 1287 1842 sanctum
1315 1785 1615 1854 apostolum
1656 1782 1868 1837 Petrum
1913 1781 1985 1835 ita
2011 1794 2095 1833 re-

2188 612 2300 666 rale
2349 627 2544 667 nomen
2588 626 2708 664 esse
2735 607 2908 664 Patris
2948 619 3004 662 et
3033 608 3151 662 Filii
3195 617 3249 662 et
3296 607 3526 678 Spiritus
3566 611 3764 666 sandi.

2188 701 2529 772 Quapropter
2552 716 2772 757 necesse
2798 708 2900 769 est,
2929 709 2986 754 ut
3015 708 3105 754 aut
3133 701 3184 753 iu
3209 715 3316 755 uno
3345 702 3559 757 nomine
3586 701 3768 757 Trim-

2189 795 2315 848 tatis
2337 795 2450 848 dari
2479 799 2721 848 sanctum
2750 793 3016 861 baptisma
3045 793 3290 853 fatearis;
3323 803 3414 847 aut
3435 810 3630 849 nomen
3660 794 3765 848 Pa-

2190 887 2622 953 tris,let’nomcn
2652 883 2882 954 Spiritus
2919 879 3481 938 sancti'n‘ecessarium
3511 901 3631 940 esse
3657 901 3767 940 nou

2191 977 2378 1032 credas
2398 976 2465 1030 ad
2491 976 2716 1030 salutem
2747 975 3054 1039 humanam,
3071 983 3125 1028 et
3145 990 3210 1029 ex
3240 973 3343 1030 hoc
3362 976 3768 1031 saluberrimam

2192 1065 2389 1122 Christi
2437 1067 2649 1122 coneris
2700 1075 2963 1120 evacuare
3014 1063 3335 1121 doctrinam.
3392 1066 3500 1121 Sed
3549 1067 3771 1122 attende

2191 1157 2319 1225 quid
2348 1155 2540 1210 dixerit
2562 1154 2824 1220 Christus,
2871 1150 3022 1223 cujus
3063 1153 3362 1209 doctrinam
3391 1157 3657 1212 veraciter
3685 1166 3769 1212 te-

2195 1245 2310 1300 nuit
2338 1244 2546 1300 Petrus.
2578 1245 2635 1298 fn
2660 1240 2876 1299 nomine
2905 1244 3103 1314 Quippe
3132 1243 3307 1302 Patris
3335 1255 3390 1299 et
3417 1245 3536 1300 Filii
3565 1255 3622 1301 et
3649 1244 3771 1316 Spi-

2193 1336 2329 1389 ritus
2363 1333 2555 1398 sancti,
2603 1341 2790 1402 gentes
2819 1333 3080 1404 baptizari
3109 1335 3307 1389 debere
3353 1336 3623 1405 praecepit.
3657 1334 3772 1392 Hoc

2194 1433 2522 1494 przeceptum
2565 1422 2755 1479 Petrus
2801 1423 3139 1478 tenacissime
3185 1425 3499 1490 custodivit,
3532 1426 3632 1481 hac
3674 1428 3772 1483 do-

2195 1514 2367 1568 ctrina
2397 1530 2526 1568 oves
2564 1513 2760 1568 Christi
2809 1530 2978 1582 usque
3025 1515 3091 1568 ad
3133 1514 3448 1571 effusionem
3499 1520 3780 1587 sanguinis

2139 1662 2143 1665 ἱ
2199 1605 2361 1673 pavit.
2404 1603 2717 1658 Christiana:
2746 1604 2942 1674 quippe
2985 1603 3105 1659 fidei
3133 1606 3438 1661 custodiens
3466 1609 3769 1675 veritatem,

2199 1701 2254 1747 et
2301 1694 2474 1747 sciens
2540 1709 2704 1746 unum
2760 1709 2878 1747 esse
2927 1709 3125 1748 nomen
3181 1693 3482 1762 Trinitatis;
3539 1707 3595 1751 et
3646 1699 3778 1753 illud

2198 1799 2383 1837 vermn
2430 1783 2580 1848 dixit,
2631 1784 2754 1854 quia
2774 1824 2788 1849 ,
2820 1793 3044 1855 excepto
3070 1787 3280 1841 nomine
3311 1787 3536 1856 Christi,
3561 1806 3667 1844 non
3691 1801 3773 1845 est

517 1881 808 1950 _spondisse
871 1888 1165 1936 memorata
1218 1862 1491 1947 Scriptura
1544 1877 1787 1937 testatur,
1841 1871 2091 1942 Nunquid
2125 1874 2165 1929 Β
2196 1877 2338 1930 aliud
2397 1892 2591 1930 nomen
2642 1876 2740 1930 sub
2792 1877 2929 1931 caalo
2983 1878 3163 1930 datum
3205 1879 3508 1935 hominibus
3563 1882 3617 1935 in
3666 1897 3774 1950 quo

527 1984 712 2040 aquam
737 1973 850 2040 quis
871 1970 1138 2038 prohibere
1152 1978 1338 2038 potest,
1362 1977 1414 2020 ut
1445 1984 1546 2020 non
1573 1965 1894 2034 baptizeutur
1930 1963 1983 2015 hi
2012 1963 2095 2032 qui

527 2058 780 2127 Spiritum
808 2069 1041 2111 sanctum
1067 2065 1369 2124 acceperunt
1398 2059 1525 2109 sicut
1571 2065 1619 2107 et
1666 2056 1798 2107 nos?
1836 2052 1905 2105 Et
1940 2053 2098 2122 jussit

527 2163 615 2200 eos
645 2149 696 2199 in
738 2146 942 2200 nomine
963 2147 1087 2198 Jesu
1109 2145 1298 2199 Christi
1327 2145 1588 2214 baptizari
1611 2144 1749 2213 (Act.
1781 2159 1834 2205 ι,
1860 2141 1947 2203 47,
1980 2141 2093 2208 48).

530 2233 680 2291 ΙίΙυηι
710 2252 923 2306 quoque
955 2239 1127 2292 locum
1159 2239 1211 2292 in
1257 2237 1444 2292 eodem
1488 2238 1622 2290 libro
1661 2235 1938 2290 considera
1961 2275 1976 2297 ,
2008 2233 2099 2288 ubi

529 2325 726 2382 dicitur
753 2345 766 2380 :
800 2327 847 2379 Γ
851 2337 1022 2380 aetum
1041 2337 1117 2381 est
1152 2337 1320 2381 autem
1342 2344 1455 2379 cum
1483 2327 1666 2396 Apollo
1694 2335 1824 2380 esset
1845 2325 2096 2391 Corinthi,

531 2427 580 2471 et
640 2417 854 2484 Paulus,
899 2420 1184 2489 peragratis
1215 2418 1557 2488 superioribus
1604 2417 1851 2487 partibus,
1883 2419 2101 2471 venisset

532 2509 790 2580 Ephesum
816 2549 830 2570 ,
853 2519 900 2562 et
931 2511 1205 2562 invenisset
1250 2509 1498 2578 quosdam
1524 2509 1821 2578 discipulos,
1871 2508 2004 2561 dixit
2034 2509 2102 2561 ad

532 2617 617 2654 eos
640 2617 657 2652 :
689 2600 750 2653 Si
772 2599 1022 2668 Spiritum
1038 2610 1276 2654 sanctum
1304 2600 1570 2668 accepistis
1600 2599 1860 2652 credentes
1883 2598 1906 2651 ?
1935 2599 2000 2649 At
2024 2597 2100 2650 illi

532 2689 774 2742 dixerunt
814 2689 886 2741 ad-
908 2706 1022 2742 eum
1051 2706 1069 2742 :
1109 2689 1214 2743 Sed
1256 2705 1416 2759 neque
1451 2690 1495 2741 si
1541 2687 1767 2758 Spiritus
1796 2697 2002 2741 sanctus
2027 2697 2103 2740 est

533 2780 836 2833 utulivimus.
878 2779 976 2833 Ille
1005 2797 1120 2834 vero
1151 2781 1224 2833 ait
1245 2797 1263 2833 :
1295 2779 1358 2833 In
1394 2797 1490 2850 quo
1530 2796 1651 2849 ergo
1676 2777 1919 2844 baptizati
1947 2778 2104 2831 estis?

539 2873 639 2938 Qui
685 2874 976 2927 dixerunt:
1027 2872 1091 2926 In
1137 2873 1354 2927 Joannis
1404 2874 1728 2942 baptismate.
1764 2870 1907 2924 Dixit
1936 2881 2104 2924 autent

539 2963 736 3017 Paulus
765 2977 788 3016 :‘
809 2964 1040 3018 Joannes
1069 2966 1271 3035 quidem
1291 2964 1567 3035 baptizavit
1613 2963 1916 3033 baptismate
1943 2963 2105 3030 paeni-

537 3057 710 3108 tentia:
737 3056 978 3125 pepulum
997 3097 1011 3122 ,
1043 3056 1236 3119 dicens,
1279 3056 1331 3107 in
1369 3071 1484 3107 eum
1516 3055 1600 3124 qui
1628 3061 1864 3107 venturus
1891 3061 1968 3105 est
1991 3063 2108 3122 post

538 3147 707 3213 ipsum
747 3155 801 3198 ut
847 3146 1131 3209 crederent,
1163 3146 1258 3198 hoc
1303 3153 1380 3199 est
1419 3147 1472 3198 in
1517 3143 1710 3199 Jesum.
1763 3142 1863 3196 His
1891 3142 2102 3207 auditis,

2195 1975 2443 2036 oporteat
2470 1963 2569 2022 nos
2601 1967 2780 2022 salvos
2799 1957 2943 2033 ﬁeri;
2970 1975 3024 2022 et
3051 1970 3194 2036 quod
3223 1969 3402 2024 docuit
3429 1969 3689 2040 baptizari
3721 1973 3775 2026 in

2195 2059 2410 2112 nomine
2431 2058 2554 2112 Jesu
2574 2057 2798 2125 Christi,
2832 2060 2882 2112 in
2905 2076 3010 2113 uno
3041 2059 3330 2131 baptizavit
3359 2063 3574 2118 nomine
3607 2061 3776 2120 Patris

2197 2155 2252 2201 et
2297 2147 2412 2200 Filii
2455 2155 2508 2200 et
2554 2147 2785 2216 Spiritus
2837 2149 3028 2204 sancti.
3083 2149 3235 2203 Nulla
3276 2159 3356 2205 est
3384 2152 3524 2206 enim
3556 2154 3608 2207 in
3659 2154 3778 2208 Tri~

2197 2239 2364 2292 nitate
2393 2239 2671 2293 diversitas
2689 2240 2947 2294 naturalis
2979 2241 3226 2306 nominis,
3241 2242 3328 2296 ubi
3357 2251 3439 2296 est
3464 2243 3576 2313 ipsa
3601 2247 3775 2300 unitas

2199 2329 2472 2384 naturalis.

2591 2444 3068 2500 FRAGMENTUM
3110 2445 3383 2501 XXXVIII.

2200 2530 2376 2588 Filius.
2398 2545 2474 2588 est
2502 2537 2819 2606 omnipotens
2845 2537 3019 2656 .sicutp
3035 2535 3214 2601 Pater,
3247 2547 3296 2590 et
3323 2539 3396 2591 sic
3427 2539 3574 2592 habet
3605 2543 3784 2595 omnia

2811 2613 2940 2656 sicut
3023 2615 3151 2656 ater.

2811 2613 2940 2658 sicut
2977 2613 3151 2658 Pater.

2280 2693 2455 2756 Addis,
2489 2702 2542 2746 et
2573 2693 2705 2747 dicis
2732 2710 2742 2744 :
2778 2713 2795 2743 α
2832 2691 2923 2745 Est
2951 2707 3079 2761 ergo
3108 2693 3272 2748 Filius
3296 2696 3656 2766 omnipotens,
3686 2700 3780 2755 sed

2203 2801 2308 2838 non
2358 2785 2496 2838 sicut
2543 2783 2739 2850 Pater,
2789 2784 2912 2853 quia
2954 2783 3088 2838 Filio
3131 2786 3298 2854 ipsam
3337 2787 3780 2856 omnipotentiam

2205 2877 2363 2929 Pater
2400 2875 2546 2930 dedit
2586 2884 2641 2929 et
2666 2875 2920 2938 contulit;
2954 2873 3100 2930 Patri
3128 2886 3305 2932 autem
3335 2880 3780 2948 omnipotentiam

2204 2967 2382 3021 nullus
2421 2967 2650 3022 contulit
2699 2982 2872 3034 neque
2915 2967 3078 3020 dedit.
3118 2987 3135 3018 ι
3171 2967 3304 3022 Cum
3353 2970 3536 3039 utique
3566 2985 3636 3025 ex
3675 2972 3782 3027 hoc

2205 3057 2373 3124 magis
2399 3063 2717 3122 agnoscatur
2738 3051 2902 3109 Filius
2929 3056 3149 3124 aqualis
3169 3054 3335 3122 Patri,
3361 3059 3487 3127 quia
3510 3060 3657 3128 quod
3675 3069 3780 3127 est,

2207 3159 2313 3200 non
2345 3145 2507 3200 habet
2528 3145 2770 3209 aliunde,
2795 3144 2892 3200 sed
2922 3144 2988 3199 de
3028 3143 3186 3201 Patre
3213 3164 3224 3198 :
3260 3163 3360 3202 nec
3386 3155 3467 3201 est
3495 3148 3563 3204 de
3593 3151 3782 3214 nihilo,

540 3233 786 3302 baptizati
815 3243 933 3286 sunt
973 3235 1028 3287 in
1057 3235 1261 3288 nomine
1295 3233 1497 3288 Domini
1528 3232 1654 3287 Jesu
1685 3248 1703 3285 :
1731 3241 1779 3284 et
1799 3247 1911 3284 cum
1939 3232 2106 3301 impa-
2133 3225 2179 3288 C
2211 3235 2304 3290 sed
2330 3236 2396 3290 de
2426 3237 2668 3304 genitore
2689 3235 2930 3313 spbsistit
2949 3236 3108 3306 €62
3135 3243 3357 3290 :eterno.
3388 3236 3633 3293 Servavit
3655 3254 3785 3308 ergo

541 3324 726 3376 suisset
772 3323 876 3377 illis
919 3339 1126 3377 manuni
1177 3322 1401 3384 Paulus,
1457 3324 1591 3375 venit
1633 3321 1861 3391 Spiritus
1900 3329 2109 3373 sanctus

539 3431 691 3484 super
715 3432 820 3482 eos,
852 3425 900 3468 et
920 3415 1252 3485 loquebantur
1272 3415 1458 3486 linguis
1487 3423 1535 3468 et
1571 3412 1942 3483 prophetabant
1973 3412 2107 3483 (Act.

538 3517 646 3570 xm,
676 3504 699 3556 1
734 3515 783 3558 et
811 3507 960 3578 seq.).
997 3505 1132 3562 Ecce
1163 3514 1242 3560 tot
1271 3506 1406 3561 locis
1445 3504 1854 3567 attestantibus,
1905 3505 2110 3558 inveni-

540 3610 660 3649 mus
679 3597 938 3664 quosdam
969 3597 1020 3650 in
1044 3597 1260 3652 nomine
1290 3597 1497 3650 Domini
1527 3595 1652 3651 Jesu
1681 3593 1899 3662 Christi,
1925 3604 2111 3650 aucto-

539 3685 700 3739 ritate
747 3687 1041 3755 apostolica
1071 3687 1385 3757 baptizatos.
1437 3687 1532 3740 Dic
1581 3700 1707 3753 ergo
1755 3685 1884 3739 mihi
1933 3694 2109 3740 utrum

542 3775 618 3829 illi
649 3776 742 3844 qui
762 3777 1013 3848 baptizati
1045 3778 1292 3833 dicuntur
1324 3779 1374 3832 in
1407 3779 1621 3832 nomine
1647 3777 1773 3833 Jesu
1802 3779 2018 3845 Christi,
2060 3779 2112 3832 in

543 3867 760 3921 nomine
790 3884 1003 3938 quoque
1045 3867 1216 3923 Patris
1243 3877 1296 3924 et
1325 3868 1553 3939 Spiritus
1599 3870 1770 3925 sancti
1800 3868 1996 3923 fuerint
2021 3869 2115 3924 ba-

541 3957 744 4027 ptizati,
762 3974 827 4012 an
845 3959 948 4014 hoc
969 3960 1288 4014 omnimodis
1306 3975 1486 4030 neges.
1507 3959 1660 4026 Quod
1678 3961 1720 4014 si
1743 3959 1941 4014 dixeris
1959 3961 2009 4013 in
2024 3960 2115 4015 illo

542 4047 700 4116 661
723 4046 850 4102 Jesu
870 4047 1063 4104 Christi
1096 4049 1333 4116 nomine,
1361 4050 1517 4104 simul
1539 4058 1593 4104 et
1618 4049 1790 4103 Patris
1805 4057 1858 4103 et
1887 4049 2116 4118 Spiritus

543 4136 713 4189 sancti
738 4152 930 4190 nomen
954 4138 1336 4206 accipiendum,
1363 4138 1730 4207 proculdubio
1759 4153 1920 4190 unum
1943 4135 2117 4190 Patris

546 4236 600 4282 et
627 4227 744 4281 Filii
775 4237 831 4282 et
859 4227 1088 4297 Spiritus
1135 4230 1303 4284 sancti
1332 4229 1671 4284 confiteberis
1699 4243 1925 4293 nomen;
1957 4235 2012 4282 et
2050 4242 2118 4282 ex

547 4331 654 4371 uno
683 4318 918 4381 nomine,
952 4335 1113 4372 unum
1145 4319 1311 4375 Deum
1342 4333 1559 4373 necesse
1587 4327 1670 4372 ρει
1706 4328 1944 4372 sanctam
1989 4333 2120 4373 COD-

549 4405 750 4461 fitearis
772 4409 1026 4462 continuo
1043 4407 1378 4462 Trinitatem.
1399 4407 1453 4460 Si
1479 4421 1605 4459 vero
1629 4405 1927 4474 baptizatos
1947 4406 1998 4460 in
2023 4421 2120 4462 no-

547 4499 691 4552 mine
703 4496 826 4553 Jesu
843 4498 1062 4566 Christi,
1075 4500 1272 4554 dixeris
1283 4515 1387 4554 non
1402 4513 1519 4552 esse
1533 4498 1828 4567 baptizatos
1841 4499 1892 4551 in
1906 4499 2120 4552 nomine

2211 3323 2353 3393 quod
2383 3340 2534 3378 suum
2565 3332 2648 3378 est
2677 3333 2864 3378 natura
2892 3322 3068 3378 Patris
3115 3325 3166 3378 in
3214 3324 3372 3392 Filio,
3402 3329 3526 3396 quia
3558 3330 3689 3382 nihil
3719 3345 3787 3383 ex

2212 3432 2270 3470 se
2304 3417 2477 3485 potuit
2523 3413 2764 3484 proferre
2808 3413 3032 3469 diversa:
3074 3415 3370 3469 divinitatis
3399 3417 3482 3470 illa
3507 3418 3802 3486 generatio-

2215 3506 2491 3560 naturalis.
2523 3504 2676 3559 Dedit
2705 3513 2882 3559 autem
2913 3505 3092 3559 omnia
3121 3502 3283 3573 Pater
3305 3505 3457 3572 Filio,
3480 3523 3575 3561 nec
3604 3508 3656 3560 ei
3684 3508 3789 3560 ali-

2213 3594 2338 3663 quid
2366 3594 2606 3661 negavit,
2637 3593 2688 3647 in
2728 3609 2835 3663 quo
2875 3602 3042 3648 totam
3089 3601 3334 3650 naturam
3362 3612 3514 3651 suam
3542 3597 3793 3652 ineil‘abi-

2214 3687 2335 3740 liter
2362 3687 2562 3755 genuit.
2617 3685 2770 3752 Quod
2813 3702 2942 3756 ergo
2972 3687 3118 3741 dedit
3148 3683 3307 3742 Pater
3346 3689 3797 3758 omnipotentiam

2217 3777 2368 3842 Filio,
2403 3778 2452 3830 in
2482 3777 2595 3830 sola
2627 3787 2710 3830 est
2753 3777 2956 3844 origine
2980 3819 2994 3842 ,
3030 3795 3134 3832 non
3184 3779 3234 3832 in
3265 3779 3576 3834 diversitate
3625 3781 3798 3850 ipsius

2219 3869 2624 3937 omnipotentizc
2652 3868 2736 3922 vel
2785 3877 3009 3924 naturas.
3060 3867 3169 3922 lllic
3208 3870 3417 3925 dedisse
3460 3871 3550 3939 qui
3578 3873 3800 3941 quaerit,

2217 3977 2322 4015 non
2368 3961 2509 4014 aliud
2540 3976 2700 4030 quam
2729 3961 2975 4029 genuisse
3003 3963 3252 4030 reperiet.
3296 3960 3582 4016 Generatio
3612 3971 3802 4017 autem

2220 4053 2328 4118 illa,
2363 4069 2482 4120 qua:
2531 4053 2848 4106 naturaliter
2883 4053 3060 4106 divina
3102 4061 3184 4107 est
3226 4063 3281 4107 et
3317 4062 3541 4118 (eterna,
3588 4053 3642 4106 in
3686 4069 3809 4121 quo

2217 4145 2598 4216 plenitudinem
2628 4145 2863 4200 omnium
2905 4160 3024 4214 qua:
3070 4145 3230 4200 habet
3258 4145 3494 4200 ostendit
3537 4143 3674 4199 Filio
3699 4144 3802 4200 de-

2217 4235 2358 4290 disse
2384 4233 2617 4297 Patrem,
2650 4235 2704 4288 in
2727 4249 2793 4288 eo
2825 4233 2966 4288 Patri
2993 4235 3183 4288 Filium
3218 4235 3537 4288 naturaliter
3570 4233 3804 4300 demon-

2219 4331 2354 4380 strat
2393 4323 2672 4393 aequalem.
2717 4324 2808 4377 Sic
2843 4337 2972 4391 ergo
3002 4324 3164 4378 habet
3202 4324 3379 4378 omnia
3424 4323 3609 4390 Filius,
3657 4325 3805 4379 sicut

2222 4415 2382 4468 Pater
2413 4433 2426 4467 :
2455 4415 2578 4484 quia
2611 4414 2698 4467 ubi
2744 4415 3019 4481 generatio
3064 4415 3320 4470 naturalis
3367 4416 3690 4483 agnoscitur,
3726 4415 3807 4469 ibi

2222 4504 2477 4572 genitoris
2517 4514 2572 4558 et
2616 4504 2780 4571 geniti
2825 4503 2966 4556 nulla
3015 4503 3272 4558 naturalis
3317 4503 3600 4558 diversitas
3643 4505 3812 4558 inve-

551 4590 722 4646 Patris
749 4601 800 4646 et
831 4591 1059 4661 Spiritus
1085 4593 1278 4657 sancti,
1305 4592 1431 4660 quid
1460 4599 1625 4646 restat
1651 4591 1750 4646 nisi
1779 4598 1836 4645 ut
1866 4589 1990 4644 illud
2019 4590 2115 4645 ba-
2145 4586 2193 4647 D
2219 4593 2380 4646 nitur.

547 4682 738 4750 ptisma
772 4699 951 4736 verum
974 4698 1093 4738 esse
1122 4698 1228 4737 non
1251 4691 1427 4753 putes,
1458 4682 1551 4736 sed
1579 4683 1720 4752 ipsos
1747 4689 1962 4736 sanctos
1983 4696 2116 4750 apo-

547 4773 716 4826 stolos
757 4775 1212 4842 praevaricationis
1248 4791 1373 4829 reos
1402 4791 1520 4829 esse
1564 4775 1917 4844 pronunties?
1965 4773 2118 4840 Quod

547 4878 670 4918 cum
715 4865 930 4929 dixeris,
961 4866 1080 4921 vide
1121 4868 1567 4935 quemadmodum
1610 4874 1662 4921 te
1708 4867 1930 4921 audebis
1967 4867 2120 4922 Chri-

549 4956 780 5009 stianum
807 4957 1137 5022 dicere,cum
1163 4960 1390 5029 emperis
1414 4959 1627 5013 Christo
1657 4959 1708 5011 in
1739 4959 1845 5012 suis
1867 4960 2124 5028 apostolis

551 5063 868 5116 repugnare,
898 5064 1056 5119 quem
1098 5053 1224 5122 ipsis
1246 5053 1500 5121 apostolis
1533 5051 1729 5106 dixisse
1777 5069 1882 5105 non
1928 5053 2126 5122 nescis,

554 5136 656 5201 Qui
676 5155 761 5192 vos
785 5142 964 5210 recipit
981 5159 1061 5194 me
1080 5144 1287 5212 recipit;
1320 5149 1392 5204 et,
1419 5139 1518 5204 Qui
1542 5157 1624 5193 vos
1646 5140 1860 5210 spernit,
1879 5156 1955 5193 me
1979 5159 2124 5211 sper-

552 5231 628 5282 nit
659 5229 873 5299 (Matth.
906 5248 960 5298 x,
987 5231 1083 5296 40;
1117 5231 1242 5285 Luc.
1273 5248 1328 5294 χ,
1360 5231 1466 5298 l6).
1502 5230 1635 5284 Audi
1671 5245 1798 5299 ergo
1824 5246 2126 5286 sermonem

552 5321 928 5388 apostolicum,
970 5331 1024 5374 et
1070 5322 1323 5375 doctrina:
1371 5331 1530 5391 atque
1572 5321 1720 5390 operi
1763 5322 2126 5391 apostolorum

553 5424 863 5465 reverenter
888 5413 1242 5466 obedientiam
1265 5413 1462 5480 pmrbe.
1492 5410 1583 5465 ille
1607 5413 1786 5479 itaque
1814 5412 1864 5465 in
1896 5412 1977 5466 his
1998 5428 2129 5482 apo-

553 5501 676 5554 stoli
702 5501 842 5555 Petri
869 5502 1044 5555 verbis
1068 5503 1264 5555 nullam
1296 5503 1492 5572 patitur
1513 5501 1900 5569 difﬁcultatem,
1929 5504 2018 5570 qui
2038 5519 2127 5556 au-

555 5588 710 5642 diens
734 5590 1002 5644 Christum
1033 5591 1428 5659 praecipientem
1460 5592 1717 5654 baptizari
1742 5599 1926 5658 gentes
1949 5592 2000 5644 in
2025 5607 2123 5645 no-

557 5678 699 5732 mine
729 5677 901 5735 Patris
930 5688 984 5733 et
1010 5680 1126 5733 Filii
1154 5691 1208 5734 et
1235 5678 1463 5750 Spiritus
1490 5681 1690 5744 sancti;
1720 5680 1942 5734 audiens
1964 5681 2125 5734 etiam

559 5771 774 5824 beatum
805 5769 1018 5825 Petrum
1048 5771 1339 5835 dicentem,
1361 5779 1590 5838 excepto
1638 5771 1856 5824 nomine
1902 5771 2120 5833 Christi,
2149 5785 2151 5788 ‘

560 5860 764 5916 nullum
786 5879 980 5920 nomen
1011 5878 1128 5916 esse.
1156 5863 1207 5916 in
1229 5877 1335 5929 quo
1364 5869 1610 5930 oporteat
1641 5876 1739 5914 nos
1762 5862 1939 5915 salvos
1972 5861 2082 5916 fieri
2109 5879 2120 5913 :

2639 4699 3112 4756 FBAGMENTUM
3145 4699 3352 4754 XXXIX

2223 4795 2448 4865 Spiritus
2485 4803 2690 4848 sanctus
2725 4802 3004 4865 ‘unus‘est
3035 4794 3342 4865 naturaliter
3383 4811 3496 4847 cum
3543 4795 3702 4847 Patre
3758 4807 3814 4847 et
3883 4791 3898 4802 ’

2712 4862 2850 4917 Filio
2882 4861 3130 4916 Dominus
3151 4863 3326 4916 Deus-

2295 4955 2564 5008 Memento
2608 4954 2787 5022 itaque
2827 4952 3074 5008 omnibus
3115 4953 3223 5008 tuis
3267 4953 3656 5022 objectionihus
3698 4969 3824 5010 nos

2227 5046 2455 5100 Domino
2477 5045 2764 5114 adjuvante
2799 5044 3014 5099 dedisse
3057 5060 3370 5114 responsum
3405 5055 3498 5100 :et
3536 5045 3644 5098 noli
3678 5061 3822 5100 cre-

2226 5137 2357 5192 dere
2385 5136 2639 5205 Spiritum
2684 5145 2927 5191 sanctum
2975 5136 3273 5205 subjectum
3301 5144 3393 5188 aut
3439 5136 3694 5188 minorem
3759 5139 3826 5192 in

2227 5228 2423 5282 divinis
2452 5228 2679 5298 eloquiis
2700 5227 2924 5282 inveniri
2955 5245 2968 5280 :
3000 5243 3100 5282 nec
3129 5225 3246 5304 ejus
3272 5227 3575 5281 missionem
3604 5242 3829 5280 carna-

2228 5319 2351 5373 liter
2379 5319 2610 5386 cogites,
2643 5333 2743 5374 ηερ
2783 5318 3007 5373 localem
3037 5327 3192 5388 putes
3213 5357 3228 5381 ,
3261 5333 3362 5373 nec
3389 5319 3438 5372 ei
3484 5318 3832 5386 obsequium

2229 5408 2437 5463 servilis
2463 5408 2784 5463 conditionis
2821 5409 3081 5475 assignes.
3114 5406 3208 5461 Est
3249 5409 3392 5462 enim
3420 5407 3646 5478 Spiritus
3671 5423 3833 5461 san-

2233 5508 2350 5553 ctus
2378 5514 2498 5553 eum
2545 5496 2702 5552 Patre
2741 5505 2794 5550 et
2823 5496 2958 5552 Filio
3003 5498 3320 5552 naturaliter
3363 5514 3499 5552 unus
3545 5497 3840 5553 Dominus

2233 5587 2392 5641 Deus.
2444 5587 2597 5654 Quod
2647 5587 2922 5642 evidenter
2964 5588 3294 5656 agnoscitur,
3334 5597 3390 5642 et
3435 5588 3487 5642 in
3529 5587 3840 5644 creatioae

2233 5678 2470 5731 omnium
2493 5692 2692 5740 rerum,
2734 5685 2788 5730 et
2816 5676 2869 5730 in
2898 5676 3266 5745 redemptione
3293 5675 3628 5743 fidelium._Si
3659 5678 3842 5732 enim

2235 5768 2508 5823 Denstnon
2539 5777 2713 5835 esset,
2732 5769 3033 5823 communia
3065 5784 3228 5837 opera
3259 5785 3380 5824 cum
3413 5767 3570 5822 Patre
3590 5775 3645 5821 et
3665 5767 3842 5826 Filio

2235 5877 2349 5916 non
2373 5861 2626 5927 haberet;
2657 5860 2702 5916 si
2742 5860 2882 5916 Deus
2923 5877 3027 5916 non
3070 5869 3233 5926 esset,
3269 5861 3515 5916 virtutem
3546 5861 3858 5917 calorum:
