4090 6342
277 358 388 412 853

1498 353 1602 408 «SE
1611 352 1882 408 RMONES
1923 353 2060 408 DUO
2099 351 2365 408 lNEDiTI.

3436 344 3541 400 834
3567 362 3572 366 '

283 493 390 532 non
421 474 534 543 ipse
578 471 841 537 firmaret;
872 471 918 526 si
945 470 1086 525 Deus
1111 484 1238 524 'uon
1261 478 1443 533 esset,
1477 472 1650 538 angeli
1700 472 1766 525 ad
1805 487 1865 526 se
1893 489 1935 541 Α
1969 472 2113 540 plum
2143 477 2324 523 nostra
2345 480 2572 535 corpora
2601 480 2707 519 non
2730 464 2983 528 haberet;
3012 462 3057 518 si
3080 461 3220 516 Deus
3248 475 3355 514 non
3375 469 3540 524 esset,

278 562 710 634 prospiciendum
766 577 872 615 non
939 560 1412 629 concupiscerent;
1460 561 1506 614 si
1561 561 1703 614 Deus
1745 576 1855 615 non

257 662 440 720 esset,
471 667 633 724 super
659 650 841 706 Jesum
889 650 1215 719 baptizatum
1260 649 1565 704 nullatenus
1602 650 1857 704 advenis-

266 753 394 810 set;
422 745 468 800 si
503 743 648 798 Deus
667 757 775 795 non
805 747 970 802 esset,
1001 755 1166 793 unum
1195 755 1392 793 nomen
1432 754 1554 794 cum
1583 737 1760 792 ‘Patre
1800 747 1856 792 et

263 837 414 890 :Filio
437 855 538 894 non
583 837 834 895 haberet;
858 831 904 886 si
934 830 1076 885 Deus
1104 847 1211 884 non
1243 820 1414 892 esset,
1446 830 1750 898 adoptionis
1777 829 1858 882 di-

277 927 413 995 vina:
437 927 657 995 gratiam
688 939 796 978 non
825 919 1090 985 dedisset;
1133 923 1179 974 si
1208 919 1352 973 Deus
1383 935 1490 973 non
1518 927 1687 985 esset,
1717 929 1827 972 tem

284 1041 3328 1073 ___________________________._________________

1960 565 2204 618 Christus
2227 563 2277 614 in
2323 561 2414 614 illo
2439 558 2700 613 daemonia
2731 573 2837 611 non
2867 555 3146 624 ejecisset;
3188 554 3233 606 si
3262 551 3403 606 Deus
3433 566 3542 605 non

1964 661 2128 719 esset,
2158 652 2351 706 caelum
2378 659 2431 704 et
2458 658 2652 703 terram
2683 647 2988 701 nullatenus
3036 643 3384 714 implevisset.
3416 640 3540 695 llaec

1965 743 2125 810 igitur
2149 749 2206 795 et
2229 741 2310 793 his
2339 739 2532 793 similia
2555 739 2599 792 si
2616 747 2761 792 recte
2784 735 3130 803 cogitaveris,
3154 741 3354 788 rectam
3380 730 3538 786 ﬁdem

1961 834 2028 888 de
2055 843 2240 889 sancto
2271 831 2470 901 Spiritu
2501 846 2627 884 mox
2656 829 2895 883 habebis.

705 1143 845 1204 -ΕΧ
885 1121 1169 1202 .LIB’RO
1220 1139 1305 1200 Ill
1347 1135 1807 1199 HINC-MAR]
1863 1131 2564 1194 ARCHIEPISCOPI
2608 1131 3150 1201 RHEMENSIS,

848 1282 1173 1326 'ADVERSUS
1219 1279 1494 1322 οωεετιΑ
1537 1276 1842 1320 (ΞΒΕΟΟΒΟ

1975 1276 2056 1317 ΔΙ)
2084 1273 2344 1316 ουοΝΕΜ
2393 1273 2957 1326 ΒΕιιονΑοι-Νεεκς

304 1406 433 1465 NEC
475 1406 607 1463 NON
646 1406 736 1460 EX
793 1403 993 1460 LIBRO
1049 1404 1112 1458 Ill
1161 1401 1471 1456 RATRAMI
1515 1397 1955 1455 CORBEIENSIS
2009 1396 2314 1453 MONACHI
2355 1397 2627 1454 CONTRA
2678 1397 3083 1454 GRECORUM
3141 1396 3484 1452 OPPOSITA.

1752 1537 2064 1551 -ο

346 1622 506 1692 663
530 1617 834 1692 Fulgentius
850 1620 1134 1688 episcopus,
1157 1616 1441 1669 litterarum
1458 1614 1640 1668 studiis
1665 1615 1850 1669 admo-

1959 1616 2234 1685 accipere,
2277 1630 2398 1668 cum
2449 1631 2562 1685 .pse
2603 1622 2833 1686 Spiritus
2863 1629 3080 1673 sanctus
3108 1635 3184 1673 διε
3223 1623 3477 1688 procedat
3501 1637 3533 1678 a

257 1717 396 1766 dum
417 1712 673 1772 eruditus,
704 1720 752 1762 et
784 1709 1190 1762 vitmsanctitate
1219 1708 1535 1777 perspicuus,
1560 1705 1622 1757 ab
1647 1707 1853 1759 Arionis
1890 1731 1930 1789 Β
1960 1707 2266 1773 Filio,sicut
2304 1708 2544 1776 procedit
2571 1724 2600 1761 a
2625 1709 2800 1774 Patre,
2821 1712 2961 1764 etsic
2991 1711 3190 1766 detura
3211 1712 3363 1778 Filio,
3396 1715 3536 1768 sicut

273 1821 470 1878 quoque
516 1821 606 1874 pro
653 1801 906 1856 catholica
936 1801 1040 1870 ﬁde
1091 1799 1251 1866 multa
1295 1814 1584 1868 perpessus,
1633 1799 1687 1850 in
1727 1798 1855 1852 libro

257 1894 630 1958 Quintianum
654 1891 716 1943 de
744 1889 971 1959 Spiritus
999 1889 1166 1942 sancti
1193 1887 1516 1957 processione
1544 1887 1617 1938 sic
1647 1888 1747 1939 ait:

345 1984 433 2038 Sic
465 1992 634 2037 totum
663 1981 805 2050 quod
839 1988 922 2034 est
967 1979 1080 2048 ipsa
1111 1986 1323 2042 natura,
1354 1990 1639 2031 commune
1687 1976 1825 2029 tribu

253 2075 542 2128 -inveuitur
569 2088 684 2126 esse
714 2070 976 2140 personis,
1010 2079 1067 2122 ut
1095 2068 1292 2136 aliquid
1317 2076 1492 2121 tamen
1524 2067 1844 2131 inveniatur,

254 2179 381 2232 quo
412 2162 624 2231 proprie
671 2173 1002 2227 unaquaeque
1032 2172 1257 2226 ρει-δοκε
1287 2164 1566 2210 noscatur:
1598 2155 1738 2224 quod
1770 2163 1850 2207 ta-

273 2269 397 2308 men
426 2267 524 2307 nec
554 2252 854 2306 inveniatur
883 2248 1318 2318 separabile,nec
1348 2247 1517 2316 possit
1543 2262 1672 2326 esse
1699 2261 1849 2299 com-

274 2359 453 2398 mune.
473 2341 615 2395 ‘Nam
644 2340 916 2410 proprium
945 2337 1119 2391 Patris
1170 2336 1394 2391 dicimus
1439 2351 1558 2390 esse
1583 2334 1728 2404 quod
1757 2350 1851 2404 ge-

273 2435 427 2498 nuit;
483 2432 756 2503 proprium
803 2428 1166 2484 dicimus-Filii
1216 2444 1373 2491 esse,
1425 2427 1566 2496 quod
1615 2427 1760 2482 solus
1789 2427 1855 2482 de

273 2523 390 2577 stilo
421 2521 578 2576 Patre
605 2529 759 2574 natus
787 2525 900 2584 est;
930 2518 1204 2588 proprium
1233 2517 1464 2588 Spiritus
1491 2517 1681 2580 sancti,
1712 2517 1853 2585 quod

269 2612 340 2666 de
391 2609 549 2664 Patre
593 2609 836 2680 Filioque
894 2608 1153 2677 procedit.
1203 2605 1260 2660 ln
1308 2607 1390 2660 his
1437 2622 1566 2660 vero
1621 2606 1853 2675 propriis

248 2688 417 2752 nulla
447 2707 530 2752 est
559 2707 760 2751 natura:
789 2697 1062 2766 separatio
1088 2738 1102 2762 ,
1154 2693 1246 2749 sed
1285 2694 1523 2764 quaedam
1553 2694 1854 2764 personalls

269 2792 500 2861 agnitio.

723 2879 855 2933 Item
883 2895 935 2931 tn
962 2877 1402 2948 consequentibus.

345 2967 464 3023 Non
507 2982 636 3038 ergo
680 2969 852 3038 potuit
888 2967 1154 3038 Spiritum.
1181 2976 1421 3020 sanctum
1451 2964 1700 3018 divinitas
1729 2963 1848 3017 Filii
1885 3011 1890 3016 .

1957 1798 2113 1851 datur
2137 1805 2166 1850 a
2188 1794 2369 1850 Patre.
2394 1797 2504 1867 Nec
2528 1797 2612 1851 illa
2641 1807 2828 1851 natura
2850 1840 2862 1861 ,
2903 1801 3040 1854 unde
3067 1800 3298 1868 Spiritus
3319 1812 3535 1857 sanctus

1959 1889 2118 1943 habet
2133 1889 2415 1955 originem,
2433 1889 2701 1958 potuitvel
2720 1899 3053 1958 exspectare,
3067 1892 3148 1945 vel
3167 1893 3408 1962 accipere
3432 1894 3535 1946 lar-
3610 1893 3617 1906 '

1955 1978 2192 2044 gitatem.
2220 1977 2452 2046 Spiritus
2475 1979 2564 2032 ille
2587 1987 2731 2033 totus
2759 1990 2840 2034 est
2874 1979 3061 2045 Patris,
3099 1990 3241 2036 totus
3269 1993 3352 2036 est
3381 1982 3529 2036 Filii:

1954 2069 2077 2134 quia
2110 2083 2245 2120 unus
2270 2069 2585 2122 naturaliter
2604 2069 2834 2138 S,.iritus
2860 2080 2940 2124 est
2968 2070 3138 2126 Patris
3166 2081 3220 2125 et
3250 2073 3534 2128 Filii.Pro-

1958 2155 2078 2210 inde
2106 2164 2249 2209 totus
2278 2157 2344 2211 de
2382 2157 2538 2210 Patre
2579 2160 2820 2226 procedit
2848 2169 2901 2213 et
2930 2161 3084 2226 Filio,
3120 2171 3261 2215 totus
3294 2163 3343 2216 in
3373 2162 3533 2217 Patre

1957 2254 2136 2299 manet
2160 2261 2222 2300 ac
2249 2246 2415 2300 Filio:
2440 2249 2562 2316 quia
2601 2251 2678 2303 sic
2709 2260 2887 2304 manet
2919 2260 2973 2304 ut
3005 2252 3276 2320 procedat,
3303 2253 3378 2307 sic
3405 2269 3533 2322 pro-

1958 2340 2100 2393 cedit
2140 2349 2197 2395 ut
2226 2353 2458 2395 maneat.
2496 2341 2644 2397 Unde
2675 2345 2981 2397 naturaliter
3026 2345 3164 2398 hanc
3204 2345 3366 2398 habet
3411 2360 3532 2400 cum

1960 2426 2116 2482 Patre
2145 2445 2206 2483 ac
2233 2429 2368 2482 Filio
2399 2431 2619 2484 unitatis
2647 2432 3052 2501 plenitudinem,
3104 2443 3156 2486 et
3187 2435 3531 2502 plenitudinis

1958 2522 2237 2586 unitatem,
2287 2531 2342 2575 ut
2371 2531 2515 2577 totus
2555 2537 2584 2575 a
2617 2522 2793 2588 Patre,
2839 2532 2982 2578 totus
3007 2526 3269 2579 habeatur
3296 2542 3324 2578 a
3372 2525 3528 2579 Filio.

1957 2611 2072 2664 Non
2119 2625 2247 2678 ergo
2278 2612 2485 2680 accepit
2533 2611 2790 2680 Spiritum
2842 2622 3084 2666 sanctum
3115 2613 3364 2667 divinitas
3389 2613 3528 2676 Filii,

1955 2720 2076 2758 eum
2097 2718 2201 2770 qua
2230 2703 2386 2757 unius
2408 2710 2489 2757 est
2518 2711 2717 2756 natum:
2738 2702 2970 2773 Spiritus
2997 2711 3231 2767 sanctus,
3264 2713 3318 2758 et
3345 2719 3408 2757 ex
3426 2720 3528 2773 qua

1957 2791 2117 2844 habet
2145 2790 2400 2858 quidquid
2425 2791 2611 2857 habet,
2641 2791 2748 2844 imo
2773 2791 2840 2844 de
2869 2805 2972 2858 qua
2997 2799 3080 2843 est
3110 2791 3214 2844 hoc
3249 2792 3390 2859 quod
3425 2801 3526 2859 est,

1956 2883 2079 2958 quia
2108 2880 2253 2949 quod
2287 2881 2599 2934 naturaliter
2628 2881 2808 2947 habet,
2841 2881 2943 2935 hoc
2969 2891 3068 2934 est.

1583 3167 2206 3253 ADMONITIO

1285 3329 1347 3368 ιη
1393 3328 1720 3369 sanuoxas
1776 3329 1936 3370 ocos
1973 3327 2082 3379 om
2130 3327 2522 3379 saquumva.

344 3436 509 3508 δεῇ,
529 3435 799 3490 Sermones
821 3436 971 3487 hosce
993 3433 1117 3486 duos
1141 3433 1382 3484 hactenus
1410 3433 1686 3496 inedilos,e
1708 3431 1850 3484 l'ati-
1878 3435 1924 3497 α
1955 3449 2061 3485 cem
2089 3449 2296 3502 operum
2320 3432 2429 3500 ejus
2455 3447 2725 3500 apponere.
2756 3429 2952 3483 florum
2977 3440 3145 3484 autem
3173 3433 3394 3501 priorem
3422 3450 3530 3492 vero

259 3545 403 3582 icano
417 3529 588 3582 codice
603 3545 633 3580 a
648 3529 752 3581 riro
769 3527 1054 3580 clarissimo
1071 3523 1207 3576 Luca
1224 3523 1268 3575 If
1278 3525 1490 3575 otstenio
1512 3524 1633 3576 olim
1655 3523 1852 3576 descri-

261 3630 410 3687 ptos,
437 3628 485 3671 et
511 3617 573 3670 ab
593 3619 994 3670 eminentissimo
1025 3616 1289 3669 cardinale
1303 3613 1583 3668 Barberino
1615 3616 1708 3667 huc
1738 3617 1856 3668 mis-

283 3723 384 3771 sos,
417 3708 534 3776 quia
556 3723 666 3758 cum
691 3709 886 3758 cwteris
919 3708 1084 3758 sancti
1126 3703 1388 3775 Fulgentii
1412 3704 1726 3756 sermonibus
1755 3723 1844 3758 suo

258 3797 456 3850 Ordine
475 3799 528 3850 in
549 3800 706 3849 lucem
738 3798 884 3849 edere
917 3809 1018 3849 non
1051 3797 1222 3861 licuit,
1255 3796 1414 3847 visum
1453 3804 1527 3847 est
1547 3793 1627 3845 hic
1650 3795 1716 3846 ad
1741 3796 1851 3848 cal-

1957 3523 2219 3593 Fulgentii
2268 3539 2377 3576 esse
2415 3525 2495 3575 vix
2538 3523 2861 3583 dubitamus;
2897 3526 3171 3593 posteriori
3207 3542 3320 3578 vero
3350 3539 3528 3580 auclo-

1955 3629 2062 3665 rem
2091 3614 2267 3675 alium,
2301 3621 2347 3664 et
2390 3613 2523 3665 hunc
2551 3612 2750 3681 quidem
2783 3613 3069 3682 probatum,
3099 3615 3214 3667 licet
3244 3617 3374 3686 forte
3400 3615 3531 3669 [παις

1955 3705 2124 3773 gentia
2154 3702 2487 3772 posteriorem
2508 3703 2870 3755 vindicandum
2894 3703 3222 3758 arbitramur.
3260 3705 3385 3768 Quis
3416 3723 3529 3760 vero

1955 3795 2019 3846 sit
2045 3793 2129 3845 ille
2159 3793 2401 3844 hactenus
2424 3809 2526 3844 non
2557 3794 2912 3862 comperimus.

1297 4023 1422 4134 S.
1508 4018 2504 4132 FULGENTII
2899 4048 2905 4054 '
3080 4062 3084 4067 ·
3161 4129 3165 4134 .

715 4216 962 4318 DUO
1045 4209 1730 4316 SERMONES
1812 4204 2493 4308 HACTENUS
2576 4206 3094 4310 INEDITI.

1775 4373 2042 4389 ~—

783 4438 1009 4492 SERMO
1049 4436 1320 4491 PRIMUS.

689 4529 749 4584 In
779 4531 1161 4583 circumcisione
1191 4527 1421 4580 Domini.

341 4625 390 4678 i.
432 4621 823 4678 lnearnationis
873 4620 1063 4673 divina:
1119 4617 1470 4688 mysterium,
1519 4623 1715 4669 nostrae
1756 4629 1843 4668 re-

1956 4438 2100 4493 runt,
2143 4438 2201 4484 ut
2229 4428 2542 4497 Unigenitus
2571 4429 2710 4484 Deus
2740 4431 2898 4484 homo
2929 4429 3040 4484 fieri
3095 4431 3424 4500 dignaretur,
3474 4446 3528 4494 ut
3574 4460 3576 4462 τ

1953 4522 2254 4578 Altissimus
2299 4522 2696 4581 humiliaretur,
2756 4531 2814 4574 ttt
2865 4522 3171 4577 indeficiens
3216 4525 3528 4590 angelorum

1949 4614 2105 4682 panis
2129 4612 2373 4666 femineis
2403 4612 2654 4665 uberibus
2686 4612 2994 4675 lactatetur,
3023 4622 3190 4668 utrex
3215 4617 3528 4673 smculorum
3559 4645 3562 4648 ~

270 4710 956 4778 conciliationisegregium
982 4714 1394 4769 sacramentum,
1421 4705 1488 4758 ob
1511 4704 1615 4758 hoc
1637 4719 1665 4756 a
1690 4703 1846 4756 nobis
1877 4739 1922 4796 υ
1951 4703 2288 4757 contumeliis
2316 4701 2638 4764 adiceretur,
2670 4710 2726 4755 ut
2752 4703 2859 4756 vita
2906 4712 3106 4756 aeterna
3138 4706 3272 4759 mori
3319 4707 3527 4771 patien-

265 4820 442 4859 annua
465 4803 797 4858 revolutione
819 4801 1116 4856 celebratur
1139 4807 1194 4852 et
1217 4799 1432 4864 colitur,
1458 4806 1516 4851 ut
1537 4799 1667 4851 tanti
1695 4813 1843 4850 rom-

267 4893 586 4946 tncmoratio
633 4890 874 4945 bcnelicii
915 4890 1040 4957 quid
1072 4888 1226 4942 nobis
1275 4886 1505 4956 indignis
1545 4887 1840 4955 impensum

263 4982 532 5044 ostendat,
557 4991 612 5034 et.
639 4981 763 5048 quid
811 4987 969 5032 tanta:
998 4978 1180 5046 gloria:
1221 4977 1511 5031 debeamus
1532 4976 1838 5029 admoneat.

264 5070 514 5134 Proinde,
547 5070 758 5136 fratres,
781 5078 982 5138 quanto
1023 5069 1189 5137 magis
1237 5068 1534 5122 audivimus
1557 5067 1839 5121 Dominum

259 5161 442 5217 Jesum
466 5161 732 5225 Christqu
752 5173 848 5230 pro
871 5158 1025 5213 nobis
1046 5158 1464 5213 misericorditer
1487 5158 1836 5220 humiliatum,

262 5259 415 5305 tanto
442 5251 610 5318 magis
635 5264 985 5318 agnoscamus
1008 5247 1345 5302 ineffabiliter
1369 5248 1678 5315 gloriosum.
1698 5245 1754 5299 lu
1778 5262 1844 5300 eo

261 5353 494 5410 namQue
515 5355 664 5393 suam
686 5340 826 5394 circa
852 5356 949 5394 nos
973 5339 1384 5408 iusuperahilem
1407 5339 1685 5392 caritatem
1705 5338 1846 5391 Deus

263 5431 578 5498 Unigenitus
605 5430 881 5484 evidenter
909 5431 1166 5492 ostendit,
1197 5429 1248 5483 in
1278 5444 1386 5498 quo
1427 5445 1525 5498 pro
1554 5429 1709 5484 nobis
1740 5429 1842 5483 hu-

261 5521 544 5576 militatem
570 5535 706 5573 vera:
747 5521 923 5575 carnis
969 5535 1216 5589 veraeque
1243 5521 1450 5584 mortis,
1481 5536 1588 5574 non
1621 5528 1842 5574 coactus

261 5611 610 5676 necessitate,
655 5609 748 5664 sed
794 5611 1034 5665 bonitate
1061 5611 1340 5667 miseratus
1368 5611 1670 5680 assumpsit.
1705 5609 1842 5676 Quid

261 5703 400 5755 enim
460 5701 586 5754 boni
649 5700 988 5768 feceramus,
1036 5701 1263 5768 fratres,
1318 5711 1376 5756 ut
1432 5711 1636 5755 tantum
1687 5701 1842 5755 nobis

261 5789 576 5847 beneﬁcium
603 5793 977 5861 pnustaretur?
1000 5791 1127 5860 Qua:
1150 5801 1328 5848 nostra
1358 5793 1496 5847 bona
1519 5789 1708 5846 merita
1732 5789 1862 5847 fue-

1949 4792 2154 4846 tissime
2180 4793 2532 4860 dignaretur?

2021 4885 2074 4938 2.
2106 4883 2336 4938 Attende
2381 4883 2560 4950 igitur,
2599 4898 2634 4936 o
2663 4882 2844 4947 homo,
2879 4892 3038 4938 tanta:
3079 4885 3418 4953 benignitatis
3447 4886 3527 4940 dt-

1951 4978 2279 5046 gnationem,
2325 4985 2382 5029 ut
2412 4976 2676 5030 actionem
2727 4977 3000 5045 persolvas
3028 4977 3302 5032 humiliter
3330 4980 3528 5046 gratia-

1949 5085 2087 5122 rum.
2114 5067 2262 5122 Scito
2292 5077 2468 5122 autem
2493 5076 2544 5122 te
2575 5085 2680 5123 non
2712 5069 3194 5137 honorificentiam,
3224 5069 3318 5124 sed
3339 5079 3534 5125 contu»

1951 5161 2165 5216 meliam
2208 5160 2398 5214 divina:
2425 5161 2609 5228 gratia:
2660 5160 2907 5227 reddere,
2936 5163 2981 5215 si
3028 5163 3256 5231 carperis
3298 5161 3364 5215 de
3393 5161 3527 5216 tanti

1948 5250 2194 5304 beneficii
2212 5249 2579 5318 magnitudine
2607 5250 2870 5305 dubitare.
2893 5249 3004 5306 lmo
3026 5252 3112 5305 illa
3127 5251 3307 5305 omnia
3331 5250 3528 5320 qumde
3573 5275 3578 5284 -

1947 5341 2247 5396 humilitate
2270 5350 2432 5408 atque
2443 5341 2772 5394 humanitate
2785 5340 2992 5395 Domini
3009 5341 3300 5395 Salvatoris
3316 5341 3524 5394 audivi-
3543 5365 3546 5368 η
3568 5355 3576 5361 ‘

1946 5447 2082 5493 mus,
2109 5445 2232 5485 vera
2263 5445 2382 5486 esse
2410 5431 2526 5484 sine
2554 5430 2730 5498 aliqua
2759 5431 3094 5485 luesitatione
3131 5429 3432 5484 credamus.
3460 5429 3526 5483 Et
3572 5441 3576 5445 '

1950 5521 2071 5575 ideo
2101 5521 2268 5589 magis
2289 5535 2508 5589 agamus
2535 5510 2754 5588 gratias,
2784 5519 2992 5583 fratres,
3022 5519 3112 5589 qui
3140 5536 3260 5574 cum
3290 5534 3526 5574 "1012,".-

1948 5627 2068 5666 mur
2095 5626 2327 5680 pmnam,
2358 5611 2696 5680 percepimus
2716 5612 2973 5677 gratiam:
3001 5625 3104 5679 qua
3126 5612 3295 5678 gratia
3325 5610 3523 5664 factum

1949 5712 2029 5754 est
2063 5711 2119 5754 ut
2167 5699 2292 5754 dum
2317 5699 2460 5768 juste
2501 5715 2647 5754 mors
2695 5698 2920 5753 debetur
2948 5699 3191 5768 perditis,
3221 5701 3329 5752 vita
3360 5699 3546 5766 gratis

1948 5790 2238 5847 donaretur
2267 5789 2514 5859 indignis.
2546 5789 2706 5860 665
2737 5786 3252 5858 Altissimi-namque
3280 5787 3524 5842 Salvato-
