4144 6354
541 323 648 378 835

1563 320 1618 375 s.
1660 298 2016 373 FULGENTll
2050 283 2350 372 classem
2389 313 2758 372 RUSPENSIS

3688 317 3798 371 836

541 436 614 489 ris
641 433 912 489 humilitas
958 448 1061 487 non
1112 432 1209 501 ipsi
1256 430 1471 499 aliquod
1503 429 1681 484 intulit
1709 429 2111 495 detrimentum,
2145 435 2190 490 Α
2217 443 2442 498 corpore
2490 427 2676 482 fecerit
2721 425 3024 488 celebrari?
3048 422 3157 479 Cur
3185 433 3364 480 autem
3390 439 3499 480 non
3532 425 3634 482 sibi
3655 425 3802 481 Deus

539 525 633 581 sed
681 525 1061 578 incrementum
1116 521 1268 575 nobis
1296 519 1818 586 contulit~magnum
1849 535 1862 581 ;
1897 532 1994 592 nec
2021 532 2114 569 cx-

539 613 714 669 celsos
734 611 944 680 dejecit,
961 609 1054 666 scd
1080 610 1315 678 dejectos
1347 608 1538 664 erexit.
1566 603 1636 662 Ut
1664 609 1807 662 enim
1837 607 1928 660 Dei
1954 606 2118 661 Filius

541 703 759 772 plenum
789 707 1102 770 operaretur
1131 698 1512 766 redemptionis
1566 706 1764 752 nostra:
1819 697 2112 764 negotium,

543 771 648 846 non
674 771 847 845 solum
871 789 1116 856 dignatus
1137 797 1222 842 est
1239 789 1402 841 totius
1421 788 1596 842 carnis
1616 795 1845 850 creator,
1868 786 1934 840 de
1954 801 2117 842 carne

540 882 771 950 Virginis
795 880 1088 936 secundant
1108 880 1388 933 veritatem
1414 879 1594 934 carnis
1615 878 1928 932 naturaliter
1948 876 2115 941 nasci,

542 981 598 1026 et
622 973 764 1026 Datis
792 972 965 1026 factor
984 972 1234 1035 hominis,
1261 972 1424 1024 homo
1452 985 1610 1024 verus
1630 985 1699 1024 ex
1723 969 1944 1024 homine
1969 969 2115 1034 ﬁeri;

541 1063 670 1132 quin
699 1063 861 1117 etiam
900 1063 1096 1132 pannis
1119 1063 1338 1128 involvi,
1370 1063 1430 1117 in
1454 1056 1828 1130 angustissiino
1855 1061 2120 1131 μηδεμία

541 1154 830 1218 collocari,
889 1163 1082 1208 octavo
1139 1154 1226 1207 die
1267 1154 1616 1218 circumcidi,
1648 1162 1704 1207 et
1746 1153 1811 1206 ad
1861 1154 2120 1222 templum

542 1258 697 1296 suum
746 1242 993 1297 humanis
1034 1244 1282 1297 manibus
1330 1243 1574 1311 bajulari.
1630 1241 1674 1296 0
1702 1243 2120 1298 clementissima

546 1333 640 1386 Dei
669 1332 993 1402 benignitas!
1021 1349 1054 1386 o
1083 1334 1292 1387 excelsa
1315 1334 1559 1392 altissimi
1582 1333 1674 1388 Dei
1702 1333 2004 1390 humilitas!
2027 1332 2122 1388 Ille

517 1437 573 1485 _a
621 1431 793 1476 matre
843 1424 1178 1477 nutriebatur
1231 1423 1558 1487 infantulus,
1607 1425 1697 1492 qui
1746 1432 1972 1478 matrem
2018 1424 2119 1487 sibi

543 1513 746 1566 creavit
811 1513 1119 1566 immensus.
1194 1513 1315 1582 ipse
1368 1529 1399 1567 a
1453 1515 1764 1583 parentibus
1829 1514 1895 1568 ad
1965 1497 2119 1568 suum

545 1603 801 1670 templum
877 1617 1011 1672 puer
1079 1604 1336 1672 parvulus
1402 1604 1752 1673 portabatur,
1831 1604 1922 1674 qui
1978 1603 2122 1659 Deus

545 1708 766 1762 magnus
795 1694 1065 1766 in‘eodem
1116 1701 1314 1764 templo
1348 1711 1378 1749 a
1407 1696 1608 1750 sanctis
1635 1679 1938 1750 hominibus
1951 1711 2122 1765 roga-

2221 527 2406 574 noster
2434 517 2704 588 prieterito
2734 526 2976 585 tempore
3004 515 3261 586 populum
3302 515 3610 570 Judaeorum
3643 517 3796 587 typi-

2219 624 2311 665 cas
2328 609 2573 678 jussissct
2595 609 2840 663 victimas
2854 608 3032 662 carnis
3053 607 3267 669 offerre,
3291 608 3505 676 quando
3525 609 3638 678 ipse
3651 607 3802 663 Deus

2217 701 2380 772 666
2419 700 2734 770 Unigenitus
2758 715 2822 753 ex
2853 698 3052 754 ,Ιυᾱωὶε
3081 699 3454 769 temporaliter
3493 709 3668 763 natus,
3702 714 3794 757 se-

2183 832 2191 837 .
2219 791 2392 860 ipsum
2421 805 2520 860 pro
2551 790 2748 845 nostris
2795 789 3032 858 peccatis
3054 789 3346 843 secundum
3368 804 3586 844 carnem
3609 791 3798 858 digna-

2219 887 2306 946 tus
2328 889 2409 937 est
2438 879 2740 934 immolari?
2769 878 3023 932 Attendat
3067 878 3227 946 igitur
3254 877 3577 933 Manichacus
3599 881 3802 932 utrius.

2219 987 2324 1042 que
2351 969 2680 1045 Testamenti
2710 968 3196 1022 manifestissimam
3225 975 3283 1022 et
3313 967 3796 1023 concordissimam

2221 1063 2532 1122 veritatem,
2563 1068 2618 1115 et
2672 1059 2962 1114 vanitatem
3007 1074 3303 1113 conversus
3349 1057 3568 1126 abjieiat
3620 1073 3796 1113 suam.

2226 1153 2412 1208 Videat
2434 1153 2487 1206 in
2514 1151 2697 1206 Veteri
2721 1149 3066 1205 Testamento
3095 1150 3542 1218 signiﬁcationem
3585 1150 3800 1206 futuro-

2221 1259 2362 1307 rum,
2385 1243 2446 1297 in’
2469 1241 2619 1296 Novo
2648 1241 3038 1311 praeteritorum
3064 1240 3450 1296 revelationem
3476 1259 3491 1307 ;
3521 1240 3796 1295 Christum

2221 1342 2403 1388 autem
2447 1333 2616 1388 Deum
2670 1332 2950 1386 amborum
2997 1329 3484 1397 Testamentorum,
3528 1331 3580 1384 in
3619 1329 3804 1385 Veteri

2183 1487 2189 1491 _
2223 1423 2566 1478 Testamento
2593 1421 2739 1490 quod
2765 1421 3099 1476 exhibiturus
3147 1419 3322 1479 fuerat
3365 1421 3800 1490 promittentem,

2229 1513 2280 1565 in
2311 1510 2463 1566 Novo
2487 1510 2838 1565 exhibentem
2883 1507 3024 1577 quod
3071 1507 3392 1576 promiserat
3426 1525 3438 1559 :
3465 1523 3565 1562 nec
3591 1509 3643 1562 in
3673 1524 3802 1578 pro-

2223 1603 2478 1656 missione
2506 1599 2848 1664 mendacem,
2871 1613 2972 1654 nec
2999 1597 3245 1653 fallacem
3275 1597 3328 1652 in
3345 1597 3636 1652 donatione
3661 1615 3676 1664 ;
3707 1597 3805 1652 sed

2223 1691 2420 1759 ubique
2445 1689 2665 1752 bonum,
2692 1687 2888 1755 ubique
2911 1684 3142 1755 justum,
3164 1686 3361 1755 ubique
3386 1695 3652 1747 sanctum,
3681 1687 3801 1740 ubi-

543 1781 716 1837 batur.
752 1782 817 1835 Et
845 1782 986 1838 idem
1025 1799 1123 1854 pro
1159 1800 1218 1839 se
1263 1783 1582 1840 sacriﬁcium
1626 1787 1875 1856 pmcepit
1916 1786 2115 1851 on‘en-i,
2153 1798 2196 1857 ιι
2223 1797 2327 1850 que
2352 1788 2645 1850 potentem,
2679 1778 2877 1846 ubique
2923 1777 3246 1832 clementem
3278 1776 3372 1832 :in
3409 1775 3591 1832 Veteri
3616 1776 3807 1832 Testa-

543 1876 635 1942 qui
656 1875 771 1928 sine
799 1885 1022 1944 peccato
1050 1891 1147 1946 pro
1163 1876 1359 1930 nostris
1382 1885 1599 1931 venerat
1630 1877 1992 1946 impietatibus
2019 1877 2120 1930 im-

545 1964 753 2018 molari.
788 1965 1076 2020 Considera
1109 1967 1285 2033 igitur,
1319 1967 1500 2032 homo,
1533 1968 1658 2036 quid
1686 1967 1884 2022 debeas
1907 1967 2121 2023 excelso

545 2061 705 2125 atque
735 2058 1016 2112 humiliato
1047 2075 1144 2128 pro
1169 2067 1252 2124 te;
1284 2059 1498 2114 excelso
1540 2059 1783 2114 Creatori
1814 2069 1923 2124 tuo,
1948 2059 2124 2114 humi-

542 2145 676 2200 liato
707 2146 1054 2217 Rcdemptori
1090 2159 1202 2203 tuo.
1710 2149 1721 2174 ⁸

616 2237 668 2290 5.
698 2237 1095 2302 Verumtamen,
1129 2238 1410 2303 carissimi,
1445 2238 1549 2293 hoc
1575 2242 1787 2308 'setnper
1812 2237 2127 2292 Christianae

547 2327 668 2382 fidei
699 2337 882 2383 tenere
911 2329 1192 2382 consuevit
1217 2329 1516 2395 integritas,
1542 2337 1598 2382 ut
1625 2329 1669 2382 si
1699 2328 1826 2398 quid
1854 2345 1883 2381 a
1913 2327 2125 2382 Christo

493 2452 495 2454 -
547 2419 837 2475 secundum
887 2421 1200 2476 canonicam
1248 2420 1706 2489 Evangelistarum
1757 2421 2123 2474 narrationem

548 2511 744 2564 factum
799 2511 1023 2580 legimus
1079 2512 1161 2565 vel
1216 2511 1864 2576 audivimus;histori‘am
1899 2511 2127 2580 primum

549 2615 728 2654 veram
750 2615 869 2655 esse
894 2600 1014 2655 sine
1029 2600 1366 2654 dubitatione
1391 2601 1698 2665 credamus,
1721 2599 1913 2654 deinde
1937 2601 1987 2654 in
2027 2601 2130 2655 his-

549 2693 718 2746 torica
766 2692 992 2748 veritate
1032 2693 1328 2761 spiritalem
1367 2707 1580 2762 quoque
1617 2693 2020 2760 intelligentiam
2048 2707 2133 2747 re—

549 2784 842 2853 quiramus.’
870 2783 1003 2839 Cum
1061 2785 1203 2839 enim
1257 2785 1450 2839 divina:
1497 2794 1675 2840 textus
1716 2786 1949 2839 historitc
1975 2800 2132 2839 verus

550 2889 668 2929 esse
695 2875 949 2938 creditur,
977 2873 1298 2949 Manichmus
1328 2863 1378 2928 in
1404 2890 1499 2928 sua
1531 2875 1819 2930 severitate
1848 2873 2128 2928 confundi-

553 2975 638 3018 tur
670 2983 682 3018 :
713 2966 802 3033 qui
832 2953 958 3018 dum
991 2965 1043 3018 in
1067 2964 1280 3018 Christo
1311 2964 1402 3018 Dei
1425 2964 1561 3019 Filio
1583 2965 1865 3019 veritatem
1887 2980 1994 3018 non
2024 2979 2137 3018 cre-

551 3047 630 3107 dit
674 3055 867 3118 carnis,
902 3053 1192 3123 Scripturis
1238 3055 1439 3108 sam-tis
1491 3063 1545 3108 et
1591 3055 1864 3120 veteribus
1899 3063 1953 3108 et
1983 3055 2134 3110 novis

2223 1879 2406 1924 mento
2431 1869 2607 1924 carnis
2627 1877 2786 1937 atque
2814 1867 3002 1922 animm
3023 1867 3456 1937 potentissimum
3476 1877 3806 1936 creatorem,

2193 1965 2196 1968 ’
2221 1959 2276 2014 in
2305 1957 2454 2014 Novo
2475 1957 2710 2026 ejusdem
2735 1957 2912 2012 carnis
2935 1964 3095 2024 atque
3115 1957 3305 2011 anima:
3324 1957 3810 2014 clementissimum.

2223 2055 2616 2117 susceptorem;
2649 2063 2713 2101 ac
2751 2047 2829 2102 sic
2867 2047 3040 2118 primo
3069 2047 3246 2101 carnis
3293 2048 3592 2119 animaeque
3620 2050 3807 2104 salva-

2225 2151 2418 2196 torem.
2461 2140 2583 2195 Htcc
2627 2139 2948 2194 Manichaaus
2988 2140 3188 2202 audiat,
3213 2139 3475 2205 conferat,
3514 2152 3796 2209 agnoscat,

2227 2240 2281 2286 et
2307 2232 2512 2296 credat,
2533 2231 2865 2300 credensque
2919 2229 2985 2284 ad
3036 2231 3330 2286 Ecclesiam
3372 2231 3699 2286 catholicam
3729 2246 3808 2286 re-

2227 2323 2370 2388 deat,
2400 2323 2454 2376 in
2482 2337 2586 2390 qua
2609 2320 2927 2376 beneﬁcium
2954 2335 3093 2376 verae
3121 2321 3311 2376 salutis
3334 2321 3592 2376 inveniat.

2297 2412 2351 2465 5.
2386 2412 2488 2467 Per
2512 2413 2624 2466 haec
2649 2420 2828 2466 autem
2857 2426 2975 2480 qua:
3017 2410 3276 2467 Dominus
3304 2411 3470 2480 gessit
3498 2411 3551 2465 in
3575 2427 3811 2482 corpore

2227 2502 2570 2568 constitutus,
2601 2517 2710 2556 non
2739 2501 2913 2555 solum
2943 2499 3220 2570 utriusque
3249 2499 3591 2555 Testamenti
3615 2500 3806 2568 digna-

2231 2601 2316 2646 tus
2340 2599 2424 2647 est
2447 2591 2790 2646 concordiam
2817 2591 3210 2658 demonstrare,
3229 2605 3414 2646 verum
3447 2592 3610 2646 etiam
3653 2591 3812 2647 Chri-

2233 2677 2498 2738 tianorum
2547 2698 2726 2738 mores
2781 2683 3073 2738 informare
3135 2684 3428 2739 salubriter
3470 2683 3644 2739 voluit
3701 2702 3715 2737 :
3759 2693 3817 2738 ut

2233 2773 2376 2843 quod
2415 2773 2468 2827 in
2498 2773 2590 2828 illo
2619 2788 2716 2843 pro
2745 2773 2920 2827 salute
2950 2781 3131 2828 nostra
3159 2783 3370 2842 gestum
3399 2788 3516 2828 esse
3550 2789 3818 2843 corpora-
3869 2797 3884 2802 -

2236 2865 2357 2920 liter
2401 2865 2700 2930 intuemur,
2743 2864 3015 2920 imitemur
3062 2881 3161 2919 nos
3207 2880 3423 2935 quoque
3473 2865 3817 2934 spiritaliter.

2222 2952 2358 3007 ~ldco
2406 2968 2634 3024 namque
2681 2953 2934 3022 parvulus
2963 2954 3015 3007 in
3047 2960 3193 3008 terra
3225 2961 3380 3009 natus
3410 2966 3496 3008 est
3543 2953 3818 3018 Christus,

2238 3051 2296 3095 ιιι
2341 3043 2695 3098 humilitatem
2745 3043 2977 3100 disceret
3023 3042 3379 3100 Christianus.
3417 3046 3498 3100 0b
3529 3047 3632 3101 hoc
3653 3047 3822 3101 etiam

552 3142 753 3195 crimen
777 3142 961 3196 nititur
983 3142 1258 3210 imponere
1289 3141 1932 3199 fat.,itatis.Nam.Veteris
1952 3144 2134 3197 Tcstu-
2164 3162 2202 3220 ε
2236 3136 2747 3206 parentibuscarnis
2789 3152 2898 3191 sua:
2923 3137 3165 3192 subditus
3193 3146 3330 3197 erat.
3363 3147 3421 3190 ut
3453 3136 3824 3192 honoriﬁcen-

553 3231 719 3285 menti
760 3231 1002 3286 deificum
1047 3233 1210 3286 miser
1233 3242 1545 3286 exsecratur
1571 3234 1868 3300 historiam,
1899 3235 1952 3289 in
1981 3234 2132 3290 Novo

553 3319 901 3385 Testamento
953 3324 1066 3393 ipse
1111 3323 1212 3378 sibi
1268 3323 1501 3391 denegat
1558 3309 1740 3394 utique
1789 3325 2130 3380 ntedicinam.

554 3409 668 3465 Non
692 3411 807 3465 vult
833 3412 974 3466 enim
999 3412 1284 3466 lutmanam
1316 3413 1536 3467 credere
1557 3428 1777 3468 carnem
1799 3429 1830 3467 a
1852 3413 1963 3469 Deo
1994 3415 2136 3484 plas-

555 3509 774 3569 matam,
802 3517 975 3572 neque
1003 3503 1463 3558 circumcisionem
1519 3505 1695 3558 carnis
1743 3504 2055 3574 imperatam
2104 3522 2133 3559 a

555 3591 666 3647 Deo
704 3592 901 3647 nostris
929 3593 1131 3647 sanctis
1158 3593 1400 3662 patribus
1423 3631 1436 3654 ,
1482 3607 1582 3647 nec
1614 3593 1885 3647 victimam
1915 3593 1983 3647 de
2012 3609 2134 3647 car-

556 3683 712 3739 nibus
737 3684 1043 3738 animalium
1076 3685 1184 3738 Deo
1211 3684 1331 3738 vivo
1361 3693 1416 3738 et
1437 3699 1565 3737 vero
1593 3684 1781 3754 priscis
1807 3685 2138 3753 temporibus

557 3775 903 3838 intmolatam,
928 3790 1028 3830 nec
1055 3775 1335 3829 sabbatum
1365 3789 1429 3828 ex
1456 3775 1548 3830 Dei
1572 3783 1843 3844 praicepto
1865 3790 1927 3829 ac
1949 3775 2137 3830 volun-

554 3872 676 3917 tate»
712 3871 1003 3926 servatum,
1037 3877 1138 3917 nec
1194 3861 1517 3917 fabricatum
1576 3862 1803 3917 Domino
1857 3864 2134 3933 templum,

552 3952 774 4020 iubente
802 3952 930 4006 Deo.
957 3949 1138 4020 Itaque
1167 3951 1291 4006 dum
1321 3952 1375 4005 in
1425 3953 1717 4022 Scripturis
1768 3954 1983 4018 sanctis,
2028 3969 2135 4008 non

553 4041 814 4095 discernit
860 4052 1160 4110 temporum
1214 4043 1555 4110 qualitatem,
1586 4044 1792 4112 spernit
1818 4033 1874 4098 et
1911 4037 2138 4114 despicit

552 4129 957 4184 saluberrimam
975 4131 1254 4185 veritatem
1272 4131 1552 4186 dominicae
1575 4133 1974 4198 incarnationis.
1989 4133 2135 4201 Qua-

558 4227 780 4288 propter
827 4229 884 4272 ut
930 4218 1253 4275 Manichteus
1280 4221 1683 4277 evidentissima
1718 4224 1926 4302 ratiqne
1951 4225 2136 4279 vinca—

559 4315 647 4361 tur
710 4316 764 4362 et
829 4318 1208 4377 convertatur,
1263 4312 1464 4366 utinam
1518 4315 1687 4367 victus
1744 4329 1811 4368 ex
1874 4314 2132 4370 hodierna

555 4399 866 4467 evangelica
913 4399 1164 4464 lectione,
1206 4403 1485 4457 veritatem
1542 4402 1868 4458 Testamenti
1923 4403 2133 4462 Veteris

2215 3233 2369 3285 .tiam
2398 3243 2610 3300 semper
2637 3228 2776 3298 patri
2805 3237 2860 3282 et
2889 3228 3046 3282 matri
3074 3228 3253 3282 omnis
3301 3227 3640 3283 Christianus
3667 3229 3820 3281 exhi-

2238 3324 2379 3378 beat.
2412 3321 2536 3376 l-leo
2573 3328 2750 3374 autem
2797 3320 3041 3375 Christus
3075 3321 3267 3374 vilibus
3310 3320 3502 3390 pannis
3548 3320 3824 3374 involutus

2236 3423 2337 3480 est,
2370 3422 2429 3468 ut
2456 3412 2791 3468 Christianus
2832 3427 2939 3467 non
2969 3411 3331 3466 delectaretur
3353 3410 3583 3475 vestibus
3613 3410 3826 3478 pretio-

2237 3505 2331 3559 sis.
2359 3502 2648 3572 Propterea
2683 3517 2814 3556 vero
2856 3500 3098 3556 Christus
3145 3501 3197 3554 in
3249 3509 3392 3554 terra
3421 3515 3618 3570 pauper
3647 3499 3828 3554 voluit

2238 3609 2517 3664 apparere,
2543 3601 2600 3646 ut
2628 3592 2820 3646 divites
2842 3591 3134 3645 Christiani
3165 3591 3440 3645 discerent
3463 3600 3714 3644 terrenas
3743 3589 3829 3645 di-

2241 3687 2400 3741 vitias
2425 3702 2533 3740 non
2557 3699 2740 3738 amare
2765 3701 2779 3748 ;
2810 3683 2902 3738 sed
2925 3683 3320 3752 eleemosynam
3345 3681 3670 3752 pauperibus
3699 3695 3830 3735 ero-

2238 3777 2431 3846 gando,
2465 3783 2687 3846 possent
2709 3789 2833 3830 suas
2855 3773 3068 3827 divitias
3097 3773 3149 3826 in
3181 3772 3319 3828 celo
3340 3786 3577 3826 servare.
3608 3768 3689 3824 0b
3717 3771 3829 3824 hoc

2242 3867 2341 3922 fuit
2362 3868 2414 3921 in
2447 3873 2676 3934 angusto
2706 3865 2967 3934 praesepio
2997 3864 3204 3932 positus
3224 3861 3487 3920 Christus.
3520 3863 3610 3932 qui
3643 3861 3818 3915 totius

2237 3960 2290 4014 in
2322 3959 2603 4013 latitudine
2627 3973 2733 4011 non
2763 3953 2944 4008 finitur
2972 3955 3165 4008 mentis
3191 3969 3301 4008 suae
3331 3973 3345 4007 :
3377 3962 3436 4008 ut
3465 3955 3518 4008 in
3540 3968 3668 4006 eum
3699 3967 3828 4006 cre-

2236 4050 2426 4104 dentes
2453 4049 2692 4118 spiritale
2725 4046 2984 4100 haberent
3011 4045 3282 4114 pabulum,
3309 4054 3364 4100 et
3388 4043 3678 4100 Christiani
3710 4044 3830 4098 dis-

2237 4147 2428 4194 cerent
2466 4147 2572 4193 non
2603 4138 2809 4192 inhiare
2838 4135 3083 4190 domibus
3112 4144 3203 4189 aut
3226 4135 3656 4207 possessionibus
3686 4135 3823 4187 alIo~

2239 4245 2375 4283 rum.
2398 4227 2492 4282 Cui
2524 4228 2667 4282 enim
2717 4227 3025 4282 Christiano
3051 4226 3444 4299 quantumlibet
3461 4225 3586 4280 vilis
3605 4225 3830 4290 domus,

2237 4323 2323 4376 vel
2345 4321 2668 4392 possibilitas
2687 4321 2904 4391 propria
2933 4335 3040 4375 non
3069 4319 3319 4392 sufliciat,
3349 4318 3567 4389 quando
3595 4319 3823 4372 Christo

2241 4413 2333 4466 Dei
2348 4389 2492 4465 'Filio
2515 4389 2708 4464 modici
2739 4389 2980 4480 praesepii
3010 4408 3219 4464 sulfecit
3247 4389 3533 4477 atigustia!
3604 4469 3610 4472 _

553 4492 929 4559 defendamus,
957 4501 1015 4547 ut
1042 4509 1107 4548 ex
1142 4495 1246 4549 hoc
1277 4495 1485 4550 Veteris
1526 4504 1579 4551 et
1616 4495 1748 4550 Novi
1779 4495 1944 4550 Deum
1972 4512 2134 4551 unum
2163 4539 2210 4594 α
2311 4506 2363 4557 6.
2398 4503 2498 4557 Per
2537 4501 2996 4557 circumcisionem
3041 4515 3172 4556 vero
3217 4515 3375 4569 quam
3422 4500 3516 4554 Dei
3563 4499 3607 4554 Ρ
3613 4500 3740 4555 ilius
3779 4502 3836 4554 in

557 4583 995 4639 manifestissime
1015 4586 1426 4654 comprobemus
1445 4586 1458 4638 ε

632 4673 684 4728 4.
718 4671 874 4729 Ecce‘
908 4685 1098 4731 sancto
1148 4676 1437 4745 Evangelia
1490 4687 1739 4734 narrante
1789 4680 2138 4748 cognovimus

552 4762 826 4844 Christum
877 4764 971 4820 Dei
1024 4765 1214 4821 Filium
1269 4769 1534 4823 veraciter
1582 4769 1972 4835 circumcisum,
2034 4786 2134 4839 pro

550 4855 766 4909 Christo
796 4856 891 4910 Dei
915 4855 1052 4912 Filio
1080 4857 1400 4914 sacriﬁcium
1434 4859 1500 4914 de
1529 4861 1800 4928 carnibus,
1831 4860 2129 4936 secundum

505 4977 508 4980 ~
551 4961 756 5001 morem
783 4955 909 5002 tunc
935 4948 1128 5003 divinas
1157 4950 1505 5005 institutionis
1559 4951 1796 5005 oblatum
1828 4971 1842 5004 :
1871 4953 1984 5006 sive
2032 4967 2127 5007 au—

552 5043 659 5087 tem
681 5035 1018 5091 circumcisio
1047 5038 1243 5104 carnis,
1287 5039 1399 5092 sive
1421 5040 1715 5094 carnalium
1745 5038 2130 5096 sacriﬁciorum

550 5125 734 5193 regula
781 5127 834 5180 in
873 5125 1054 5182 Veteri
1105 5121 1454 5185 Testamento
1495 5132 1838 5200 cognoscitur
1867 5133 2130 5188 instituta.

548 5212 657 5268 Cur
679 5215 858 5283 igitur,
879 5215 1236 5282 dilectissimi,
1261 5235 1367 5274 non
1383 5220 1617 5276 credatis
1635 5221 1930 5290 iustissime
1960 5223 2011 5278 in
2032 5223 2140 5278 Ve-

549 5305 654 5360 teri
675 5304 1048 5373 Testamento,
1073 5309 1326 5378 quoniam
1354 5311 1445 5365 Dei
1475 5313 1722 5367 manibus
1743 5314 2036 5383 plasmatus
2060 5322 2144 5368 est

549 5394 712 5449 homo
730 5433 746 5458 ,
774 5397 994 5466 quando
1024 5398 1078 5452 in
1105 5397 1254 5453 Novo
1283 5399 1650 5470 Testamento,
1677 5411 1735 5456 ut
1773 5419 1879 5458 non
1909 5393 2169 5458 in':eter-~

549 5499 676 5538 num
704 5487 903 5554 periret
933 5489 1129 5553 homo,
1161 5490 1278 5560 ipse
1306 5488 1628 5559 Unigenitu‘s
1658 5493 1796 5549 Deus
1843 5509 1942 5564 pro
1985 5495 2141 5549 nobis

550 5571 720 5630 factus
745 5587 826 5633 est
846 5593 1009 5634 verus
1039 5581 1246 5636 homo?
1274 5580 1384 5636 Cur
1407 5596 1518 5637 non
1539 5583 1788 5638 credatur
1808 5583 1950 5639 Deus
1975 5584 2135 5639 etiam

550 5669 1014 5730 circumcisionem
1045 5677 1128 5732 'ad
1175 5677 1376 5747 aliquid
1429 5667 1840 5746 significandum
1896 5691 2136 5746 congruo

552 5771 797 5840 tempore
827 5767 1052 5841 jussisse
1101 5768 1248 5838 ﬁeri,
1280 5785 1404 5824 cum
1447 5785 1572 5824 eam
1623 5769 1717 5824 Dei
1748 5767 1912 5825 Filius
1953 5770 2005 5824 in
2034 5784 2134 5824 suo

2236 4591 2400 4648 carne
2447 4593 2702 4662 suscepit,
2728 4592 2896 4646 nostri
2923 4590 3100 4646 cordis
3131 4591 3598 4645 c'rcumcisionem
3625 4591 3677 4645 in
3711 4593 3830 4662 spi-

2240 4685 2345 4737 ritu
2399 4682 2848 4753 prtcmonstravit.
2901 4681 3073 4747 Quam
3138 4681 3602 4735 circumcisionem
3658 4681 3827 4734 n'bis

2233 4789 2411 4828 sermo
2459 4773 2643 4841 legalis
2694 4771 2896 4834 indicit,
2932 4770 3146 4825 dicente
3183 4769 3403 4841 Moyse:
3437 4771 3821 4825 Circumn’dite
3877 4819 3882 4825 .

2232 4865 2534 4935 prazputium
2562 4861 2733 4915 cordis
2771 4861 2945 4927 vestri,
2973 4869 3021 4912 et
3049 4860 3474 4913 rircumci‘dimini
3514 4859 3623 4913 Deo
3658 4878 3688 4914 υ
3707 4871 3840 4916 'stro

2235 4951 2417 5024 (Deut.
2436 4969 2491 5017 κ,
2515 4951 2627 5022 16).
2651 4951 2748 5005 Cui
2771 4958 3038 5021 pmcepto
3058 4949 3355 5006 concordat
3377 4950 3570 5005 beatus
3594 4953 3842 5022 Aposto.

2239 5044 2342 5108 lus,
2365 5042 2546 5097 dicens
2577 5059 2590 5093 :
2621 5039 2744 5094 Non
2767 5042 2905 5095 enim
2939 5041 3023 5110 qui
3071 5042 3125 5098 in
3171 5042 3456 5110 manifesto
3482 5052 3560 5094 est
3581 5041 3842 5110 Iuda-us,

2243 5149 2402 5203 neque
2418 5147 2533 5203 qua:
2561 5133 2614 5185 in
2641 5133 2916 5203 manifesto
2955 5133 3011 5184 in
3058 5147 3214 5183 carne
3242 5132 3598 5196 circumcisio;
3629 5133 3726 5186 sed
3747 5137 3846 5203 qui

2243 5223 2298 5274 in
2319 5219 2620 5274 abscondito
2652 5228 2726 5272 est
2758 5219 2972 5274 luditur
3004 5229 3052 5272 et
3081 5220 3403 5273 circumcisio
3432 5220 3603 5274 cordis
3630 5222 3686 5274 in
3718 5226 3844 5293 spi-

2216 5331 2222 5336 '
2249 5313 2370 5375 ritu,
2401 5327 2503 5364 non
2529 5309 2735 5374 littera;
2764 5312 2910 5379 cujus
2939 5310 3052 5362 tam
3082 5325 3186 5362 non
3207 5326 3273 5362 ea:
3299 5310 3610 5374 hominibus,
3643 5313 3744 5366 sed
3771 5331 3848 5368 ex

2253 5399 2358 5454 Deo
2387 5408 2462 5453 est
2495 5397 2669 5468 (Rom.
2716 5415 2772 5462 ιι,
2813 5397 2901 5460 28,
2934 5396 3047 5466 29).
3083 5395 3314 5452 Proinde
3356 5393 3846 5458 circumcisionem

2248 5491 2302 5545 in
2352 5503 2580 5558 corpore
2631 5487 2818 5541 habuit
2845 5485 3111 5554 Christus,
3140 5496 3200 5541 ut
3229 5489 3542 5557 spiritaliter
3575 5491 3630 5545 in
3660 5494 3842 5548 corde

2247 5573 2442 5635 habeat
2462 5579 2816 5633 Christianus.
2848 5575 2930 5632 οι,
2957 5579 3061 5633 hoc
3085 5593 3314 5648 namque
3337 5579 3445 5642 ille,
3476 5581 3570 5649 qui
3619 5583 3843 5640 nullum

2244 5670 2444 5725 habere
2494 5668 2671 5738 potuit
2708 5667 2927 5722 omnino
2974 5676 3276 5736 peccatum,
3317 5667 3565 5740 deposuit
3610 5687 3844 5744 prchu-

2243 5764 2374 5817 tium
2399 5761 2573 5817 carnis
2596 5801 2609 5827 ,
2658 5768 2717 5813 ut
2763 5775 2860 5815 nos
2887 5758 3196 5828 abjiciamus
3224 5759 3488 5818 desideria
3518 5765 3838 5834 pravitatis.
