  <div class='ocr_page' id='page_1' title='image "/cluster/home/n/w/nwhite01/storage/ocr_20150623/65/hvd.32044054128558/424.png"; bbox 0 0 4144 6354; ppageno 0'>
   <div class='ocr_carea' id='block_1_1' title="bbox 273 348 373 408">
    <p class='ocr_par' dir='ltr' id='par_1_1' title="bbox 273 348 373 408">
     <span class='ocr_line' id='line_1_1' title="bbox 273 348 373 408; baseline -0.04 1"><span class='ocrx_word' id='word_1_1' title='bbox 273 348 373 408; x_wconf 66' lang='grc' dir='ltr'><strong>ιω</strong></span> 
     </span>
    </p>
   </div>
   <div class='ocr_carea' id='block_1_2' title="bbox 1523 314 2423 397">
    <p class='ocr_par' dir='ltr' id='par_1_2' title="bbox 1523 314 2423 397">
     <span class='ocr_line' id='line_1_2' title="bbox 1523 314 2423 397; baseline -0.001 0"><span class='ocrx_word' id='word_1_2' title='bbox 1523 337 1882 397; x_wconf 61' lang='grc' dir='ltr'><strong>εειυιοκεε</strong></span> <span class='ocrx_word' id='word_1_3' title='bbox 1919 334 2058 395; x_wconf 78' lang='lat' dir='ltr'><strong>nuo</strong></span> <span class='ocrx_word' id='word_1_4' title='bbox 2086 337 2355 396; x_wconf 77' lang='lat' dir='ltr'><strong>tNEDITt.</strong></span> <span class='ocrx_word' id='word_1_5' title='bbox 2414 314 2423 325; x_wconf 85' lang='grc'><em>’</em></span> 
     </span>
    </p>
   </div>
   <div class='ocr_carea' id='block_1_3' title="bbox 3429 342 3530 400">
    <p class='ocr_par' dir='ltr' id='par_1_3' title="bbox 3429 342 3530 400">
     <span class='ocr_line' id='line_1_3' title="bbox 3429 342 3530 400; baseline -0.04 0"><span class='ocrx_word' id='word_1_6' title='bbox 3429 342 3530 400; x_wconf 79' lang='lat'><strong>838</strong></span> 
     </span>
    </p>
   </div>
   <div class='ocr_carea' id='block_1_4' title="bbox 271 453 3534 527">
    <p class='ocr_par' dir='ltr' id='par_1_4' title="bbox 271 453 3534 527">
     <span class='ocr_line' id='line_1_4' title="bbox 271 453 3534 527; baseline -0.001 -11"><span class='ocrx_word' id='word_1_7' title='bbox 271 460 512 518; x_wconf 83' lang='lat' dir='ltr'><strong>Christus</strong></span> <span class='ocrx_word' id='word_1_8' title='bbox 541 457 703 527; x_wconf 84' lang='lat' dir='ltr'><strong>igitur</strong></span> <span class='ocrx_word' id='word_1_9' title='bbox 731 455 979 510; x_wconf 89' lang='lat' dir='ltr'><strong>manibus</strong></span> <span class='ocrx_word' id='word_1_10' title='bbox 1005 462 1090 510; x_wconf 86' lang='lat' dir='ltr'><strong>est</strong></span> <span class='ocrx_word' id='word_1_11' title='bbox 1115 461 1360 524; x_wconf 85' lang='lat' dir='ltr'><strong>portatus</strong></span> <span class='ocrx_word' id='word_1_12' title='bbox 1382 454 1446 506; x_wconf 86' lang='lat' dir='ltr'><strong>ad</strong></span> <span class='ocrx_word' id='word_1_13' title='bbox 1480 454 1760 520; x_wconf 81' lang='lat' dir='ltr'><strong>templum,</strong></span> <span class='ocrx_word' id='word_1_14' title='bbox 1793 459 1852 506; x_wconf 85' lang='grc' dir='ltr'><strong>ιιι</strong></span> <span class='ocrx_word' id='word_1_15' title='bbox 1884 464 1928 519; x_wconf 67' lang='grc' dir='ltr'><strong>Α</strong></span> <span class='ocrx_word' id='word_1_16' title='bbox 1957 454 2024 507; x_wconf 84' lang='lat' dir='ltr'><strong>de</strong></span> <span class='ocrx_word' id='word_1_17' title='bbox 2049 454 2299 521; x_wconf 74' lang='lat' dir='ltr'><strong>gignente</strong></span> <span class='ocrx_word' id='word_1_18' title='bbox 2323 496 2337 522; x_wconf 93' lang='lat'><strong>,</strong></span> <span class='ocrx_word' id='word_1_19' title='bbox 2391 454 2621 523; x_wconf 79' lang='lat' dir='ltr'><strong>Spiritus</strong></span> <span class='ocrx_word' id='word_1_20' title='bbox 2659 461 2873 509; x_wconf 87' lang='lat' dir='ltr'><strong>sanctus</strong></span> <span class='ocrx_word' id='word_1_21' title='bbox 2917 454 3159 524; x_wconf 73' lang='lat' dir='ltr'><strong>procedit</strong></span> <span class='ocrx_word' id='word_1_22' title='bbox 3204 453 3271 510; x_wconf 84' lang='lat' dir='ltr'><strong>do</strong></span> <span class='ocrx_word' id='word_1_23' title='bbox 3317 470 3534 525; x_wconf 82' lang='lat' dir='ltr'><strong>penna-</strong></span> 
     </span>
    </p>
   </div>
   <div class='ocr_carea' id='block_1_5' title="bbox 273 541 1844 613">
    <p class='ocr_par' dir='ltr' id='par_1_5' title="bbox 273 541 1844 613">
     <span class='ocr_line' id='line_1_5' title="bbox 273 541 1844 613; baseline -0.006 -9"><span class='ocrx_word' id='word_1_24' title='bbox 273 547 602 604; x_wconf 86' lang='lat' dir='ltr'><strong>Christianus</strong></span> <span class='ocrx_word' id='word_1_25' title='bbox 648 544 806 600; x_wconf 81' lang='lat' dir='ltr'><strong>bonis</strong></span> <span class='ocrx_word' id='word_1_26' title='bbox 852 543 1106 613; x_wconf 74' lang='lat' dir='ltr'><strong>operibus</strong></span> <span class='ocrx_word' id='word_1_27' title='bbox 1155 541 1488 598; x_wconf 80' lang='lat' dir='ltr'><strong>conscendat</strong></span> <span class='ocrx_word' id='word_1_28' title='bbox 1529 543 1582 595; x_wconf 91' lang='lat' dir='ltr'><strong>in</strong></span> <span class='ocrx_word' id='word_1_29' title='bbox 1626 542 1844 595; x_wconf 63' lang='lat' dir='ltr'><strong>malum.</strong></span> 
     </span>
    </p>
   </div>
   <div class='ocr_carea' id='block_1_6' title="bbox 273 629 1861 705">
    <p class='ocr_par' dir='ltr' id='par_1_6' title="bbox 273 629 1861 705">
     <span class='ocr_line' id='line_1_6' title="bbox 273 629 1861 705; baseline -0.008 -11"><span class='ocrx_word' id='word_1_30' title='bbox 273 636 604 694; x_wconf 90' lang='lat' dir='ltr'><strong>Sacriﬁcium</strong></span> <span class='ocrx_word' id='word_1_31' title='bbox 631 649 729 705; x_wconf 86' lang='lat' dir='ltr'><strong>pro</strong></span> <span class='ocrx_word' id='word_1_32' title='bbox 748 649 808 689; x_wconf 90' lang='lat' dir='ltr'><strong>se</strong></span> <span class='ocrx_word' id='word_1_33' title='bbox 829 631 1009 688; x_wconf 83' lang='lat' dir='ltr'><strong>oﬁ&#39;erri</strong></span> <span class='ocrx_word' id='word_1_34' title='bbox 1037 632 1206 686; x_wconf 82' lang='lat' dir='ltr'><strong>voluit</strong></span> <span class='ocrx_word' id='word_1_35' title='bbox 1225 632 1492 697; x_wconf 84' lang='lat' dir='ltr'><strong>Christus,</strong></span> <span class='ocrx_word' id='word_1_36' title='bbox 1515 637 1572 684; x_wconf 92' lang='lat' dir='ltr'><strong>ut</strong></span> <span class='ocrx_word' id='word_1_37' title='bbox 1599 629 1666 684; x_wconf 91' lang='lat' dir='ltr'><strong>ad</strong></span> <span class='ocrx_word' id='word_1_38' title='bbox 1689 630 1861 683; x_wconf 89' lang='lat' dir='ltr'><strong>altare</strong></span> 
     </span>
    </p>
   </div>
   <div class='ocr_carea' id='block_1_7' title="bbox 277 719 1864 782">
    <p class='ocr_par' dir='ltr' id='par_1_7' title="bbox 277 719 1864 782">
     <span class='ocr_line' id='line_1_7' title="bbox 277 719 1864 782; baseline -0.005 -1"><span class='ocrx_word' id='word_1_39' title='bbox 277 726 487 782; x_wconf 87' lang='lat' dir='ltr'><strong>Domini</strong></span> <span class='ocrx_word' id='word_1_40' title='bbox 511 721 794 780; x_wconf 80' lang='lat' dir='ltr'><strong>seoﬁ‘erat</strong></span> <span class='ocrx_word' id='word_1_41' title='bbox 839 721 1196 777; x_wconf 87' lang='lat' dir='ltr'><strong>Christianus.</strong></span> <span class='ocrx_word' id='word_1_42' title='bbox 1221 719 1454 775; x_wconf 81' lang='lat' dir='ltr'><strong>Maxime</strong></span> <span class='ocrx_word' id='word_1_43' title='bbox 1501 728 1681 773; x_wconf 88' lang='lat' dir='ltr'><strong>autem</strong></span> <span class='ocrx_word' id='word_1_44' title='bbox 1725 720 1864 774; x_wconf 84' lang='lat' dir='ltr'><strong>bene</strong></span> 
     </span>
    </p>
   </div>
   <div class='ocr_carea' id='block_1_8' title="bbox 279 811 1864 885">
    <p class='ocr_par' dir='ltr' id='par_1_8' title="bbox 279 811 1864 885">
     <span class='ocr_line' id='line_1_8' title="bbox 279 811 1864 885; baseline -0.004 -14"><span class='ocrx_word' id='word_1_45' title='bbox 279 817 506 872; x_wconf 84' lang='lat' dir='ltr'><strong>vivendo</strong></span> <span class='ocrx_word' id='word_1_46' title='bbox 534 815 778 885; x_wconf 85' lang='lat' dir='ltr'><strong>seipsum</strong></span> <span class='ocrx_word' id='word_1_47' title='bbox 816 813 1014 869; x_wconf 77' lang='lat' dir='ltr'><strong>offerre</strong></span> <span class='ocrx_word' id='word_1_48' title='bbox 1055 812 1291 868; x_wconf 81' lang='lat' dir='ltr'><strong>festinet.</strong></span> <span class='ocrx_word' id='word_1_49' title='bbox 1322 812 1378 867; x_wconf 90' lang='lat' dir='ltr'><strong>Si</strong></span> <span class='ocrx_word' id='word_1_50' title='bbox 1411 827 1537 867; x_wconf 89' lang='lat' dir='ltr'><strong>vero</strong></span> <span class='ocrx_word' id='word_1_51' title='bbox 1563 811 1864 866; x_wconf 77' lang='lat' dir='ltr'><strong>delectatur</strong></span> 
     </span>
    </p>
   </div>
   <div class='ocr_carea' id='block_1_9' title="bbox 279 900 1864 968">
    <p class='ocr_par' dir='ltr' id='par_1_9' title="bbox 279 900 1864 968">
     <span class='ocr_line' id='line_1_9' title="bbox 279 900 1864 968; baseline -0.006 -5"><span class='ocrx_word' id='word_1_52' title='bbox 279 901 538 963; x_wconf 86' lang='lat' dir='ltr'><strong>mundum</strong></span> <span class='ocrx_word' id='word_1_53' title='bbox 562 903 883 960; x_wconf 88' lang='lat' dir='ltr'><strong>sacriﬁcium</strong></span> <span class='ocrx_word' id='word_1_54' title='bbox 911 903 1104 957; x_wconf 83' lang='lat' dir='ltr'><strong>divinis</strong></span> <span class='ocrx_word' id='word_1_55' title='bbox 1132 902 1388 957; x_wconf 82' lang='lat' dir='ltr'><strong>exhibere</strong></span> <span class='ocrx_word' id='word_1_56' title='bbox 1417 901 1714 964; x_wconf 78' lang='lat' dir='ltr'><strong>obtutibus,</strong></span> <span class='ocrx_word' id='word_1_57' title='bbox 1746 900 1864 968; x_wconf 87' lang='lat' dir='ltr'><strong>ipso</strong></span> 
     </span>
    </p>
   </div>
   <div class='ocr_carea' id='block_1_10' title="bbox 274 991 1853 1069">
    <p class='ocr_par' dir='ltr' id='par_1_10' title="bbox 274 991 1853 1069">
     <span class='ocr_line' id='line_1_10' title="bbox 274 991 1853 1069; baseline -0.016 -12"><span class='ocrx_word' id='word_1_58' title='bbox 274 997 440 1069; x_wconf 69' lang='grc'><strong>867</strong></span> <span class='ocrx_word' id='word_1_59' title='bbox 468 1010 685 1068; x_wconf 84' lang='lat' dir='ltr'><strong>quoque</strong></span> <span class='ocrx_word' id='word_1_60' title='bbox 712 1008 910 1062; x_wconf 79' lang='lat' dir='ltr'><strong>genere</strong></span> <span class='ocrx_word' id='word_1_61' title='bbox 938 993 1079 1047; x_wconf 88' lang='lat' dir='ltr'><strong>illius</strong></span> <span class='ocrx_word' id='word_1_62' title='bbox 1105 992 1348 1048; x_wconf 87' lang='lat' dir='ltr'><strong>sacriﬁcii</strong></span> <span class='ocrx_word' id='word_1_63' title='bbox 1393 991 1662 1062; x_wconf 86' lang='lat' dir='ltr'><strong>quoddam</strong></span> <span class='ocrx_word' id='word_1_64' title='bbox 1691 991 1853 1059; x_wconf 80' lang='lat' dir='ltr'><strong>Spiri-</strong></span> 
     </span>
    </p>
   </div>
   <div class='ocr_carea' id='block_1_11' title="bbox 277 1081 1868 1154">
    <p class='ocr_par' dir='ltr' id='par_1_11' title="bbox 277 1081 1868 1154">
     <span class='ocr_line' id='line_1_11' title="bbox 277 1081 1868 1154; baseline -0.006 -11"><span class='ocrx_word' id='word_1_65' title='bbox 277 1089 390 1143; x_wconf 68' lang='lat' dir='ltr'><strong>tale</strong></span> <span class='ocrx_word' id='word_1_66' title='bbox 417 1085 738 1142; x_wconf 83' lang='lat' dir='ltr'><strong>sacriﬁcium</strong></span> <span class='ocrx_word' id='word_1_67' title='bbox 774 1085 930 1139; x_wconf 90' lang='lat' dir='ltr'><strong>nobis</strong></span> <span class='ocrx_word' id='word_1_68' title='bbox 970 1085 1308 1152; x_wconf 81' lang='lat' dir='ltr'><strong>agnoscimus</strong></span> <span class='ocrx_word' id='word_1_69' title='bbox 1339 1082 1558 1136; x_wconf 89' lang='lat' dir='ltr'><strong>indicari</strong></span> <span class='ocrx_word' id='word_1_70' title='bbox 1591 1098 1606 1133; x_wconf 91' lang='lat'><strong>:</strong></span> <span class='ocrx_word' id='word_1_71' title='bbox 1631 1081 1742 1135; x_wconf 85' lang='lat' dir='ltr'><strong>Par</strong></span> <span class='ocrx_word' id='word_1_72' title='bbox 1763 1082 1868 1154; x_wconf 86' lang='lat' dir='ltr'><strong>(in-</strong></span> 
     </span>
    </p>
   </div>
   <div class='ocr_carea' id='block_1_12' title="bbox 285 1170 1864 1245">
    <p class='ocr_par' dir='ltr' id='par_1_12' title="bbox 285 1170 1864 1245">
     <span class='ocr_line' id='line_1_12' title="bbox 285 1170 1864 1245; baseline -0.003 -15"><span class='ocrx_word' id='word_1_73' title='bbox 285 1177 418 1245; x_wconf 82' lang='lat' dir='ltr'><strong>quit)</strong></span> <span class='ocrx_word' id='word_1_74' title='bbox 448 1183 724 1239; x_wconf 83' lang='lat' dir='ltr'><strong>turturum,</strong></span> <span class='ocrx_word' id='word_1_75' title='bbox 749 1182 800 1227; x_wconf 78' lang='lat' dir='ltr'><strong>et</strong></span> <span class='ocrx_word' id='word_1_76' title='bbox 842 1173 971 1228; x_wconf 80' lang='lat' dir='ltr'><strong>duos</strong></span> <span class='ocrx_word' id='word_1_77' title='bbox 1015 1173 1183 1243; x_wconf 81' lang='lat' dir='ltr'><strong>pullos</strong></span> <span class='ocrx_word' id='word_1_78' title='bbox 1224 1173 1575 1226; x_wconf 81' lang='lat' dir='ltr'><strong>columbarum</strong></span> <span class='ocrx_word' id='word_1_79' title='bbox 1622 1170 1772 1240; x_wconf 81' lang='lat' dir='ltr'><strong>(Luc.</strong></span> <span class='ocrx_word' id='word_1_80' title='bbox 1807 1188 1864 1235; x_wconf 85' lang='lat' dir='ltr'><strong>tt,</strong></span> 
     </span>
    </p>
   </div>
   <div class='ocr_carea' id='block_1_13' title="bbox 285 1258 1868 1334">
    <p class='ocr_par' dir='ltr' id='par_1_13' title="bbox 285 1258 1868 1334">
     <span class='ocr_line' id='line_1_13' title="bbox 285 1258 1868 1334; baseline -0.003 -16"><span class='ocrx_word' id='word_1_81' title='bbox 285 1262 398 1334; x_wconf 69' lang='lat'><strong>28).</strong></span> <span class='ocrx_word' id='word_1_82' title='bbox 430 1263 490 1317; x_wconf 85' lang='lat' dir='ltr'><strong>in</strong></span> <span class='ocrx_word' id='word_1_83' title='bbox 534 1262 640 1317; x_wconf 91' lang='lat' dir='ltr'><strong>hoc</strong></span> <span class='ocrx_word' id='word_1_84' title='bbox 681 1275 879 1330; x_wconf 88' lang='lat' dir='ltr'><strong>genere</strong></span> <span class='ocrx_word' id='word_1_85' title='bbox 907 1263 1104 1327; x_wconf 89' lang='lat' dir='ltr'><strong>avium,</strong></span> <span class='ocrx_word' id='word_1_86' title='bbox 1134 1261 1465 1316; x_wconf 82' lang='lat' dir='ltr'><strong>dilectissimi</strong></span> <span class='ocrx_word' id='word_1_87' title='bbox 1506 1258 1719 1324; x_wconf 86' lang='lat' dir='ltr'><strong>fratres,</strong></span> <span class='ocrx_word' id='word_1_88' title='bbox 1751 1275 1868 1313; x_wconf 82' lang='lat' dir='ltr'><strong>ma-</strong></span> 
     </span>
    </p>
   </div>
   <div class='ocr_carea' id='block_1_14' title="bbox 287 1349 1872 1420">
    <p class='ocr_par' dir='ltr' id='par_1_14' title="bbox 287 1349 1872 1420">
     <span class='ocr_line' id='line_1_14' title="bbox 287 1349 1872 1420; baseline -0.002 -14"><span class='ocrx_word' id='word_1_89' title='bbox 287 1364 452 1420; x_wconf 81' lang='lat' dir='ltr'><strong>guum</strong></span> <span class='ocrx_word' id='word_1_90' title='bbox 481 1350 637 1406; x_wconf 88' lang='lat' dir='ltr'><strong>vobis</strong></span> <span class='ocrx_word' id='word_1_91' title='bbox 657 1350 1068 1406; x_wconf 87' lang='lat' dir='ltr'><strong>commendatur</strong></span> <span class='ocrx_word' id='word_1_92' title='bbox 1094 1349 1373 1405; x_wconf 76' lang='lat' dir='ltr'><strong>catholicae</strong></span> <span class='ocrx_word' id='word_1_93' title='bbox 1417 1349 1540 1404; x_wconf 90' lang='lat' dir='ltr'><strong>ﬁdei</strong></span> <span class='ocrx_word' id='word_1_94' title='bbox 1566 1364 1872 1404; x_wconf 82' lang='lat' dir='ltr'><strong>sacramen-</strong></span> 
     </span>
    </p>
   </div>
   <div class='ocr_carea' id='block_1_15' title="bbox 293 1437 1870 1508">
    <p class='ocr_par' dir='ltr' id='par_1_15' title="bbox 293 1437 1870 1508">
     <span class='ocr_line' id='line_1_15' title="bbox 293 1437 1870 1508; baseline 0.001 -14"><span class='ocrx_word' id='word_1_95' title='bbox 293 1449 424 1496; x_wconf 87' lang='lat' dir='ltr'><strong>tum.</strong></span> <span class='ocrx_word' id='word_1_96' title='bbox 445 1437 511 1495; x_wconf 83' lang='lat' dir='ltr'><strong>Iu</strong></span> <span class='ocrx_word' id='word_1_97' title='bbox 532 1440 783 1496; x_wconf 81' lang='lat' dir='ltr'><strong>columba</strong></span> <span class='ocrx_word' id='word_1_98' title='bbox 817 1441 960 1496; x_wconf 91' lang='lat' dir='ltr'><strong>enim</strong></span> <span class='ocrx_word' id='word_1_99' title='bbox 987 1441 1184 1496; x_wconf 90' lang='lat' dir='ltr'><strong>caritas</strong></span> <span class='ocrx_word' id='word_1_100' title='bbox 1209 1441 1538 1508; x_wconf 78' lang='lat' dir='ltr'><strong>agnoscitur,</strong></span> <span class='ocrx_word' id='word_1_101' title='bbox 1569 1441 1624 1494; x_wconf 89' lang='lat' dir='ltr'><strong>in</strong></span> <span class='ocrx_word' id='word_1_102' title='bbox 1661 1449 1870 1495; x_wconf 89' lang='lat' dir='ltr'><strong>turture</strong></span> 
     </span>
    </p>
   </div>
   <div class='ocr_carea' id='block_1_16' title="bbox 290 1530 1871 1600">
    <p class='ocr_par' dir='ltr' id='par_1_16' title="bbox 290 1530 1871 1600">
     <span class='ocr_line' id='line_1_16' title="bbox 290 1530 1871 1600; baseline 0.001 -15"><span class='ocrx_word' id='word_1_103' title='bbox 290 1530 512 1586; x_wconf 70' lang='lat' dir='ltr'><strong>castitas</strong></span> <span class='ocrx_word' id='word_1_104' title='bbox 541 1531 826 1586; x_wconf 83' lang='lat' dir='ltr'><strong>invenitur.</strong></span> <span class='ocrx_word' id='word_1_105' title='bbox 868 1531 1068 1586; x_wconf 87' lang='lat' dir='ltr'><strong>Turtur</strong></span> <span class='ocrx_word' id='word_1_106' title='bbox 1095 1546 1327 1600; x_wconf 87' lang='lat' dir='ltr'><strong>namque</strong></span> <span class='ocrx_word' id='word_1_107' title='bbox 1354 1532 1728 1586; x_wconf 90' lang='lat' dir='ltr'><strong>intemeratam</strong></span> <span class='ocrx_word' id='word_1_108' title='bbox 1753 1547 1871 1586; x_wconf 84' lang='lat' dir='ltr'><strong>ser-</strong></span> 
     </span>
    </p>
   </div>
   <div class='ocr_carea' id='block_1_17' title="bbox 292 1618 1874 1687">
    <p class='ocr_par' dir='ltr' id='par_1_17' title="bbox 292 1618 1874 1687">
     <span class='ocr_line' id='line_1_17' title="bbox 292 1618 1874 1687; baseline -0.002 -11"><span class='ocrx_word' id='word_1_109' title='bbox 292 1627 387 1676; x_wconf 93' lang='lat' dir='ltr'><strong>vat</strong></span> <span class='ocrx_word' id='word_1_110' title='bbox 413 1620 504 1675; x_wconf 90' lang='lat' dir='ltr'><strong>uni</strong></span> <span class='ocrx_word' id='word_1_111' title='bbox 530 1620 648 1676; x_wconf 87' lang='lat' dir='ltr'><strong>viro</strong></span> <span class='ocrx_word' id='word_1_112' title='bbox 696 1618 890 1687; x_wconf 87' lang='lat' dir='ltr'><strong>ﬁdem;</strong></span> <span class='ocrx_word' id='word_1_113' title='bbox 921 1621 1168 1676; x_wconf 89' lang='lat' dir='ltr'><strong>columba</strong></span> <span class='ocrx_word' id='word_1_114' title='bbox 1205 1636 1336 1676; x_wconf 90' lang='lat' dir='ltr'><strong>vero</strong></span> <span class='ocrx_word' id='word_1_115' title='bbox 1375 1621 1602 1676; x_wconf 87' lang='lat' dir='ltr'><strong>aliarum</strong></span> <span class='ocrx_word' id='word_1_116' title='bbox 1653 1621 1874 1676; x_wconf 82' lang='lat' dir='ltr'><strong>cohabi-</strong></span> 
     </span>
    </p>
   </div>
   <div class='ocr_carea' id='block_1_18' title="bbox 278 1710 1876 1779">
    <p class='ocr_par' dir='ltr' id='par_1_18' title="bbox 278 1710 1876 1779">
     <span class='ocr_line' id='line_1_18' title="bbox 278 1710 1876 1779; baseline 0 -15"><span class='ocrx_word' id='word_1_117' title='bbox 278 1711 521 1766; x_wconf 68' lang='lat' dir='ltr'><strong>aantium</strong></span> <span class='ocrx_word' id='word_1_118' title='bbox 585 1726 694 1766; x_wconf 86' lang='lat' dir='ltr'><strong>non</strong></span> <span class='ocrx_word' id='word_1_119' title='bbox 769 1710 968 1767; x_wconf 84' lang='lat' dir='ltr'><strong>deserit</strong></span> <span class='ocrx_word' id='word_1_120' title='bbox 1018 1712 1298 1766; x_wconf 90' lang='lat' dir='ltr'><strong>unitatem.</strong></span> <span class='ocrx_word' id='word_1_121' title='bbox 1343 1711 1655 1766; x_wconf 86' lang='lat' dir='ltr'><strong>Catholicus</strong></span> <span class='ocrx_word' id='word_1_122' title='bbox 1709 1711 1876 1779; x_wconf 86' lang='lat' dir='ltr'><strong>igitur</strong></span> 
     </span>
    </p>
   </div>
   <div class='ocr_carea' id='block_1_19' title="bbox 1965 541 3535 613">
    <p class='ocr_par' dir='ltr' id='par_1_19' title="bbox 1965 541 3535 613">
     <span class='ocr_line' id='line_1_19' title="bbox 1965 541 3535 613; baseline 0.004 -19"><span class='ocrx_word' id='word_1_123' title='bbox 1965 552 2144 596; x_wconf 89' lang='lat' dir='ltr'><strong>nente.</strong></span> <span class='ocrx_word' id='word_1_124' title='bbox 2176 543 2286 598; x_wconf 88' lang='lat' dir='ltr'><strong>Nec</strong></span> <span class='ocrx_word' id='word_1_125' title='bbox 2332 551 2512 597; x_wconf 91' lang='lat' dir='ltr'><strong>tamen</strong></span> <span class='ocrx_word' id='word_1_126' title='bbox 2554 541 2719 598; x_wconf 84' lang='lat' dir='ltr'><strong>Filius</strong></span> <span class='ocrx_word' id='word_1_127' title='bbox 2757 543 2937 598; x_wconf 83' lang='lat' dir='ltr'><strong>divisit</strong></span> <span class='ocrx_word' id='word_1_128' title='bbox 2985 542 3198 598; x_wconf 85' lang='lat' dir='ltr'><strong>Patrem</strong></span> <span class='ocrx_word' id='word_1_129' title='bbox 3244 549 3535 613; x_wconf 89' lang='lat' dir='ltr'><strong>nascendo,</strong></span> 
     </span>
    </p>
   </div>
   <div class='ocr_carea' id='block_1_20' title="bbox 1963 633 3542 704">
    <p class='ocr_par' dir='ltr' id='par_1_20' title="bbox 1963 633 3542 704">
     <span class='ocr_line' id='line_1_20' title="bbox 1963 633 3542 704; baseline 0.003 -19"><span class='ocrx_word' id='word_1_130' title='bbox 1963 644 2062 686; x_wconf 89' lang='lat' dir='ltr'><strong>nec</strong></span> <span class='ocrx_word' id='word_1_131' title='bbox 2091 633 2324 701; x_wconf 86' lang='lat' dir='ltr'><strong>Spiritus</strong></span> <span class='ocrx_word' id='word_1_132' title='bbox 2351 633 2517 687; x_wconf 88' lang='lat' dir='ltr'><strong>Deum</strong></span> <span class='ocrx_word' id='word_1_133' title='bbox 2546 634 2735 688; x_wconf 86' lang='lat' dir='ltr'><strong>minuit</strong></span> <span class='ocrx_word' id='word_1_134' title='bbox 2765 634 3122 703; x_wconf 91' lang='lat' dir='ltr'><strong>procedendo,</strong></span> <span class='ocrx_word' id='word_1_135' title='bbox 3165 637 3289 704; x_wconf 85' lang='lat' dir='ltr'><strong>quia</strong></span> <span class='ocrx_word' id='word_1_136' title='bbox 3321 652 3420 692; x_wconf 90' lang='lat' dir='ltr'><strong>nec</strong></span> <span class='ocrx_word' id='word_1_137' title='bbox 3451 653 3542 694; x_wconf 56' lang='lat' dir='ltr'><strong>an.</strong></span> 
     </span>
    </p>
   </div>
   <div class='ocr_carea' id='block_1_21' title="bbox 1964 720 3539 790">
    <p class='ocr_par' dir='ltr' id='par_1_21' title="bbox 1964 720 3539 790">
     <span class='ocr_line' id='line_1_21' title="bbox 1964 720 3539 790; baseline 0.004 -15"><span class='ocrx_word' id='word_1_138' title='bbox 1964 729 2062 788; x_wconf 84' lang='lat' dir='ltr'><strong>get.</strong></span> <span class='ocrx_word' id='word_1_139' title='bbox 2081 722 2352 776; x_wconf 74' lang='lat' dir='ltr'><strong>bmrendo.</strong></span> <span class='ocrx_word' id='word_1_140' title='bbox 2399 720 2538 790; x_wconf 79' lang='lat' dir='ltr'><strong>Ergo</strong></span> <span class='ocrx_word' id='word_1_141' title='bbox 2569 738 2666 777; x_wconf 90' lang='lat' dir='ltr'><strong>nec</strong></span> <span class='ocrx_word' id='word_1_142' title='bbox 2708 724 2977 779; x_wconf 88' lang='lat' dir='ltr'><strong>nascendo</strong></span> <span class='ocrx_word' id='word_1_143' title='bbox 3002 734 3085 779; x_wconf 92' lang='lat' dir='ltr'><strong>est</strong></span> <span class='ocrx_word' id='word_1_144' title='bbox 3111 724 3277 781; x_wconf 85' lang='lat' dir='ltr'><strong>Filius</strong></span> <span class='ocrx_word' id='word_1_145' title='bbox 3303 727 3539 782; x_wconf 88' lang='lat' dir='ltr'><strong>minora-</strong></span> 
     </span>
    </p>
   </div>
   <div class='ocr_carea' id='block_1_22' title="bbox 1965 811 3538 885">
    <p class='ocr_par' dir='ltr' id='par_1_22' title="bbox 1965 811 3538 885">
     <span class='ocr_line' id='line_1_22' title="bbox 1965 811 3538 885; baseline 0.005 -22"><span class='ocrx_word' id='word_1_146' title='bbox 1965 820 2071 878; x_wconf 91' lang='lat' dir='ltr'><strong>tus,</strong></span> <span class='ocrx_word' id='word_1_147' title='bbox 2104 826 2202 866; x_wconf 88' lang='lat' dir='ltr'><strong>nec</strong></span> <span class='ocrx_word' id='word_1_148' title='bbox 2247 811 2590 880; x_wconf 82' lang='lat' dir='ltr'><strong>procedendo</strong></span> <span class='ocrx_word' id='word_1_149' title='bbox 2635 811 2864 882; x_wconf 85' lang='lat' dir='ltr'><strong>Spiritus</strong></span> <span class='ocrx_word' id='word_1_150' title='bbox 2904 823 3202 883; x_wconf 87' lang='lat' dir='ltr'><strong>separatus.</strong></span> <span class='ocrx_word' id='word_1_151' title='bbox 3249 815 3367 885; x_wconf 88' lang='lat' dir='ltr'><strong>Ipse</strong></span> <span class='ocrx_word' id='word_1_152' title='bbox 3396 818 3538 872; x_wconf 89' lang='lat' dir='ltr'><strong>enim</strong></span> 
     </span>
    </p>
   </div>
   <div class='ocr_carea' id='block_1_23' title="bbox 1963 898 3540 973">
    <p class='ocr_par' dir='ltr' id='par_1_23' title="bbox 1963 898 3540 973">
     <span class='ocr_line' id='line_1_23' title="bbox 1963 898 3540 973; baseline 0.004 -19"><span class='ocrx_word' id='word_1_153' title='bbox 1963 900 2124 955; x_wconf 90' lang='lat' dir='ltr'><strong>beata</strong></span> <span class='ocrx_word' id='word_1_154' title='bbox 2171 898 2522 956; x_wconf 78' lang='lat' dir='ltr'><strong>Trinitasilla</strong></span> <span class='ocrx_word' id='word_1_155' title='bbox 2566 909 2883 972; x_wconf 84' lang='lat' dir='ltr'><strong>permanet,</strong></span> <span class='ocrx_word' id='word_1_156' title='bbox 2932 904 3054 973; x_wconf 86' lang='lat' dir='ltr'><strong>quia</strong></span> <span class='ocrx_word' id='word_1_157' title='bbox 3098 904 3170 957; x_wconf 88' lang='lat' dir='ltr'><strong>ibi</strong></span> <span class='ocrx_word' id='word_1_158' title='bbox 3217 905 3540 962; x_wconf 81' lang='lat' dir='ltr'><strong>substantia-</strong></span> 
     </span>
    </p>
   </div>
   <div class='ocr_carea' id='block_1_24' title="bbox 1965 991 3542 1063">
    <p class='ocr_par' dir='ltr' id='par_1_24' title="bbox 1965 991 3542 1063">
     <span class='ocr_line' id='line_1_24' title="bbox 1965 991 3542 1063; baseline 0.005 -19"><span class='ocrx_word' id='word_1_159' title='bbox 1965 991 2032 1046; x_wconf 91' lang='lat' dir='ltr'><strong>lis</strong></span> <span class='ocrx_word' id='word_1_160' title='bbox 2063 994 2239 1047; x_wconf 85' lang='lat' dir='ltr'><strong>unitas</strong></span> <span class='ocrx_word' id='word_1_161' title='bbox 2268 1001 2547 1062; x_wconf 89' lang='lat' dir='ltr'><strong>permanet</strong></span> <span class='ocrx_word' id='word_1_162' title='bbox 2582 1011 2593 1045; x_wconf 94' lang='lat'>:</span> <span class='ocrx_word' id='word_1_163' title='bbox 2626 1001 2680 1047; x_wconf 91' lang='lat' dir='ltr'><strong>et</strong></span> <span class='ocrx_word' id='word_1_164' title='bbox 2720 995 2978 1063; x_wconf 85' lang='lat' dir='ltr'><strong>quoniam</strong></span> <span class='ocrx_word' id='word_1_165' title='bbox 3009 994 3140 1050; x_wconf 86' lang='lat' dir='ltr'><strong>nihil</strong></span> <span class='ocrx_word' id='word_1_166' title='bbox 3169 1007 3252 1051; x_wconf 74' lang='grc' dir='ltr'><strong>εει</strong></span> <span class='ocrx_word' id='word_1_167' title='bbox 3279 998 3332 1051; x_wconf 90' lang='lat' dir='ltr'><strong>in</strong></span> <span class='ocrx_word' id='word_1_168' title='bbox 3363 995 3542 1052; x_wconf 80' lang='lat' dir='ltr'><strong>Trini-</strong></span> 
     </span>
    </p>
   </div>
   <div class='ocr_carea' id='block_1_25' title="bbox 1969 1079 3544 1151">
    <p class='ocr_par' dir='ltr' id='par_1_25' title="bbox 1969 1079 3544 1151">
     <span class='ocr_line' id='line_1_25' title="bbox 1969 1079 3544 1151; baseline 0.005 -19"><span class='ocrx_word' id='word_1_169' title='bbox 1969 1080 2094 1133; x_wconf 85' lang='lat' dir='ltr'><strong>tatis</strong></span> <span class='ocrx_word' id='word_1_170' title='bbox 2121 1079 2401 1134; x_wconf 77' lang='lat' dir='ltr'><strong>divinitate</strong></span> <span class='ocrx_word' id='word_1_171' title='bbox 2431 1088 2670 1135; x_wconf 90' lang='lat' dir='ltr'><strong>creatum</strong></span> <span class='ocrx_word' id='word_1_172' title='bbox 2695 1118 2710 1144; x_wconf 84' lang='lat'><strong>,</strong></span> <span class='ocrx_word' id='word_1_173' title='bbox 2762 1090 3044 1151; x_wconf 82' lang='lat' dir='ltr'><strong>prepterea</strong></span> <span class='ocrx_word' id='word_1_174' title='bbox 3073 1083 3146 1137; x_wconf 90' lang='lat' dir='ltr'><strong>ibi</strong></span> <span class='ocrx_word' id='word_1_175' title='bbox 3175 1084 3306 1138; x_wconf 89' lang='lat' dir='ltr'><strong>nihil</strong></span> <span class='ocrx_word' id='word_1_176' title='bbox 3327 1093 3410 1140; x_wconf 85' lang='lat' dir='ltr'><strong>est</strong></span> <span class='ocrx_word' id='word_1_177' title='bbox 3439 1088 3544 1140; x_wconf 83' lang='lat' dir='ltr'><strong>uti-</strong></span> 
     </span>
    </p>
   </div>
   <div class='ocr_carea' id='block_1_26' title="bbox 1966 1180 2424 1239">
    <p class='ocr_par' dir='ltr' id='par_1_26' title="bbox 1966 1180 2424 1239">
     <span class='ocr_line' id='line_1_26' title="bbox 1966 1180 2424 1239; baseline -0.004 -15"><span class='ocrx_word' id='word_1_178' title='bbox 1966 1185 2072 1239; x_wconf 87' lang='lat' dir='ltr'><strong>que</strong></span> <span class='ocrx_word' id='word_1_179' title='bbox 2101 1180 2424 1239; x_wconf 89' lang='lat' dir='ltr'><strong>separatum.</strong></span> 
     </span>
    </p>
   </div>
   <div class='ocr_carea' id='block_1_27' title="bbox 2040 1259 3545 1332">
    <p class='ocr_par' dir='ltr' id='par_1_27' title="bbox 2040 1259 3545 1332">
     <span class='ocr_line' id='line_1_27' title="bbox 2040 1259 3545 1332; baseline 0.005 -19"><span class='ocrx_word' id='word_1_180' title='bbox 2040 1259 2092 1314; x_wconf 90' lang='lat'><strong>9.</strong></span> <span class='ocrx_word' id='word_1_181' title='bbox 2127 1259 2272 1324; x_wconf 71' lang='lat' dir='ltr'><strong>Hmc,</strong></span> <span class='ocrx_word' id='word_1_182' title='bbox 2303 1261 2636 1315; x_wconf 80' lang='lat' dir='ltr'><strong>dilectissimi</strong></span> <span class='ocrx_word' id='word_1_183' title='bbox 2664 1259 2873 1327; x_wconf 83' lang='lat' dir='ltr'><strong>fratres,</strong></span> <span class='ocrx_word' id='word_1_184' title='bbox 2899 1259 3132 1318; x_wconf 89' lang='lat' dir='ltr'><strong>ﬁdeliter</strong></span> <span class='ocrx_word' id='word_1_185' title='bbox 3155 1272 3354 1332; x_wconf 84' lang='lat' dir='ltr'><strong>tenete,</strong></span> <span class='ocrx_word' id='word_1_186' title='bbox 3385 1266 3436 1320; x_wconf 90' lang='lat' dir='ltr'><strong>in</strong></span> <span class='ocrx_word' id='word_1_187' title='bbox 3462 1267 3545 1321; x_wconf 85' lang='lat' dir='ltr'><strong>bis</strong></span> 
     </span>
    </p>
   </div>
   <div class='ocr_carea' id='block_1_28' title="bbox 1964 1347 3544 1422">
    <p class='ocr_par' dir='ltr' id='par_1_28' title="bbox 1964 1347 3544 1422">
     <span class='ocr_line' id='line_1_28' title="bbox 1964 1347 3544 1422; baseline 0.007 -22"><span class='ocrx_word' id='word_1_188' title='bbox 1964 1348 2170 1419; x_wconf 85' lang='lat' dir='ltr'><strong>jugiter</strong></span> <span class='ocrx_word' id='word_1_189' title='bbox 2201 1358 2532 1419; x_wconf 83' lang='lat' dir='ltr'><strong>permanete.</strong></span> <span class='ocrx_word' id='word_1_190' title='bbox 2563 1347 2690 1406; x_wconf 75' lang='lat' dir='ltr'><strong>Haec</strong></span> <span class='ocrx_word' id='word_1_191' title='bbox 2713 1353 2781 1406; x_wconf 85' lang='lat' dir='ltr'><strong>sit</strong></span> <span class='ocrx_word' id='word_1_192' title='bbox 2810 1349 2862 1406; x_wconf 89' lang='lat' dir='ltr'><strong>in</strong></span> <span class='ocrx_word' id='word_1_193' title='bbox 2890 1353 3056 1407; x_wconf 90' lang='lat' dir='ltr'><strong>corde</strong></span> <span class='ocrx_word' id='word_1_194' title='bbox 3075 1355 3346 1422; x_wconf 84' lang='lat' dir='ltr'><strong>cogitatio,</strong></span> <span class='ocrx_word' id='word_1_195' title='bbox 3375 1364 3429 1410; x_wconf 89' lang='lat' dir='ltr'><strong>et</strong></span> <span class='ocrx_word' id='word_1_196' title='bbox 3450 1373 3544 1411; x_wconf 92' lang='lat' dir='ltr'><strong>ore</strong></span> 
     </span>
    </p>
   </div>
   <div class='ocr_carea' id='block_1_29' title="bbox 1971 1427 3568 1515">
    <p class='ocr_par' dir='ltr' id='par_1_29' title="bbox 1971 1427 3568 1515">
     <span class='ocr_line' id='line_1_29' title="bbox 1971 1427 3568 1515; baseline 0.004 -22"><span class='ocrx_word' id='word_1_197' title='bbox 1971 1437 2511 1494; x_wconf 87' lang='lat' dir='ltr'><strong>confessio.&quot;l‘enete</strong></span> <span class='ocrx_word' id='word_1_198' title='bbox 2562 1440 2719 1495; x_wconf 83' lang='lat' dir='ltr'><strong>ﬁdem</strong></span> <span class='ocrx_word' id='word_1_199' title='bbox 2759 1457 2922 1510; x_wconf 89' lang='lat' dir='ltr'><strong>quam</strong></span> <span class='ocrx_word' id='word_1_200' title='bbox 2954 1444 3118 1514; x_wconf 74' lang='lat'><strong>663</strong></span> <span class='ocrx_word' id='word_1_201' title='bbox 3166 1445 3450 1515; x_wconf 87' lang='lat' dir='ltr'><strong>accepistis</strong></span> <span class='ocrx_word' id='word_1_202' title='bbox 3493 1427 3568 1501; x_wconf 7' lang='lat' dir='ltr'><strong>ini</strong></span> 
     </span>
    </p>
   </div>
   <div class='ocr_carea' id='block_1_30' title="bbox 1972 1527 3548 1604">
    <p class='ocr_par' dir='ltr' id='par_1_30' title="bbox 1972 1527 3548 1604">
     <span class='ocr_line' id='line_1_30' title="bbox 1972 1527 3548 1604; baseline 0.005 -22"><span class='ocrx_word' id='word_1_203' title='bbox 1972 1529 2190 1583; x_wconf 85' lang='lat' dir='ltr'><strong>nomine</strong></span> <span class='ocrx_word' id='word_1_204' title='bbox 2218 1527 2514 1585; x_wconf 83' lang='lat' dir='ltr'><strong>Trinitatis.</strong></span> <span class='ocrx_word' id='word_1_205' title='bbox 2547 1529 2774 1586; x_wconf 80' lang='lat' dir='ltr'><strong>Servate</strong></span> <span class='ocrx_word' id='word_1_206' title='bbox 2803 1529 3062 1587; x_wconf 89' lang='lat' dir='ltr'><strong>unitatem</strong></span> <span class='ocrx_word' id='word_1_207' title='bbox 3091 1535 3311 1604; x_wconf 87' lang='lat' dir='ltr'><strong>spiritus</strong></span> <span class='ocrx_word' id='word_1_208' title='bbox 3355 1535 3409 1589; x_wconf 93' lang='lat' dir='ltr'><strong>in</strong></span> <span class='ocrx_word' id='word_1_209' title='bbox 3438 1536 3548 1590; x_wconf 75' lang='lat' dir='ltr'><strong>tin-</strong></span> 
     </span>
    </p>
   </div>
   <div class='ocr_carea' id='block_1_31' title="bbox 1972 1621 3550 1697">
    <p class='ocr_par' dir='ltr' id='par_1_31' title="bbox 1972 1621 3550 1697">
     <span class='ocr_line' id='line_1_31' title="bbox 1972 1621 3550 1697; baseline 0.004 -22"><span class='ocrx_word' id='word_1_210' title='bbox 1972 1621 2096 1676; x_wconf 87' lang='lat' dir='ltr'><strong>culo</strong></span> <span class='ocrx_word' id='word_1_211' title='bbox 2124 1622 2292 1691; x_wconf 85' lang='lat' dir='ltr'><strong>pacis,</strong></span> <span class='ocrx_word' id='word_1_212' title='bbox 2325 1631 2382 1677; x_wconf 91' lang='lat' dir='ltr'><strong>et</strong></span> <span class='ocrx_word' id='word_1_213' title='bbox 2412 1623 2654 1692; x_wconf 91' lang='lat' dir='ltr'><strong>turturis,</strong></span> <span class='ocrx_word' id='word_1_214' title='bbox 2703 1633 2757 1678; x_wconf 90' lang='lat' dir='ltr'><strong>et</strong></span> <span class='ocrx_word' id='word_1_215' title='bbox 2785 1625 3046 1681; x_wconf 76' lang='lat' dir='ltr'><strong>columba:</strong></span> <span class='ocrx_word' id='word_1_216' title='bbox 3077 1645 3101 1679; x_wconf 88' lang='lat'><strong>:.</strong></span> <span class='ocrx_word' id='word_1_217' title='bbox 3121 1635 3180 1680; x_wconf 95' lang='lat' dir='ltr'><strong>ut</strong></span> <span class='ocrx_word' id='word_1_218' title='bbox 3206 1628 3471 1697; x_wconf 86' lang='lat' dir='ltr'><strong>spiritales</strong></span> <span class='ocrx_word' id='word_1_219' title='bbox 3495 1629 3550 1682; x_wconf 91' lang='lat' dir='ltr'><strong>in</strong></span> 
     </span>
    </p>
   </div>
   <div class='ocr_carea' id='block_1_32' title="bbox 1975 1710 3554 1788">
    <p class='ocr_par' dir='ltr' id='par_1_32' title="bbox 1975 1710 3554 1788">
     <span class='ocr_line' id='line_1_32' title="bbox 1975 1710 3554 1788; baseline 0.004 -22"><span class='ocrx_word' id='word_1_220' title='bbox 1975 1710 2138 1767; x_wconf 90' lang='lat' dir='ltr'><strong>domo</strong></span> <span class='ocrx_word' id='word_1_221' title='bbox 2176 1711 2272 1767; x_wconf 89' lang='lat' dir='ltr'><strong>Dei</strong></span> <span class='ocrx_word' id='word_1_222' title='bbox 2315 1727 2529 1782; x_wconf 87' lang='lat' dir='ltr'><strong>semper</strong></span> <span class='ocrx_word' id='word_1_223' title='bbox 2555 1729 2672 1770; x_wconf 89' lang='lat' dir='ltr'><strong>esse</strong></span> <span class='ocrx_word' id='word_1_224' title='bbox 2701 1716 2933 1784; x_wconf 86' lang='lat' dir='ltr'><strong>possitis.</strong></span> <span class='ocrx_word' id='word_1_225' title='bbox 2967 1715 3117 1782; x_wconf 83' lang='lat' dir='ltr'><strong>Quod</strong></span> <span class='ocrx_word' id='word_1_226' title='bbox 3147 1718 3260 1787; x_wconf 91' lang='lat' dir='ltr'><strong>ipse</strong></span> <span class='ocrx_word' id='word_1_227' title='bbox 3298 1729 3554 1788; x_wconf 72' lang='lat' dir='ltr'><strong>prtestare</strong></span> 
     </span>
    </p>
   </div>
   <div class='ocr_carea' id='block_1_33' title="bbox 275 1798 3634 1874">
    <p class='ocr_par' dir='ltr' id='par_1_33' title="bbox 275 1798 3634 1874">
     <span class='ocr_line' id='line_1_33' title="bbox 275 1798 3634 1874; baseline 0.001 -20"><span class='ocrx_word' id='word_1_228' title='bbox 275 1798 630 1856; x_wconf 77' lang='lat' dir='ltr'><strong>Christianus</strong></span> <span class='ocrx_word' id='word_1_229' title='bbox 681 1808 809 1856; x_wconf 88' lang='lat' dir='ltr'><strong>tunc</strong></span> <span class='ocrx_word' id='word_1_230' title='bbox 849 1815 977 1856; x_wconf 84' lang='lat' dir='ltr'><strong>vere</strong></span> <span class='ocrx_word' id='word_1_231' title='bbox 1026 1801 1284 1872; x_wconf 86' lang='lat' dir='ltr'><strong>spiritalis</strong></span> <span class='ocrx_word' id='word_1_232' title='bbox 1331 1810 1508 1855; x_wconf 90' lang='lat' dir='ltr'><strong>turtur</strong></span> <span class='ocrx_word' id='word_1_233' title='bbox 1551 1800 1799 1867; x_wconf 81' lang='lat' dir='ltr'><strong>eﬁlcitur,</strong></span> <span class='ocrx_word' id='word_1_234' title='bbox 1831 1802 1876 1856; x_wconf 88' lang='lat' dir='ltr'><strong>si</strong></span> <span class='ocrx_word' id='word_1_235' title='bbox 1909 1799 2254 1872; x_wconf 79' lang='lat' dir='ltr'><strong>Bdignetur,</strong></span> <span class='ocrx_word' id='word_1_236' title='bbox 2307 1803 2398 1870; x_wconf 91' lang='lat' dir='ltr'><strong>qui</strong></span> <span class='ocrx_word' id='word_1_237' title='bbox 2448 1818 2568 1856; x_wconf 92' lang='lat' dir='ltr'><strong>cum</strong></span> <span class='ocrx_word' id='word_1_238' title='bbox 2615 1802 2774 1858; x_wconf 85' lang='lat' dir='ltr'><strong>Patre</strong></span> <span class='ocrx_word' id='word_1_239' title='bbox 2821 1812 2875 1858; x_wconf 92' lang='lat' dir='ltr'><strong>et</strong></span> <span class='ocrx_word' id='word_1_240' title='bbox 2921 1803 3056 1860; x_wconf 90' lang='lat' dir='ltr'><strong>Filio</strong></span> <span class='ocrx_word' id='word_1_241' title='bbox 3101 1807 3231 1860; x_wconf 89' lang='lat' dir='ltr'><strong>vivit</strong></span> <span class='ocrx_word' id='word_1_242' title='bbox 3267 1815 3322 1861; x_wconf 91' lang='lat' dir='ltr'><strong>et</strong></span> <span class='ocrx_word' id='word_1_243' title='bbox 3365 1815 3555 1874; x_wconf 85' lang='lat' dir='ltr'><strong>regnat</strong></span> <span class='ocrx_word' id='word_1_244' title='bbox 3631 1863 3634 1866; x_wconf 58' lang='grc'><strong><em>,</em></strong></span> 
     </span>
    </p>
   </div>
   <div class='ocr_carea' id='block_1_34' title="bbox 279 1889 1872 1956">
    <p class='ocr_par' dir='ltr' id='par_1_34' title="bbox 279 1889 1872 1956">
     <span class='ocr_line' id='line_1_34' title="bbox 279 1889 1872 1956; baseline 0.002 -14"><span class='ocrx_word' id='word_1_245' title='bbox 279 1904 476 1944; x_wconf 63' lang='grc' dir='ltr'><strong>στω-πη</strong></span> <span class='ocrx_word' id='word_1_246' title='bbox 498 1889 774 1945; x_wconf 81' lang='lat' dir='ltr'><strong>Trinitatis</strong></span> <span class='ocrx_word' id='word_1_247' title='bbox 802 1890 959 1944; x_wconf 89' lang='lat' dir='ltr'><strong>ﬁdem</strong></span> <span class='ocrx_word' id='word_1_248' title='bbox 981 1889 1131 1945; x_wconf 90' lang='lat' dir='ltr'><strong>ﬁrma</strong></span> <span class='ocrx_word' id='word_1_249' title='bbox 1145 1890 1460 1945; x_wconf 84' lang='lat' dir='ltr'><strong>credulitate</strong></span> <span class='ocrx_word' id='word_1_250' title='bbox 1480 1898 1782 1956; x_wconf 86' lang='lat' dir='ltr'><strong>conservet,</strong></span> <span class='ocrx_word' id='word_1_251' title='bbox 1814 1898 1872 1945; x_wconf 91' lang='lat' dir='ltr'><strong>et</strong></span> 
     </span>
    </p>
   </div>
   <div class='ocr_carea' id='block_1_35' title="bbox 278 1978 1874 2050">
    <p class='ocr_par' dir='ltr' id='par_1_35' title="bbox 278 1978 1874 2050">
     <span class='ocr_line' id='line_1_35' title="bbox 278 1978 1874 2050; baseline 0.002 -21"><span class='ocrx_word' id='word_1_252' title='bbox 278 1978 561 2036; x_wconf 70' lang='lat' dir='ltr'><strong>haeretica:</strong></span> <span class='ocrx_word' id='word_1_253' title='bbox 608 1980 886 2050; x_wconf 80' lang='lat' dir='ltr'><strong>pravitatis</strong></span> <span class='ocrx_word' id='word_1_254' title='bbox 932 1994 1169 2042; x_wconf 86' lang='lat' dir='ltr'><strong>sensum,</strong></span> <span class='ocrx_word' id='word_1_255' title='bbox 1203 1987 1463 2049; x_wconf 79' lang='lat' dir='ltr'><strong>tanquam</strong></span> <span class='ocrx_word' id='word_1_256' title='bbox 1493 1978 1874 2034; x_wconf 80' lang='lat' dir='ltr'><strong>fornicationis</strong></span> 
     </span>
    </p>
   </div>
   <div class='ocr_carea' id='block_1_36' title="bbox 278 2067 1876 2138">
    <p class='ocr_par' dir='ltr' id='par_1_36' title="bbox 278 2067 1876 2138">
     <span class='ocr_line' id='line_1_36' title="bbox 278 2067 1876 2138; baseline 0.001 -18"><span class='ocrx_word' id='word_1_257' title='bbox 278 2069 699 2138; x_wconf 60' lang='lat' dir='ltr'><strong>inquinamenta</strong></span> <span class='ocrx_word' id='word_1_258' title='bbox 755 2067 1019 2138; x_wconf 89' lang='lat' dir='ltr'><strong>repudiet.</strong></span> <span class='ocrx_word' id='word_1_259' title='bbox 1051 2067 1202 2122; x_wconf 89' lang='lat' dir='ltr'><strong>Tunc</strong></span> <span class='ocrx_word' id='word_1_260' title='bbox 1238 2083 1366 2122; x_wconf 92' lang='lat' dir='ltr'><strong>vero</strong></span> <span class='ocrx_word' id='word_1_261' title='bbox 1396 2069 1500 2122; x_wconf 86' lang='lat' dir='ltr'><strong>erit</strong></span> <span class='ocrx_word' id='word_1_262' title='bbox 1527 2067 1796 2133; x_wconf 90' lang='lat' dir='ltr'><strong>columba,</strong></span> <span class='ocrx_word' id='word_1_263' title='bbox 1830 2069 1876 2122; x_wconf 90' lang='lat' dir='ltr'><strong>si</strong></span> 
     </span>
    </p>
   </div>
   <div class='ocr_carea' id='block_1_37' title="bbox 279 2156 1876 2226">
    <p class='ocr_par' dir='ltr' id='par_1_37' title="bbox 279 2156 1876 2226">
     <span class='ocr_line' id='line_1_37' title="bbox 279 2156 1876 2226; baseline 0.003 -18"><span class='ocrx_word' id='word_1_264' title='bbox 279 2156 672 2224; x_wconf 82' lang='lat' dir='ltr'><strong>.longanimiter</strong></span> <span class='ocrx_word' id='word_1_265' title='bbox 719 2172 886 2226; x_wconf 89' lang='lat' dir='ltr'><strong>usque</strong></span> <span class='ocrx_word' id='word_1_266' title='bbox 926 2156 983 2210; x_wconf 91' lang='lat' dir='ltr'><strong>in</strong></span> <span class='ocrx_word' id='word_1_267' title='bbox 1031 2156 1192 2211; x_wconf 88' lang='lat' dir='ltr'><strong>ﬁnem</strong></span> <span class='ocrx_word' id='word_1_268' title='bbox 1239 2157 1292 2210; x_wconf 89' lang='lat' dir='ltr'><strong>in</strong></span> <span class='ocrx_word' id='word_1_269' title='bbox 1326 2157 1589 2212; x_wconf 89' lang='lat' dir='ltr'><strong>catholica</strong></span> <span class='ocrx_word' id='word_1_270' title='bbox 1610 2159 1876 2212; x_wconf 88' lang='lat' dir='ltr'><strong>societate</strong></span> 
     </span>
    </p>
   </div>
   <div class='ocr_carea' id='block_1_38' title="bbox 281 2247 1870 2318">
    <p class='ocr_par' dir='ltr' id='par_1_38' title="bbox 281 2247 1870 2318">
     <span class='ocr_line' id='line_1_38' title="bbox 281 2247 1870 2318; baseline -0.001 -16"><span class='ocrx_word' id='word_1_271' title='bbox 281 2255 713 2318; x_wconf 72' lang='lat' dir='ltr'><strong>,permaneat,.et</strong></span> <span class='ocrx_word' id='word_1_272' title='bbox 738 2255 930 2304; x_wconf 89' lang='lat' dir='ltr'><strong>contra</strong></span> <span class='ocrx_word' id='word_1_273' title='bbox 958 2247 1282 2303; x_wconf 87' lang='lat' dir='ltr'><strong>tentationes</strong></span> <span class='ocrx_word' id='word_1_274' title='bbox 1309 2255 1364 2301; x_wconf 91' lang='lat' dir='ltr'><strong>et</strong></span> <span class='ocrx_word' id='word_1_275' title='bbox 1390 2247 1642 2302; x_wconf 87' lang='lat' dir='ltr'><strong>scandala</strong></span> <span class='ocrx_word' id='word_1_276' title='bbox 1676 2247 1870 2302; x_wconf 85' lang='lat' dir='ltr'><strong>immu-</strong></span> 
     </span>
    </p>
   </div>
   <div class='ocr_carea' id='block_1_39' title="bbox 299 2325 1879 2408">
    <p class='ocr_par' dir='ltr' id='par_1_39' title="bbox 299 2325 1879 2408">
     <span class='ocr_line' id='line_1_39' title="bbox 299 2325 1879 2408; baseline 0.001 -17"><span class='ocrx_word' id='word_1_277' title='bbox 299 2325 394 2391; x_wconf 86' lang='lat' dir='ltr'><strong>bili</strong></span> <span class='ocrx_word' id='word_1_278' title='bbox 439 2336 691 2392; x_wconf 88' lang='lat' dir='ltr'><strong>ﬁrmitate</strong></span> <span class='ocrx_word' id='word_1_279' title='bbox 731 2337 987 2408; x_wconf 72' lang='lat' dir='ltr'><strong>persistat</strong></span> <span class='ocrx_word' id='word_1_280' title='bbox 1017 2354 1031 2389; x_wconf 88' lang='lat'><strong>:</strong></span> <span class='ocrx_word' id='word_1_281' title='bbox 1066 2346 1123 2391; x_wconf 92' lang='lat' dir='ltr'><strong>ut</strong></span> <span class='ocrx_word' id='word_1_282' title='bbox 1163 2351 1263 2393; x_wconf 90' lang='lat' dir='ltr'><strong>nec</strong></span> <span class='ocrx_word' id='word_1_283' title='bbox 1309 2337 1556 2392; x_wconf 82' lang='lat' dir='ltr'><strong>haeretica</strong></span> <span class='ocrx_word' id='word_1_284' title='bbox 1595 2336 1879 2393; x_wconf 91' lang='lat' dir='ltr'><strong>fornicatio</strong></span> 
     </span>
    </p>
   </div>
   <div class='ocr_carea' id='block_1_40' title="bbox 299 2425 1876 2496">
    <p class='ocr_par' dir='ltr' id='par_1_40' title="bbox 299 2425 1876 2496">
     <span class='ocr_line' id='line_1_40' title="bbox 299 2425 1876 2496; baseline 0 -14"><span class='ocrx_word' id='word_1_285' title='bbox 299 2435 612 2496; x_wconf 85' lang='lat' dir='ltr'><strong>corrumpat</strong></span> <span class='ocrx_word' id='word_1_286' title='bbox 664 2428 717 2480; x_wconf 91' lang='lat' dir='ltr'><strong>in</strong></span> <span class='ocrx_word' id='word_1_287' title='bbox 763 2428 936 2482; x_wconf 78' lang='lat' dir='ltr'><strong>corde</strong></span> <span class='ocrx_word' id='word_1_288' title='bbox 984 2425 1106 2482; x_wconf 90' lang='lat' dir='ltr'><strong>ﬁdei</strong></span> <span class='ocrx_word' id='word_1_289' title='bbox 1157 2427 1460 2482; x_wconf 83' lang='lat' dir='ltr'><strong>castitatem</strong></span> <span class='ocrx_word' id='word_1_290' title='bbox 1487 2467 1502 2492; x_wconf 95' lang='lat'><strong>,</strong></span> <span class='ocrx_word' id='word_1_291' title='bbox 1553 2442 1654 2481; x_wconf 92' lang='lat' dir='ltr'><strong>nec</strong></span> <span class='ocrx_word' id='word_1_292' title='bbox 1695 2442 1876 2482; x_wconf 89' lang='lat' dir='ltr'><strong>amara</strong></span> 
     </span>
    </p>
   </div>
   <div class='ocr_carea' id='block_1_41' title="bbox 299 2514 1874 2571">
    <p class='ocr_par' dir='ltr' id='par_1_41' title="bbox 299 2514 1874 2571">
     <span class='ocr_line' id='line_1_41' title="bbox 299 2514 1874 2571; baseline 0.001 -1"><span class='ocrx_word' id='word_1_293' title='bbox 299 2515 571 2571; x_wconf 87' lang='lat' dir='ltr'><strong>dissensio</strong></span> <span class='ocrx_word' id='word_1_294' title='bbox 613 2514 991 2570; x_wconf 62' lang='lat' dir='ltr'><strong>ecclesiastica:</strong></span> <span class='ocrx_word' id='word_1_295' title='bbox 1042 2515 1302 2571; x_wconf 87' lang='lat' dir='ltr'><strong>castitatis</strong></span> <span class='ocrx_word' id='word_1_296' title='bbox 1343 2515 1557 2570; x_wconf 86' lang='lat' dir='ltr'><strong>deserat</strong></span> <span class='ocrx_word' id='word_1_297' title='bbox 1595 2515 1874 2571; x_wconf 89' lang='lat' dir='ltr'><strong>unitatem.</strong></span> 
     </span>
    </p>
   </div>
   <div class='ocr_carea' id='block_1_42' title="bbox 286 2603 1874 2677">
    <p class='ocr_par' dir='ltr' id='par_1_42' title="bbox 286 2603 1874 2677">
     <span class='ocr_line' id='line_1_42' title="bbox 286 2603 1874 2677; baseline -0.001 -13"><span class='ocrx_word' id='word_1_298' title='bbox 286 2607 429 2664; x_wconf 63' lang='lat' dir='ltr'><strong>Haec</strong></span> <span class='ocrx_word' id='word_1_299' title='bbox 456 2616 540 2663; x_wconf 86' lang='lat' dir='ltr'><strong>est</strong></span> <span class='ocrx_word' id='word_1_300' title='bbox 565 2608 708 2662; x_wconf 89' lang='lat' dir='ltr'><strong>enim</strong></span> <span class='ocrx_word' id='word_1_301' title='bbox 738 2607 973 2676; x_wconf 87' lang='lat' dir='ltr'><strong>legitima</strong></span> <span class='ocrx_word' id='word_1_302' title='bbox 1007 2605 1250 2663; x_wconf 84' lang='lat' dir='ltr'><strong>Ecclesia</strong></span> <span class='ocrx_word' id='word_1_303' title='bbox 1289 2621 1407 2677; x_wconf 63' lang='lat' dir='ltr'><strong>quae</strong></span> <span class='ocrx_word' id='word_1_304' title='bbox 1435 2603 1591 2660; x_wconf 90' lang='lat' dir='ltr'><strong>ﬁdem</strong></span> <span class='ocrx_word' id='word_1_305' title='bbox 1621 2607 1713 2660; x_wconf 92' lang='lat' dir='ltr'><strong>uni</strong></span> <span class='ocrx_word' id='word_1_306' title='bbox 1741 2607 1874 2672; x_wconf 90' lang='lat' dir='ltr'><strong>Deo,</strong></span> 
     </span>
    </p>
   </div>
   <div class='ocr_carea' id='block_1_43' title="bbox 200 2696 1877 2767">
    <p class='ocr_par' dir='ltr' id='par_1_43' title="bbox 200 2696 1877 2767">
     <span class='ocr_line' id='line_1_43' title="bbox 200 2696 1877 2767; baseline 0 -17"><span class='ocrx_word' id='word_1_307' title='bbox 200 2734 202 2737; x_wconf 84' lang='lat'><strong><em>-</em></strong></span> <span class='ocrx_word' id='word_1_308' title='bbox 285 2696 819 2767; x_wconf 84' lang='lat' dir='ltr'><strong>.tanquamlegitimo</strong></span> <span class='ocrx_word' id='word_1_309' title='bbox 842 2696 958 2752; x_wconf 90' lang='lat' dir='ltr'><strong>viro</strong></span> <span class='ocrx_word' id='word_1_310' title='bbox 997 2705 1195 2762; x_wconf 87' lang='lat' dir='ltr'><strong>servat,</strong></span> <span class='ocrx_word' id='word_1_311' title='bbox 1228 2704 1283 2750; x_wconf 93' lang='lat' dir='ltr'><strong>et</strong></span> <span class='ocrx_word' id='word_1_312' title='bbox 1311 2696 1781 2764; x_wconf 86' lang='lat' dir='ltr'><strong>congregationem</strong></span> <span class='ocrx_word' id='word_1_313' title='bbox 1814 2698 1877 2750; x_wconf 87' lang='lat' dir='ltr'><strong>ti-</strong></span> 
     </span>
    </p>
   </div>
   <div class='ocr_carea' id='block_1_44' title="bbox 286 2785 1199 2856">
    <p class='ocr_par' dir='ltr' id='par_1_44' title="bbox 286 2785 1199 2856">
     <span class='ocr_line' id='line_1_44' title="bbox 286 2785 1199 2856; baseline -0.003 -13"><span class='ocrx_word' id='word_1_314' title='bbox 286 2787 498 2844; x_wconf 84' lang='lat' dir='ltr'><strong>.liorum</strong></span> <span class='ocrx_word' id='word_1_315' title='bbox 521 2789 575 2842; x_wconf 86' lang='lat' dir='ltr'><strong>in</strong></span> <span class='ocrx_word' id='word_1_316' title='bbox 604 2789 830 2843; x_wconf 88' lang='lat' dir='ltr'><strong>caritate</strong></span> <span class='ocrx_word' id='word_1_317' title='bbox 861 2785 1199 2856; x_wconf 88' lang='lat' dir='ltr'><strong>multiplicat.</strong></span> 
     </span>
    </p>
   </div>
   <div class='ocr_carea' id='block_1_45' title="bbox 321 2877 1878 2943">
    <p class='ocr_par' dir='ltr' id='par_1_45' title="bbox 321 2877 1878 2943">
     <span class='ocr_line' id='line_1_45' title="bbox 321 2877 1878 2943; baseline 0 -11"><span class='ocrx_word' id='word_1_318' title='bbox 321 2928 327 2932; x_wconf 83' lang='lat'><strong>.</strong></span> <span class='ocrx_word' id='word_1_319' title='bbox 379 2880 431 2936; x_wconf 83' lang='lat'><strong>7.</strong></span> <span class='ocrx_word' id='word_1_320' title='bbox 466 2882 519 2934; x_wconf 93' lang='lat' dir='ltr'><strong>In</strong></span> <span class='ocrx_word' id='word_1_321' title='bbox 548 2880 648 2934; x_wconf 89' lang='lat' dir='ltr'><strong>hac</strong></span> <span class='ocrx_word' id='word_1_322' title='bbox 677 2887 884 2933; x_wconf 89' lang='lat' dir='ltr'><strong>turture</strong></span> <span class='ocrx_word' id='word_1_323' title='bbox 925 2888 980 2933; x_wconf 93' lang='lat' dir='ltr'><strong>et</strong></span> <span class='ocrx_word' id='word_1_324' title='bbox 1007 2877 1272 2943; x_wconf 90' lang='lat' dir='ltr'><strong>columba,</strong></span> <span class='ocrx_word' id='word_1_325' title='bbox 1304 2877 1634 2932; x_wconf 87' lang='lat' dir='ltr'><strong>dilectissimi</strong></span> <span class='ocrx_word' id='word_1_326' title='bbox 1664 2877 1878 2943; x_wconf 82' lang='lat' dir='ltr'><strong>fratres,</strong></span> 
     </span>
    </p>
   </div>
   <div class='ocr_carea' id='block_1_46' title="bbox 301 2968 1882 3040">
    <p class='ocr_par' dir='ltr' id='par_1_46' title="bbox 301 2968 1882 3040">
     <span class='ocr_line' id='line_1_46' title="bbox 301 2968 1882 3040; baseline -0.003 -14"><span class='ocrx_word' id='word_1_327' title='bbox 301 2971 531 3026; x_wconf 79' lang='lat' dir='ltr'><strong>sollicite</strong></span> <span class='ocrx_word' id='word_1_328' title='bbox 560 2978 892 3040; x_wconf 88' lang='lat' dir='ltr'><strong>permanete,</strong></span> <span class='ocrx_word' id='word_1_329' title='bbox 912 2970 1060 3025; x_wconf 89' lang='lat' dir='ltr'><strong>hanc</strong></span> <span class='ocrx_word' id='word_1_330' title='bbox 1078 2969 1217 3023; x_wconf 89' lang='lat' dir='ltr'><strong>votis</strong></span> <span class='ocrx_word' id='word_1_331' title='bbox 1240 2968 1488 3023; x_wconf 89' lang='lat' dir='ltr'><strong>omnibus</strong></span> <span class='ocrx_word' id='word_1_332' title='bbox 1515 2970 1798 3031; x_wconf 90' lang='lat' dir='ltr'><strong>custodite,</strong></span> <span class='ocrx_word' id='word_1_333' title='bbox 1823 2977 1882 3022; x_wconf 94' lang='lat' dir='ltr'><strong>ut</strong></span> 
     </span>
    </p>
   </div>
   <div class='ocr_carea' id='block_1_47' title="bbox 284 3058 1879 3130">
    <p class='ocr_par' dir='ltr' id='par_1_47' title="bbox 284 3058 1879 3130">
     <span class='ocr_line' id='line_1_47' title="bbox 284 3058 1879 3130; baseline -0.003 -14"><span class='ocrx_word' id='word_1_334' title='bbox 284 3076 425 3116; x_wconf 68' lang='lat' dir='ltr'><strong>eam</strong></span> <span class='ocrx_word' id='word_1_335' title='bbox 467 3075 566 3115; x_wconf 92' lang='lat' dir='ltr'><strong>nec</strong></span> <span class='ocrx_word' id='word_1_336' title='bbox 609 3060 842 3130; x_wconf 10' lang='lat' dir='ltr'><strong>Arian’us</strong></span> <span class='ocrx_word' id='word_1_337' title='bbox 871 3061 1073 3124; x_wconf 79' lang='lat' dir='ltr'><strong>violet,</strong></span> <span class='ocrx_word' id='word_1_338' title='bbox 1117 3074 1219 3114; x_wconf 86' lang='lat' dir='ltr'><strong>nec</strong></span> <span class='ocrx_word' id='word_1_339' title='bbox 1262 3058 1537 3114; x_wconf 88' lang='lat' dir='ltr'><strong>Donatista</strong></span> <span class='ocrx_word' id='word_1_340' title='bbox 1575 3059 1879 3124; x_wconf 89' lang='lat' dir='ltr'><strong>conculcet,</strong></span> 
     </span>
    </p>
   </div>
   <div class='ocr_carea' id='block_1_48' title="bbox 1980 1887 2138 1944">
    <p class='ocr_par' dir='ltr' id='par_1_48' title="bbox 1980 1887 2138 1944">
     <span class='ocr_line' id='line_1_48' title="bbox 1980 1887 2138 1944; baseline -0.025 0"><span class='ocrx_word' id='word_1_341' title='bbox 1980 1887 2138 1944; x_wconf 86' lang='lat' dir='ltr'><strong>Dens.</strong></span> 
     </span>
    </p>
   </div>
   <div class='ocr_carea' id='block_1_49' title="bbox 2503 1971 2923 2066">
    <p class='ocr_par' dir='ltr' id='par_1_49' title="bbox 2503 1971 2923 2066">
     <span class='ocr_line' id='line_1_49' title="bbox 2503 1971 2923 2066; baseline 0.007 -3"><span class='ocrx_word' id='word_1_342' title='bbox 2503 1971 2510 1977; x_wconf 45' lang='grc'><strong>⁷</strong></span> <span class='ocrx_word' id='word_1_343' title='bbox 2605 1973 2829 2065; x_wconf 67' lang='lat' dir='ltr'><strong>sentio</strong></span> <span class='ocrx_word' id='word_1_344' title='bbox 2882 1979 2923 2066; x_wconf 77' lang='lat' dir='ltr'><strong>ll</strong></span> 
     </span>
    </p>
   </div>
   <div class='ocr_carea' id='block_1_50' title="bbox 2287 2118 3248 2184">
    <p class='ocr_par' dir='ltr' id='par_1_50' title="bbox 2287 2118 3248 2184">
     <span class='ocr_line' id='line_1_50' title="bbox 2287 2118 3248 2184; baseline 0.009 -18"><span class='ocrx_word' id='word_1_345' title='bbox 2287 2119 2358 2179; x_wconf 81' lang='lat' dir='ltr'><strong>(ut</strong></span> <span class='ocrx_word' id='word_1_346' title='bbox 2380 2118 2578 2168; x_wconf 76' lang='lat' dir='ltr'><strong>habetur</strong></span> <span class='ocrx_word' id='word_1_347' title='bbox 2595 2119 2644 2169; x_wconf 82' lang='lat' dir='ltr'><strong>in</strong></span> <span class='ocrx_word' id='word_1_348' title='bbox 2667 2134 2779 2181; x_wconf 78' lang='lat' dir='ltr'><strong>ms.,</strong></span> <span class='ocrx_word' id='word_1_349' title='bbox 2803 2122 2890 2172; x_wconf 82' lang='lat' dir='ltr'><strong>etsi</strong></span> <span class='ocrx_word' id='word_1_350' title='bbox 2913 2123 3056 2172; x_wconf 79' lang='lat' dir='ltr'><strong>dubio</strong></span> <span class='ocrx_word' id='word_1_351' title='bbox 3073 2123 3248 2184; x_wconf 80' lang='lat' dir='ltr'><strong>titulo).</strong></span> 
     </span>
    </p>
   </div>
   <div class='ocr_carea' id='block_1_51' title="bbox 2195 2217 3373 2294">
    <p class='ocr_par' dir='ltr' id='par_1_51' title="bbox 2195 2217 3373 2294">
     <span class='ocr_line' id='line_1_51' title="bbox 2195 2217 3373 2294; baseline 0.006 -22"><span class='ocrx_word' id='word_1_352' title='bbox 2195 2218 2261 2273; x_wconf 83' lang='lat' dir='ltr'><strong>In</strong></span> <span class='ocrx_word' id='word_1_353' title='bbox 2295 2219 2674 2288; x_wconf 73' lang='lat' dir='ltr'><strong>Puriﬁeatione</strong></span> <span class='ocrx_word' id='word_1_354' title='bbox 2695 2221 2858 2276; x_wconf 82' lang='lat' dir='ltr'><strong>beata:</strong></span> <span class='ocrx_word' id='word_1_355' title='bbox 2889 2221 3113 2294; x_wconf 82' lang='lat' dir='ltr'><strong>Virginis</strong></span> <span class='ocrx_word' id='word_1_356' title='bbox 3136 2223 3338 2280; x_wconf 64' lang='lat' dir='ltr'><strong>Maria.</strong></span> <span class='ocrx_word' id='word_1_357' title='bbox 3363 2217 3373 2222; x_wconf 71' lang='grc'><strong>’</strong></span> 
     </span>
    </p>
   </div>
   <div class='ocr_carea' id='block_1_52' title="bbox 2053 2326 3664 2413">
    <p class='ocr_par' dir='ltr' id='par_1_52' title="bbox 2053 2326 3664 2413">
     <span class='ocr_line' id='line_1_52' title="bbox 2053 2326 3664 2413; baseline 0.007 -26"><span class='ocrx_word' id='word_1_358' title='bbox 2053 2334 2103 2388; x_wconf 76' lang='grc' dir='ltr'><strong>Ι.</strong></span> <span class='ocrx_word' id='word_1_359' title='bbox 2135 2333 2192 2389; x_wconf 89' lang='lat' dir='ltr'><strong>Si</strong></span> <span class='ocrx_word' id='word_1_360' title='bbox 2221 2335 2487 2390; x_wconf 87' lang='lat' dir='ltr'><strong>subtiliter</strong></span> <span class='ocrx_word' id='word_1_361' title='bbox 2509 2352 2538 2390; x_wconf 90' lang='lat' dir='ltr'><strong>a</strong></span> <span class='ocrx_word' id='word_1_362' title='bbox 2570 2335 2812 2392; x_wconf 89' lang='lat' dir='ltr'><strong>ﬁdelibus</strong></span> <span class='ocrx_word' id='word_1_363' title='bbox 2840 2338 2998 2406; x_wconf 86' lang='lat' dir='ltr'><strong>hujus</strong></span> <span class='ocrx_word' id='word_1_364' title='bbox 3024 2338 3128 2393; x_wconf 89' lang='lat' dir='ltr'><strong>diei</strong></span> <span class='ocrx_word' id='word_1_365' title='bbox 3150 2340 3408 2397; x_wconf 88' lang='lat' dir='ltr'><strong>festivitas</strong></span> <span class='ocrx_word' id='word_1_366' title='bbox 3435 2359 3554 2413; x_wconf 46' lang='lat' dir='ltr'><strong>per.</strong></span> <span class='ocrx_word' id='word_1_367' title='bbox 3655 2326 3664 2333; x_wconf 56' lang='grc'><strong>’</strong></span> 
     </span>
    </p>
   </div>
   <div class='ocr_carea' id='block_1_53' title="bbox 1979 2425 3646 2495">
    <p class='ocr_par' dir='ltr' id='par_1_53' title="bbox 1979 2425 3646 2495">
     <span class='ocr_line' id='line_1_53' title="bbox 1979 2425 3646 2495; baseline 0.005 -16"><span class='ocrx_word' id='word_1_368' title='bbox 1979 2425 2276 2495; x_wconf 74' lang='lat' dir='ltr'><strong>pendetur,</strong></span> <span class='ocrx_word' id='word_1_369' title='bbox 2326 2441 2392 2481; x_wconf 93' lang='lat' dir='ltr'><strong>eo</strong></span> <span class='ocrx_word' id='word_1_370' title='bbox 2418 2427 2721 2482; x_wconf 87' lang='lat' dir='ltr'><strong>devotionis</strong></span> <span class='ocrx_word' id='word_1_371' title='bbox 2760 2428 2952 2483; x_wconf 80' lang='lat' dir='ltr'><strong>affectu</strong></span> <span class='ocrx_word' id='word_1_372' title='bbox 3002 2431 3139 2484; x_wconf 88' lang='lat' dir='ltr'><strong>hanc</strong></span> <span class='ocrx_word' id='word_1_373' title='bbox 3180 2433 3555 2487; x_wconf 85' lang='lat' dir='ltr'><strong>celebrandam</strong></span> <span class='ocrx_word' id='word_1_374' title='bbox 3644 2428 3646 2431; x_wconf 65' lang='grc'>’</span> 
     </span>
    </p>
   </div>
   <div class='ocr_carea' id='block_1_54' title="bbox 1979 2503 3557 2588">
    <p class='ocr_par' dir='ltr' id='par_1_54' title="bbox 1979 2503 3557 2588">
     <span class='ocr_line' id='line_1_54' title="bbox 1979 2503 3557 2588; baseline 0.004 -17"><span class='ocrx_word' id='word_1_375' title='bbox 1979 2516 2310 2586; x_wconf 87' lang='lat' dir='ltr'><strong>suscipiant,</strong></span> <span class='ocrx_word' id='word_1_376' title='bbox 2355 2533 2464 2586; x_wconf 92' lang='lat' dir='ltr'><strong>quo</strong></span> <span class='ocrx_word' id='word_1_377' title='bbox 2491 2503 2783 2574; x_wconf 69' lang='lat' dir='ltr'><strong>Dominica:</strong></span> <span class='ocrx_word' id='word_1_378' title='bbox 2827 2518 3151 2588; x_wconf 86' lang='lat' dir='ltr'><strong>Nativitatis,</strong></span> <span class='ocrx_word' id='word_1_379' title='bbox 3181 2519 3557 2578; x_wconf 85' lang='lat' dir='ltr'><strong>Circumcisio-</strong></span> 
     </span>
    </p>
   </div>
   <div class='ocr_carea' id='block_1_55' title="bbox 1989 2605 3558 2676">
    <p class='ocr_par' dir='ltr' id='par_1_55' title="bbox 1989 2605 3558 2676">
     <span class='ocr_line' id='line_1_55' title="bbox 1989 2605 3558 2676; baseline 0.004 -16"><span class='ocrx_word' id='word_1_380' title='bbox 1989 2605 2093 2671; x_wconf 89' lang='lat' dir='ltr'><strong>nis,</strong></span> <span class='ocrx_word' id='word_1_381' title='bbox 2135 2615 2298 2674; x_wconf 89' lang='lat' dir='ltr'><strong>atque</strong></span> <span class='ocrx_word' id='word_1_382' title='bbox 2337 2607 2702 2676; x_wconf 82' lang='lat' dir='ltr'><strong>Apparitionis</strong></span> <span class='ocrx_word' id='word_1_383' title='bbox 2744 2608 3003 2662; x_wconf 91' lang='lat' dir='ltr'><strong>solemnia</strong></span> <span class='ocrx_word' id='word_1_384' title='bbox 3032 2619 3157 2666; x_wconf 90' lang='lat' dir='ltr'><strong>sunt</strong></span> <span class='ocrx_word' id='word_1_385' title='bbox 3185 2612 3371 2666; x_wconf 87' lang='lat' dir='ltr'><strong>secuti.</strong></span> <span class='ocrx_word' id='word_1_386' title='bbox 3415 2609 3558 2667; x_wconf 85' lang='lat' dir='ltr'><strong>Illius</strong></span> 
     </span>
    </p>
   </div>
   <div class='ocr_carea' id='block_1_56' title="bbox 1981 2695 3558 2768">
    <p class='ocr_par' dir='ltr' id='par_1_56' title="bbox 1981 2695 3558 2768">
     <span class='ocr_line' id='line_1_56' title="bbox 1981 2695 3558 2768; baseline 0.007 -20"><span class='ocrx_word' id='word_1_387' title='bbox 1981 2702 2064 2748; x_wconf 89' lang='lat' dir='ltr'><strong>est</strong></span> <span class='ocrx_word' id='word_1_388' title='bbox 2079 2695 2222 2749; x_wconf 89' lang='lat' dir='ltr'><strong>enim</strong></span> <span class='ocrx_word' id='word_1_389' title='bbox 2245 2696 2346 2751; x_wconf 90' lang='lat' dir='ltr'><strong>ista</strong></span> <span class='ocrx_word' id='word_1_390' title='bbox 2368 2696 2696 2762; x_wconf 79' lang='lat' dir='ltr'><strong>solemtiitas,</strong></span> <span class='ocrx_word' id='word_1_391' title='bbox 2732 2697 2885 2767; x_wconf 86' lang='lat' dir='ltr'><strong>cujus</strong></span> <span class='ocrx_word' id='word_1_392' title='bbox 2912 2709 2964 2754; x_wconf 87' lang='lat' dir='ltr'><strong>et</strong></span> <span class='ocrx_word' id='word_1_393' title='bbox 2989 2700 3098 2768; x_wconf 91' lang='lat' dir='ltr'><strong>illa,</strong></span> <span class='ocrx_word' id='word_1_394' title='bbox 3132 2702 3224 2757; x_wconf 90' lang='lat' dir='ltr'><strong>sed</strong></span> <span class='ocrx_word' id='word_1_395' title='bbox 3252 2719 3349 2758; x_wconf 92' lang='lat' dir='ltr'><strong>nec</strong></span> <span class='ocrx_word' id='word_1_396' title='bbox 3384 2705 3558 2760; x_wconf 88' lang='lat' dir='ltr'><strong>minor</strong></span> 
     </span>
    </p>
   </div>
   <div class='ocr_carea' id='block_1_57' title="bbox 1981 2786 3558 2865">
    <p class='ocr_par' dir='ltr' id='par_1_57' title="bbox 1981 2786 3558 2865">
     <span class='ocr_line' id='line_1_57' title="bbox 1981 2786 3558 2865; baseline 0.007 -26"><span class='ocrx_word' id='word_1_397' title='bbox 1981 2794 2065 2840; x_wconf 90' lang='lat' dir='ltr'><strong>est</strong></span> <span class='ocrx_word' id='word_1_398' title='bbox 2092 2786 2191 2840; x_wconf 87' lang='lat' dir='ltr'><strong>ista</strong></span> <span class='ocrx_word' id='word_1_399' title='bbox 2218 2801 2378 2856; x_wconf 90' lang='lat' dir='ltr'><strong>quam</strong></span> <span class='ocrx_word' id='word_1_400' title='bbox 2403 2787 2511 2842; x_wconf 88' lang='lat' dir='ltr'><strong>illa.</strong></span> <span class='ocrx_word' id='word_1_401' title='bbox 2543 2787 2697 2854; x_wconf 85' lang='lat' dir='ltr'><strong>Quod</strong></span> <span class='ocrx_word' id='word_1_402' title='bbox 2726 2791 2907 2859; x_wconf 89' lang='lat' dir='ltr'><strong>utique</strong></span> <span class='ocrx_word' id='word_1_403' title='bbox 2935 2792 2987 2864; x_wconf 87' lang='lat' dir='ltr'><strong>in</strong></span> <span class='ocrx_word' id='word_1_404' title='bbox 3004 2793 3111 2848; x_wconf 90' lang='lat' dir='ltr'><strong>hoc</strong></span> <span class='ocrx_word' id='word_1_405' title='bbox 3137 2809 3385 2848; x_wconf 86' lang='lat' dir='ltr'><strong>sermone</strong></span> <span class='ocrx_word' id='word_1_406' title='bbox 3405 2811 3558 2865; x_wconf 88' lang='lat' dir='ltr'><strong>aper-</strong></span> 
     </span>
    </p>
   </div>
   <div class='ocr_carea' id='block_1_58' title="bbox 1986 2876 3557 2954">
    <p class='ocr_par' dir='ltr' id='par_1_58' title="bbox 1986 2876 3557 2954">
     <span class='ocr_line' id='line_1_58' title="bbox 1986 2876 3557 2954; baseline 0.006 -25"><span class='ocrx_word' id='word_1_407' title='bbox 1986 2876 2496 2932; x_wconf 66' lang='lat' dir='ltr'><strong>tis‘monstrabimus</strong></span> <span class='ocrx_word' id='word_1_408' title='bbox 2525 2879 2878 2942; x_wconf 73' lang='lat' dir='ltr'><strong>documentis.</strong></span> <span class='ocrx_word' id='word_1_409' title='bbox 2910 2879 3076 2950; x_wconf 84' lang='lat' dir='ltr'><strong>Hujus</strong></span> <span class='ocrx_word' id='word_1_410' title='bbox 3111 2884 3310 2954; x_wconf 85' lang='lat' dir='ltr'><strong>quippe</strong></span> <span class='ocrx_word' id='word_1_411' title='bbox 3336 2883 3440 2938; x_wconf 87' lang='lat' dir='ltr'><strong>diei</strong></span> <span class='ocrx_word' id='word_1_412' title='bbox 3466 2900 3557 2940; x_wconf 87' lang='lat' dir='ltr'><strong>so-</strong></span> 
     </span>
    </p>
   </div>
   <div class='ocr_carea' id='block_1_59' title="bbox 1983 2965 3560 3042">
    <p class='ocr_par' dir='ltr' id='par_1_59' title="bbox 1983 2965 3560 3042">
     <span class='ocr_line' id='line_1_59' title="bbox 1983 2965 3560 3042; baseline 0.006 -23"><span class='ocrx_word' id='word_1_413' title='bbox 1983 2965 2229 3020; x_wconf 90' lang='lat' dir='ltr'><strong>lemnitas</strong></span> <span class='ocrx_word' id='word_1_414' title='bbox 2256 3007 2270 3033; x_wconf 90' lang='lat'><strong>,</strong></span> <span class='ocrx_word' id='word_1_415' title='bbox 2310 2967 2450 3022; x_wconf 92' lang='lat' dir='ltr'><strong>sicut</strong></span> <span class='ocrx_word' id='word_1_416' title='bbox 2489 2981 2519 3022; x_wconf 91' lang='lat' dir='ltr'><strong>a</strong></span> <span class='ocrx_word' id='word_1_417' title='bbox 2546 2968 2862 3037; x_wconf 85' lang='lat' dir='ltr'><strong>quibusdam</strong></span> <span class='ocrx_word' id='word_1_418' title='bbox 2906 2969 3224 3027; x_wconf 88' lang='lat' dir='ltr'><strong>Christianis</strong></span> <span class='ocrx_word' id='word_1_419' title='bbox 3262 2974 3560 3042; x_wconf 88' lang='lat' dir='ltr'><strong>ignoratur,</strong></span> 
     </span>
    </p>
   </div>
   <div class='ocr_carea' id='block_1_60' title="bbox 1982 3055 3558 3125">
    <p class='ocr_par' dir='ltr' id='par_1_60' title="bbox 1982 3055 3558 3125">
     <span class='ocr_line' id='line_1_60' title="bbox 1982 3055 3558 3125; baseline 0.006 -17"><span class='ocrx_word' id='word_1_420' title='bbox 1982 3055 2062 3109; x_wconf 87' lang='lat' dir='ltr'><strong>sic</strong></span> <span class='ocrx_word' id='word_1_421' title='bbox 2082 3069 2112 3109; x_wconf 90' lang='lat' dir='ltr'><strong>a</strong></span> <span class='ocrx_word' id='word_1_422' title='bbox 2133 3056 2313 3111; x_wconf 91' lang='lat' dir='ltr'><strong>multis</strong></span> <span class='ocrx_word' id='word_1_423' title='bbox 2338 3071 2447 3125; x_wconf 75' lang='lat' dir='ltr'><strong>pra:</strong></span> <span class='ocrx_word' id='word_1_424' title='bbox 2485 3058 2694 3113; x_wconf 70' lang='lat' dir='ltr'><strong>caneris</strong></span> <span class='ocrx_word' id='word_1_425' title='bbox 2719 3059 2843 3113; x_wconf 90' lang='lat' dir='ltr'><strong>anni</strong></span> <span class='ocrx_word' id='word_1_426' title='bbox 2871 3059 3296 3116; x_wconf 87' lang='lat' dir='ltr'><strong>solemnitatibus</strong></span> <span class='ocrx_word' id='word_1_427' title='bbox 3326 3065 3558 3120; x_wconf 87' lang='lat' dir='ltr'><strong>honora-</strong></span> 
     </span>
    </p>
   </div>
   <div class='ocr_carea' id='block_1_61' title="bbox 305 3147 3564 3232">
    <p class='ocr_par' dir='ltr' id='par_1_61' title="bbox 305 3147 3564 3232">
     <span class='ocr_line' id='line_1_61' title="bbox 305 3147 3564 3232; baseline 0.002 -25"><span class='ocrx_word' id='word_1_428' title='bbox 305 3169 408 3217; x_wconf 82' lang='lat' dir='ltr'><strong>nec</strong></span> <span class='ocrx_word' id='word_1_429' title='bbox 453 3152 774 3208; x_wconf 65' lang='lat' dir='ltr'><strong>Manichacus</strong></span> <span class='ocrx_word' id='word_1_430' title='bbox 819 3152 1081 3224; x_wconf 86' lang='lat' dir='ltr'><strong>inquinet.</strong></span> <span class='ocrx_word' id='word_1_431' title='bbox 1113 3150 1155 3204; x_wconf 92' lang='lat' dir='ltr'><strong>li</strong></span> <span class='ocrx_word' id='word_1_432' title='bbox 1194 3151 1358 3216; x_wconf 87' lang='lat' dir='ltr'><strong>enim,</strong></span> <span class='ocrx_word' id='word_1_433' title='bbox 1407 3151 1556 3206; x_wconf 91' lang='lat' dir='ltr'><strong>velut</strong></span> <span class='ocrx_word' id='word_1_434' title='bbox 1602 3152 1884 3221; x_wconf 87' lang='lat' dir='ltr'><strong>accipitres</strong></span> <span class='ocrx_word' id='word_1_435' title='bbox 1911 3169 1958 3232; x_wconf 69' lang='grc' dir='ltr'>ε</span> <span class='ocrx_word' id='word_1_436' title='bbox 1987 3147 2094 3201; x_wconf 92' lang='lat' dir='ltr'><strong>tior</strong></span> <span class='ocrx_word' id='word_1_437' title='bbox 2129 3147 2374 3202; x_wconf 91' lang='lat' dir='ltr'><strong>habetur.</strong></span> <span class='ocrx_word' id='word_1_438' title='bbox 2407 3147 2634 3205; x_wconf 82' lang='lat' dir='ltr'><strong>Maxime</strong></span> <span class='ocrx_word' id='word_1_439' title='bbox 2687 3159 2864 3205; x_wconf 90' lang='lat' dir='ltr'><strong>autem</strong></span> <span class='ocrx_word' id='word_1_440' title='bbox 2895 3167 2961 3206; x_wconf 92' lang='lat' dir='ltr'><strong>eo</strong></span> <span class='ocrx_word' id='word_1_441' title='bbox 2989 3153 3122 3208; x_wconf 86' lang='lat' dir='ltr'><strong>loco-</strong></span> <span class='ocrx_word' id='word_1_442' title='bbox 3140 3170 3247 3224; x_wconf 92' lang='lat' dir='ltr'><strong>quo</strong></span> <span class='ocrx_word' id='word_1_443' title='bbox 3275 3157 3564 3225; x_wconf 90' lang='lat' dir='ltr'><strong>primatum</strong></span> 
     </span>
    </p>
   </div>
   <div class='ocr_carea' id='block_1_62' title="bbox 286 3237 3564 3310">
    <p class='ocr_par' dir='ltr' id='par_1_62' title="bbox 286 3237 3564 3310">
     <span class='ocr_line' id='line_1_62' title="bbox 286 3237 3564 3310; baseline 0.002 -12"><span class='ocrx_word' id='word_1_444' title='bbox 286 3242 453 3307; x_wconf 69' lang='lat' dir='ltr'><strong>:mali,</strong></span> <span class='ocrx_word' id='word_1_445' title='bbox 497 3243 754 3297; x_wconf 83' lang='lat' dir='ltr'><strong>unitatem</strong></span> <span class='ocrx_word' id='word_1_446' title='bbox 779 3241 1043 3297; x_wconf 65' lang='lat' dir='ltr'><strong>columbae</strong></span> <span class='ocrx_word' id='word_1_447' title='bbox 1071 3241 1292 3309; x_wconf 89' lang='lat' dir='ltr'><strong>cupiunt</strong></span> <span class='ocrx_word' id='word_1_448' title='bbox 1318 3240 1598 3310; x_wconf 87' lang='lat' dir='ltr'><strong>dissipare,</strong></span> <span class='ocrx_word' id='word_1_449' title='bbox 1643 3250 1698 3295; x_wconf 89' lang='lat' dir='ltr'><strong>et</strong></span> <span class='ocrx_word' id='word_1_450' title='bbox 1725 3242 1887 3296; x_wconf 89' lang='lat' dir='ltr'><strong>casti-</strong></span> <span class='ocrx_word' id='word_1_451' title='bbox 1990 3237 2227 3294; x_wconf 85' lang='lat' dir='ltr'><strong>Ecclesia</strong></span> <span class='ocrx_word' id='word_1_452' title='bbox 2256 3240 2519 3295; x_wconf 88' lang='lat' dir='ltr'><strong>catholica</strong></span> <span class='ocrx_word' id='word_1_453' title='bbox 2549 3241 2600 3295; x_wconf 89' lang='lat' dir='ltr'><strong>in</strong></span> <span class='ocrx_word' id='word_1_454' title='bbox 2641 3239 2864 3296; x_wconf 88' lang='lat' dir='ltr'><strong>Pastore</strong></span> <span class='ocrx_word' id='word_1_455' title='bbox 2893 3244 3082 3297; x_wconf 89' lang='lat' dir='ltr'><strong>sortita</strong></span> <span class='ocrx_word' id='word_1_456' title='bbox 3111 3253 3210 3308; x_wconf 90' lang='lat' dir='ltr'><strong>est,</strong></span> <span class='ocrx_word' id='word_1_457' title='bbox 3242 3246 3293 3298; x_wconf 92' lang='lat' dir='ltr'><strong>in</strong></span> <span class='ocrx_word' id='word_1_458' title='bbox 3325 3255 3470 3300; x_wconf 87' lang='lat' dir='ltr'><strong>tanta</strong></span> <span class='ocrx_word' id='word_1_459' title='bbox 3501 3263 3564 3305; x_wconf 85' lang='lat' dir='ltr'><strong>ea</strong></span> 
     </span>
    </p>
   </div>
   <div class='ocr_carea' id='block_1_63' title="bbox 289 3329 3565 3395">
    <p class='ocr_par' dir='ltr' id='par_1_63' title="bbox 289 3329 3565 3395">
     <span class='ocr_line' id='line_1_63' title="bbox 289 3329 3565 3395; baseline -0 -5"><span class='ocrx_word' id='word_1_460' title='bbox 289 3344 473 3390; x_wconf 82' lang='lat' dir='ltr'><strong>.tatem</strong></span> <span class='ocrx_word' id='word_1_461' title='bbox 519 3335 742 3390; x_wconf 86' lang='lat' dir='ltr'><strong>turturis</strong></span> <span class='ocrx_word' id='word_1_462' title='bbox 787 3332 1094 3389; x_wconf 87' lang='lat' dir='ltr'><strong>desiderant</strong></span> <span class='ocrx_word' id='word_1_463' title='bbox 1121 3333 1346 3388; x_wconf 88' lang='lat' dir='ltr'><strong>violare.</strong></span> <span class='ocrx_word' id='word_1_464' title='bbox 1392 3331 1524 3388; x_wconf 83' lang='lat' dir='ltr'><strong>Nam</strong></span> <span class='ocrx_word' id='word_1_465' title='bbox 1568 3332 1890 3387; x_wconf 80' lang='lat' dir='ltr'><strong>Manichacus</strong></span> <span class='ocrx_word' id='word_1_466' title='bbox 1991 3330 2290 3384; x_wconf 90' lang='lat' dir='ltr'><strong>reverentia</strong></span> <span class='ocrx_word' id='word_1_467' title='bbox 2321 3329 2514 3384; x_wconf 91' lang='lat' dir='ltr'><strong>abillis</strong></span> <span class='ocrx_word' id='word_1_468' title='bbox 2540 3330 2784 3395; x_wconf 90' lang='lat' dir='ltr'><strong>habetur,</strong></span> <span class='ocrx_word' id='word_1_469' title='bbox 2825 3340 2883 3384; x_wconf 91' lang='lat' dir='ltr'><strong>ut</strong></span> <span class='ocrx_word' id='word_1_470' title='bbox 2910 3347 2972 3385; x_wconf 90' lang='lat' dir='ltr'><strong>ea</strong></span> <span class='ocrx_word' id='word_1_471' title='bbox 3003 3332 3090 3386; x_wconf 90' lang='lat' dir='ltr'><strong>die</strong></span> <span class='ocrx_word' id='word_1_472' title='bbox 3116 3343 3306 3387; x_wconf 89' lang='lat' dir='ltr'><strong>cuncta</strong></span> <span class='ocrx_word' id='word_1_473' title='bbox 3336 3335 3565 3390; x_wconf 86' lang='lat' dir='ltr'><strong>civitatis</strong></span> 
     </span>
    </p>
   </div>
   <div class='ocr_carea' id='block_1_64' title="bbox 293 3415 3596 3490">
    <p class='ocr_par' dir='ltr' id='par_1_64' title="bbox 293 3415 3596 3490">
     <span class='ocr_line' id='line_1_64' title="bbox 293 3415 3596 3490; baseline 0 -11"><span class='ocrx_word' id='word_1_474' title='bbox 293 3439 492 3480; x_wconf 61' lang='lat' dir='ltr'><strong>veram</strong></span> <span class='ocrx_word' id='word_1_475' title='bbox 518 3427 574 3480; x_wconf 91' lang='lat' dir='ltr'><strong>in</strong></span> <span class='ocrx_word' id='word_1_476' title='bbox 617 3425 832 3482; x_wconf 89' lang='lat' dir='ltr'><strong>Christo</strong></span> <span class='ocrx_word' id='word_1_477' title='bbox 873 3441 982 3480; x_wconf 89' lang='lat' dir='ltr'><strong>non</strong></span> <span class='ocrx_word' id='word_1_478' title='bbox 1027 3424 1199 3480; x_wconf 89' lang='lat' dir='ltr'><strong>credit</strong></span> <span class='ocrx_word' id='word_1_479' title='bbox 1235 3438 1496 3490; x_wconf 84' lang='lat' dir='ltr'><strong>carnem,</strong></span> <span class='ocrx_word' id='word_1_480' title='bbox 1537 3424 1767 3478; x_wconf 79' lang='lat' dir='ltr'><strong>Arianus</strong></span> <span class='ocrx_word' id='word_1_481' title='bbox 1795 3438 1884 3477; x_wconf 86' lang='lat' dir='ltr'><strong>ve-</strong></span> <span class='ocrx_word' id='word_1_482' title='bbox 1993 3419 2146 3472; x_wconf 90' lang='lat' dir='ltr'><strong>turba</strong></span> <span class='ocrx_word' id='word_1_483' title='bbox 2176 3421 2228 3472; x_wconf 89' lang='lat' dir='ltr'><strong>in</strong></span> <span class='ocrx_word' id='word_1_484' title='bbox 2256 3435 2417 3473; x_wconf 87' lang='lat' dir='ltr'><strong>unum</strong></span> <span class='ocrx_word' id='word_1_485' title='bbox 2457 3420 2702 3486; x_wconf 91' lang='lat' dir='ltr'><strong>collecta,</strong></span> <span class='ocrx_word' id='word_1_486' title='bbox 2744 3421 3015 3476; x_wconf 89' lang='lat' dir='ltr'><strong>immensis</strong></span> <span class='ocrx_word' id='word_1_487' title='bbox 3044 3438 3321 3478; x_wconf 90' lang='lat' dir='ltr'><strong>cereorum</strong></span> <span class='ocrx_word' id='word_1_488' title='bbox 3351 3415 3596 3479; x_wconf 44' lang='lat' dir='ltr'><strong>lumini?</strong></span> 
     </span>
    </p>
   </div>
   <div class='ocr_carea' id='block_1_65' title="bbox 293 3511 3563 3581">
    <p class='ocr_par' dir='ltr' id='par_1_65' title="bbox 293 3511 3563 3581">
     <span class='ocr_line' id='line_1_65' title="bbox 293 3511 3563 3581; baseline 0 -10"><span class='ocrx_word' id='word_1_489' title='bbox 293 3531 420 3571; x_wconf 63' lang='lat' dir='ltr'><strong>.ram</strong></span> <span class='ocrx_word' id='word_1_490' title='bbox 459 3517 513 3572; x_wconf 86' lang='lat' dir='ltr'><strong>iu</strong></span> <span class='ocrx_word' id='word_1_491' title='bbox 541 3531 608 3571; x_wconf 90' lang='lat' dir='ltr'><strong>eo</strong></span> <span class='ocrx_word' id='word_1_492' title='bbox 645 3517 878 3570; x_wconf 83' lang='lat' dir='ltr'><strong>minorat</strong></span> <span class='ocrx_word' id='word_1_493' title='bbox 923 3514 1258 3570; x_wconf 83' lang='lat' dir='ltr'><strong>divinitatem</strong></span> <span class='ocrx_word' id='word_1_494' title='bbox 1285 3553 1300 3578; x_wconf 91' lang='lat'><strong>,</strong></span> <span class='ocrx_word' id='word_1_495' title='bbox 1353 3513 1635 3567; x_wconf 83' lang='lat' dir='ltr'><strong>Donatista</strong></span> <span class='ocrx_word' id='word_1_496' title='bbox 1676 3525 1892 3581; x_wconf 87' lang='lat' dir='ltr'><strong>quoque</strong></span> <span class='ocrx_word' id='word_1_497' title='bbox 1993 3511 2092 3564; x_wconf 89' lang='lat' dir='ltr'><strong>bus</strong></span> <span class='ocrx_word' id='word_1_498' title='bbox 2128 3525 2451 3577; x_wconf 90' lang='lat' dir='ltr'><strong>coruscans,</strong></span> <span class='ocrx_word' id='word_1_499' title='bbox 2497 3511 2778 3566; x_wconf 87' lang='lat' dir='ltr'><strong>missarum</strong></span> <span class='ocrx_word' id='word_1_500' title='bbox 2831 3513 3092 3568; x_wconf 89' lang='lat' dir='ltr'><strong>solemnia</strong></span> <span class='ocrx_word' id='word_1_501' title='bbox 3145 3517 3563 3572; x_wconf 90' lang='lat' dir='ltr'><strong>concelebrent:</strong></span> 
     </span>
    </p>
   </div>
   <div class='ocr_carea' id='block_1_66' title="bbox 305 3601 3567 3677">
    <p class='ocr_par' dir='ltr' id='par_1_66' title="bbox 305 3601 3567 3677">
     <span class='ocr_line' id='line_1_66' title="bbox 305 3601 3567 3677; baseline 0.001 -15"><span class='ocrx_word' id='word_1_502' title='bbox 305 3607 537 3676; x_wconf 86' lang='lat' dir='ltr'><strong>dissipat</strong></span> <span class='ocrx_word' id='word_1_503' title='bbox 571 3605 823 3662; x_wconf 86' lang='lat' dir='ltr'><strong>catholici</strong></span> <span class='ocrx_word' id='word_1_504' title='bbox 853 3605 1098 3674; x_wconf 89' lang='lat' dir='ltr'><strong>corporis</strong></span> <span class='ocrx_word' id='word_1_505' title='bbox 1140 3605 1421 3658; x_wconf 89' lang='lat' dir='ltr'><strong>unitatem.</strong></span> <span class='ocrx_word' id='word_1_506' title='bbox 1453 3601 1774 3657; x_wconf 73' lang='lat' dir='ltr'><strong>Manicbmus</strong></span> <span class='ocrx_word' id='word_1_507' title='bbox 1800 3618 1892 3658; x_wconf 91' lang='lat' dir='ltr'><strong>sa-</strong></span> <span class='ocrx_word' id='word_1_508' title='bbox 1996 3602 2275 3670; x_wconf 90' lang='lat' dir='ltr'><strong>nullusque</strong></span> <span class='ocrx_word' id='word_1_509' title='bbox 2303 3602 2502 3656; x_wconf 91' lang='lat' dir='ltr'><strong>aditum</strong></span> <span class='ocrx_word' id='word_1_510' title='bbox 2541 3603 2766 3672; x_wconf 79' lang='lat' dir='ltr'><strong>publica:</strong></span> <span class='ocrx_word' id='word_1_511' title='bbox 2788 3605 3034 3661; x_wconf 89' lang='lat' dir='ltr'><strong>stationis</strong></span> <span class='ocrx_word' id='word_1_512' title='bbox 3063 3606 3243 3670; x_wconf 90' lang='lat' dir='ltr'><strong>intret,</strong></span> <span class='ocrx_word' id='word_1_513' title='bbox 3275 3609 3366 3677; x_wconf 86' lang='lat' dir='ltr'><strong>qui</strong></span> <span class='ocrx_word' id='word_1_514' title='bbox 3388 3609 3567 3664; x_wconf 83' lang='lat' dir='ltr'><strong>lumen</strong></span> 
     </span>
    </p>
   </div>
   <div class='ocr_carea' id='block_1_67' title="bbox 291 3693 3566 3770">
    <p class='ocr_par' dir='ltr' id='par_1_67' title="bbox 291 3693 3566 3770">
     <span class='ocr_line' id='line_1_67' title="bbox 291 3693 3566 3770; baseline -0.001 -14"><span class='ocrx_word' id='word_1_515' title='bbox 291 3706 643 3756; x_wconf 67' lang='lat' dir='ltr'><strong>uamentum</strong></span> <span class='ocrx_word' id='word_1_516' title='bbox 673 3713 781 3754; x_wconf 89' lang='lat' dir='ltr'><strong>non</strong></span> <span class='ocrx_word' id='word_1_517' title='bbox 818 3697 965 3752; x_wconf 90' lang='lat' dir='ltr'><strong>videt</strong></span> <span class='ocrx_word' id='word_1_518' title='bbox 1001 3695 1400 3770; x_wconf 77' lang='lat' dir='ltr'><strong>Redemptoris,</strong></span> <span class='ocrx_word' id='word_1_519' title='bbox 1431 3693 1660 3748; x_wconf 81' lang='lat' dir='ltr'><strong>Arianus</strong></span> <span class='ocrx_word' id='word_1_520' title='bbox 1689 3697 1895 3762; x_wconf 87' lang='lat' dir='ltr'><strong>magni-</strong></span> <span class='ocrx_word' id='word_1_521' title='bbox 1996 3707 2156 3745; x_wconf 89' lang='lat' dir='ltr'><strong>manu</strong></span> <span class='ocrx_word' id='word_1_522' title='bbox 2213 3706 2318 3745; x_wconf 89' lang='lat' dir='ltr'><strong>non</strong></span> <span class='ocrx_word' id='word_1_523' title='bbox 2364 3693 2595 3746; x_wconf 90' lang='lat' dir='ltr'><strong>tenuerit</strong></span> <span class='ocrx_word' id='word_1_524' title='bbox 2625 3711 2636 3744; x_wconf 90' lang='lat'><strong>:</strong></span> <span class='ocrx_word' id='word_1_525' title='bbox 2674 3702 2924 3763; x_wconf 90' lang='lat' dir='ltr'><strong>tanquam</strong></span> <span class='ocrx_word' id='word_1_526' title='bbox 2955 3695 3165 3751; x_wconf 90' lang='lat' dir='ltr'><strong>scilicet</strong></span> <span class='ocrx_word' id='word_1_527' title='bbox 3202 3697 3482 3753; x_wconf 90' lang='lat' dir='ltr'><strong>Dominum</strong></span> <span class='ocrx_word' id='word_1_528' title='bbox 3512 3700 3566 3753; x_wconf 91' lang='lat' dir='ltr'><strong>in</strong></span> 
     </span>
    </p>
   </div>
   <div class='ocr_carea' id='block_1_68' title="bbox 311 3773 3568 3857">
    <p class='ocr_par' dir='ltr' id='par_1_68' title="bbox 311 3773 3568 3857">
     <span class='ocr_line' id='line_1_68' title="bbox 311 3773 3568 3857; baseline 0 -14"><span class='ocrx_word' id='word_1_529' title='bbox 311 3789 556 3845; x_wconf 87' lang='lat' dir='ltr'><strong>tudinem</strong></span> <span class='ocrx_word' id='word_1_530' title='bbox 582 3803 688 3843; x_wconf 92' lang='lat' dir='ltr'><strong>non</strong></span> <span class='ocrx_word' id='word_1_531' title='bbox 714 3789 918 3856; x_wconf 81' lang='lat' dir='ltr'><strong>cogitat</strong></span> <span class='ocrx_word' id='word_1_532' title='bbox 943 3787 1254 3851; x_wconf 90' lang='lat' dir='ltr'><strong>Salvatoris,</strong></span> <span class='ocrx_word' id='word_1_533' title='bbox 1287 3786 1563 3840; x_wconf 84' lang='lat' dir='ltr'><strong>Donatista</strong></span> <span class='ocrx_word' id='word_1_534' title='bbox 1593 3801 1742 3852; x_wconf 90' lang='lat' dir='ltr'><strong>vero,</strong></span> <span class='ocrx_word' id='word_1_535' title='bbox 1772 3797 1893 3840; x_wconf 85' lang='lat' dir='ltr'><strong>tan-</strong></span> <span class='ocrx_word' id='word_1_536' title='bbox 1996 3781 2195 3850; x_wconf 89' lang='lat' dir='ltr'><strong>templo</strong></span> <span class='ocrx_word' id='word_1_537' title='bbox 2240 3781 2490 3847; x_wconf 87' lang='lat' dir='ltr'><strong>oblaturi,</strong></span> <span class='ocrx_word' id='word_1_538' title='bbox 2543 3782 2650 3836; x_wconf 93' lang='lat' dir='ltr'><strong>imo</strong></span> <span class='ocrx_word' id='word_1_539' title='bbox 2675 3785 2837 3837; x_wconf 87' lang='lat' dir='ltr'><strong>etiam</strong></span> <span class='ocrx_word' id='word_1_540' title='bbox 2869 3787 3169 3857; x_wconf 90' lang='lat' dir='ltr'><strong>suscepturi</strong></span> <span class='ocrx_word' id='word_1_541' title='bbox 3193 3773 3362 3854; x_wconf 50' lang='lat' dir='ltr'><strong>{ﬁdei</strong></span> <span class='ocrx_word' id='word_1_542' title='bbox 3389 3789 3568 3844; x_wconf 88' lang='lat' dir='ltr'><strong>lumen</strong></span> 
     </span>
    </p>
   </div>
   <div class='ocr_carea' id='block_1_69' title="bbox 305 3866 3572 3952">
    <p class='ocr_par' dir='ltr' id='par_1_69' title="bbox 305 3866 3572 3952">
     <span class='ocr_line' id='line_1_69' title="bbox 305 3866 3572 3952; baseline -0.001 -17"><span class='ocrx_word' id='word_1_543' title='bbox 305 3896 478 3952; x_wconf 86' lang='lat' dir='ltr'><strong>quam</strong></span> <span class='ocrx_word' id='word_1_544' title='bbox 519 3895 686 3950; x_wconf 82' lang='lat' dir='ltr'><strong>rapax</strong></span> <span class='ocrx_word' id='word_1_545' title='bbox 727 3879 906 3949; x_wconf 91' lang='lat' dir='ltr'><strong>lupus,</strong></span> <span class='ocrx_word' id='word_1_546' title='bbox 935 3893 1044 3933; x_wconf 86' lang='lat' dir='ltr'><strong>non</strong></span> <span class='ocrx_word' id='word_1_547' title='bbox 1071 3876 1337 3932; x_wconf 87' lang='lat' dir='ltr'><strong>dubitavit</strong></span> <span class='ocrx_word' id='word_1_548' title='bbox 1383 3876 1642 3945; x_wconf 89' lang='lat' dir='ltr'><strong>dissipare</strong></span> <span class='ocrx_word' id='word_1_549' title='bbox 1680 3881 1895 3944; x_wconf 87' lang='lat' dir='ltr'><strong>gregem</strong></span> <span class='ocrx_word' id='word_1_550' title='bbox 1995 3866 2348 3940; x_wconf 31' lang='lat' dir='ltr'><strong>qIIo‘interius</strong></span> <span class='ocrx_word' id='word_1_551' title='bbox 2369 3871 2592 3938; x_wconf 80' lang='lat' dir='ltr'><strong>fulgent,</strong></span> <span class='ocrx_word' id='word_1_552' title='bbox 2618 3874 2853 3928; x_wconf 84' lang='lat' dir='ltr'><strong>exterius</strong></span> <span class='ocrx_word' id='word_1_553' title='bbox 2877 3873 3162 3930; x_wconf 90' lang='lat' dir='ltr'><strong>oblationis</strong></span> <span class='ocrx_word' id='word_1_554' title='bbox 3183 3892 3292 3932; x_wconf 78' lang='lat' dir='ltr'><strong>sua:</strong></span> <span class='ocrx_word' id='word_1_555' title='bbox 3314 3878 3572 3947; x_wconf 82' lang='lat' dir='ltr'><strong>religione</strong></span> 
     </span>
    </p>
   </div>
   <div class='ocr_carea' id='block_1_70' title="bbox 312 3963 3570 4040">
    <p class='ocr_par' dir='ltr' id='par_1_70' title="bbox 312 3963 3570 4040">
     <span class='ocr_line' id='line_1_70' title="bbox 312 3963 3570 4040; baseline 0.001 -16"><span class='ocrx_word' id='word_1_556' title='bbox 312 3969 453 4024; x_wconf 82' lang='lat' dir='ltr'><strong>boni</strong></span> <span class='ocrx_word' id='word_1_557' title='bbox 503 3968 758 4023; x_wconf 83' lang='lat' dir='ltr'><strong>Pastoris.</strong></span> <span class='ocrx_word' id='word_1_558' title='bbox 802 3967 858 4022; x_wconf 91' lang='lat' dir='ltr'><strong>Si</strong></span> <span class='ocrx_word' id='word_1_559' title='bbox 888 3970 1045 4038; x_wconf 73' lang='lat' dir='ltr'><strong>(forte</strong></span> <span class='ocrx_word' id='word_1_560' title='bbox 1083 3965 1170 4036; x_wconf 80' lang='lat' dir='ltr'><strong>lli)</strong></span> <span class='ocrx_word' id='word_1_561' title='bbox 1202 3979 1331 4033; x_wconf 89' lang='lat' dir='ltr'><strong>ergo</strong></span> <span class='ocrx_word' id='word_1_562' title='bbox 1355 4005 1370 4031; x_wconf 95' lang='lat'><strong>,</strong></span> <span class='ocrx_word' id='word_1_563' title='bbox 1413 3965 1552 4020; x_wconf 89' lang='lat' dir='ltr'><strong>sicut</strong></span> <span class='ocrx_word' id='word_1_564' title='bbox 1593 3965 1722 4031; x_wconf 87' lang='lat' dir='ltr'><strong>dixi,</strong></span> <span class='ocrx_word' id='word_1_565' title='bbox 1780 3974 1896 4020; x_wconf 86' lang='lat' dir='ltr'><strong>tan-</strong></span> <span class='ocrx_word' id='word_1_566' title='bbox 1995 3963 2383 4018; x_wconf 88' lang='lat' dir='ltr'><strong>demonstrent.</strong></span> <span class='ocrx_word' id='word_1_567' title='bbox 2408 3963 2578 4019; x_wconf 78' lang='lat' dir='ltr'><strong>Hodie</strong></span> <span class='ocrx_word' id='word_1_568' title='bbox 2600 3981 2846 4035; x_wconf 89' lang='lat' dir='ltr'><strong>namque,</strong></span> <span class='ocrx_word' id='word_1_569' title='bbox 2867 3966 3016 4036; x_wconf 79' lang='lat' dir='ltr'><strong>juxta</strong></span> <span class='ocrx_word' id='word_1_570' title='bbox 3041 3969 3210 4037; x_wconf 86' lang='lat' dir='ltr'><strong>legem</strong></span> <span class='ocrx_word' id='word_1_571' title='bbox 3232 3979 3394 4040; x_wconf 90' lang='lat' dir='ltr'><strong>atque</strong></span> <span class='ocrx_word' id='word_1_572' title='bbox 3415 3985 3570 4026; x_wconf 87' lang='lat' dir='ltr'><strong>evan-</strong></span> 
     </span>
    </p>
   </div>
   <div class='ocr_carea' id='block_1_71' title="bbox 318 4048 3612 4141">
    <p class='ocr_par' dir='ltr' id='par_1_71' title="bbox 318 4048 3612 4141">
     <span class='ocr_line' id='line_1_71' title="bbox 318 4048 3612 4141; baseline 0.001 -27"><span class='ocrx_word' id='word_1_573' title='bbox 318 4075 487 4131; x_wconf 87' lang='lat' dir='ltr'><strong>quam</strong></span> <span class='ocrx_word' id='word_1_574' title='bbox 517 4060 803 4129; x_wconf 85' lang='lat' dir='ltr'><strong>accipitres</strong></span> <span class='ocrx_word' id='word_1_575' title='bbox 830 4059 978 4126; x_wconf 91' lang='lat' dir='ltr'><strong>mali,</strong></span> <span class='ocrx_word' id='word_1_576' title='bbox 1019 4059 1248 4114; x_wconf 90' lang='lat' dir='ltr'><strong>miseros</strong></span> <span class='ocrx_word' id='word_1_577' title='bbox 1297 4066 1354 4112; x_wconf 92' lang='lat' dir='ltr'><strong>et</strong></span> <span class='ocrx_word' id='word_1_578' title='bbox 1381 4057 1632 4116; x_wconf 82' lang='lat' dir='ltr'><strong>vanitatis</strong></span> <span class='ocrx_word' id='word_1_579' title='bbox 1653 4059 1895 4128; x_wconf 90' lang='lat' dir='ltr'><strong>cupidos,</strong></span> <span class='ocrx_word' id='word_1_580' title='bbox 1997 4053 2214 4121; x_wconf 85' lang='lat' dir='ltr'><strong>gelium,</strong></span> <span class='ocrx_word' id='word_1_581' title='bbox 2237 4055 2467 4123; x_wconf 90' lang='lat' dir='ltr'><strong>peractis</strong></span> <span class='ocrx_word' id='word_1_582' title='bbox 2496 4070 2527 4108; x_wconf 91' lang='lat' dir='ltr'><strong>a</strong></span> <span class='ocrx_word' id='word_1_583' title='bbox 2553 4055 2838 4111; x_wconf 87' lang='lat' dir='ltr'><strong>Nativitate</strong></span> <span class='ocrx_word' id='word_1_584' title='bbox 2857 4057 3054 4112; x_wconf 88' lang='lat' dir='ltr'><strong>Christi</strong></span> <span class='ocrx_word' id='word_1_585' title='bbox 3083 4060 3432 4130; x_wconf 86' lang='lat' dir='ltr'><strong>quadraginta</strong></span> <span class='ocrx_word' id='word_1_586' title='bbox 3460 4061 3572 4118; x_wconf 41' lang='lat' dir='ltr'><strong>dies</strong></span> 
     </span>
    </p>
   </div>
   <div class='ocr_carea' id='block_1_72' title="bbox 315 4144 3574 4224">
    <p class='ocr_par' dir='ltr' id='par_1_72' title="bbox 315 4144 3574 4224">
     <span class='ocr_line' id='line_1_72' title="bbox 315 4144 3574 4224; baseline 0.001 -20"><span class='ocrx_word' id='word_1_587' title='bbox 315 4159 413 4204; x_wconf 90' lang='lat' dir='ltr'><strong>aut</strong></span> <span class='ocrx_word' id='word_1_588' title='bbox 439 4150 684 4206; x_wconf 85' lang='lat' dir='ltr'><strong>veritatis</strong></span> <span class='ocrx_word' id='word_1_589' title='bbox 712 4150 945 4218; x_wconf 88' lang='lat' dir='ltr'><strong>ignaros,</strong></span> <span class='ocrx_word' id='word_1_590' title='bbox 972 4149 1221 4205; x_wconf 89' lang='lat' dir='ltr'><strong>occidere</strong></span> <span class='ocrx_word' id='word_1_591' title='bbox 1240 4148 1536 4218; x_wconf 85' lang='lat' dir='ltr'><strong>cupientes,</strong></span> <span class='ocrx_word' id='word_1_592' title='bbox 1564 4163 1898 4218; x_wconf 88' lang='lat' dir='ltr'><strong>persequun-</strong></span> <span class='ocrx_word' id='word_1_593' title='bbox 1998 4144 2115 4209; x_wconf 91' lang='lat' dir='ltr'><strong>bus,</strong></span> <span class='ocrx_word' id='word_1_594' title='bbox 2133 4145 2184 4198; x_wconf 88' lang='lat' dir='ltr'><strong>in</strong></span> <span class='ocrx_word' id='word_1_595' title='bbox 2205 4145 2406 4215; x_wconf 88' lang='lat' dir='ltr'><strong>templo</strong></span> <span class='ocrx_word' id='word_1_596' title='bbox 2422 4154 2506 4201; x_wconf 88' lang='lat' dir='ltr'><strong>est</strong></span> <span class='ocrx_word' id='word_1_597' title='bbox 2533 4149 2885 4218; x_wconf 90' lang='lat' dir='ltr'><strong>aparentibus</strong></span> <span class='ocrx_word' id='word_1_598' title='bbox 2913 4149 3052 4206; x_wconf 90' lang='lat' dir='ltr'><strong>idem</strong></span> <span class='ocrx_word' id='word_1_599' title='bbox 3073 4151 3328 4208; x_wconf 88' lang='lat' dir='ltr'><strong>Dominus</strong></span> <span class='ocrx_word' id='word_1_600' title='bbox 3350 4169 3574 4224; x_wconf 77' lang='lat' dir='ltr'><strong>przesen-</strong></span> 
     </span>
    </p>
   </div>
   <div class='ocr_carea' id='block_1_73' title="bbox 299 4236 3574 4313">
    <p class='ocr_par' dir='ltr' id='par_1_73' title="bbox 299 4236 3574 4313">
     <span class='ocr_line' id='line_1_73' title="bbox 299 4236 3574 4313; baseline 0.003 -21"><span class='ocrx_word' id='word_1_601' title='bbox 299 4247 401 4294; x_wconf 30' lang='lat' dir='ltr'><strong>Itur</strong></span> <span class='ocrx_word' id='word_1_602' title='bbox 425 4239 689 4294; x_wconf 74' lang='lat' dir='ltr'><strong>columbas</strong></span> <span class='ocrx_word' id='word_1_603' title='bbox 716 4240 996 4293; x_wconf 88' lang='lat' dir='ltr'><strong>caritatem</strong></span> <span class='ocrx_word' id='word_1_604' title='bbox 1020 4279 1037 4306; x_wconf 95' lang='lat'><strong>,</strong></span> <span class='ocrx_word' id='word_1_605' title='bbox 1085 4246 1440 4293; x_wconf 80' lang='lat' dir='ltr'><strong>exsecrantur</strong></span> <span class='ocrx_word' id='word_1_606' title='bbox 1483 4239 1709 4293; x_wconf 91' lang='lat' dir='ltr'><strong>turturis</strong></span> <span class='ocrx_word' id='word_1_607' title='bbox 1732 4240 1896 4294; x_wconf 91' lang='lat' dir='ltr'><strong>casti-</strong></span> <span class='ocrx_word' id='word_1_608' title='bbox 2002 4243 2164 4290; x_wconf 90' lang='lat' dir='ltr'><strong>tatus.</strong></span> <span class='ocrx_word' id='word_1_609' title='bbox 2182 4236 2392 4291; x_wconf 79' lang='lat' dir='ltr'><strong>Hodiea</strong></span> <span class='ocrx_word' id='word_1_610' title='bbox 2413 4246 2599 4294; x_wconf 88' lang='lat' dir='ltr'><strong>sancto</strong></span> <span class='ocrx_word' id='word_1_611' title='bbox 2616 4238 2867 4294; x_wconf 88' lang='lat' dir='ltr'><strong>Simeone</strong></span> <span class='ocrx_word' id='word_1_612' title='bbox 2879 4251 3172 4312; x_wconf 90' lang='lat' dir='ltr'><strong>susceptus,</strong></span> <span class='ocrx_word' id='word_1_613' title='bbox 3189 4243 3438 4313; x_wconf 88' lang='lat' dir='ltr'><strong>Patrique</strong></span> <span class='ocrx_word' id='word_1_614' title='bbox 3451 4262 3574 4301; x_wconf 88' lang='lat' dir='ltr'><strong>cum</strong></span> 
     </span>
    </p>
   </div>
   <div class='ocr_carea' id='block_1_74' title="bbox 303 4325 3571 4399">
    <p class='ocr_par' dir='ltr' id='par_1_74' title="bbox 303 4325 3571 4399">
     <span class='ocr_line' id='line_1_74' title="bbox 303 4325 3571 4399; baseline 0.002 -16"><span class='ocrx_word' id='word_1_615' title='bbox 303 4337 503 4394; x_wconf 71' lang='lat' dir='ltr'><strong>tatem,</strong></span> <span class='ocrx_word' id='word_1_616' title='bbox 534 4337 590 4384; x_wconf 88' lang='lat' dir='ltr'><strong>et</strong></span> <span class='ocrx_word' id='word_1_617' title='bbox 614 4329 659 4383; x_wconf 91' lang='lat' dir='ltr'><strong>si</strong></span> <span class='ocrx_word' id='word_1_618' title='bbox 689 4344 826 4398; x_wconf 91' lang='lat' dir='ltr'><strong>quos</strong></span> <span class='ocrx_word' id='word_1_619' title='bbox 848 4336 1092 4398; x_wconf 88' lang='lat' dir='ltr'><strong>possunt,</strong></span> <span class='ocrx_word' id='word_1_620' title='bbox 1120 4335 1214 4382; x_wconf 92' lang='lat' dir='ltr'><strong>aut</strong></span> <span class='ocrx_word' id='word_1_621' title='bbox 1242 4342 1338 4382; x_wconf 90' lang='lat' dir='ltr'><strong>ore</strong></span> <span class='ocrx_word' id='word_1_622' title='bbox 1364 4328 1648 4394; x_wconf 88' lang='lat' dir='ltr'><strong>devorant,</strong></span> <span class='ocrx_word' id='word_1_623' title='bbox 1688 4338 1783 4384; x_wconf 89' lang='lat' dir='ltr'><strong>aut</strong></span> <span class='ocrx_word' id='word_1_624' title='bbox 1803 4346 1902 4383; x_wconf 80' lang='lat' dir='ltr'><strong>un-</strong></span> <span class='ocrx_word' id='word_1_625' title='bbox 1999 4325 2166 4380; x_wconf 89' lang='lat' dir='ltr'><strong>sacris</strong></span> <span class='ocrx_word' id='word_1_626' title='bbox 2183 4327 2492 4382; x_wconf 90' lang='lat' dir='ltr'><strong>muneribus</strong></span> <span class='ocrx_word' id='word_1_627' title='bbox 2512 4327 2745 4393; x_wconf 86' lang='lat' dir='ltr'><strong>oblatus.</strong></span> <span class='ocrx_word' id='word_1_628' title='bbox 2761 4327 3376 4399; x_wconf 80' lang='lat' dir='ltr'><strong>Hodieredemptionem</strong></span> <span class='ocrx_word' id='word_1_629' title='bbox 3405 4332 3571 4388; x_wconf 89' lang='lat' dir='ltr'><strong>lsrael</strong></span> 
     </span>
    </p>
   </div>
   <div class='ocr_carea' id='block_1_75' title="bbox 300 4414 3576 4492">
    <p class='ocr_par' dir='ltr' id='par_1_75' title="bbox 300 4414 3576 4492">
     <span class='ocr_line' id='line_1_75' title="bbox 300 4414 3576 4492; baseline 0.001 -18"><span class='ocrx_word' id='word_1_630' title='bbox 300 4419 505 4487; x_wconf 81' lang='lat' dir='ltr'><strong>guibus</strong></span> <span class='ocrx_word' id='word_1_631' title='bbox 532 4418 788 4473; x_wconf 85' lang='lat' dir='ltr'><strong>lacerant.</strong></span> <span class='ocrx_word' id='word_1_632' title='bbox 815 4417 923 4472; x_wconf 85' lang='lat' dir='ltr'><strong>Vos</strong></span> <span class='ocrx_word' id='word_1_633' title='bbox 943 4414 1095 4484; x_wconf 82' lang='lat' dir='ltr'><strong>ergo,</strong></span> <span class='ocrx_word' id='word_1_634' title='bbox 1128 4418 1454 4473; x_wconf 85' lang='lat' dir='ltr'><strong>sanctissimi</strong></span> <span class='ocrx_word' id='word_1_635' title='bbox 1476 4417 1688 4484; x_wconf 87' lang='lat' dir='ltr'><strong>fratres,</strong></span> <span class='ocrx_word' id='word_1_636' title='bbox 1715 4420 1769 4475; x_wconf 92' lang='lat' dir='ltr'><strong>in</strong></span> <span class='ocrx_word' id='word_1_637' title='bbox 1799 4420 1902 4476; x_wconf 81' lang='lat' dir='ltr'><strong>ﬁde</strong></span> <span class='ocrx_word' id='word_1_638' title='bbox 2001 4417 2434 4486; x_wconf 89' lang='lat' dir='ltr'><strong>exspectantibus</strong></span> <span class='ocrx_word' id='word_1_639' title='bbox 2463 4418 2530 4471; x_wconf 92' lang='lat' dir='ltr'><strong>ab</strong></span> <span class='ocrx_word' id='word_1_640' title='bbox 2573 4419 2762 4474; x_wconf 89' lang='lat' dir='ltr'><strong>eodem</strong></span> <span class='ocrx_word' id='word_1_641' title='bbox 2810 4418 3060 4474; x_wconf 90' lang='lat' dir='ltr'><strong>Simeone</strong></span> <span class='ocrx_word' id='word_1_642' title='bbox 3087 4429 3140 4474; x_wconf 93' lang='lat' dir='ltr'><strong>et</strong></span> <span class='ocrx_word' id='word_1_643' title='bbox 3189 4421 3336 4474; x_wconf 83' lang='lat' dir='ltr'><strong>Anna</strong></span> <span class='ocrx_word' id='word_1_644' title='bbox 3367 4424 3576 4492; x_wconf 75' lang='lat' dir='ltr'><strong>publica</strong></span> 
     </span>
    </p>
   </div>
   <div class='ocr_carea' id='block_1_76' title="bbox 307 4505 3576 4584">
    <p class='ocr_par' dir='ltr' id='par_1_76' title="bbox 307 4505 3576 4584">
     <span class='ocr_line' id='line_1_76' title="bbox 307 4505 3576 4584; baseline 0 -16"><span class='ocrx_word' id='word_1_645' title='bbox 307 4509 580 4568; x_wconf 83' lang='lat' dir='ltr'><strong>custodite</strong></span> <span class='ocrx_word' id='word_1_646' title='bbox 609 4508 927 4564; x_wconf 87' lang='lat' dir='ltr'><strong>catholicam</strong></span> <span class='ocrx_word' id='word_1_647' title='bbox 974 4509 1260 4562; x_wconf 87' lang='lat' dir='ltr'><strong>veritatem</strong></span> <span class='ocrx_word' id='word_1_648' title='bbox 1285 4547 1300 4572; x_wconf 95' lang='lat'><strong>,</strong></span> <span class='ocrx_word' id='word_1_649' title='bbox 1352 4508 1404 4562; x_wconf 91' lang='lat' dir='ltr'><strong>in</strong></span> <span class='ocrx_word' id='word_1_650' title='bbox 1434 4509 1660 4564; x_wconf 89' lang='lat' dir='ltr'><strong>caritate</strong></span> <span class='ocrx_word' id='word_1_651' title='bbox 1688 4521 1900 4566; x_wconf 87' lang='lat' dir='ltr'><strong>servate</strong></span> <span class='ocrx_word' id='word_1_652' title='bbox 1929 4526 1978 4584; x_wconf 73' lang='grc' dir='ltr'><strong>ι)</strong></span> <span class='ocrx_word' id='word_1_653' title='bbox 2004 4507 2339 4577; x_wconf 57' lang='lat' dir='ltr'><strong>praedicatur.</strong></span> <span class='ocrx_word' id='word_1_654' title='bbox 2370 4505 2414 4560; x_wconf 93' lang='grc' dir='ltr'>Ο</span> <span class='ocrx_word' id='word_1_655' title='bbox 2435 4523 2593 4577; x_wconf 91' lang='lat' dir='ltr'><strong>quam</strong></span> <span class='ocrx_word' id='word_1_656' title='bbox 2625 4509 2768 4576; x_wconf 87' lang='lat' dir='ltr'><strong>pium</strong></span> <span class='ocrx_word' id='word_1_657' title='bbox 2816 4509 3200 4578; x_wconf 83' lang='lat' dir='ltr'><strong>spectaculum,</strong></span> <span class='ocrx_word' id='word_1_658' title='bbox 3231 4526 3338 4578; x_wconf 92' lang='lat' dir='ltr'><strong>quo</strong></span> <span class='ocrx_word' id='word_1_659' title='bbox 3367 4514 3576 4569; x_wconf 88' lang='lat' dir='ltr'><strong>nonnisi</strong></span> 
     </span>
    </p>
   </div>
   <div class='ocr_carea' id='block_1_77' title="bbox 305 4595 3604 4678">
    <p class='ocr_par' dir='ltr' id='par_1_77' title="bbox 305 4595 3604 4678">
     <span class='ocr_line' id='line_1_77' title="bbox 305 4595 3604 4678; baseline 0 -23"><span class='ocrx_word' id='word_1_660' title='bbox 305 4599 640 4678; x_wconf 74' lang='lat' dir='ltr'><strong>catholicam</strong></span> <span class='ocrx_word' id='word_1_661' title='bbox 665 4614 877 4669; x_wconf 90' lang='lat' dir='ltr'><strong>pacem.</strong></span> <span class='ocrx_word' id='word_1_662' title='bbox 2003 4596 2075 4665; x_wconf 92' lang='lat' dir='ltr'><strong>pii</strong></span> <span class='ocrx_word' id='word_1_663' title='bbox 2102 4595 2354 4649; x_wconf 89' lang='lat' dir='ltr'><strong>delectari</strong></span> <span class='ocrx_word' id='word_1_664' title='bbox 2381 4597 2703 4664; x_wconf 86' lang='lat' dir='ltr'><strong>probantur!</strong></span> <span class='ocrx_word' id='word_1_665' title='bbox 2728 4596 2982 4652; x_wconf 87' lang='lat' dir='ltr'><strong>Stathinc</strong></span> <span class='ocrx_word' id='word_1_666' title='bbox 3002 4599 3151 4666; x_wconf 91' lang='lat' dir='ltr'><strong>virgo</strong></span> <span class='ocrx_word' id='word_1_667' title='bbox 3178 4607 3233 4653; x_wconf 92' lang='lat' dir='ltr'><strong>et</strong></span> <span class='ocrx_word' id='word_1_668' title='bbox 3262 4608 3455 4668; x_wconf 91' lang='lat' dir='ltr'><strong>mater,</strong></span> <span class='ocrx_word' id='word_1_669' title='bbox 3469 4617 3604 4672; x_wconf 18' lang='lat' dir='ltr'><strong>non,</strong></span> 
     </span>
    </p>
   </div>
   <div class='ocr_carea' id='block_1_78' title="bbox 387 4684 3578 4761">
    <p class='ocr_par' dir='ltr' id='par_1_78' title="bbox 387 4684 3578 4761">
     <span class='ocr_line' id='line_1_78' title="bbox 387 4684 3578 4761; baseline 0 -15"><span class='ocrx_word' id='word_1_670' title='bbox 387 4690 442 4747; x_wconf 85' lang='lat'><strong>8.</strong></span> <span class='ocrx_word' id='word_1_671' title='bbox 470 4690 565 4746; x_wconf 82' lang='lat' dir='ltr'><strong>Ille</strong></span> <span class='ocrx_word' id='word_1_672' title='bbox 598 4689 756 4746; x_wconf 72' lang='lat' dir='ltr'><strong>offert</strong></span> <span class='ocrx_word' id='word_1_673' title='bbox 796 4691 1120 4746; x_wconf 87' lang='lat' dir='ltr'><strong>sacriﬁcium</strong></span> <span class='ocrx_word' id='word_1_674' title='bbox 1148 4699 1362 4759; x_wconf 87' lang='lat' dir='ltr'><strong>gratum</strong></span> <span class='ocrx_word' id='word_1_675' title='bbox 1395 4691 1508 4750; x_wconf 92' lang='lat' dir='ltr'><strong>Deo</strong></span> <span class='ocrx_word' id='word_1_676' title='bbox 1534 4691 1624 4760; x_wconf 89' lang='lat' dir='ltr'><strong>qui</strong></span> <span class='ocrx_word' id='word_1_677' title='bbox 1656 4707 1776 4746; x_wconf 92' lang='lat' dir='ltr'><strong>cum</strong></span> <span class='ocrx_word' id='word_1_678' title='bbox 1807 4707 1900 4746; x_wconf 85' lang='lat' dir='ltr'><strong>ca-</strong></span> <span class='ocrx_word' id='word_1_679' title='bbox 2004 4684 2282 4754; x_wconf 88' lang='lat' dir='ltr'><strong>cujusque,</strong></span> <span class='ocrx_word' id='word_1_680' title='bbox 2316 4685 2409 4738; x_wconf 91' lang='lat' dir='ltr'><strong>sed</strong></span> <span class='ocrx_word' id='word_1_681' title='bbox 2439 4684 2533 4740; x_wconf 91' lang='lat' dir='ltr'><strong>Dei</strong></span> <span class='ocrx_word' id='word_1_682' title='bbox 2567 4704 2579 4738; x_wconf 94' lang='lat'>:</span> <span class='ocrx_word' id='word_1_683' title='bbox 2612 4687 2897 4756; x_wconf 86' lang='lat' dir='ltr'><strong>suscipitur</strong></span> <span class='ocrx_word' id='word_1_684' title='bbox 2924 4687 3047 4743; x_wconf 84' lang='lat' dir='ltr'><strong>hinc</strong></span> <span class='ocrx_word' id='word_1_685' title='bbox 3077 4690 3329 4760; x_wconf 87' lang='lat' dir='ltr'><strong>parvulus</strong></span> <span class='ocrx_word' id='word_1_686' title='bbox 3360 4692 3578 4761; x_wconf 80' lang='lat' dir='ltr'><strong>virginis</strong></span> 
     </span>
    </p>
   </div>
   <div class='ocr_carea' id='block_1_79' title="bbox 308 4774 3574 4848">
    <p class='ocr_par' dir='ltr' id='par_1_79' title="bbox 308 4774 3574 4848">
     <span class='ocr_line' id='line_1_79' title="bbox 308 4774 3574 4848; baseline -0.001 -11"><span class='ocrx_word' id='word_1_687' title='bbox 308 4783 478 4837; x_wconf 88' lang='lat' dir='ltr'><strong>ritate</strong></span> <span class='ocrx_word' id='word_1_688' title='bbox 505 4779 740 4836; x_wconf 87' lang='lat' dir='ltr'><strong>fraterna</strong></span> <span class='ocrx_word' id='word_1_689' title='bbox 771 4795 959 4836; x_wconf 89' lang='lat' dir='ltr'><strong>verum</strong></span> <span class='ocrx_word' id='word_1_690' title='bbox 1000 4780 1280 4836; x_wconf 88' lang='lat' dir='ltr'><strong>catholicae</strong></span> <span class='ocrx_word' id='word_1_691' title='bbox 1325 4779 1450 4835; x_wconf 90' lang='lat' dir='ltr'><strong>ﬁdei</strong></span> <span class='ocrx_word' id='word_1_692' title='bbox 1482 4782 1776 4836; x_wconf 82' lang='lat' dir='ltr'><strong>servaverit</strong></span> <span class='ocrx_word' id='word_1_693' title='bbox 1817 4797 1903 4836; x_wconf 85' lang='lat' dir='ltr'><strong>sa-</strong></span> <span class='ocrx_word' id='word_1_694' title='bbox 2007 4774 2351 4843; x_wconf 76' lang='lat' dir='ltr'><strong>lilius,cujus</strong></span> <span class='ocrx_word' id='word_1_695' title='bbox 2392 4776 2724 4832; x_wconf 66' lang='lat' dir='ltr'><strong>divinitatem</strong></span> <span class='ocrx_word' id='word_1_696' title='bbox 2767 4793 2873 4831; x_wconf 89' lang='lat' dir='ltr'><strong>non</strong></span> <span class='ocrx_word' id='word_1_697' title='bbox 2921 4779 3066 4848; x_wconf 88' lang='lat' dir='ltr'><strong>capit</strong></span> <span class='ocrx_word' id='word_1_698' title='bbox 3102 4781 3352 4837; x_wconf 89' lang='lat' dir='ltr'><strong>mundus.</strong></span> <span class='ocrx_word' id='word_1_699' title='bbox 3375 4779 3574 4838; x_wconf 81' lang='lat' dir='ltr'><strong>Occur-</strong></span> 
     </span>
    </p>
   </div>
   <div class='ocr_carea' id='block_1_80' title="bbox 309 4855 3579 4939">
    <p class='ocr_par' dir='ltr' id='par_1_80' title="bbox 309 4855 3579 4939">
     <span class='ocr_line' id='line_1_80' title="bbox 309 4855 3579 4939; baseline -0 -13"><span class='ocrx_word' id='word_1_700' title='bbox 309 4878 674 4926; x_wconf 89' lang='lat' dir='ltr'><strong>cramentum.</strong></span> <span class='ocrx_word' id='word_1_701' title='bbox 724 4867 825 4924; x_wconf 87' lang='lat' dir='ltr'><strong>Ubi</strong></span> <span class='ocrx_word' id='word_1_702' title='bbox 872 4885 1010 4925; x_wconf 91' lang='lat' dir='ltr'><strong>unus</strong></span> <span class='ocrx_word' id='word_1_703' title='bbox 1039 4870 1218 4935; x_wconf 90' lang='lat' dir='ltr'><strong>Deus,</strong></span> <span class='ocrx_word' id='word_1_704' title='bbox 1272 4885 1378 4925; x_wconf 89' lang='lat' dir='ltr'><strong>una</strong></span> <span class='ocrx_word' id='word_1_705' title='bbox 1411 4855 1646 4926; x_wconf 81' lang='lat' dir='ltr'><strong>Trinitas</strong></span> <span class='ocrx_word' id='word_1_706' title='bbox 1674 4871 1901 4936; x_wconf 88' lang='lat' dir='ltr'><strong>colitur;</strong></span> <span class='ocrx_word' id='word_1_707' title='bbox 2005 4873 2130 4919; x_wconf 85' lang='lat' dir='ltr'><strong>runt</strong></span> <span class='ocrx_word' id='word_1_708' title='bbox 2175 4865 2299 4920; x_wconf 87' lang='lat' dir='ltr'><strong>hinc</strong></span> <span class='ocrx_word' id='word_1_709' title='bbox 2339 4864 2461 4919; x_wconf 86' lang='lat' dir='ltr'><strong>inde</strong></span> <span class='ocrx_word' id='word_1_710' title='bbox 2495 4867 2793 4935; x_wconf 82' lang='lat' dir='ltr'><strong>prophetae,</strong></span> <span class='ocrx_word' id='word_1_711' title='bbox 2841 4875 3001 4936; x_wconf 90' lang='lat' dir='ltr'><strong>atque</strong></span> <span class='ocrx_word' id='word_1_712' title='bbox 3037 4867 3105 4922; x_wconf 91' lang='lat' dir='ltr'><strong>de</strong></span> <span class='ocrx_word' id='word_1_713' title='bbox 3151 4883 3320 4937; x_wconf 90' lang='lat' dir='ltr'><strong>puero</strong></span> <span class='ocrx_word' id='word_1_714' title='bbox 3351 4879 3579 4939; x_wconf 86' lang='lat' dir='ltr'><strong>uterque</strong></span> 
     </span>
    </p>
   </div>
   <div class='ocr_carea' id='block_1_81' title="bbox 311 4954 3574 5030">
    <p class='ocr_par' dir='ltr' id='par_1_81' title="bbox 311 4954 3574 5030">
     <span class='ocr_line' id='line_1_81' title="bbox 311 4954 3574 5030; baseline -0.002 -14"><span class='ocrx_word' id='word_1_715' title='bbox 311 4977 420 5017; x_wconf 81' lang='lat' dir='ltr'><strong>nec</strong></span> <span class='ocrx_word' id='word_1_716' title='bbox 460 4960 622 5016; x_wconf 87' lang='lat' dir='ltr'><strong>Pater</strong></span> <span class='ocrx_word' id='word_1_717' title='bbox 646 4961 820 5030; x_wconf 87' lang='lat' dir='ltr'><strong>major</strong></span> <span class='ocrx_word' id='word_1_718' title='bbox 865 4960 1023 5027; x_wconf 83' lang='lat' dir='ltr'><strong>Filio,</strong></span> <span class='ocrx_word' id='word_1_719' title='bbox 1055 4975 1158 5016; x_wconf 89' lang='lat' dir='ltr'><strong>nec</strong></span> <span class='ocrx_word' id='word_1_720' title='bbox 1204 4959 1365 5016; x_wconf 88' lang='lat' dir='ltr'><strong>Patre</strong></span> <span class='ocrx_word' id='word_1_721' title='bbox 1394 4961 1572 5016; x_wconf 90' lang='lat' dir='ltr'><strong>minor</strong></span> <span class='ocrx_word' id='word_1_722' title='bbox 1607 4961 1901 5016; x_wconf 90' lang='lat' dir='ltr'><strong>secundum</strong></span> <span class='ocrx_word' id='word_1_723' title='bbox 2006 4969 2164 5010; x_wconf 89' lang='lat' dir='ltr'><strong>sexus</strong></span> <span class='ocrx_word' id='word_1_724' title='bbox 2209 4955 2514 5024; x_wconf 89' lang='lat' dir='ltr'><strong>prophetat.</strong></span> <span class='ocrx_word' id='word_1_725' title='bbox 2571 4954 2804 5010; x_wconf 83' lang='lat' dir='ltr'><strong>Olfertur</strong></span> <span class='ocrx_word' id='word_1_726' title='bbox 2839 4956 3040 5011; x_wconf 90' lang='lat' dir='ltr'><strong>oblatio</strong></span> <span class='ocrx_word' id='word_1_727' title='bbox 3088 4973 3185 5028; x_wconf 91' lang='lat' dir='ltr'><strong>pro</strong></span> <span class='ocrx_word' id='word_1_728' title='bbox 3240 4973 3435 5028; x_wconf 89' lang='lat' dir='ltr'><strong>puero,</strong></span> <span class='ocrx_word' id='word_1_729' title='bbox 3467 4976 3574 5014; x_wconf 87' lang='lat' dir='ltr'><strong>non</strong></span> 
     </span>
    </p>
   </div>
   <div class='ocr_carea' id='block_1_82' title="bbox 275 5055 1902 5153">
    <p class='ocr_par' dir='ltr' id='par_1_82' title="bbox 275 5055 1902 5153">
     <span class='ocr_line' id='line_1_82' title="bbox 275 5055 1902 5153; baseline -0.001 -43"><span class='ocrx_word' id='word_1_730' title='bbox 275 5055 658 5153; x_wconf 57' lang='lat' dir='ltr'><strong>jdivinitatem</strong></span> <span class='ocrx_word' id='word_1_731' title='bbox 680 5055 849 5112; x_wconf 87' lang='lat' dir='ltr'><strong>Filius</strong></span> <span class='ocrx_word' id='word_1_732' title='bbox 876 5055 1224 5153; x_wconf 51' lang='lat' dir='ltr'><strong>praedicatur;</strong></span> <span class='ocrx_word' id='word_1_733' title='bbox 1255 5070 1357 5111; x_wconf 87' lang='lat' dir='ltr'><strong>nec</strong></span> <span class='ocrx_word' id='word_1_734' title='bbox 1384 5055 1453 5110; x_wconf 91' lang='lat' dir='ltr'><strong>ab</strong></span> <span class='ocrx_word' id='word_1_735' title='bbox 1481 5056 1560 5153; x_wconf 69' lang='lat' dir='ltr'><strong>eis</strong></span> <span class='ocrx_word' id='word_1_736' title='bbox 1581 5055 1902 5153; x_wconf 70' lang='lat' dir='ltr'><strong>discernitur</strong></span> 
     </span>
    </p>
   </div>
   <div class='ocr_carea' id='block_1_83' title="bbox 307 5145 1902 5217">
    <p class='ocr_par' dir='ltr' id='par_1_83' title="bbox 307 5145 1902 5217">
     <span class='ocr_line' id='line_1_83' title="bbox 307 5145 1902 5217; baseline -0.001 -15"><span class='ocrx_word' id='word_1_737' title='bbox 307 5147 618 5202; x_wconf 84' lang='lat' dir='ltr'><strong>substantia</strong></span> <span class='ocrx_word' id='word_1_738' title='bbox 647 5148 820 5202; x_wconf 87' lang='lat' dir='ltr'><strong>sancti</strong></span> <span class='ocrx_word' id='word_1_739' title='bbox 864 5146 1098 5217; x_wconf 90' lang='lat' dir='ltr'><strong>Spiritus</strong></span> <span class='ocrx_word' id='word_1_740' title='bbox 1125 5187 1142 5214; x_wconf 93' lang='lat'><strong>,</strong></span> <span class='ocrx_word' id='word_1_741' title='bbox 1191 5147 1283 5216; x_wconf 90' lang='lat' dir='ltr'><strong>qui</strong></span> <span class='ocrx_word' id='word_1_742' title='bbox 1319 5162 1441 5202; x_wconf 91' lang='lat' dir='ltr'><strong>cum</strong></span> <span class='ocrx_word' id='word_1_743' title='bbox 1483 5145 1645 5201; x_wconf 87' lang='lat' dir='ltr'><strong>Patre</strong></span> <span class='ocrx_word' id='word_1_744' title='bbox 1675 5161 1739 5200; x_wconf 92' lang='lat' dir='ltr'><strong>ac</strong></span> <span class='ocrx_word' id='word_1_745' title='bbox 1766 5145 1902 5201; x_wconf 83' lang='lat' dir='ltr'><strong>Filio</strong></span> 
     </span>
    </p>
   </div>
   <div class='ocr_carea' id='block_1_84' title="bbox 308 5233 1902 5302">
    <p class='ocr_par' dir='ltr' id='par_1_84' title="bbox 308 5233 1902 5302">
     <span class='ocr_line' id='line_1_84' title="bbox 308 5233 1902 5302; baseline -0.001 -11"><span class='ocrx_word' id='word_1_746' title='bbox 308 5235 637 5292; x_wconf 84' lang='lat' dir='ltr'><strong>naturaliter</strong></span> <span class='ocrx_word' id='word_1_747' title='bbox 664 5252 802 5292; x_wconf 87' lang='lat' dir='ltr'><strong>unus</strong></span> <span class='ocrx_word' id='word_1_748' title='bbox 840 5245 924 5291; x_wconf 90' lang='lat' dir='ltr'><strong>est</strong></span> <span class='ocrx_word' id='word_1_749' title='bbox 967 5235 1126 5292; x_wconf 89' lang='lat' dir='ltr'><strong>Deus.</strong></span> <span class='ocrx_word' id='word_1_750' title='bbox 1162 5233 1278 5290; x_wconf 89' lang='lat' dir='ltr'><strong>Una</strong></span> <span class='ocrx_word' id='word_1_751' title='bbox 1325 5243 1410 5290; x_wconf 89' lang='lat' dir='ltr'><strong>est</strong></span> <span class='ocrx_word' id='word_1_752' title='bbox 1437 5236 1580 5302; x_wconf 81' lang='lat' dir='ltr'><strong>enim</strong></span> <span class='ocrx_word' id='word_1_753' title='bbox 1625 5235 1902 5290; x_wconf 89' lang='lat' dir='ltr'><strong>Trinitatis</strong></span> 
     </span>
    </p>
   </div>
   <div class='ocr_carea' id='block_1_85' title="bbox 305 5323 1902 5396">
    <p class='ocr_par' dir='ltr' id='par_1_85' title="bbox 305 5323 1902 5396">
     <span class='ocr_line' id='line_1_85' title="bbox 305 5323 1902 5396; baseline -0.006 -12"><span class='ocrx_word' id='word_1_754' title='bbox 305 5333 522 5384; x_wconf 62' lang='lat' dir='ltr'><strong>sancta:</strong></span> <span class='ocrx_word' id='word_1_755' title='bbox 561 5327 822 5396; x_wconf 89' lang='lat' dir='ltr'><strong>potentia,</strong></span> <span class='ocrx_word' id='word_1_756' title='bbox 852 5325 977 5394; x_wconf 89' lang='lat' dir='ltr'><strong>quia</strong></span> <span class='ocrx_word' id='word_1_757' title='bbox 1020 5325 1077 5380; x_wconf 91' lang='lat' dir='ltr'><strong>in</strong></span> <span class='ocrx_word' id='word_1_758' title='bbox 1106 5325 1276 5380; x_wconf 86' lang='lat' dir='ltr'><strong>tribus</strong></span> <span class='ocrx_word' id='word_1_759' title='bbox 1309 5323 1689 5394; x_wconf 83' lang='lat' dir='ltr'><strong>personisuna</strong></span> <span class='ocrx_word' id='word_1_760' title='bbox 1717 5331 1902 5376; x_wconf 87' lang='lat' dir='ltr'><strong>manet</strong></span> 
     </span>
    </p>
   </div>
   <div class='ocr_carea' id='block_1_86' title="bbox 305 5415 1907 5486">
    <p class='ocr_par' dir='ltr' id='par_1_86' title="bbox 305 5415 1907 5486">
     <span class='ocr_line' id='line_1_86' title="bbox 305 5415 1907 5486; baseline -0.003 -14"><span class='ocrx_word' id='word_1_761' title='bbox 305 5416 620 5472; x_wconf 76' lang='lat' dir='ltr'><strong>substantia</strong></span> <span class='ocrx_word' id='word_1_762' title='bbox 649 5417 939 5481; x_wconf 85' lang='lat' dir='ltr'><strong>naturalis;</strong></span> <span class='ocrx_word' id='word_1_763' title='bbox 972 5431 1078 5470; x_wconf 89' lang='lat' dir='ltr'><strong>una</strong></span> <span class='ocrx_word' id='word_1_764' title='bbox 1107 5423 1192 5471; x_wconf 91' lang='lat' dir='ltr'><strong>est</strong></span> <span class='ocrx_word' id='word_1_765' title='bbox 1229 5424 1491 5485; x_wconf 89' lang='lat' dir='ltr'><strong>potestas,</strong></span> <span class='ocrx_word' id='word_1_766' title='bbox 1539 5415 1662 5486; x_wconf 91' lang='lat' dir='ltr'><strong>quia</strong></span> <span class='ocrx_word' id='word_1_767' title='bbox 1690 5429 1795 5468; x_wconf 90' lang='lat' dir='ltr'><strong>una</strong></span> <span class='ocrx_word' id='word_1_768' title='bbox 1825 5423 1907 5468; x_wconf 86' lang='lat' dir='ltr'><strong>est</strong></span> 
     </span>
    </p>
   </div>
   <div class='ocr_carea' id='block_1_87' title="bbox 307 5503 1905 5574">
    <p class='ocr_par' dir='ltr' id='par_1_87' title="bbox 307 5503 1905 5574">
     <span class='ocr_line' id='line_1_87' title="bbox 307 5503 1905 5574; baseline -0.003 -14"><span class='ocrx_word' id='word_1_769' title='bbox 307 5504 607 5574; x_wconf 74' lang='lat' dir='ltr'><strong>maiestas;</strong></span> <span class='ocrx_word' id='word_1_770' title='bbox 659 5521 763 5560; x_wconf 91' lang='lat' dir='ltr'><strong>una</strong></span> <span class='ocrx_word' id='word_1_771' title='bbox 809 5505 1120 5572; x_wconf 67' lang='lat' dir='ltr'><strong>aeternitas,</strong></span> <span class='ocrx_word' id='word_1_772' title='bbox 1169 5505 1296 5574; x_wconf 90' lang='lat' dir='ltr'><strong>quia</strong></span> <span class='ocrx_word' id='word_1_773' title='bbox 1327 5520 1431 5559; x_wconf 92' lang='lat' dir='ltr'><strong>una</strong></span> <span class='ocrx_word' id='word_1_774' title='bbox 1477 5503 1760 5570; x_wconf 89' lang='lat' dir='ltr'><strong>divinitas;</strong></span> <span class='ocrx_word' id='word_1_775' title='bbox 1803 5519 1905 5558; x_wconf 91' lang='lat' dir='ltr'><strong>una</strong></span> 
     </span>
    </p>
   </div>
   <div class='ocr_carea' id='block_1_88' title="bbox 309 5589 3585 5667">
    <p class='ocr_par' dir='ltr' id='par_1_88' title="bbox 309 5589 3585 5667">
     <span class='ocr_line' id='line_1_88' title="bbox 309 5589 3585 5667; baseline -0.003 -12"><span class='ocrx_word' id='word_1_776' title='bbox 309 5598 598 5655; x_wconf 84' lang='lat' dir='ltr'><strong>Creatoris</strong></span> <span class='ocrx_word' id='word_1_777' title='bbox 645 5597 964 5664; x_wconf 90' lang='lat' dir='ltr'><strong>dominatio,</strong></span> <span class='ocrx_word' id='word_1_778' title='bbox 994 5598 1123 5667; x_wconf 88' lang='lat' dir='ltr'><strong>quia</strong></span> <span class='ocrx_word' id='word_1_779' title='bbox 1175 5612 1280 5652; x_wconf 90' lang='lat' dir='ltr'><strong>una</strong></span> <span class='ocrx_word' id='word_1_780' title='bbox 1329 5603 1592 5651; x_wconf 74' lang='lat' dir='ltr'><strong>creatura:</strong></span> <span class='ocrx_word' id='word_1_781' title='bbox 1646 5594 1903 5650; x_wconf 79' lang='lat' dir='ltr'><strong>conditio.</strong></span> <span class='ocrx_word' id='word_1_782' title='bbox 2011 5601 2111 5655; x_wconf 88' lang='lat' dir='ltr'><strong>rat,</strong></span> <span class='ocrx_word' id='word_1_783' title='bbox 2145 5606 2248 5644; x_wconf 87' lang='lat' dir='ltr'><strong>vox</strong></span> <span class='ocrx_word' id='word_1_784' title='bbox 2277 5589 2667 5645; x_wconf 83' lang='lat' dir='ltr'><strong>exhortationis</strong></span> <span class='ocrx_word' id='word_1_785' title='bbox 2691 5603 2824 5645; x_wconf 68' lang='lat' dir='ltr'><strong>mete</strong></span> <span class='ocrx_word' id='word_1_786' title='bbox 2848 5591 3188 5661; x_wconf 90' lang='lat' dir='ltr'><strong>respondeat.</strong></span> <span class='ocrx_word' id='word_1_787' title='bbox 3211 5590 3452 5663; x_wconf 87' lang='lat' dir='ltr'><strong>Denique</strong></span> <span class='ocrx_word' id='word_1_788' title='bbox 3483 5591 3585 5647; x_wconf 88' lang='lat' dir='ltr'><strong>Lu-</strong></span> 
     </span>
    </p>
   </div>
   <div class='ocr_carea' id='block_1_89' title="bbox 309 5681 3644 5763">
    <p class='ocr_par' dir='ltr' id='par_1_89' title="bbox 309 5681 3644 5763">
     <span class='ocr_line' id='line_1_89' title="bbox 309 5681 3644 5763; baseline -0.001 -21"><span class='ocrx_word' id='word_1_789' title='bbox 309 5687 595 5758; x_wconf 83' lang='lat' dir='ltr'><strong>Quidquid</strong></span> <span class='ocrx_word' id='word_1_790' title='bbox 621 5688 764 5744; x_wconf 86' lang='lat' dir='ltr'><strong>enim</strong></span> <span class='ocrx_word' id='word_1_791' title='bbox 794 5688 954 5744; x_wconf 88' lang='lat' dir='ltr'><strong>Pater</strong></span> <span class='ocrx_word' id='word_1_792' title='bbox 981 5689 1216 5753; x_wconf 87' lang='lat' dir='ltr'><strong>creavit,</strong></span> <span class='ocrx_word' id='word_1_793' title='bbox 1257 5702 1353 5757; x_wconf 89' lang='lat' dir='ltr'><strong>per</strong></span> <span class='ocrx_word' id='word_1_794' title='bbox 1380 5685 1572 5742; x_wconf 81' lang='lat' dir='ltr'><strong>Filium</strong></span> <span class='ocrx_word' id='word_1_795' title='bbox 1603 5685 1904 5753; x_wconf 86' lang='lat' dir='ltr'><strong>fabricavit,</strong></span> <span class='ocrx_word' id='word_1_796' title='bbox 2012 5697 2102 5736; x_wconf 90' lang='lat' dir='ltr'><strong>cas</strong></span> <span class='ocrx_word' id='word_1_797' title='bbox 2128 5681 2454 5750; x_wconf 86' lang='lat' dir='ltr'><strong>evangelista</strong></span> <span class='ocrx_word' id='word_1_798' title='bbox 2484 5681 2725 5736; x_wconf 89' lang='lat' dir='ltr'><strong>veritatis</strong></span> <span class='ocrx_word' id='word_1_799' title='bbox 2751 5681 3027 5737; x_wconf 85' lang='lat' dir='ltr'><strong>historiam</strong></span> <span class='ocrx_word' id='word_1_800' title='bbox 3079 5683 3144 5740; x_wconf 88' lang='lat' dir='ltr'><strong>de</strong></span> <span class='ocrx_word' id='word_1_801' title='bbox 3168 5683 3366 5753; x_wconf 86' lang='lat' dir='ltr'><strong>Christi</strong></span> <span class='ocrx_word' id='word_1_802' title='bbox 3411 5685 3585 5739; x_wconf 88' lang='lat' dir='ltr'><strong>incar-</strong></span> <span class='ocrx_word' id='word_1_803' title='bbox 3641 5761 3644 5763; x_wconf 11' lang='grc' dir='ltr'><strong>Δ</strong></span> 
     </span>
    </p>
   </div>
   <div class='ocr_carea' id='block_1_90' title="bbox 310 5771 3586 5851">
    <p class='ocr_par' dir='ltr' id='par_1_90' title="bbox 310 5771 3586 5851">
     <span class='ocr_line' id='line_1_90' title="bbox 310 5771 3586 5851; baseline -0.002 -18"><span class='ocrx_word' id='word_1_804' title='bbox 310 5787 385 5834; x_wconf 78' lang='lat' dir='ltr'><strong>et</strong></span> <span class='ocrx_word' id='word_1_805' title='bbox 416 5781 466 5834; x_wconf 89' lang='lat' dir='ltr'><strong>in</strong></span> <span class='ocrx_word' id='word_1_806' title='bbox 497 5779 699 5848; x_wconf 85' lang='lat' dir='ltr'><strong>Spiritu</strong></span> <span class='ocrx_word' id='word_1_807' title='bbox 728 5787 916 5833; x_wconf 87' lang='lat' dir='ltr'><strong>sancto</strong></span> <span class='ocrx_word' id='word_1_808' title='bbox 948 5775 1193 5834; x_wconf 88' lang='lat' dir='ltr'><strong>ﬁrmavit.</strong></span> <span class='ocrx_word' id='word_1_809' title='bbox 1229 5777 1397 5851; x_wconf 80' lang='lat' dir='ltr'><strong>Filius</strong></span> <span class='ocrx_word' id='word_1_810' title='bbox 1426 5783 1607 5843; x_wconf 86' lang='lat' dir='ltr'><strong>autem</strong></span> <span class='ocrx_word' id='word_1_811' title='bbox 1639 5785 1797 5835; x_wconf 83' lang='lat' dir='ltr'><strong>natus</strong></span> <span class='ocrx_word' id='word_1_812' title='bbox 1827 5787 1909 5835; x_wconf 88' lang='lat' dir='ltr'><strong>est</strong></span> <span class='ocrx_word' id='word_1_813' title='bbox 1943 5806 1947 5810; x_wconf 93' lang='lat'><strong><em>-</em></strong></span> <span class='ocrx_word' id='word_1_814' title='bbox 2016 5773 2232 5829; x_wconf 88' lang='lat' dir='ltr'><strong>natione</strong></span> <span class='ocrx_word' id='word_1_815' title='bbox 2260 5771 2468 5844; x_wconf 87' lang='lat' dir='ltr'><strong>plenius</strong></span> <span class='ocrx_word' id='word_1_816' title='bbox 2497 5780 2656 5842; x_wconf 88' lang='lat' dir='ltr'><strong>atque</strong></span> <span class='ocrx_word' id='word_1_817' title='bbox 2686 5772 2983 5830; x_wconf 88' lang='lat' dir='ltr'><strong>ordinatius</strong></span> <span class='ocrx_word' id='word_1_818' title='bbox 3009 5775 3218 5829; x_wconf 74' lang='lat' dir='ltr'><strong>czcteris</strong></span> <span class='ocrx_word' id='word_1_819' title='bbox 3247 5775 3586 5846; x_wconf 79' lang='lat' dir='ltr'><strong>evangelistis</strong></span> 
     </span>
    </p>
   </div>
   <div class='ocr_carea' id='block_1_91' title="bbox 2008 5045 3578 5116">
    <p class='ocr_par' dir='ltr' id='par_1_91' title="bbox 2008 5045 3578 5116">
     <span class='ocr_line' id='line_1_91' title="bbox 2008 5045 3578 5116; baseline 0.004 -18"><span class='ocrx_word' id='word_1_820' title='bbox 2008 5053 2186 5100; x_wconf 90' lang='lat' dir='ltr'><strong>tamen</strong></span> <span class='ocrx_word' id='word_1_821' title='bbox 2213 5059 2333 5114; x_wconf 59' lang='lat' dir='ltr'><strong>quae</strong></span> <span class='ocrx_word' id='word_1_822' title='bbox 2359 5045 2554 5100; x_wconf 89' lang='lat' dir='ltr'><strong>delicta</strong></span> <span class='ocrx_word' id='word_1_823' title='bbox 2574 5045 2850 5110; x_wconf 89' lang='lat' dir='ltr'><strong>emundet,</strong></span> <span class='ocrx_word' id='word_1_824' title='bbox 2873 5046 2965 5103; x_wconf 90' lang='lat' dir='ltr'><strong>sed</strong></span> <span class='ocrx_word' id='word_1_825' title='bbox 2986 5061 3105 5116; x_wconf 85' lang='lat' dir='ltr'><strong>quae</strong></span> <span class='ocrx_word' id='word_1_826' title='bbox 3133 5059 3466 5104; x_wconf 86' lang='lat' dir='ltr'><strong>sacramenta</strong></span> <span class='ocrx_word' id='word_1_827' title='bbox 3486 5052 3578 5105; x_wconf 87' lang='lat' dir='ltr'><strong>dc—</strong></span> 
     </span>
    </p>
   </div>
   <div class='ocr_carea' id='block_1_92' title="bbox 2003 5133 2188 5190">
    <p class='ocr_par' dir='ltr' id='par_1_92' title="bbox 2003 5133 2188 5190">
     <span class='ocr_line' id='line_1_92' title="bbox 2003 5133 2188 5190; baseline -0.005 0"><span class='ocrx_word' id='word_1_828' title='bbox 2003 5133 2188 5190; x_wconf 86' lang='lat' dir='ltr'><strong>claret.</strong></span> 
     </span>
    </p>
   </div>
   <div class='ocr_carea' id='block_1_93' title="bbox 2075 5225 3576 5300">
    <p class='ocr_par' dir='ltr' id='par_1_93' title="bbox 2075 5225 3576 5300">
     <span class='ocr_line' id='line_1_93' title="bbox 2075 5225 3576 5300; baseline 0.003 -21"><span class='ocrx_word' id='word_1_829' title='bbox 2075 5225 2128 5280; x_wconf 72' lang='lat'><strong>2.</strong></span> <span class='ocrx_word' id='word_1_830' title='bbox 2177 5225 2243 5281; x_wconf 84' lang='lat' dir='ltr'><strong>Et</strong></span> <span class='ocrx_word' id='word_1_831' title='bbox 2267 5229 2387 5297; x_wconf 89' lang='lat' dir='ltr'><strong>quia</strong></span> <span class='ocrx_word' id='word_1_832' title='bbox 2416 5227 2575 5296; x_wconf 91' lang='lat' dir='ltr'><strong>hujus</strong></span> <span class='ocrx_word' id='word_1_833' title='bbox 2601 5227 2705 5282; x_wconf 81' lang='lat' dir='ltr'><strong>diei</strong></span> <span class='ocrx_word' id='word_1_834' title='bbox 2758 5228 3080 5297; x_wconf 68' lang='lat' dir='ltr'><strong>prceconium</strong></span> <span class='ocrx_word' id='word_1_835' title='bbox 3111 5229 3356 5284; x_wconf 86' lang='lat' dir='ltr'><strong>attollere</strong></span> <span class='ocrx_word' id='word_1_836' title='bbox 3397 5231 3576 5300; x_wconf 87' lang='lat' dir='ltr'><strong>cupio,</strong></span> 
     </span>
    </p>
   </div>
   <div class='ocr_carea' id='block_1_94' title="bbox 2005 5317 3577 5388">
    <p class='ocr_par' dir='ltr' id='par_1_94' title="bbox 2005 5317 3577 5388">
     <span class='ocr_line' id='line_1_94' title="bbox 2005 5317 3577 5388; baseline 0.001 -16"><span class='ocrx_word' id='word_1_837' title='bbox 2005 5320 2134 5374; x_wconf 88' lang='lat' dir='ltr'><strong>libet</strong></span> <span class='ocrx_word' id='word_1_838' title='bbox 2155 5317 2321 5388; x_wconf 91' lang='lat' dir='ltr'><strong>ipsam</strong></span> <span class='ocrx_word' id='word_1_839' title='bbox 2339 5318 2710 5386; x_wconf 85' lang='lat' dir='ltr'><strong>Evangelicam</strong></span> <span class='ocrx_word' id='word_1_840' title='bbox 2729 5318 3012 5373; x_wconf 88' lang='lat' dir='ltr'><strong>lectionem</strong></span> <span class='ocrx_word' id='word_1_841' title='bbox 3025 5318 3382 5387; x_wconf 91' lang='lat' dir='ltr'><strong>colloquendo</strong></span> <span class='ocrx_word' id='word_1_842' title='bbox 3401 5327 3577 5374; x_wconf 87' lang='lat' dir='ltr'><strong>trans-</strong></span> 
     </span>
    </p>
   </div>
   <div class='ocr_carea' id='block_1_95' title="bbox 2008 5408 3584 5478">
    <p class='ocr_par' dir='ltr' id='par_1_95' title="bbox 2008 5408 3584 5478">
     <span class='ocr_line' id='line_1_95' title="bbox 2008 5408 3584 5478; baseline 0.001 -14"><span class='ocrx_word' id='word_1_843' title='bbox 2008 5424 2242 5474; x_wconf 84' lang='lat' dir='ltr'><strong>currere,</strong></span> <span class='ocrx_word' id='word_1_844' title='bbox 2271 5410 2322 5463; x_wconf 91' lang='lat' dir='ltr'><strong>in</strong></span> <span class='ocrx_word' id='word_1_845' title='bbox 2351 5423 2454 5476; x_wconf 89' lang='lat' dir='ltr'><strong>qua</strong></span> <span class='ocrx_word' id='word_1_846' title='bbox 2485 5409 2584 5463; x_wconf 84' lang='lat' dir='ltr'><strong>ista</strong></span> <span class='ocrx_word' id='word_1_847' title='bbox 2641 5408 2844 5462; x_wconf 89' lang='lat' dir='ltr'><strong>narrari</strong></span> <span class='ocrx_word' id='word_1_848' title='bbox 2875 5423 3147 5477; x_wconf 90' lang='lat' dir='ltr'><strong>cognosco</strong></span> <span class='ocrx_word' id='word_1_849' title='bbox 3181 5427 3194 5462; x_wconf 91' lang='lat'><strong>:</strong></span> <span class='ocrx_word' id='word_1_850' title='bbox 3225 5417 3488 5478; x_wconf 89' lang='lat' dir='ltr'><strong>quatenus</strong></span> <span class='ocrx_word' id='word_1_851' title='bbox 3516 5410 3584 5466; x_wconf 88' lang='lat' dir='ltr'><strong>ad</strong></span> 
     </span>
    </p>
   </div>
   <div class='ocr_carea' id='block_1_96' title="bbox 2009 5499 3584 5570">
    <p class='ocr_par' dir='ltr' id='par_1_96' title="bbox 2009 5499 3584 5570">
     <span class='ocr_line' id='line_1_96' title="bbox 2009 5499 3584 5570; baseline 0 -16"><span class='ocrx_word' id='word_1_852' title='bbox 2009 5516 2071 5554; x_wconf 92' lang='lat' dir='ltr'><strong>ea</strong></span> <span class='ocrx_word' id='word_1_853' title='bbox 2094 5516 2212 5570; x_wconf 78' lang='lat' dir='ltr'><strong>qua:</strong></span> <span class='ocrx_word' id='word_1_854' title='bbox 2235 5500 2358 5555; x_wconf 91' lang='lat' dir='ltr'><strong>dico</strong></span> <span class='ocrx_word' id='word_1_855' title='bbox 2379 5499 2468 5554; x_wconf 90' lang='lat' dir='ltr'><strong>illa</strong></span> <span class='ocrx_word' id='word_1_856' title='bbox 2499 5499 2822 5569; x_wconf 84' lang='lat' dir='ltr'><strong>respondeat</strong></span> <span class='ocrx_word' id='word_1_857' title='bbox 2845 5517 2858 5565; x_wconf 92' lang='lat'><strong>;</strong></span> <span class='ocrx_word' id='word_1_858' title='bbox 2883 5499 2990 5554; x_wconf 91' lang='lat' dir='ltr'><strong>imo</strong></span> <span class='ocrx_word' id='word_1_859' title='bbox 3019 5500 3086 5554; x_wconf 92' lang='lat' dir='ltr'><strong>ad</strong></span> <span class='ocrx_word' id='word_1_860' title='bbox 3115 5516 3178 5555; x_wconf 91' lang='lat' dir='ltr'><strong>ea</strong></span> <span class='ocrx_word' id='word_1_861' title='bbox 3201 5518 3318 5570; x_wconf 78' lang='lat' dir='ltr'><strong>qua:</strong></span> <span class='ocrx_word' id='word_1_862' title='bbox 3342 5503 3429 5556; x_wconf 90' lang='lat' dir='ltr'><strong>illa</strong></span> <span class='ocrx_word' id='word_1_863' title='bbox 3455 5519 3584 5556; x_wconf 63' lang='lat' dir='ltr'><strong>nar-</strong></span> 
     </span>
    </p>
   </div>
  </div>
