4144 6354
493 311 596 367 939

1513 309 1570 364 S.
1613 302 1974 362 FULGENTll
2017 301 2317 362 EPlSCOl‘l
2351 305 2723 364 RUSPENSIS

3661 287 3774 344 840
3793 283 3796 286 ’

483 441 808 498 exsequens,
831 431 953 496 post
974 421 1432 479 annuntiationcm
1458 418 1576 488 ejus
1596 417 1664 472 ab
1684 416 1846 487 669
1871 415 2064 484 angelo
2093 424 2139 478 Α
2169 416 2276 472 line
2297 427 2597 474 creatorem
2622 402 2654 484 ;’
2684 417 2808 472 hinc
2846 411 3134 472 inﬁrmum,
3168 408 3318 463 illinc
3367 405 3717 462 fortissimum
3744 423 3761 468 ;

485 520 698 582 factam,
733 525 854 587 post
881 516 1213 571 nativitatem
1235 509 1554 577 angelorum
1583 507 1806 562 vocibus
1833 506 2072 560 declara-

488 618 616 674 tam,
650 615 772 678 post
791 602 1256 659 circumcisionem
1282 598 1387 652 diei
1417 597 1596 652 octavi
1626 597 1678 649 in
1701 597 1862 650 domo
1886 609 2074 666 paren-

488 709 599 754 tum
620 738 633 761 ,
677 699 792 752 hcce
822 697 875 750 in
911 693 1098 748 ordine
1128 690 1371 760 sequitur
1403 689 1620 742 dicens:
1654 685 1938 754 Postquam
1973 687 2074 738 im-

487 789 610 852 pleti
630 797 749 842 sunt
769 787 876 838 dies
898 782 1220 854 purgationis
1249 779 1431 832 matris
1457 778 1591 847 ejus,
1615 775 1896 844 secundum
1913 776 2072 844 legem

489 879 540 932 Μ
551 878 682 942 ausi,
713 877 941 928 tulerunt
973 874 1118 926 illum
1142 874 1195 924 in
1229 869 1576 930 Hierusalem,
1604 875 1660 918 ut
1689 867 1930 919 sisterent
1957 881 2075 916 eum

493 969 743 1021 Domino:
786 963 1178 1030 sicutscriptum
1206 967 1280 1012 est
1302 959 1356 1010 in
1375 958 1484 1026 lege
1512 954 1743 1017 Domini,
1770 950 1904 1015 Quia
1928 967 2076 1005 omne

489 1057 832 1111 masculinum
846 1054 1152 1123 adaperiens
1166 1051 1363 1104 vulvam
1390 1055 1624 1101 sanctum
1642 1044 1864 1098 Domino
1878 1041 2079 1096 vocabi-

491 1158 573 1200 tur
619 1143 771 1215 (Luc.
803 1160 859 1207 ιι,
889 1142 976 1202 22,
1003 1141 1119 1209 25).
1151 1138 1369 1193 Cunctis
1401 1135 1650 1190 lidelibus
1677 1133 1846 1203 liquet
1875 1147 2079 1200 nequa-

491 1250 652 1304 quam
673 1233 1046 1302 Redemptoris
1062 1238 1287 1284 matrem
1299 1243 1367 1283 ex
1388 1225 1501 1294 ejus
1521 1223 1798 1280 nativitate
1815 1224 2076 1277 maculam

493 1326 850 1390 contraxisse,
882 1323 1005 1391 quia
1050 1321 1206 1392 (forte
1227 1335 1258 1372 a
1287 1317 1413 1387 qua)
1459 1316 1667 1370 illorum
1695 1314 1902 1367 dierum
1933 1327 1962 1364 a
1993 1327 2080 1364 sap

497 1415 602 1470 eris
629 1415 834 1468 aedibus
860 1411 1139 1466 abstinens
1162 1415 1501 1478 purgaretur.
1547 1404 1682 1471 Quia
1710 1403 1825 1458 sine
1848 1402 2078 1455 humana

496 1505 953 1575 concupiscentia,
981 1503 1098 1556 sine
1148 1501 1323 1568 aliqua
1363 1497 1538 1552 carnis
1558 1495 1904 1564 corruptione
1930 1493 2081 1560 virgo

496 1596 729 1665 peperit,
761 1603 815 1646 et
843 1593 958 1646 sine
986 1590 1090 1644 ﬁne
1120 1589 1270 1657 virgo
1299 1585 1625 1656 permansit;
1651 1599 1713 1638 ac
1739 1599 1833 1652 per
1857 1582 1962 1636 hoc
1985 1594 2084 1633 nec

501 1685 771 1739 masculus
791 1697 858 1738 ex
879 1697 942 1736 ea
962 1691 1118 1735 natus
1133 1680 1341 1732 vulvam
1366 1678 1481 1746 ejus
1497 1677 1723 1746 aperuit.
1751 1675 1854 1730 Sed
1882 1690 1979 1728 nec
2002 1674 2082 1728 le-

2175 507 2299 562 binc
2325 506 2774 576 alendum,670
2795 503 2942 560 illinc
2970 500 3237 571 alentem;
3259 497 3382 551 hinc
3407 512 3516 552 non
3541 497 3771 563 loquen-

2175 605 2304 663 tem,
2337 598 2488 653 illinc
2509 598 2730 666 angelos
2775 594 3080 649 docentem.
3105 588 3258 655 Quis,
3292 588 3529 656 inquam,
3561 586 3638 639 tui
3669 600 3770 654 pe-

2175 689 2340 743 ctoris
2383 703 2579 751 arcana
2626 687 2780 742 nobis
2826 696 3070 739 reserare
3106 680 3303 743 valeat,
3347 679 3541 747 quibus
3589 675 3770 730 modis

2175 782 2467 849 cogitatum
2517 781 2584 834 ad
2634 787 2860 846 utraque
2914 773 3196 836 nectebas;
3239 785 3360 825 cum
3401 783 3566 824 unum
3613 781 3796 838 eum-5

2176 871 2410 940 demque
2464 869 2560 925 Dei
2623 877 2787 936 atque
2839 863 3074 920 hominis
3151 861 3318 915 ﬁlium
3375 859 3620 912 manibus
3686 865 3774 910 te-

2179 939 2337 1027 nens,
2383 960 2510 1016 hinc
2555 958 2811 1014 adorares
2849 964 2908 1009 ut
2954 951 3268 1017 Dominum,
3309 949 3456 1004 illinc
3494 949 3771 1003 osculares
3805 939 3816 946 ’

2180 1062 2239 1108 ιιι
2267 1050 2548 1122 parvulum
2571 1050 2594 1103 τ

2249 1141 2302 1196 5.
2335 1142 2464 1208 Quis
2492 1139 2560 1193 ad
2590 1147 2698 1192 tam
2731 1134 3000 1192 inellabile
3027 1132 3348 1188 miraculum
3370 1144 3482 1185 non
3504 1129 3769 1196 obstupe-

2179 1234 2332 1289 scat?
2361 1231 2490 1298 Quis
2530 1246 2638 1284 non
2680 1242 2817 1298 pene
2845 1225 3076 1293 elinguis
3120 1223 3262 1276 ﬁat?
3307 1221 3540 1276 Generat
3587 1217 3770 1287 puella

2181 1339 2338 1379 suum
2381 1328 2432 1376 et
2454 1319 2694 1376 omnium
2737 1325 3060 1381 creatorem,
3085 1313 3252 1368 nutrit
3270 1326 3425 1366 suum
3447 1318 3504 1365 et
3523 1308 3768 1364 omnium

2182 1414 2528 1474 nutritorem,
2561 1417 2743 1480 portat
2791 1407 2858 1462 ad
2909 1405 3168 1475 templum
3221 1417 3376 1457 suum
3423 1409 3482 1455 et
3526 1399 3768 1455 omnium

2182 1509 2470 1557 rectorem.
2499 1497 2543 1552 Ο
2568 1497 2938 1553 admirandum
2965 1492 3352 1564 spectaculum,
3387 1489 3456 1544 ad
3483 1489 3630 1560 quod
3661 1504 3772 1543 non

2186 1592 2361 1648 solum
2391 1592 2643 1656 humana,
2671 1603 2856 1643 verum
2877 1587 3038 1641 etiam
3065 1583 3303 1652 angelica
3323 1582 3582 1650 stupescit
3609 1587 3772 1634 natu-

2187 1683 2278 1737 ra!
2309 1682 2389 1736 Ad
2413 1677 2533 1746 hoc,
2566 1680 2758 1733 fratres
2785 1675 3070 1737 carissimi,
3101 1673 3220 1729 ﬁdei
3245 1672 3432 1728 oculos
3453 1670 3672 1740 erigite;
3705 1667 3771 1722 ad

501 1777 582 1844 gis
607 1773 970 1827 narrationem
1001 1770 1328 1836 evangelista
1351 1777 1662 1830 contexens,
1679 1764 1878 1820 claudit
1905 1763 2082 1833 impiis
2115 1785 2160 1843 Β
2185 1776 2291 1829 hoc
2326 1773 2542 1842 pietatis
2570 1769 2763 1824 affectu
2785 1767 3089 1823 convenite,
3108 1765 3185 1818 lbi
3214 1762 3472 1831 suscipite
3499 1758 3774 1816 Christum

499 1873 893 1921 sacramentum
911 1863 1103 1917 divinae
1133 1859 1532 1922 incarnationis,
1557 1866 1892 1925 matremque
1909 1856 2081 1922 legem

504 1958 879 2010 observantem
913 1952 1222 2006 introducit.
1255 1949 1361 2004 Sed
1384 1965 1483 2003 nec
1511 1948 1704 2000 mirum
1729 1949 1774 2000 si
1803 1955 1974 2000 mater
1995 1946 2085 2000 ob-

502 2053 745 2100 servaret
775 2044 944 2111 legem
966 2057 1125 2110 quam
1151 2040 1266 2108 ejus
1295 2037 1459 2090 Filius
1483 2053 1589 2090 non
1607 2044 1827 2090 venerat
1853 2036 2084 2098 solvere,

503 2136 599 2189 sed
623 2133 939 2200 adimplere.
971 2130 1187 2184 Sciebat
1215 2129 1356 2182 enim
1387 2142 1495 2195 quo
1523 2126 1709 2180 ordine
1737 2133 2084 2192 conceperat,

505 2229 562 2276 et
590 2221 708 2289 quis
737 2229 878 2275 esset
906 2234 1066 2288 quem
1095 2225 1375 2286 genuerat.
1418 2215 1522 2270 Sed
1546 2215 1715 2283 legem
1747 2229 2087 2270 communem

505 2313 824 2378 observans,
855 2310 1188 2380 exspectavit
1220 2307 1550 2377 purgationis
1578 2306 1738 2370 diem,
1771 2306 1965 2360 celavit
1994 2305 2086 2358 lilii

507 2403 866 2471 maiestatem.
899 2401 1034 2455 Hinc
1063 2409 1145 2454 est
1171 2398 1315 2468 quod
1344 2414 1467 2452 eum
1498 2397 1550 2450 in
1574 2396 1774 2465 templo
1804 2395 2088 2450 duodecim

509 2509 773 2548 annorum
822 2492 1122 2555 inveniens,
1175 2490 1356 2542 ﬁlium'
1391 2486 1592 2556 Josepb
1643 2496 1815 2551 vocat,
1861 2487 2085 2541 dicens:

508 2585 638 2648 Fili,
665 2584 786 2657 quid
815 2583 982 2656 feciin
1011 2582 1156 2638 nobis
1197 2581 1309 2635 sic?
1339 2579 1472 2633 Ecce
1495 2589 1642 2650 pater
1667 2586 1783 2631 tuus
1803 2587 1851 2630 et
1883 2596 1974 2648 ego
1997 2578 2091 2632 do-

508 2681 667 2731 lentes
695 2677 1045 2749 quazrebamus
1076 2685 1122 2728 te
1153 2673 1340 2744 (Ibid.,
1368 2672 1480 2742 48).
1513 2671 1683 2738 Quem
1707 2670 1894 2739 procul
1925 2669 2090 2724 dubio

508 2768 713 2824 sciebat
734 2783 793 2821 sc
817 2767 932 2822 sine
954 2765 1241 2819 concubitu
1265 2761 1464 2832 Josepb
1491 2760 1825 2830 concepisse,
1848 2760 1963 2812 sine
1979 2774 2094 2812 cor-

509 2857 761 2927 ruptione
791 2855 1034 2923 virginali
1065 2853 1314 2908 edidisse.

577 2946 630 2998 3.
663 2944 769 3000 Sed
808 2960 905 2998 cur
959 2943 1240 2998 abscondit
1289 2933 1662 3010 conceptionis
1691 2956 1753 2994 ac
1801 2938 2094 2992 nativitatis

511 3036 652 3090 illius
684 3044 1112 3100 sacramentum,
1145 3049 1304 3102 quem
1355 3032 1504 3086 novit
1532 3032 1698 3085 Deum
1731 3031 2094 3086 immensum?

2186 1880 2286 1935 pro
2308 1864 2462 1919 vobis
2481 1863 2533 1916 in
2557 1876 2720 1917 carne
2743 1859 3100 1922 humiliatum,
3125 1855 3221 1911 sed
3244 1853 3466 1909 adorate
3490 1853 3544 1906 in
3570 1867 3669 1905 sua
3694 1850 3775 1904 di—

2187 1955 2415 2008 vinitate
2469 1952 2743 2007 excelsum
2797 1949 2985 2003 Deum.
3021 1941 3417 2013 Amplectimini
3467 1939 3774 2010 parvulum,

2188 2045 2283 2099 sed
2307 2044 2543 2112 cogitate
2573 2041 2912 2096 immensum.
2931 2035 3120 2088 Amate
3144 2031 3502 2095 humiliatum,
3516 2036 3572 2082 et
3593 2027 3778 2080 timete

2189 2134 2486 2190 excelsum.

2260 2224 2312 2278 6.
2340 2221 2457 2277 Jam
2479 2237 2630 2285 vero,
2663 2214 3013 2282 dilectissimi,
3039 2213 3086 2269 si
3109 2212 3365 2283 quzeritur
3392 2208 3520 2278 quid
3552 2205 3780 2277 mystice

2191 2313 2544 2385 signiﬁcatum
2593 2310 2752 2364 fuerit
2780 2309 2831 2362 in
2887 2322 2953 2361 eo
2980 2302 3124 2374 quod
3167 2300 3506 2385 Redemptor,
3534 2305 3722 2350 noster
3749 2309 3781 2346 a

2192 2384 2363 2460 matre
2396 2415 2452 2458 et
2479 2401 2790 2473 parentibus
2839 2413 2903 2451 ex
2930 2395 3147 2465 propria
3192 2391 3415 2446 civitate
3445 2384 3781 2441 in'Hierusa-

2192 2495 2296 2549 lem
2323 2493 2391 2547 ad
2419 2491 2675 2560 templum
2708 2487 2916 2542 Domini
2937 2501 2995 2540 se
3025 2483 3228 2553 portari
3258 2479 3456 2542 voluit,
3483 2476 3784 2531 invenimus

2193 2587 2364 2656 ipsam
2411 2583 2698 2651 gloriosam
2728 2587 2952 2632 matrem
2977 2584 3033 2630 et
3059 2574 3340 2641 virginem,
3372 2569 3600 2638 ejusque
3651 2580 3754 2635 pro
3781 2600 3786 2603 -

2192 2655 2423 2749 pinquos
2462 2674 2684 2742 ﬁguram
2713 2669 2942 2737 gessisse
2991 2666 3131 2720 illius
3160 2662 3414 2718 Ecclesiae
3441 2674 3561 2728 quae
3590 2673 3660 2711 ex
3689 2655 3784 2709 Ju-

2193 2770 2322 2824 daeis
2352 2769 2403 2820 in
2434 2763 2694 2835 apostolis
2721 2760 2968 2817 credidit.
2994 2756 3220 2823 Quando
3239 2754 3383 2807 enim
3406 2751 3648 2806 Ecclesia
3677 2763 3786 2802 non

2195 2860 2390 2926 virgo?
2426 2855 2579 2924 cujus
2607 2853 2844 2907 membra
2875 2848 3163 2920 Apostolus
3183 2845 3394 2910 aliatur,
3423 2842 3647 2896 dicens:
3681 2838 3787 2891 De-

2197 2949 2381 3020 spondi
2401 2949 2537 3001 enim
2561 2961 2648 2998 vos
2667 2945 2758 2996 uni
2778 2943 2883 2996 viro
2904 2941 3153 3010 virginem
3173 2944 3370 2989 castam
3391 2932 3636 2986 exhibere
3647 2929 3788 2983 Chri-

2198 3049 2276 3094 sto
2309 3037 2394 3104 (II
2417 3037 2538 3090 Cor.
2572 3051 2642 3099 ιιι,
2673 3034 2752 3102 2).
2787 3029 3150 3098 Quandoipsa
3174 3042 3280 3081 non
3311 3024 3509 3078 mater?
3533 3020 3642 3076 Sed
3665 3020 3790 3089 quia

513 3125 760 3210 Νυηίιυῑει
805 3123 1009 3177 “Willet
1063 3123 1202 3187 “mss
1251 3138 1409 3192 quem
1467 3121 1532 3174 ad
1565 3122 1818 3189 templum
1849 3119 2096 3182 deferens
2127 3148 2171 3210 ρ
2203 3148 2300 3202 per
2316 3129 2651 3184 Psalmistam
2674 3121 3231 3180 diciturzMaterSion
3247 3120 3398 3179 dicet,
3417 3115 3589 3170 Horno
3613 3112 3788 3185 (Psal.

515 3215 681 3270 sancti
712 3199 855 3270 senis
885 3213 1100 3268 tradidit
1129 3213 1372 3266 manibus
1400 3213 1440 3264 ἱδ-
1463 3211 1634 3266 Absit.
1658 3210 1762 3265 Sed
1796 3210 1879 3263 vel
1909 3210 2097 3278 spiritu

516 3304 812 3374 prophetia:
839 3304 1064 3373 repleta,
1097 3301 1526 3371 redemptionem
1575 3301 1763 3355 mundi
1791 3301 1966 3370 impiis
1990 3316 2099 3353 non

516 3394 748 3463 aperiat.
787 3391 1002 3446 Sciebat
1037 3391 1178 3444 enim
1204 3390 1314 3458 jam
1346 3399 1472 3444 tunc
1507 3390 1677 3457 gratia
1707 3388 1886 3458 plena,
1911 3389 2102 3457 spiritu

517 3484 815 3538 divinitatis
837 3481 1037 3544 amata,
1057 3480 1181 3551 quia
1211 3482 1255 3534 si
1286 3481 1428 3534 hunc
1449 3479 1605 3548 hujus
1627 3479 1806 3534 saeculi
1835 3479 2102 3548 principes

517 3575 918 3642 cognovissent,
949 3586 1218 3640 nunquam
1266 3587 1364 3639 pro
1393 3570 1563 3623 salute
1595 3577 1776 3624 nostra
1808 3567 2103 3623 eruciﬁxis-

519 3673 656 3719 sent.
705 3662 847 3717 OlTer
876 3676 1024 3728 ergo,
1077 3661 1382 3716 beatissima
1416 3659 1594 3728 Virgo,
1650 3667 1902 3728 tanquam
1934 3661 2101 3726 legem

519 3758 833 3823 observans,
859 3755 909 3808 in
943 3755 1140 3823 templo
1170 3769 1327 3821 quem
1353 3752 1583 3815 c.li.listi,
1612 3759 1670 3805 ut
1696 3768 1800 3805 non
1832 3751 2100 3812 omnibus,

520 3848 614 3902 sed
646 3848 830 3917 paucis
861 3847 1145 3926 reveletur
1173 3845 1292 3923 quis
1324 3855 1404 3898 est
1447 3860 1605 3913 quem
1636 3843 1886 3912 genuisti.
1923 3843 2102 3913 Appa-

523 3947 639 3992 reat
667 3939 879 3992 interim
925 3937 1058 4006 lapis
1107 3937 1320 3989 humilis
1375 3937 1641 3989 abscissus
1669 3935 1735 3988 de
1764 3943 1948 3989 monte
1987 3935 2105 3988 sine

524 4027 788 4094 manibus,
831 4035 891 4080 ut
919 4025 1234 4094 reprobetur
1278 4025 1345 4077 ab
1388 4023 1795 4092 :ediﬁcantibus,
1828 4039 2106 4093 usquequo

523 4123 754 4170 statuam
803 4116 854 4166 in
905 4115 1129 4181 pellibus
1160 4113 1491 4180 percutiens,
1527 4123 1735 4167 crescat
1774 4115 1825 4166 in
1870 4123 2108 4168 montem

525 4215 799 4269 magnum,
831 4202 1154 4270 impleatun
1187 4202 1492 4254 universum
1525 4203 1707 4256 orbem
1733 4210 2018 4260 terrarum.

599 4293 655 4346 4.
683 4291 915 4362 O‘quam
947 4308 1162 4362 parvus,
1217 4310 1250 4346 o
1277 4309 1436 4363 quam
1470 4308 1691 4362 magnus
1719 4304 1800 4349 est
1829 4309 1986 4362 quem
2018 4312 2110 4365 pe-

526 4383 746 4454 peristi!
782 4382 982 4436 Parvus
1012 4382 1435 4446 inhumanitate,
1462 4399 1686 4452 magnus
1715 4387 1766 4437 in
1799 4385 2106 4452 divinitate;

2203 3236 2418 3284 uxxvr,
2452 3217 2526 3288 5);
2559 3224 2613 3272 et
2644 3216 2899 3270 Dominus
2945 3215 2998 3266 in
3027 3211 3318 3279 Evangelia
3345 3228 3358 3262 :
3393 3205 3694 3276 Quicunque
3724 3205 3792 3275 [ε-

2203 3313 2329 3365 cerit
2356 3311 2668 3364 voluntatem
2699 3305 2872 3359 Patris
2896 3304 2996 3358 mei
3035 3305 3121 3372 qui
3145 3304 3197 3356 in
3219 3302 3360 3354 caelis
3388 3308 3483 3362 est,
3516 3300 3624 3368 ipse
3644 3312 3790 3349 meus

2204 3404 2387 3474 frater,
2418 3415 2584 3464 soror,
2628 3409 2676 3452 et
2730 3407 2893 3450 mater
2949 3403 3024 3448 est
3051 3392 3266 3456 (Matth.
3297 3407 3390 3457 xu,
3425 3389 3530 3459 50).
3559 3387 3792 3454 Quando

2208 3493 2362 3548 electi
2413 3506 2519 3546 non
2546 3488 2850 3558 propinqui.
2875 3488 2968 3555 qui
2996 3485 3190 3540 fratres
3218 3491 3269 3537 et
3300 3497 3510 3537 sorores
3536 3489 3657 3534 sunt
3681 3495 3793 3548 ap-

2205 3584 2429 3654 pellati?
2457 3581 2627 3634 Mater
2666 3580 2848 3647 itaque
2882 3593 2944 3630 ac
2977 3574 3260 3645 propinqui
3291 3570 3669 3640 Redemptoris
3687 3583 3798 3622 no-

2204 3673 2320 3734 stri,
2357 3687 2387 3726 a
2424 3670 2686 3724 Nazareth
2715 3670 2768 3722 in
2807 3666 3138 3721 Hierusalem
3183 3664 3250 3717 ad
3291 3662 3546 3732 templum
3576 3660 3798 3714 Domini

2204 3763 2482 3820 delerunt:
2513 3761 2636 3829 quia
2665 3759 2934 3829 primitiva
2976 3758 3062 3811 illa
3104 3757 3155 3810 in
3187 3755 3372 3826 primis
3400 3751 3676 3823 discipulis
3695 3749 3800 3804 Ec-

2206 3854 2390 3916 clesia,
2422 3868 2452 3907 a
2478 3850 2675 3906 Judtcis
2703 3850 2939 3920 repulsa,
2979 3845 3216 3916 ejusdem
3254 3843 3644 3913 redemptionis
3681 3841 3801 3895 dis-

2205 3945 2577 4018 pensationem
2599 3943 2665 3996 ad
2685 3942 2930 3996 notitiam
2947 3940 3185 4008 gentium
3214 3936 3481 4008 perduxit.
3510 3933 3629 4003 Ipsa
3651 3926 3807 3986 enim

2209 4035 2442 4090 Ecclesia
2471 4049 2580 4088 non
2611 4033 2784 4087 solum
2810 4047 2877 4086 ex
2908 4031 3174 4098 gentibus,
3208 4042 3393 4081 verum
3419 4025 3583 4078 etiam
3614 4038 3682 4076 ex
3704 4021 3804 4075 Ju-

2207 4130 2334 4184 dteis
2363 4125 2718 4189 Hierusalem,
2749 4122 2799 4177 id
2827 4131 2909 4178 est
2943 4121 3088 4175 Visio
3131 4119 3298 4190 pacis,
3349 4125 3497 4171 recte
3529 4123 3800 4168 vocatur:

2208 4221 2276 4274 de
2294 4233 2398 4287 qua
2421 4231 2517 4286 per
2542 4213 2877 4267 Psalmistam
2903 4210 3127 4265 dicitur:
3157 4206 3505 4265 Hierusalem,
3535 4219 3651 4274 qua
3679 4201 3805 4255 tedi-

2210 4285 2398 4381 ﬁcatur
2423 4285 2478 4360 ut
2507 4307 2708 4369 civitas,
2760 4305 2905 4375 cujus
2952 4300 3284 4372 participatio
3322 4297 3432 4368 ejus
3479 4297 3533 4348 in
3571 4285 3828 4365 idipsum~

2214 4400 2384 4471 (Psal.
2409 4413 2553 4461 cxxt,
2582 4395 2660 4466 5).
2693 4394 2812 4464 Ipsa
2837 4401 2892 4448 et
2943 4391 3217 4460 templum,
3249 4389 3386 4443 sicut
3431 4402 3528 4457 per
3571 4383 3804 4438 Paulum

527 4491 723 4546 parvus
759 4475 809 4531 in
858 4488 1022 4541 regno
1051 4472 1374 4565 Iudaeorum,
1425 4477 1734 4565 magnusiin
1767 4491 1930 4544 regno
1978 4490 2108 4542 gen-
2140 4507 2190 4565 Ι)
2216 4491 2460 4545 ﬁdelibus
2487 4487 2711 4542 dicitur;
2742 4483 3006 4550 Templum
3035 4481 3245 4534 Domini
3276 4488 3508 4532 sanctum
3535 4484 3634 4539 est,
3666 4477 3808 4544 quod

527 4567 677 4620 tium.
711 4565 814 4618 Sed
847 4580 950 4617 non
982 4566 1049 4617 ab
1087 4564 1335 4616 omnibus
1364 4565 1415 4617 in
1457 4579 1622 4633 regno
1651 4564 1955 4620 Jutlmorum
1987 4583 2109 4636 par-

529 4671 625 4708 vos
651 4655 964 4707 restituatur.
1017 4653 1148 4707 Nam
1178 4664 1230 4706 ct
1273 4655 1384 4724 ipsa
1415 4670 1532 4722 qua:
1581 4656 1723 4710 hunc
1750 4658 1998 4724 genuisti,
2042 4672 2110 4711 ex

528 4747 646 4816 ipso
678 4743 875 4814 populo
907 4743 1066 4799 lsrael
1115 4746 1166 4798 in
1193 4746 1390 4814 virgam
1423 4747 1658 4802 crevisti.
1689 4747 1847 4816 Virga
1878 4752 2021 4804 enim
2044 4751 2110 4805 dc

529 4837 709 4892 radice
757 4833 907 4889 Jesse
955 4836 1257 4902 snt-resisti,
1325 4844 1381 4889 et
1436 4837 1678 4890 lloruisti.
1714 4837 1874 4906 Virga
1930 4839 2110 4894 Aaron

531 4930 834 4995 l'romluisti,
857 4939 912 4984 et
942 4945 1133 4982 nucem
1166 4930 1418 4998 peperisti
1447 4947 1457 4981 :
1486 4939 1539 4983 et
1568 4931 1691 4998 quia
1727 4946 1836 4998 pra:
1864 4932 2112 4985 omnibus

533 5022 946 5076 immensitalcm
986 5019 1101 5089 ejus
1152 5020 1432 5086 aguovisti,
1463 5034 1622 5089 quem
1651 5028 1830 5074 tamen
1863 5021 2116 5089 parvissi-

534 5127 678 5164 mum
710 5126 774 5164 ex
806 5120 859 5162 te
892 5119 1072 5163 natum
1105 5108 1307 5173 vidisti;
1340 5109 1524 5178 procul
1555 5109 1717 5163 dubio
1754 5125 1913 5178 quem
1944 5111 2118 5165 infan-

537 5215 645 5260 tem
676 5203 928 5274 genuisti,
969 5203 1135 5256 Deum
1191 5203 1615 5272 omnipotentem
1644 5211 1880 5258 tremens
1925 5204 2111 5260 adora—

535 5297 622 5360 sti,
656 5296 886 5350 adorans
934 5293 1194 5348 tremuisti
1220 5310 1231 5344 :
1280 5307 1440 5360 quem
1464 5304 1642 5345 tamen
1673 5293 1796 5361 quia
1817 5296 2116 5349 secundum

539 5388 924 5442 humanitatem
946 5383 1108 5437 ﬁlium
1135 5384 1511 5450 recognovisti,
1526 5384 1754 5447 lactasti,
1781 5383 1977 5452 fovisti,
1992 5386 2122 5440 alui-

537 5477 624 5531 sti.
657 5478 786 5543 Quis
824 5485 980 5546 putas
1006 5475 1160 5528 nobis
1207 5474 1378 5543 possit
1405 5474 1661 5539 indicare,
1702 5475 1842 5529 inter
1865 5475 2118 5542 hujusce-

543 5567 684 5619 modi
707 5567 985 5635 obsequia,
1010 5565 1171 5619 animi
1198 5566 1273 5619 tui
1297 5580 1536 5630 sensum,
1551 5579 1585 5618 ο
1599 5564 1903 5620 beatissima
1921 5566 2083 5632 Virgo
2097 5567 2120 5620 ?

541 5669 662 5708 cum
693 5656 816 5709 hinc
845 5672 1096 5711 cerneres
1125 5672 1190 5709 ex
1240 5665 1291 5708 te
1324 5663 1504 5709 natum
1538 5655 1804 5710 tantillum
1836 5655 2117 5720 infantem,

500 5798 502 5801 .
543 5748 689 5804 illine
707 5755 853 5802 atten
877 5750 1011 5803 feres
1035 5749 1206 5804 Deum
1229 5750 1544 5805 innnensum
1573 5768 1586 5816 ;
1619 5749 1742 5804 hinc
1770 5760 2033 5821 creatum,
2058 5751 2122 5807 il-
2165 5754 2167 5758 ’

2213 4582 2335 4634 estis
2357 4596 2441 4632 ros
2469 4577 2519 4645 (I
2551 4574 2671 4630 Cor.
2703 4591 2780 4640 ιιι,
2809 4575 2920 4643 17).
2945 4573 3022 4627 Ac
3068 4586 3165 4642 per
3192 4571 3296 4624 hoc
3316 4583 3436 4623 cum
3467 4565 3702 4635 apostoli
3736 4580 3806 4618 es

2214 4673 2392 4726 Judzna
2423 4669 2692 4724 Christum
2716 4665 3098 4719 annuntiantes
3125 4661 3348 4716 veniunt
3367 4658 3435 4712 ad
3465 4664 3695 4726 gentes:
3723 4656 3808 4707 ni-

2215 4765 2410 4817 mirum
2437 4758 2771 4814 Hierusalem
2822 4756 2889 4810 ad
2921 4753 3250 4810 Hierusalem
3277 4749 3550 4814 convenit,
3579 4754 3639 4800 et
3668 4754 3807 4798 tem-

2215 4853 2362 4924 plum
2385 4851 2451 4904 ad
2496 4849 2752 4918 templum
2802 4846 3065 4900 occurrit:
3099 4858 3220 4898 cum
3261 4843 3314 4896 hi
3341 4855 3531 4896 omnes
3559 4852 3667 4892 una
3693 4837 3804 4890 sint

2218 4941 2548 4996 Hierusalem
2574 4937 2780 5002 civitas,
2813 4951 2976 4990 unum
3006 4945 3062 4988 et
3083 4933 3361 5003 templum.
3386 4931 3443 4983 In
3486 4929 3589 4983 hac
3620 4929 3807 4996 itaque

2218 5033 2456 5095 civitate,
2488 5037 2650 5098 atque
2698 5028 2751 5081 in
2791 5028 2893 5080 hoc
2951 5024 3150 5094 templo
3205 5023 3272 5076 ab
3305 5021 3564 5091 apostolis
3591 5019 3811 5074 oblatus

2219 5121 2461 5177 Christus
2484 5119 2768 5187 excipitur.
2808 5115 2957 5170 Unde
2977 5123 3032 5169 et
3071 5115 3184 5183 ipsa
3231 5111 3467 5167 Ecclesia
3498 5110 3807 5165 Psalmista:

2220 5228 2353 5267 voce
2391 5210 2644 5279 loquitur,
2666 5209 2849 5275 dicens
2882 5224 2894 5258 :
2928 5205 3281 5273 Suscepimus,
3316 5201 3477 5265 Deus,
3507 5200 3808 5253 misericor-

2220 5301 2526 5354 diam‘tuam
2548 5300 2601 5353 in
2626 5297 2791 5352 medio
2823 5296 2999 5363 templi
3028 5295 3100 5346 tui
3123 5292 3299 5363 (Psal.
3331 5306 3496 5356 nvn,
3525 5289 3633 5358 10).
3667 5286 3811 5340 Sub—

2223 5391 2395 5458 audis,
2425 5391 2477 5444 in
2507 5389 2684 5452 medio
2711 5386 2970 5448 ecclesite,
3000 5399 3121 5454 qua:
3149 5391 3234 5438 est
3259 5382 3516 5453 templum
3538 5389 3711 5432 tuum.

2296 5481 2348 5534 7.
2380 5481 2505 5534 Sive
2551 5486 2731 5533 autem
2756 5475 2909 5546 juxta
2940 5475 3241 5540 historiam,
3281 5473 3395 5527 sive
3445 5478 3628 5524 autem
3651 5474 3809 5537 juxta

2223 5574 2505 5644 mysticum
2555 5570 2904 5634 intellectum,
2949 5583 3044 5622 cur
3066 5566 3310 5621 Christus
3337 5579 3365 5617 a
3396 5561 3711 5633 parentibus
3741 5556 3812 5610 ad

2221 5673 2462 5718 sanctam
2489 5663 2764 5718 civitatem
2795 5668 2866 5724 et_
2887 5658 3144 5728 templum
3173 5657 3417 5720 ducatur,
3441 5667 3608 5708 causa
3631 5647 3810 5704 mani-

2223 5753 2447 5808 Testatur
2475 5750 2598 5807 cum
2636 5749 2972 5822 subjungitur
2989 5726 3014 5801 ε’
3039 5747 3107 5801 Ut
3134 5747 3317 5800 darent
3358 5744 3601 5807 hostiam,
3625 5753 3816 5794 seruu-
3846 5726 3849 5739 ³
