4144 6354
2246 453 3321 468 -αῌο--ι--α--οα--κι
3336 454 3358 458 -
3373 455 3376 457 λ
3432 453 3456 458 —
3506 454 3513 459 Δ

1649 583 2622 704 APPENDIX

1079 759 1277 886 AD
1373 756 1500 888 S.
1598 753 2476 965 FULEE‘JEII
2572 755 3103 886 OPERA’

1834 1043 2506 1125 ADMONITIO.
2555 1091 2562 1096 -

613 1166 698 1232 De
730 1163 890 1224 libro
918 1163 990 1224 de
1021 1161 1576 1222 Prii-destinatione
1608 1170 1664 1221 et
1693 1163 1942 1231 Gratia,
1981 1170 2034 1221 et
2071 1162 2469 1241 subsequente
2505 1164 2762 1242 epistola
2795 1163 3224 1226 Ferrandi-ad
3259 1165 3637 1245 Egyppium.

2018 1290 2322 1303 —__

587 1368 655 1424 Ut
683 1367 878 1422 librum
905 1365 996 1434 qui
1026 1365 1269 1435 proxime
1297 1364 1539 1431 sequitur
1563 1363 1843 1432 Fulgentio
1873 1369 2090 1423 minime
2123 1382 2169 1438 Α
2197 1367 2364 1421 tentia
2393 1365 2705 1420 adversetur
2749 1361 3007 1416 doctrina:
3044 1360 3219 1416 sancti
3247 1359 3532 1429 Fulgentii,
3577 1359 3688 1415 imo
3723 1368 3787 1415 et

517 1461 830 1523 tribuamus,
859 1464 1053 1527 praeter
1076 1455 1332 1525 judicium
1364 1455 1776 1511 Lovaniensium
1807 1458 2090 1530 theologo-

517 1565 633 1615 rum
654 1557 710 1606 et
729 1548 1055 1604 consensum
1070 1547 1303 1599 virorum
1321 1545 1673 1610 eruditorum,
1699 1562 1728 1600 a
1749 1550 1941 1617 quibus
1965 1552 2092 1605 nihil

517 1644 572 1697 in
608 1656 675 1696 eo
703 1635 1117 1709 deprehenditur
1157 1634 1436 1703 Fulgentio
1483 1636 1720 1704 dignum,
1773 1639 1881 1694 imo
1929 1641 2092 1694 multa

518 1729 879 1799 Fulgentiante
906 1725 1162 1781 doctrina:
1192 1726 1425 1779 maxime
1445 1727 1714 1779 contraria
1735 1769 1748 1790 ,
1779 1726 1905 1782 facit
1933 1729 2093 1783 etiam

517 1819 661 1891 quod
703 1825 892 1873 auctor
920 1815 1038 1869 libri
1071 1813 1227 1881 hujus
1256 1828 1355 1868 nec
1391 1814 1492 1867 sibi
1525 1815 1637 1883 ipse
1678 1817 1931 1872 concinit.
1963 1817 2094 1872 Cum

518 1910 664 1966 enim
702 1906 924 1961 dixisset
951 1903 1126 1972 capite
1153 1901 1463 1957 '5:Facilius
1503 1905 1617 1972 fieri
1645 1916 1816 1972 posset
1835 1917 1889 1958 ut
1918 1923 2097 1977 quam-

519 2004 594 2056 vis
618 2006 914 2054 transeunte
953 1997 1003 2065 (a
1037 1995 1209 2063 primo
1251 1993 1455 2048 scilicet
1483 1995 1701 2050 homine
1747 1999 1800 2050 in
1830 2002 2098 2066 posteros)

521 2096 746 2156 peccato,
775 2100 924 2153 paena
953 2083 1162 2135 minime
1186 2091 1494 2150 sequeretur,
1525 2099 1677 2152 quam
1706 2094 1761 2136 ut
1787 2085 1931 2138 nulla
1961 2103 2099 2140 com-

521 2176 865 2229 municatione
877 2173 1093 2242 peccati,
1111 2182 1310 2241 partem
1331 2181 1499 2224 sumat
1529 2189 1692 2242 pinna:
1713 2177 1798 2242 qui
1821 2193 1925 2229 non
1949 2177 2101 2230 habet

522 2268 686 2333 culpa:
715 2281 732 2327 ;
764 2263 943 2332 capite
970 2270 1149 2315 tamen
1181 2260 1248 2313 16
1276 2261 1354 2316 sic
1383 2262 1457 2314 ait
1481 2280 1494 2314 :
1527 2260 1588 2316 Si
1614 2265 1894 2318 humanum
1921 2282 2100 2335 genus,

521 2353 656 2425 quod
683 2360 909 2405 creatum
937 2352 1172 2418 primitus
1204 2358 1404 2403 constat
1426 2366 1490 2402 ex
1518 2351 1704 2418 nihilo,
1737 2369 1839 2406 non
1870 2371 1984 2406 cum
2013 2354 2102 2407 de-

522 2446 627 2499 bita
648 2445 828 2497 mortis
855 2452 902 2495 et
927 2443 1121 2512 peccati
1151 2441 1351 2511 origine
1397 2451 1714 2510 nasceretur,
1760 2455 1807 2496 et
1845 2455 2011 2497 tamen
2039 2462 2104 2499 ea:

521 2540 593 2592 eis
620 2545 822 2590 creator
849 2537 1170 2602 omnipotens
1192 2535 1245 2585 in
1267 2543 1515 2587 wternum
1549 2536 1828 2590 nonnullos
1852 2538 2105 2593 damnare

523 2627 668 2682 vellet
720 2627 1019 2688 interitum,
1068 2625 1180 2694 quis
1223 2625 1560 2694 omnipotenti
1606 2625 1836 2681 Creatori
1876 2628 2102 2682 diceret;

2197 1457 2576 1525 episcoporum
2604 1467 2726 1507 cum
2756 1451 2875 1520 ipso
2904 1452 2958 1504 in
2978 1449 3223 1504 Sardinia
3251 1450 3514 1516 exsulum,
3538 1456 3688 1520 patet
3711 1464 3784 1504 ex

2196 1547 2278 1600 bis
2306 1545 2486 1600 verbis
2517 1543 2756 1612 epistolae
2781 1540 2848 1595 t5
2874 1541 3184 1597 eorumdem
3213 1541 3282 1596 ad
3309 1541 3574 1594 Joannem
3599 1547 3656 1596 et
3675 1539 3784 1594 Ve-

2197 1637 2424 1701 nerium,
2465 1651 2520 1704 p.
2554 1634 2682 1701 272,
2732 1650 2786 1686 η.
2811 1633 2886 1687 9:
2927 1631 3064 1697 Quia
3103 1643 3296 1687 certum
3323 1643 3400 1702 est
3429 1632 3571 1688 Esau
3619 1634 3785 1703 fuisse

2197 1745 2284 1782 vas
2325 1729 2440 1788 irte,
2493 1725 2655 1780 Iacob
2702 1734 2870 1778 autem
2912 1741 3001 1779 vas
3039 1724 3412 1780 misericordia:
3434 1764 3452 1790 ,
3501 1729 3787 1785 certissime

2199 1818 2473 1872 tenendum
2501 1823 2576 1869 est
2606 1813 2743 1884 quod
2771 1823 2822 1867 et
2859 1813 2949 1866 ille
2993 1823 3051 1866 ut
3087 1812 3424 1868 damnaretur
3467 1817 3603 1870 iram
3641 1819 3787 1886 juste

2199 1909 2411 1974 meruit,
2437 1922 2538 1960 non
2568 1905 2703 1958 enim
2751 1903 2974 1972 injustas
3004 1901 3141 1956 Deus
3169 1905 3255 1974 qui
3299 1906 3457 1975 infert
3483 1906 3638 1970 iram,
3672 1916 3782 1962 etc.

2201 2003 2354 2056 Mitto
2385 2001 2520 2055 alios
2549 1999 2708 2068 hujus
2747 1998 2868 2053 libri
2896 1999 3048 2053 locos
3078 1997 3189 2066 jam
3219 2004 3344 2053 ante
3383 2007 3600 2056 notatos
3629 2009 3688 2055 ut
3715 2002 3787 2059 ab

2201 2091 2504 2159 Augustini,
2555 2088 2890 2158 proindeque
2927 2102 2958 2141 a
3000 2086 3266 2155 Fulgentii
3301 2102 3537 2157 quoque,
3584 2090 3703 2158 ejus
3728 2090 3786 2148 in

2201 2182 2450 2238 omnibus
2475 2179 2748 2249 discipuli,
2779 2183 2963 2233 mente
2988 2185 3043 2233 et
3063 2177 3306 2232 doctrina
3334 2177 3648 2246 degeneres.

2271 2271 2565 2342 Epistolam
2611 2286 2730 2322 vero
2795 2267 3058 2322 Ferrandi
3105 2266 3333 2322 Diaconi
3374 2269 3443 2322 ad
3488 2267 3789 2341 Egyppium

2201 2364 2314 2417 ideo
2343 2363 2426 2416 hic
2444 2363 2500 2415 in
2522 2360 2817 2430 Appendice
2841 2360 3026 2414 excudi
3054 2362 3362 2424 curavimus,
3392 2360 3514 2431 quia
3539 2377 3654 2414 cum
3675 2362 3788 2417 hac

2201 2472 2362 2526 neque
2389 2471 2422 2507 a
2451 2453 2758 2524 Fulgentio,
2789 2468 2949 2522 neque
2977 2451 3047 2504 ad
3075 2449 3410 2521 Fulgentium
3454 2453 3524 2506 sit
3568 2452 3788 2521 scripta,

2201 2548 2338 2600 inter
2367 2559 2525 2613 opera
2550 2545 2660 2612 ejus
2695 2542 2863 2595 locum
2892 2541 3077 2596 habere
3103 2557 3206 2596 non
3235 2540 3426 2604 debuit,
3457 2542 3560 2596 nisi
3584 2550 3643 2594 ut
3671 2559 3788 2596 ont-

2207 2637 2330 2689 nino
2364 2650 2468 2687 non
2499 2640 2708 2702 periret,
2749 2639 2798 2684 et
2829 2633 2949 2698 quia
2977 2629 3171 2699 placuit
3197 2629 3371 2683 omnia
3396 2645 3511 2700 qua:
3537 2630 3791 2685 hactenus

524 2715 696 2780 Quare
736 2733 815 2770 me
858 2715 1022 2786 {eam
1065 2715 1174 2766 sic?
1220 2714 1346 2778 Qim
1376 2713 1590 2780 quidem
1631 2725 1887 2782 quantum
1917 2732 2099 2771 secmu
2140 2735 2176 2790 Β
2203 2741 2266 2779 ex
2299 2723 2577 2795 Fulgentio
2601 2731 2690 2776 aut
2710 2738 2824 2774 cum
2852 2723 3013 2790 ipsius
3037 2721 3272 2791 operibus
3302 2722 3508 2792 {uerunt
3535 2722 3699 2788 edita,
3732 2723 3791 2777 in

527 2807 749 2863 invicem
801 2813 1038 2874 pugnent
1079 2804 1282 2857 tacilius
1329 2803 1786 2873 deprrhenditur,
1838 2820 1998 2873 quam
2047 2815 2106 2860 ut

526 2897 762 2968 pluribus
789 2905 944 2964 egeat
964 2889 1340 2949 demonstrari.
1374 2893 1647 2958 Quintum
1688 2909 1817 2948 vero
1851 2895 1960 2949 haec
1986 2911 2107 2949 seu.

531 3023 1381 3047 Μ

774 3123 1183 3318 ,an
1282 3129 1428 3282 in
1529 3126 2622 3380 Ptrninmmm

558 3449 778 3509 "CAPUT
815 3458 1034 3504 putavit.
1062 3461 1198 3504 hum
1227 3464 1278 3502 In
1314 3449 1480 3505 sacris
1511 3449 1870 3506 voluminibus
1897 3453 2101 3508 littera-

505 3537 676 3593 rum,
690 3536 796 3593 seu
824 3522 1122 3574 futurorum
1149 3518 1276 3593 quid
1306 3520 1619 3593 prophetico
1648 3521 1838 3593 spiritu
1862 3538 2103 3593 pronun-

528 3592 806 3659 tiantibus,
848 3603 942 3643 seu
988 3590 1378 3659 prmteritorum
1408 3589 1689 3645 historica
1722 3589 1946 3645 veritate
1983 3609 2104 3647 nar-

529 3661 916 3727 rantibus,‘seu
939 3660 1063 3712 vitae
1096 3658 1296 3712 monita
1325 3659 1618 3723 apostolica
1649 3663 1967 3715 auctoritate
1999 3671 2103 3715 tra-

524 3735 788 3800 dentibus,
833 3738 1009 3808 aliqua
1047 3741 1211 3795 veluti
1250 3740 1518 3794 diversam
1561 3745 1788 3808 sonante
1827 3737 2094 3789 sententia

525 3808 608 3877 vel
637 3814 882 3860 movetur
909 3805 1100 3877 lector,
1128 3811 1213 3864 vel
1255 3809 1574 3864 sollicitatur
1602 3805 1834 3877 auditor,
1865 3815 2012 3859 certa
2041 3815 2097 3860 et

527 3876 843 3947 inconcussa
871 3877 976 3933 ﬁde
1004 3875 1273 3947 cognitum
1307 3879 1478 3934 teneri
1523 3877 1704 3941 debet,
1735 3875 1892 3947 unius
1935 3883 2096 3947 atque

528 3944 771 4031 ejusdem
798 3947 1036 4031 spiritus,
1068 3944 1121 4030 et
1157 3949 1273 4031 ejus
1300 3957 1497 4031 printer
1526 3945 1930 4031 quemnullulnl
1955 3946 2097 4025 Onihil
2145 3994 2148 3998 λ

527 4022 613 4069 est
629 4015 905 4088 veritatis,
922 4021 1160 4088 apertius
1188 4014 1333 4081 alibi,
1367 4017 1528 4088 paulo
1548 4015 1819 4088 occultius
1844 4014 2100 4088 alibi__so-

2210 2813 2306 2864 hac
2336 2827 2531 2880 quoque
2555 2809 2780 2863 editione
2803 2818 3195 2878 reprazsentare.

2521 3026 3781 3052 Ἥ

2730 3140 2876 3290 ET
2977 3136 3456 3288 GRATIA.

2203 3456 2326 3508 tatis
2357 3455 2530 3507 venire
2555 3449 2607 3522 (Ι
2640 3452 2770 3506 Tim.
2796 3469 2851 3517 ιι,
2883 3451 2962 3521 4).
2986 3449 3231 3523 Occurrit
3258 3452 3791 3523 enim,cur_pereant

2205 3539 2272 3578 ex
2302 3524 2382 3578 his
2413 3521 2597 3592 aliqui,
2627 3539 2748 3576 cum
2777 3523 3116 3592 omnipotens
3142 3521 3286 3576 Deus
3312 3537 3498 3576 omnes
3533 3521 3784 3590 homine;

2204 3594 2381 3662 salvos
2412 3591 2528 3646 lieri
2558 3591 2706 3656 velit,
2748 3597 2802 3646 et
2841 3592 2892 3662 in
2926 3591 3263 3662 agnitionem
3288 3592 3532 3662 veritatis
3543 3593 3798 3662 Avenires'

2209 3661 2405 3717 deinde
2435 3677 2531 3716 cur
2561 3677 2742 3715 rursus
2770 3660 2993 3716 induret‘
3024 3661 3178 3725 alios,
3224 3661 3472 3715 misertus
3508 3660 3741 3714 aliorum
3769 3679 3786 3720 :

2203 3743 2295 3790 aut
2323 3750 2430 3804 quo
2449 3735 2613 3790 moio
2640 3748 2828 3791 omnes
2855 3735 3034 3790 salvos
3063 3734 3177 3789 fieri
3201 3734 3333 3790 velit
3360 3735 3633 3804 homines,
3660 3747 3794 3787 cum

2204 3805 2318 3880 ipse
2343 3803 2632 3880 nonnullos
2674 3806 3054 3880 nesalventur
3082 3804 3316 3880 induret.
3362 3803 3475 3880 lio_c
3519 3811 3796 3880 quantum

2207 3873 2272 3928 ad
2295 3873 2579 3930 humanam
2603 3875 2865 3943 justitiam
2891 3875 3100 3929 videtur
3127 3875 3404 3943 injustum.
3430 3873 3536 3928 Sed
3561 3875 3686 3943 quis
3715 3874 3795 3943 ita

2204 3945 2452 4012 dcsipiat,
2484 3945 2568 3999 vel
2593 3941 2770 4013 potius
2801 3944 2918 4012 quis
2962 3945 3034 3998 ita
3064 3941 3416 4012 blasphemet,
3463 3953 3522 3996 ut
3550 3942 3698 4013 dicat
3724 3941 3798 4013 de

2201 4011 2408 4082 justitia
2439 4011 2607 4078 ’Dei,'
2644 4014 2761 4081 lege
2813 4011 3060 4067 humanm
3099 4011 3319 4082 jus’titize
3365 4011 3797 4078 disputandum?

529 4098 662 4171 nare
690 4082 972 4153 mysteria:
1007 4088 1084 4141 Ac
1113 4088 1335 4171 proinde
1363 4082 1406 4140 si
1436 4084 1565 4171 quid
1583 4083 2096 4171 locc_ulta.signiiica.—
2135 4111 2180 4171 C
2209 4084 2594 4171 qnm_t:rofecto
2624 4084 2666 4137 si
2691 4083 2910 4165 justitize
2938 4083 3033 4164 Dei
3077 4085 3421 4147 adversatur,
3457 4082 3658 4171 injusﬁa
3686 4087 3797 4134 est.

534 4153 680 4206 tione
705 4167 1042 4220 suspensum,
1085 4153 1177 4208 aut
1203 4172 1232 4209 a
1263 4153 1635 4210 conscribente
1683 4154 1918 4207 breviter
1969 4153 2108 4206 indi-

533 4229 734 4294 catum,
757 4222 1038 4294 minusque
1058 4240 1218 4294 quam
1247 4225 1465 4278 humani
1487 4223 1665 4278 cordis
1687 4223 1899 4294 obtusio
1920 4237 2110 4294 posce-

534 4291 628 4362 bat
653 4291 963 4362 expositum,
985 4291 1088 4358 est,
1119 4295 1203 4349 hic
1244 4295 1469 4350 lucidius
1511 4307 1798 4362 apparere,
1831 4292 1917 4362 ibi
1951 4292 2110 4362 altius

535 4359 735 4440 latere,
761 4359 1028 4440 nusquam
1061 4365 1252 4440 deesse
1282 4365 1491 4440 noverit
1536 4359 1836 4440 veritatem.
1887 4359 2109 4440 Quodnsi

525 4431 700 4502 etiam
727 4446 826 4502 pro
856 4434 1219 4500 magnitudine
1247 4435 1323 4489 rei
1363 4435 1430 4488 de
1458 4449 1562 4502 qua
1592 4433 1866 4502 quaeritur,
1899 4431 2113 4502 nonfa-

536 4501 639 4572 cile
667 4500 972 4572 intellectus
1011 4505 1257 4558 sensibus
1281 4500 1570 4572 qurerentis
1599 4500 1847 4566 occurrit,
1878 4501 2113 4572 maxime

536 4571 580 4624 si
611 4569 678 4623 de
707 4571 1127 4627 incommutabili
1155 4569 1434 4628 voluntate
1463 4572 1847 4642 omnipotentis
1872 4571 1996 4632 Dei,
2028 4571 2108 4623 di-

523 4654 750 4693 -versum
781 4649 934 4710 sonet
963 4644 1235 4698 canonica:
1269 4644 1604 4697 auctoritatis
1634 4651 1858 4710 utraque
1899 4650 2113 4710 senten-

539 4709 656 4762 tia-z
691 4711 764 4762 ita
811 4709 898 4763 illa
945 4713 1123 4765 omnia
1172 4713 1239 4766 ad
1289 4713 1498 4780 pietatis
1550 4709 1789 4779 regulam
1839 4709 2113 4776 dirigenda

538 4785 685 4841 sunt,
718 4785 776 4831 ut
805 4794 905 4833 nec
933 4780 1184 4848 iujustum
1217 4783 1382 4836 Deum
1411 4796 1548 4846 esse,
1582 4796 1680 4834 nec
1708 4780 1897 4833 merita
1928 4781 2112 4846 singu-

540 4848 713 4900 lorum
742 4848 962 4902 confusa
1003 4851 1233 4918 quadam
1285 4867 1637 4919 personarum
1680 4850 1992 4916 acceptione
2038 4857 2115 4901 ta-

540 4925 784 4990 ;ati'tem,
810 4931 910 4990 nec
937 4920 1221 4990 inﬁrmum,
1255 4930 1314 4973 ut
1341 4921 1595 4990 quidquid
1625 4919 1855 4974 voluerit
1882 4933 1990 4971 non
2017 4932 2114 4969 va-

542 4986 702 5055 luerit
722 4986 1009 5055 explicare,
1042 4986 1372 5044 inconcussa
1390 4986 1703 5044 definitione
1725 4995 1990 5041 teneatur.

612 5054 820 5126 Cxp.ri.
862 5054 973 5110 Sub
1019 5058 1174 5126 hujus
1222 5059 1382 5126 igitur
1409 5058 1734 5113 delinitionis
1769 5056 1918 5125 jugo,
1969 5070 2034 5126 ne
2065 5056 2117 5109 in

541 5125 858 5196 sacrilegam
884 5125 1258 5196 temeritatem
1282 5127 1420 5182 male
1454 5128 1616 5182 libera
1642 5126 1780 5180 colla
1807 5125 2114 5196 luxurient,

543 5195 856 5263 qumstionis
884 5194 1060 5263 hujus,
1101 5205 1362 5264 quantum
1391 5197 1502 5252 Deo
1541 5199 1774 5251 donante
1809 5194 2117 5264 possumus,

544 5264 756 5335 occulta
784 5263 1179 5329 memoremus,
1209 5282 1368 5335 quam
1398 5270 1586 5322 beatus
1618 5265 1894 5334 apostolus
1925 5263 2120 5317 Paulus

543 5333 770 5404 diversis
815 5337 868 5387 in
912 5335 1065 5401 locis,
1095 5353 1203 5391 non
1226 5333 1436 5404 iparum
1466 5333 1890 5404 discrepantibus
1918 5335 2114 5394 verbis,

544 5403 796 5475 studiosis
822 5405 1076 5473 proponit
1104 5403 1518 5472 scrutatoribus,
1568 5403 1752 5475 eisque
1802 5419 1903 5475 per:
1948 5405 2118 5472 ipsam

2213 4150 2294 4205 Ab
2335 4154 2424 4207 illo
2453 4155 2594 4206 enim
2624 4156 2718 4220 qui
2743 4169 2948 4208 summe
2971 4153 3145 4222 justus
3169 4162 3270 4216 est,
3301 4167 3458 4222 omne
3485 4150 3632 4218 quod
3660 4164 3800 4222 qua-

2212 4223 2545 4291 litercunque
2566 4219 2766 4288 justum
2796 4230 2896 4286 est,
2931 4219 3150 4276 manare
3178 4221 3513 4275 manifestum
3537 4230 3638 4273 est.
3664 4219 3800 4291 Quis

2212 4304 2341 4357 ergo
2364 4289 2474 4344 erit
2493 4292 2584 4360 qui
2610 4293 3116 4346 incommutabiliter
3160 4298 3483 4353 manentem,
3527 4297 3585 4343 et
3611 4289 3802 4341 omnia

2211 4375 2331 4427 quin
2377 4370 2502 4414 sunt
2554 4361 2894 4426 condentem,
2945 4371 3219 4429 regentem
3273 4369 3457 4429 atque
3484 4367 3799 4429 servantem

2215 4426 2308 4500 pel
2349 4431 2689 4499 sapientiam,
2713 4431 2945 4500 pendeat
2966 4426 3209 4484 humana:
3224 4426 3511 4500 sapienti-.0
3528 4426 3798 4500 arbitrio}

2215 4499 2290 4552 De
2313 4496 2428 4567 qua‘
2449 4501 2586 4553 idem
2626 4496 2900 4568 apostolus
2949 4500 3094 4564 dicit,
3138 4499 3266 4568 quia
3299 4496 3572 4568 sapientia
3616 4496 3798 4568 carnis

2211 4565 2420 4621 inimica
2448 4576 2522 4622 est
2545 4565 2859 4637 De0'(Rom.
2890 4585 3000 4631 vm,
3035 4569 3108 4636 7).
3135 4565 3200 4620 Et
3231 4567 3373 4637 alibi,
3406 4565 3805 4637 Sapientia__hu-

2207 4637 2296 4708 jus
2325 4642 2501 4692 mundi
2530 4633 2750 4692 stultitia
2770 4648 2847 4691 est
2867 4639 3005 4708 apud
3029 4633 3197 4691 Deum
3219 4636 3272 4706 (1
3294 4635 3414 4708 Cor.
3438 4633 3513 4708 ut,
3541 4633 3653 4708 μὶ),
3678 4633 3802 4687 Non

2215 4703 2298 4761 est
2326 4723 2454 4776 ergo
2481 4708 2548 4763 de
2578 4709 2668 4762 illa
2696 4703 2976 4777 majestate
3004 4708 3192 4762 divina:
3221 4703 3516 4777 Sapientiae,
3547 4703 3804 4757 humanae

2217 4778 2467 4831 vanitatis
2503 4778 2723 4830 arbitrio
2753 4776 3149 4845 disputandum.
3285 4776 3292 4777 “
3381 4843 3388 4845 _
3614 4840 3626 4845 _
3722 4839 3736 4845 _
3875 4822 3886 4826 -

2288 4847 2419 4900 CAP.
2450 4863 2521 4900 Ill.
2565 4846 2617 4900 Si
2649 4847 2768 4913 quis
2798 4839 2975 4900 autem
3005 4853 3229 4916 peccata
3254 4858 3358 4916 sua
3378 4843 3450 4916 ita
3481 4839 3799 4916 nutriendo,

2216 4918 2384 4985 ﬁgura
2407 4922 2489 4970 vel
2517 4911 2722 4980 umbra,
2749 4917 2834 4970 vel
2865 4911 3030 4985 typho
3059 4915 3320 4985 superbiai
3347 4913 3660 4985 blandiente
3697 4911 3800 4985 de-

2216 4979 2427 5056 cipitur,
2459 4995 2516 5040 ut
2539 4986 2682 5056 d.cat
2708 4979 2854 5054 quod
2885 4979 3169 5056 notinullos
3197 4998 3323 5056 esse
3345 4982 3594 5056 dicturos
3614 4979 3803 5056 statim

2221 5047 2350 5110 villit
2389 5047 2578 5108 beatus
2625 5047 2819 5109 Paulus
2863 5053 3155 5122 apostolus.
3197 5051 3484 5120 Subjunxit
3511 5049 3674 5112 enim,
3709 5047 3806 5122 Di-

2219 5135 2308 5180 cet
2332 5125 2522 5192 aliquis
2553 5142 2564 5175 :
2597 5123 2652 5176 Si
2681 5123 2833 5189 cujus
2862 5118 2975 5176 vult
3020 5118 3335 5192 miseretur,
3389 5128 3445 5192 et
3482 5134 3644 5192 quem
3685 5118 3808 5192 vult

2221 5189 2452 5259 indurat,
2482 5193 2817 5264 quid_atlhuc
2863 5193 3127 5264 queritur?
3183 5189 3448 5264 voluntati
3488 5189 3637 5264 enim
3684 5191 3804 5264 ejus

2217 5266 2330 5336 quis
2356 5257 2552 5336 resistit
2581 5262 2756 5331 (Rom.
2781 5257 3020 5336 _|x,‘l9)‘!
3049 5261 3270 5336 Noverit
3307 5260 3410 5312 hac
3451 5258 3572 5336 plus
3603 5271 3706 5336 nos
3738 5257 3808 5308 ad

2222 5327 2600 5387 humilitatem
2630 5348 2693 5386 ac
2738 5327 2993 5399 pietatem
3021 5331 3160 5399 cogi
3209 5340 3372 5399 atque
3421 5327 3622 5399 arctari
3672 5341 3805 5399 seu-

2221 5404 2408 5457 tentia.
2439 5401 2571 5454 Cum
2602 5395 2757 5454 enim—
2776 5409 2943 5453 totum
2969 5398 3033 5451 ad
3061 5395 3226 5452 Deum
3271 5397 3512 5450 referens
3549 5395 3808 5448 humanis

545 5471 783 5541 loquitur
811 5465 1112 5529 veritatem.
1145 5477 1478 5529 Sententiam
1506 5465 1766 5543 siquidem
1798 5465 1851 5526 in
1878 5465 2112 5539 Dei-gn»
2152 5465 2195 5518 υ
2222 5474 2434 5543 viribus
2454 5479 2610 5538 neget
2636 5472 2827 5523 doctor
2855 5470 3233 5543 aliiplissimus,
3279 5466 3409 5543 quid
3452 5465 3600 5543 aliud
3637 5479 3807 5543 quam

547 5543 619 5595 tia
646 5544 1001 5612 praecedente,
1019 5545 1274 5600 latissima
1294 5553 1349 5598 et
1375 5546 1739 5600 robustissima
1761 5545 2120 5612 disputatione

548 5610 846 5666 confectam
867 5613 938 5666 ita
961 5615 1306 5684 concludens,
1333 5617 1423 5676 ait,
1450 5613 1591 5684 Ergo
1620 5615 1764 5683 cujus
1784 5610 1887 5667 vult
1913 5615 2119 5684 misere:

551 5690 651 5760 tur,
680 5688 896 5760 etquein
927 5683 1032 5760 vult
1058 5686 1265 5760 indurat
1297 5684 1472 5760 (liam.
1507 5683 1580 5760 Ix,
1613 5685 1738 5760 lo);
1764 5700 1884 5760 cum
1915 5684 1969 5736 in

551 5747 792 5823 Epistola
832 5752 907 5823 de
929 5751 1104 5806 divina
1135 5747 1527 5818 benevolentia,
1558 5747 1774 5823 ipsc'sic
1801 5753 1943 5808 dicat
1975 5771 1986 5804 :
2021 5751 2115 5814 Qui

549 5819 654 5873 vult
685 5836 858 5875 omnes
890 5821 1116 5878 homines
1145 5825 1310 5878 salvos
1331 5825 1466 5893 fieri,
1495 5834 1542 5878 et
1566 5819 1618 5877 in
1650 5825 1961 5894 agnitionem
1991 5823 2119 5875 veri-

2227 5551 2285 5595 ut
2323 5544 2377 5595 in
2421 5534 2584 5594 Deuin
2617 5550 2730 5594 toto
2757 5543 2916 5592 corde
2944 5534 3214 5605 suspensi,
3244 5534 3315 5589 ab
3339 5551 3405 5588 eo
3435 5535 3627 5605 salutis
3655 5534 3809 5605 auxi-

2220 5607 2295 5673 lia
2325 5613 2655 5680 postulamus
2698 5610 2975 5662 hortatur?
3001 5603 3171 5680 Quem
3212 5620 3342 5680 ergo
3379 5611 3567 5680 movet
3757 5603 3813 5655 in

2217 5671 2416 5746 flivi'na:
2455 5683 2636 5748 gratiae
2685 5671 3083 5748 dispensatione
3122 5671 3513 5748 diveréilastct
3543 5671 3813 5748 injustqu

2227 5761 2380 5820 putat
2425 5742 2606 5821 nEgari
2649 5742 2803 5821 alteri
2849 5747 3165 5821 quod__alter
3201 5743 3495 5821 acceperit,
3542 5742 3814 5821 ir'itelligut

2224 5810 2673 5888 quemadmodum
2702 5810 2953 5874 divinitus
2981 5817 3174 5871 dixerit
3201 5810 3502 5871 Psalmista,
3540 5810 3817 5867 Universte
