4090 6342
364 378 474 434 845

1390 376 1475 432 DE
1512 376 2168 434 PRAEDESTINATIONE
2206 377 2292 432 ET
2328 377 2604 433 GRATlA.

3500 377 3601 431 846

366 494 460 547 ria:
499 503 714 546 uorum:
737 488 1094 563 misericong
1129 497 1181 544 et
1205 491 1394 563 veritas
1417 488 1589 563 (Psal.
1620 507 1766 558 xxrv,
1800 488 1931 563 10),;
1968 495 2009 550 Α
2036 491 2192 563 perit,
2227 491 2280 545 in
2318 490 2426 563 illa
2445 490 2637 563 divina:
2665 489 3009 563 prescientia:
3036 489 3154 545 lucc
3183 487 3457 563 faciendus
3483 492 3605 563 ιιυισς

362 569 528 630 atque
555 568 815 630 agnoscat
841 558 934 613 tali
960 558 1125 613 Deum
1147 559 1355 628 agitare
1380 558 1484 630 res
1502 560 1762 615 humanas
1788 558 1933 630 judi-

359 628 471 693 cio,
522 636 583 681 ut
607 628 816 683 debitas
844 644 1031 753 venas
1054 637 1149 683 aut
1181 630 1325 697 juste
1360 628 1570 695 reddat,
1608 638 1700 683 aut
1729 628 1935 683 miseri-

359 697 601 753 corditer
623 697 809 753 donet.
897 698 1058 752 itiatm
1086 698 1227 752 enim
1252 699 1445 753 radicis
1487 697 1694 753 macula
1718 700 1789 752 ita
1812 713 1935 753 nro-

358 697 601 754 oorditer
623 697 809 753 donet.
847 697 1058 753 Vitiata:
1086 698 1227 752 enim
1252 699 1445 754 radicis
1487 697 1694 753 macula
1718 700 1789 752 ita
1812 713 1937 754 nro-

360 767 575 836 paginis
622 767 843 837 traduce
872 783 969 837 per
992 769 1399 837 generationum
1445 778 1718 824 sarmenta
1746 766 1934 821 diffusa

358 835 418 893 es
434 835 473 902 t,
501 844 561 891 ut
600 852 700 891 nec
721 835 896 892 infans
915 836 1129 905 quidem
1155 837 1312 891 unius
1339 837 1444 892 dici
1472 853 1501 890 a
1531 839 1685 906 culpa
1713 837 1783 891 sit
1785 838 1935 959 Χρινὶ-

359 921 468 959 "NB
494 906 952 959 praevaricationis
988 907 1194 959 alienus
1223 906 1342 959 (Job
1374 923 1482 959 xiv.
1512 907 1564 959 4.
1594 923 1696 959 sec.
1738 905 1781 958 L
1837 906 1935 959 Χ).

359 921 468 960 nite
494 906 952 975 prtevaricationis
988 907 1194 960 alienus
1223 906 1342 973 (Job
1374 923 1482 974 xw,
1512 907 1564 971 4,
1594 905 1696 960 sec.
1738 905 1935 975 LXX),

359 976 470 1031 nisi
498 974 597 1044 per
626 975 917 1030 indebitam
941 976 1237 1030 Salvatoris
1279 977 1507 1044 gratiam
1551 977 1712 1031 tuerit
1748 974 1939 1030 libera-

327 1055 475 1101 .tus.
522 1044 677 1111 Quod
725 1044 769 1099 si
812 1060 914 1099 nec
953 1044 1041 1100 hic
1080 1046 1295 1112 quidem
1322 1046 1438 1099 sine
1469 1055 1689 1113 peccato
1733 1054 1814 1099 est
1844 1045 1934 1113 qui

361 1116 642 1195 propriu‘m
669 1113 867 1195 habere
901 1129 1006 1168 non
1038 1116 1246 1195 po_tuit,_
1281 1116 1562 1195 coniicitur
1589 1113 1803 1195 uthillud
1834 1124 1937 1167 tra-

362 1182 509 1239 xerit
548 1184 780 1237 alienum
823 1182 891 1236 de
935 1182 1051 1249 quo
1085 1184 1373 1251 Apostolus
1418 1184 1590 1239 dicit:
1643 1184 1747 1236 Per
1780 1200 1937 1236 unum

363 1254 624 1308 hominem
654 1262 915 1323 peccatum
934 1252 1146 1306 intravit
1171 1254 1227 1306 in
1261 1253 1526 1315 mundum,
1558 1261 1608 1307 et
1636 1271 1726 1322 per
1753 1269 1936 1321 pecca-

369 1332 475 1376 tum
503 1322 663 1389 mors,
709 1331 757 1375 et
778 1324 873 1393 Aita
902 1322 956 1374 in
986 1338 1162 1393 omnes
1194 1325 1518 1393 pertransiit,
1560 1324 1612 1377 in
1642 1340 1741 1393 quo
1763 1339 1940 1376 omnes

370 1402 713 1462 peccaverunt
744 1390 920 1461 (Rom.
955 1406 1013 1454 ν,
1050 1390 1160 1462 12).
1195 1390 1365 1462 Quod
1413 1394 1505 1462 qui
1550 1390 1728 1459 negat,
1779 1400 1940 1462 negat

370 1462 609 1529 profecto
640 1460 868 1529 primum
900 1476 997 1514 nos
1022 1460 1140 1514 esse
1169 1461 1443 1515 mortales.
1480 1461 1534 1515 Si
1566 1463 1731 1528 enim,
1761 1472 1819 1514 ut
1859 1461 1938 1515 di-

372 1532 444 1585 cit
481 1530 789 1600 Apostolus,
835 1529 935 1583 Per
976 1546 1133 1583 unum
1162 1530 1419 1584 hominem
1446 1539 1707 1600 peccatum
1734 1531 1939 1583 intravit

372 1617 422 1654 m
451 1600 715 1663 mundum,
744 1608 794 1653 et
818 1616 911 1669 per
932 1607 1193 1667 peccatum
1224 1601 1400 1669 niors:
1432 1617 1578 1655 mors
1603 1602 1803 1655 intrare
1831 1614 1937 1654 non

372 1671 570 1738 potuit,
600 1670 699 1723 nisi
731 1668 964 1723 intrante
994 1678 1233 1738 peccato.
1262 1668 1331 1721 Et
1358 1670 1609 1737 quoniam
1650 1685 1795 1723 mors
1833 1685 1938 1723 non

372 1737 574 1794 naturae
600 1737 854 1802 conditio,
886 1738 977 1793 sed
1001 1737 1162 1806 ptena
1196 1740 1400 1808 peccati
1429 1747 1530 1803 est,
1564 1747 1821 1808 sequatur
1853 1752 1941 1800 ne-

373 1824 527 1864 cesse
553 1816 636 1862 est
677 1822 835 1878 ptena
873 1815 1168 1877 peccatum.
1222 1807 1357 1874 Quia
1386 1824 1515 1863 vero
1543 1808 1599 1863 in
1627 1807 1815 1863 omnes
1843 1808 1940 1862 ho-

374 1879 541 1938 mines
588 1893 733 1931 mors
776 1878 1108 1947 pertransiit,
1158 1879 1211 1932 in
1239 1893 1427 1933 omnes
1469 1893 1684 1933 necesse
1712 1885 1795 1932 est
1818 1891 1940 1947 per-

376 1947 630 2003 transisse
658 1945 954 2016 peccatum.
1004 1945 1294 2002 Peccatum
1336 1963 1444 2015 quo
1484 1949 1646 2002 modo
1673 1962 1793 2001 cum
1820 1945 1943 2016 par-

374 2018 508 2071 vulis
553 2016 812 2085 originale
856 2024 1127 2080 nascatur,
1173 2018 1351 2070 carnis
1397 2018 1569 2072 oculis
1613 2016 1796 2071 videre
1834 2032 1942 2070 non

374 2085 840 2157 possumussQuia
869 2100 995 2157 vero
1020 2100 1209 2157 omnes
1230 2102 1297 2157 ex
1325 2085 1494 2157 Adam
1532 2085 1821 2157 carnaliter
1852 2101 1944 2138 na-

375 2154 482 2236 tos,
512 2163 569 2210 et
593 2157 639 2210 si
669 2154 876 2236 illijam
908 2155 1067 2208 etiam
1094 2154 1186 2236 qui
1232 2155 1284 2236 in
1329 2154 1545 2236 Christo
1570 2156 1750 2236 renati
1773 2162 1940 2236 ‘sunt,

374 2225 612 2280 videmus
630 2224 816 2295 mortis
837 2224 955 2291 lege
974 2225 1285 2295 constringi,
1301 2240 1397 2295 per
1421 2229 1523 2280 hoc
1538 2225 1681 2295 quod
1703 2224 1944 2280 videmus

374 2310 578 2364 semper
598 2294 850 2363 parvulos
870 2293 1025 2357 mori,
1050 2295 1289 2361 cogimur
1306 2293 1794 2364 'conliteri‘semper
1830 2310 1945 2364 par-

373 2365 523 2419 vulos
544 2365 690 2443 nasci
722 2379 843 2420 cum
873 2371 1094 2443 peccato
1122 2364 1387 2432 originali.
1408 2364 1639 2420 Facilius
1662 2366 1803 2443 enim
1832 2364 1943 2443 heri

372 2443 554 2503 posset
574 2442 653 2500 ut,
681 2435 923 2501 quamvis
952 2441 1261 2504 transeunte
1285 2445 1524 2503 peccato,
1548 2450 1702 2504 pinna
1726 2435 1945 2489 minime

374 2513 711 2571 sequeretur,
746 2518 907 2570 quam
939 2510 997 2555 ut
1026 2502 1167 2555 nulla
1197 2502 1683 2559 communicatione
1713 2504 1941 2571 peccati,

374 2521 711 2571 sequeretur,
746 2521 907 2570 quam
939 2521 997 2555 ιιι
1026 2521 1167 2555 nuna
1197 2521 1683 2559 communicatione
1749 2521 1939 2567 eccau,

372 2581 579 2642 partem
607 2581 1000 2644 sumatpmnze,
1031 2573 1123 2644 qui
1153 2588 1260 2644 non
1282 2573 1443 2627 habet
1469 2574 1658 2644 culpas.
1703 2521 1759 2629 ξι
1791 2588 1939 2642 ergo,

372 2651 432 2696 ut
458 2643 726 2765 apparuit,
774 2642 842 2696 de
871 2642 1294 2708 praevaricatoris
1320 2644 1523 2697 semine
1550 2642 1738 2698 oinnes
1777 2644 1946 2697 nasci-

373 2728 489 2765 mur
551 2712 802 2765 ebitores.
831 2712 1084 2765 quoniam
1135 2711 1188 2764 in
1218 2712 1334 2765 inso
1362 2728 1567 2765 omnes.
1620 2721 1679 2765 nt
1706 2713 1780 2765 ait
1806 2712 1945 2765 Ano-

373 2728 489 2765 mur
514 2711 802 2775 debitores,
831 2712 1084 2779 quoniam
1135 2711 1188 2781 in
1218 2712 1334 2780 ipso
1362 2728 1567 2776 omnes,
1620 2721 1679 2766 nt
1706 2713 1780 2766 ait
1806 2712 1945 2781 Apo-

374 2782 996 2852 stolus,”peccaverunt,_
1038 2788 1095 2833 et
1133 2780 1246 2848 ipsa
1271 2781 1382 2849 jam
1429 2782 1481 2835 in
1513 2783 1775 2852 principio
1806 2780 1943 2836 unde

373 2848 740 2905 descendimus
766 2864 938 2902 massa
967 2848 1215 2902 damnata
1258 2848 1379 2914 est;
1429 2848 1606 2905 nullus
1634 2848 1701 2905 de
1745 2851 1942 2905 duritia

374 2936 487 2985 sua,
512 2920 686 2974 nullus
713 2918 780 2973 de
809 2933 964 2987 poena
992 2933 1085 2971 sua
1115 2922 1369 2989 conqueri
1394 2920 1607 2985 audeat,
1638 2936 1755 2989 quae
1781 2922 1941 2974 etiam

372 2989 887 3060 nonexistenlibus
928 2988 1166 3060 peccatis
1223 2990 1483 3060 propriis,
1533 2988 1942 3044 sola’nascendi

372 3059 680 3114 conditione
723 3058 968 3129 debetur.
1017 3057 1189 3129 ρυοιι
1222 3057 1349 3113 vero
1379 3059 1517 3113 Deus
1566 3061 1685 3113 aliis
1711 3062 1943 3129 gratuita

373 3130 658 3185 vocatione
684 3126 981 3191 conversis,
1009 3126 1429 3183 misericordiam
1476 3129 1698 3197 largitur
1719 3126 1945 3185 'indebi-

372 3211 502 3262 tam,
528 3214 641 3270 non
672 3197 739 3251 ad
760 3197 1183 3270 dispensationis
1206 3198 1487 3270 justitiam.
1522 3200 1614 3253 sed
1646 3200 1711 3253 ad
1743 3199 1946 3270 donan-
1973 3208 2018 3269 ε
2048 3201 2283 3269 pravitas
2313 3200 2482 3270 possit
2504 3197 3099 3270 Vopponere.’Sequitur
3127 3202 3288 3264 enim,
3322 3210 3379 3254 ut
3426 3200 3472 3257 si
3528 3216 3616 3256 eos
3709 3213 3721 3224 '

373 3269 441 3323 tis
470 3266 1017 3339 misericordissimam
1056 3268 1356 3339 largitatem
1397 3269 1553 3339 (alias
1592 3268 1940 3338 libertatem),

374 3339 615 3393 veritatis
636 3338 850 3392 ratione
878 3333 1213 3390 referendum
1244 3348 1345 3393 est.
1378 3333 1458 3391 Ᾱιι
1495 3338 1711 3393 audebit
1736 3333 1947 3392 debitor

373 3408 692 3465 creditorem
724 3406 1018 3474 iniquitatis
1047 3422 1291 3477 arguere,
1341 3409 1384 3462 si
1417 3408 1572 3461 alteri
1620 3409 1847 3472 donans,
1878 3408 1946 3462 ab

372 3494 439 3534 eo
466 3478 608 3547 quod
637 3478 867 3532 debebat
895 3477 1177 3546 exegerit?
1222 3477 1279 3531 Si
1306 3492 1435 3545 ergo
1464 3478 1603 3532 inter
1640 3478 1949 3532 contractus

373 3550 649 3603 hominum
704 3547 881 3601 nullus
908 3561 974 3615 ex
1005 3548 1108 3601 hoc
1149 3547 1563 3615 praescriptionis
1584 3547 1732 3605 locus
1758 3555 1860 3610 est,
1892 3555 1949 3599 ut

373 3634 404 3672 a
431 3633 491 3673 se
515 3621 658 3672 dicat
684 3616 895 3671 debitor
917 3614 1114 3683 injuste
1140 3617 1301 3685 exigi,
1334 3614 1459 3685 quia
1488 3617 1590 3670 scit
1614 3615 1769 3670 alteri
1799 3614 1947 3669 debi-

374 3688 478 3743 tori
528 3687 597 3742 ab
643 3686 834 3742 eodem
878 3685 1023 3755 quod
1069 3686 1302 3755 debebat
1346 3686 1614 3741 creditore
1649 3688 1947 3749 donatum;

371 3757 494 3826 quis
518 3758 569 3811 in
600 3764 799 3827 tantam
831 3754 1091 3811 inSaniam
1120 3754 1357 3827 profante
1401 3758 1547 3827 vocis
1575 3764 1843 3827 erumpat,
1893 3764 1952 3827 ut

375 3825 647 3894 injustitiae
685 3826 853 3880 Deum
904 3833 1112 3892 arguat,
1145 3826 1187 3881 si
1218 3826 1307 3879 uni
1340 3825 1629 3880 indebitam
1673 3825 1953 3880 donaverit

372 3900 621 3966 gratiam,
651 3896 806 3966 alteri
836 3895 1125 3950 reddiderit
1147 3896 1381 3966 debitam
1408 3911 1621 3963 pmnam
1644 3896 1667 3949 ?

441 3965 570 4022 Car.
603 3982 675 4021 tv.
706 3965 890 4035 Itaque
916 3981 984 4035 ex
1015 3966 1278 4035 superiori
1324 3965 1483 4033 hujus
1526 3972 1678 4034 parte
1725 3972 1946 4035 senten-

374 4036 483 4106 tiae,
513 4052 632 4106 quae
653 4036 780 4090 dicit
808 4033 824 4087 7:
857 4033 1016 4103 Cujus
1041 4033 1144 4106 vult
1189 4037 1480 4106 miseretur,
1508 4033 1636 4104 puto
1664 4033 1951 4106 quodAnulf

375 4105 459 4160 lus
478 4101 578 4160 nisi
608 4106 854 4169 indignus
870 4101 1241 4173 inrisericordia
1264 4101 1775 4173 audeat'd'isputare.
1800 4101 1954 4169 Quod

376 4190 505 4230 vero
532 4176 773 4245 sequitur
803 4194 814 4227 :
850 4172 1012 4238 Quem
1049 4176 1154 4230 vult
1198 4176 1427 4238 indurat,
1460 4175 1532 4228 ibi
1552 4172 1835 4245 paululum
1855 4173 1955 4226 hu-

375 4260 547 4300 manas
601 4244 798 4300 mentis
843 4245 1068 4299 intentio
1112 4246 1263 4300 verbi
1301 4245 1541 4301 novitate
1589 4244 1951 4298 contunditur.

375 4312 486 4369 Sed
517 4331 623 4368 non
652 4315 728 4368 ita
748 4315 1147 4383 intelligendum
1178 4323 1280 4381 est,
1308 4314 1458 4383 quasi
1490 4314 1631 4367 Deus
1656 4314 1709 4367 in
1736 4312 1956 4383 homine

377 4384 546 4452 ipsam
571 4399 691 4453 qua:
713 4400 818 4439 non
853 4381 998 4440 esset
1033 4385 1281 4440 duritiam
1310 4381 1486 4439 cordis
1514 4390 1799 4453 Operetur.
1817 4381 1956 4448 Quid

375 4454 520 4522 enim
545 4452 688 4508 aliud
716 4462 798 4509 est
823 4455 1034 4515 duritia,
1065 4470 1226 4522 quam
1256 4453 1350 4509 Dei
1384 4452 1605 4507 obviare
1647 4452 1955 4506 mandatis?

377 4520 531 4578 Unde
577 4523 707 4577 illud
755 4523 941 4577 beatus
987 4520 1288 4592 Stephanus
1314 4524 1529 4577 dicebat
1554 4522 1620 4575 ad
1650 4522 1903 4592 populum
1938 4539 1948 4572 :

383 4593 523 4646 Dura
549 4594 760 4653 cervice,
791 4602 840 4646 et
861 4611 964 4648 non
993 4591 1295 4647 circumciso
1326 4593 1501 4656 corde,
1530 4601 1580 4644 et
1608 4591 1837 4652 auribus,
1866 4606 1951 4644 vos

375 4680 578 4730 semper
606 4662 827 4731 Spiritui
863 4661 1056 4717 sancto
1088 4664 1326 4717 resistitis
1351 4663 1605 4731 (Achiva,
1639 4657 1747 4725 51).
1781 4660 1952 4724 Quam

377 4729 546 4802 quia
576 4732 686 4802 Deo
731 4729 845 4786 ﬁeri
891 4740 1085 4802 putat,.
1110 4741 1329 4801 propter
1362 4729 1517 4802 quod
1558 4731 1758 4802 dictum
1803 4740 1885 4781 est
1935 4746 1948 4779 :

379 4799 675 4871 Quemrrutt
702 4799 936 4869 indurat,
967 4799 1139 4871 ipsum
1186 4799 1639 4870 pnevaricationis
1686 4799 1954 4871 intueatur

377 4870 681 4938 exordium,
737 4877 794 4924 et
836 4868 947 4927 Deo
987 4868 1231 4926 'donant'e
1285 4871 1613 4935 mandatum,
1669 4884 1767 4937 per
1810 4868 1954 4934 quod

377 4940 815 5008 transgressionis
832 4942 1043 5065 culpam
1064 4940 1116 4994 in
1143 4938 1303 4995 corde
1321 4940 1480 4995 luerit
1514 4947 1769 5008 operatus
1789 4946 1958 4992 atten-

377 5010 488 5065 dat.
514 5008 758 5065 quamvis
799 5025 866 5065 ne
891 5027 921 5064 a
989 5011 1104 5065 inso
1145 5010 1383 5065 quidem.
1413 5011 1458 5064 si
1498 5018 1718 5065 negaret
1769 5023 1954 5062 assen-

375 5010 488 5074 dat,
514 5008 758 5077 quamvis
799 5025 866 5065 ne
891 5008 959 5065 ab
989 5011 1104 5079 ipso
1145 5010 1383 5079 quidem,
1413 5011 1458 5064 si
1498 5018 1741 5079 negaret
1769 5023 1954 5079 assenf

376 5094 521 5145 sum,
546 5079 720 5147 potuit
747 5077 1021 5134 tentatore
1042 5077 1467 5148 compelli.Ergo
1492 5077 1748 5148 quidquid
1775 5078 1954 5145 quoad

377 5148 524 5203 illam
556 5148 1042 5216 praevaricationem
1071 5147 1229 5204 natus
1270 5147 1521 5216 supplicii
1544 5147 1707 5203 homo
1730 5148 1950 5216 patitur,

374 5217 522 5287 juste
546 5216 694 5271 reddi
721 5218 1021 5287 meritoque
1048 5218 1300 5271 fateatur.
1324 5218 1600 5287 Indurare.
1625 5217 1768 5271 enim
1812 5216 1955 5272 Deus

382 5285 578 5342 dicitur
603 5301 747 5351 eum,
775 5285 949 5355 quem'
962 5287 1171 5341 mollire
1198 5287 1448 5342 noluerit.
1479 5285 1569 5342 Sic
1601 5288 1761 5341 etiam
1784 5301 1957 5341 excae-

378 5371 507 5411 care
526 5356 721 5412 dicitur
740 5354 881 5422 eum,
905 5372 1064 5425 quem
1089 5356 1389 5411 illuminare
1417 5356 1663 5425 ualuerit.
1689 5354 1780 5409 Sic
1793 5356 1956 5410 etiam

379 5425 644 5494 repellere
662 5440 793 5487 eum,
812 5424 970 5494 quem
998 5440 1191 5480 vocare
1216 5425 1466 5480 noluerit.
1499 5424 1637 5487 Quos
1664 5425 1803 5478 enim
1832 5442 1960 5492 pne-

382 5495 677 5575 destiuqcit,
706 5496 825 5550 illos
844 5497 1143 5575 etpocavit:
1170 5504 1365 5575 etquae
1388 5497 1599 5575 pacarit,
1628 5495 1745 5549 illos
1759 5495 1957 5575 justi/if

381 5565 517 5636 cavit
539 5563 713 5634 (Rom.
738 5581 848 5628 vni,
875 5563 986 5636 '50).
1007 5563 1127 5635 Ipse
1145 5563 1288 5621 enim
1307 5564 1456 5620 dedit
1475 5573 1534 5619 ut
1551 5565 1737 5630 simus,
1760 5563 1874 5634 ipse
1900 5573 1955 5618 ut

383 5634 511 5705 boni
532 5649 651 5689 esse
676 5634 961 5705 possimus.

455 5700 584 5759 CAP.
609 5700 969 5774 v.’Prtescivit
1004 5706 1146 5761 enim
1186 5722 1285 5761 nos
1306 5705 1427 5774 ejus
1445 5705 1715 5769 divinitas,
1738 5706 1953 5774 sapien-

385 5773 459 5845 tia
481 5773 737 5845 condidit,
761 5774 965 5844 justitia
991 5775 1283 5843 damnavit,
1308 5773 1474 5845 gratia
1504 5776 1765 5845 liberavit.
1799 5773 1954 5828 Mun-

375 5842 487 5917 dus
504 5844 647 5901 enim
674 5842 919 5916 quamvis
934 5859 1034 5916 pro
1052 5842 1294 5917 tempore
1316 5842 1389 5902 ex
1415 5861 1523 5916 quo
1543 5844 1714 5909 factus
1739 5853 1818 5903 est
1848 5861 1957 5902 coc-

2059 577 2143 614 um
2192 562 2366 629 potuit
2414 560 2614 615 habere
2644 558 2959 629 principium
2986 577 2997 611 :
3028 558 3504 629 eliquanticnnque
3524 560 3608 615 vel

2034 644 2101 682 ex
2123 627 2310 684 Adam.
2335 644 2502 697 usque
2515 631 2565 683 in
2592 627 2909 684 hodiernum
2925 627 3065 681 diem
3082 628 3324 682 homines
3341 628 3451 681 nati
3465 638 3607 691 sunt,

2036 698 2119 752 vel
2140 708 2263 767 post
2280 696 2527 767 nostram
2556 707 2769 752 aetatem
2795 696 3152 765 generationis
3180 706 3302 767 sunt
3324 698 3612 766 prapagine

2035 765 2310 832 nascituri,
2339 768 2481 837 apud
2508 768 2673 823 Deum
2698 769 2807 822 nati
2834 767 3110 833 suntiam,
3132 765 3614 837 etdecu’rsototius

2036 838 2159 892 vitte
2187 836 2428 906 tempore
2457 837 2804 900 transierunt,
2838 837 2891 890 in
2931 836 3034 906 illo
3077 836 3420 890 nihilominus
3448 836 3610 889 divini

2036 908 2253 961 obtutus
2281 905 2478 961 lumine
2504 915 2896 975 permanentes.
2929 905 3070 959 Deus
3090 907 3230 959 enim
3260 907 3349 974 qui
3372 921 3471 959 nec
3492 906 3613 960 loco

2036 975 2319 1039 clauditur,
2353 992 2450 1029 nec
2479 985 2721 1045 tempore
2771 975 3112 1046 przevenitur,
3137 977 3371 1029 omnium
3412 990 3609 1046 rerum,

2037 1054 2147 1099 tam
2201 1046 2589 1114 pimteritamtn
2645 1045 2944 1107 memoria,
2996 1059 3155 1113 quam
3225 1045 3611 1099 imminentium

2036 1115 2261 1169 scientia
2290 1115 2479 1184 plenus
2506 1123 2588 1168 est
2621 1133 2631 1164 :
2659 1130 2760 1169 nec
2781 1116 3128 1169 reminiscens
3153 1115 3384 1169 volvitur
3404 1115 3454 1184 in
3481 1130 3611 1184 prte-

2039 1183 2410 1248 teritum,’nec
2462 1199 2686 1252 sperans
2725 1184 2963 1239 tenditur
2996 1184 3050 1237 in
3097 1183 3352 1239 futurum.
3377 1183 3443 1238 Et
3468 1183 3611 1254 qum-

2012 1269 2247 1334 .cunqu-e
2274 1254 2494 1334 omnino
2518 1262 2803 1334 supt,_qua:
2830 1255 3609 1334 tempocnm.motibus‘agitan-

2038 1320 2241 1386 tur,'ab
2270 1338 2336 1377 eo
2376 1323 2640 1392 principio
2663 1320 2718 1376 in
2740 1338 2846 1390 quo
2875 1320 3275 1392 eratcVerbum,
3300 1333 3354 1376 et
3381 1322 3612 1379 Verbum

2037 1401 2155 1447 erat
2179 1391 2526 1462 apud‘Denm,
2553 1391 2616 1447 et
2667 1393 2805 1446 Deus
2848 1399 2963 1446 erat
2991 1391 3227 1447 Verbum
3257 1394 3434 1459 (Joan.
3469 1410 3504 1455 ι,
3535 1393 3611 1457 1),

2038 1460 2282 1530 ιιειιυθῖιι
2308 1460 2469 1517 linem
2500 1462 2739 1527 omnium
2768 1462 3103 1515 saeculorum.
3137 1462 3212 1516 De
3236 1478 3343 1530 quo
3366 1464 3470 1517 line
3494 1477 3612 1517 cum

2038 1530 2241 1602 diceret
2268 1532 2456 1586 beatus
2477 1531 2687 1602 Moyses
2716 1530 2995 1602 :_Domine,
3020 1530 3210 1602 inquit,
3233 1533 3321 1601 qui
3343 1549 3527 1602 regnas
3560 1535 3612 1586 in

2038 1600 2283 1654 swcuium
2327 1610 2385 1672 et
2425 1600 2669 1656 sarculum
2700 1600 2895 1672 (Exod.
2936 1616 3025 1672 xv,
3057 1600 3168 1668 l8),
3195 1600 3253 1672 et
3298 1600 3472 1655 adhuc
3517 1617 3612 1657 nec

2038 1679 2326 1738 sperantur
2366 1670 2562 1733 futura,
2596 1670 3003 1738 nec'pneterita
3051 1671 3390 1734 transierunt,
3425 1672 3516 1725 sed
3561 1672 3613 1725 in

2039 1738 2322 1808 pncsentia
2349 1739 2639 1794 divinitatis
2663 1740 2906 1807 prmsenti
2928 1754 3142 1807 semper
3162 1742 3279 1795 lucc
3306 1749 3612 1795 cernuntur.

2045 1808 2124 1862 Ab
2151 1809 2243 1863 illo
2265 1822 2391 1876 ergo
2420 1811 2542 1879 quia
2570 1819 2801 1866 :eternus
2829 1817 2884 1879 et
2911 1809 3181 1877 pnescius,
3213 1811 3338 1878 quia
3366 1818 3420 1865 et
3442 1810 3611 1878 justus

2044 1888 2100 1931 et
2126 1879 2243 1947 pius
2271 1888 2372 1941 est,
2404 1878 2494 1947 qui
2528 1888 2743 1933 exercet
2769 1878 3001 1933 debitam
3037 1880 3400 1945 severitatem,
3432 1889 3486 1933 et
3523 1896 3605 1934 cx-

2044 1947 2189 2019 hibet
2217 1948 2504 2019 indebitam
2527 1949 2802 2019 pietatem,
2827 1956 2882 2003 et
2904 1948 3148 2019 habetjn
3169 1950 3413 2019 creandis
3453 1957 3613 2019 atque

2043 2017 2300 2088 eligendis
2329 2015 2652 2079 homini—bus,
2676 2018 2816 2072 sicut
2847 2018 2899 2088 in
2926 2017 3038 2088 luto
3066 2015 3255 2084 ﬁgulus
3274 2015 3614 2088 potestatem,

2043 2084 2181 2140 facta
2202 2094 2329 2141 sunt
2353 2088 2457 2141 alia
2484 2088 2699 2154 quidem
2724 2101 2847 2140 vasa
2869 2087 2921 2140 in
2949 2087 3208 2142 honorem
3228 2127 3244 2151 ,
3275 2084 3378 2141 alia
3410 2103 3536 2143 vero
3565 2091 3614 2143 in

2042 2157 2440 2238 contumeliam.
2472 2156 2773 2238 Antequam
2816 2156 3019 2211 faceret
3065 2172 3184 2238 nos,
3208 2156 3473 2238 prtescivit
3496 2173 3615 2238 nos,

2043 2233 2099 2297 et
2123 2226 2183 2297 in
2198 2227 2310 2293 ipSu
2340 2243 2437 2281 nos
2465 2226 2821 2297 pnnscientia,
2851 2241 2970 2297 cum
3003 2227 3236 2297 nondum
3259 2226 3493 2290 fecisset,
3519 2227 3609 2282 ele

2042 2295 2136 2365 git.
2152 2294 2257 2350 Sed
2273 2311 2303 2350 a
2318 2311 2425 2365 quo
2442 2294 2544 2351 hoc
2569 2296 2683 2349 lieri
2708 2296 2897 2366 potuit,
2912 2296 3014 2349 nisi
3032 2296 3099 2349 ab
3110 2311 3176 2350 eo
3186 2297 3273 2366 qui
3287 2306 3430 2350 vacat
3446 2299 3615 2351 omnia

2041 2382 2157 2437 qua:
2199 2382 2301 2419 non
2338 2375 2457 2437 sunt
2484 2375 2834 2437 tanquamnea
2871 2382 2986 2437 qua:
3027 2375 3146 2419 sunt
3193 2365 3368 2435 (Rom.
3398 2382 3467 2425 tv,
3502 2366 3615 2437 l7)?

2044 2435 2335 2506 Apostolus
2363 2436 2512 2506 eidmc
2536 2434 2685 2501 dicit,
2707 2434 2819 2506 Qui
2845 2434 2997 2506 elegit
3019 2437 3468 2506 rios‘aiite‘tttundi
3494 2434 3606 2489 con-

2041 2505 2356 2558 stitutionem
2387 2502 2599 2571 (Ephes.
2626 2520 2661 2563 ι.
2693 2503 2771 2572 4).
2796 2502 2941 2557 Intra
2970 2503 3228 2557 mundum
3258 2503 3383 2559 facti
3412 2520 3615 2571 sumus,

2042 2582 2099 2628 et
2126 2581 2251 2627 ante
2279 2575 2531 2627 mundum
2554 2573 2711 2627 electi
2739 2588 2922 2627 sumus
2946 2590 2958 2625 :
2989 2580 3150 2641 atque
3180 2575 3250 2625 ita
3274 2589 3379 2628 uno
3405 2573 3613 2629 eodem-

2042 2659 2166 2711 que,
2195 2657 2296 2696 nec
2324 2651 2651 2705 transeunte,
2686 2658 2784 2697 nec
2829 2643 3029 2711 tuturo,
3061 2643 3155 2696 sed
3192 2644 3448 2698 continuo
3486 2650 3608 2698 tem-

2043 2710 2314 2783 porenvel
2366 2712 2410 2766 si
2459 2727 2566 2780 quo
2609 2712 2717 2766 alio
2772 2710 2932 2783 modo
2974 2711 3077 2783 dici
3117 2720 3316 2782 potest,
3347 2713 3390 2783 si
3438 2721 3615 2768 tamen

2044 2779 2183 2851 apud
2208 2779 2374 2835 Deum
2405 2790 2506 2846 est,
2536 2790 2589 2835 et
2617 2780 2872 2851 prtesciri,
2906 2788 2962 2834 et
3008 2779 3203 2845 face—re,
3237 2790 3293 2835 ct
3321 2782 3539 2850 eligere,
3564 2792 3613 2837 et

2044 2852 2378 2920 pmscientia
2404 2867 2497 2907 sua
2530 2850 3037 2905 incommutabiliter
3049 2860 3396 2920 permanente
3425 2852 3615 2919 eligere

2042 2918 2311 2976 iaciendos
2340 2938 2353 2973 :
2385 2935 2521 2989 quos
2552 2920 2790 2991 {acturus
2824 2921 2997 2991 fuerat
3025 2918 3306 2991 cligendos
3332 2939 3345 2973 :
3379 2918 3615 2991 haechui-

2042 2992 2187 3116 (dealt,
2222 2998 2482 3113 quintium
2509 2989 2579 3044 ad
2600 2989 2722 3045 ﬁdei
2743 2988 3609 3062 regulam,Deoilluminanteprte

2081 3078 2128 3115 lC
2153 3077 2183 3114 a
2210 3076 2289 3114 sm
2321 3100 2338 3115 .

2081 3062 2183 3115 icta
2210 3061 2338 3115 sint.

2114 3129 2245 3184 CAP.
2267 3146 2340 3184 vr.
2370 3129 2473 3185 Sed
2498 3129 2610 3199 jam
2632 3130 2792 3186 video
2811 3129 2937 3199 quid
2957 3131 3121 3186 etiam
3150 3129 3277 3186 hinc
3294 3130 3617 3187 calumniosa

2047 3268 2185 3339 quos
2222 3268 2649 3340 pra‘destinavit,
2681 3270 2800 3340 illos
2842 3280 2902 3340 et
2935 3268 3189 3340 __vocavit,
3212 3280 3267 3324 et
3294 3270 3339 3324 si
3368 3287 3462 3325 eos
3489 3285 3616 3340 quos

2049 3338 2278 3405 vocavit,
2309 3340 2429 3393 illos
2474 3347 2531 3392 et
2571 3338 2878 3407 justiiicavit
2910 3338 3084 3408 (Rom.
3118 3356 3227 3402 \‘lll,
3254 3339 3366 3408 50),
3394 3338 3616 3408 qui—net

2048 3408 2433 3478 pnedestinati,
2461 3424 2566 3478 nec
2593 3409 2788 3478 vocati,
2818 3422 2882 3461 ac
2920 3406 3024 3477 per
3061 3411 3164 3463 hoc
3208 3406 3616 3478 neoju'stiiicatI

2048 3476 2192 3542 sunt,
2217 3478 2285 3531 ab
2312 3477 2459 3531 omni
2485 3477 2644 3546 culpa
2668 3476 2900 3533 debeant
2930 3476 3051 3531 esse
3084 3480 3418 3540 innocentes,
3452 3477 3616 3545 injus—

2048 3555 2209 3615 teque
2261 3546 2328 3600 ab
2374 3546 2454 3600 eis
2500 3561 2601 3615 pro
2633 3548 2753 3600 vita:
2794 3547 3059 3615 pravitate
3102 3554 3399 3611 transactus,
3432 3548 3484 3601 in
3530 3547 3617 3602 illc

2049 3616 2334 3685 agnitionis
2380 3617 2467 3670 die
2520 3615 2627 3685 sint
2677 3616 2942 3685 poscenda
2993 3616 3272 3685 supplicia.
3318 3616 3617 3685 Dicatcistis

2050 3683 2245 3757 Paulus
2258 3685 2550 3757 apostolus,
2575 3682 2825 3756 Nunquid
2838 3682 3077 3755 iniquitas
3100 3682 3240 3757 apud
3264 3684 3424 3757 l_)eum
3445 3684 3599 3757 (Rom

2051 3770 2124 3816 Ix,
2159 3754 2274 3820 ως)
2299 3755 2493 3809 Statim
2539 3755 2653 3824 ipse
2699 3753 3040 3824 respondeat,
3063 3756 3226 3809 Absit.
3257 3753 3498 3823 Cumque
3522 3757 3615 3809 hut

2050 3825 2211 3879 tuerit
2233 3827 2284 3877 in
2312 3825 2545 3894 hominis
2573 3832 2752 3878 mente
2773 3840 2903 3894 sana
2932 3824 3132 3894 pietate
3158 3824 3456 3894 tumtutum,
3481 3826 3617 3894 quotl

2052 3895 2196 3947 nulla
2230 3894 2299 3948 sit
2327 3893 2577 3960 iniquitas
2624 3894 2762 3962 apud
2813 3891 3000 3959 Deum,
3034 3895 3103 3947 ita
3152 3892 3427 3963 intelligat,
3466 3893 3617 3963 Cujut

2052 3965 2157 4017 vult
2220 3965 2523 4035 miseretur,
2570 3972 2629 4035 et
2676 3979 2824 4035 quem
2864 3964 2971 4035 uult
3008 3964 3217 4017 indurat
3261 3962 3448 4032 (Ibid,
3508 3962 3618 4032 l8);

2053 4035 2205 4101 quasi
2221 4034 2424 4088 diceret
2449 4052 2461 4086 :
2485 4032 2647 4099 Cujus
2669 4032 3106 4103 vultmiseretur,
3130 4044 3184 4088 et
3208 4036 3358 4103 cujus
3383 4049 3489 4087 non
3513 4036 3618 4088 vult

2055 4118 2160 4158 non
2190 4105 2493 4158 miseretur.
2523 4103 2761 4171 Itemque
2790 4102 2894 4158 hoc
2933 4104 3105 4171 ipsum
3135 4102 3316 4159 rursus
3342 4104 3619 4170 intelligat,

2053 4174 2205 4241 quasi
2233 4174 2500 4228 diceretur
2531 4191 2544 4225 :
2577 4173 2672 4228 Cui
2702 4172 2815 4225 vult
2844 4173 3027 4239 donat,
3060 4181 3116 4226 et
3142 4188 3172 4226 a
3208 4188 3315 4241 quo
3345 4174 3456 4227 vult
3477 4174 3614 4227 debi-

2056 4253 2165 4313 tum
2197 4245 2386 4313 poscit.
2418 4242 2691 4313 Quodqui
2720 4243 2900 4297 dicere
2927 4252 3236 4311 perseverat
3262 4242 3536 4311 injustum,
3560 4245 3620 4300 al‘

2055 4312 2312 4383 Apostolo
2333 4313 2533 4383 audiat,
2567 4312 2623 4383 οξ
2653 4313 2822 4376 homo,
2843 4323 2897 4365 tu
2944 4314 3055 4383 quis
3089 4330 3141 4366 es
3188 4314 3273 4383 qui
3317 4314 3622 4382 respondeas

2056 4384 2165 4454 Deo
2196 4382 2384 4454 (Ibid.,
2421 4382 2565 4454 20)?_
2586 4380 2835 4450 Congrue
2863 4380 3124 4454 siquidem
3171 4380 3471 4454 lrnjusmtidi
3522 4383 3615 4436 im-

2057 4452 2310 4520 pietatem
2357 4452 2653 4521 apostolica
2705 4452 3053 4520 reprehendit
3079 4453 3393 4521 auctoritas,
3421 4459 3621 4505 tantum

2056 4523 2124 4575 de
2176 4520 2590 4589 exaggeratione
2633 4521 2910 4574 nominum
2953 4520 3159 4589 pomlus
3187 4520 3468 4589 incutiens,
3503 4536 3619 4574 cum

2057 4591 2202 4659 dicit,
2234 4587 2471 4652 O‘h’omo,
2497 4600 2547 4642 tu
2568 4590 2680 4659 quis
2702 4606 2756 4643 es
2777 4591 2862 4659 qui
2884 4587 3191 4659 respondeas
3219 4588 3366 4643 Dea?
3393 4587 3436 4641 Ο
3462 4589 3619 4643 h'omr

2055 4658 2184 4728 Deo,
2208 4661 2375 4713 lutum
2409 4658 2598 4725 tigillo!
2633 4658 2915 4727 Subjunxit
2944 4659 3085 4712 enim
3129 4658 3575 4728 ideniapostolus
3603 4674 3619 4713 2

2054 4726 2304 4799 Nunquid
2323 4729 2444 4782 dicit
2462 4728 2760 4799 figmentum
2783 4728 2831 4781 ei
2852 4731 2936 4799 qui
2958 4746 3012 4781 se
3031 4729 3186 4797 ﬁnxit
3206 4747 3223 4780 :
3250 4726 3421 4799 Quare
3449 4730 3524 4781 sic
3546 4747 3619 4782 mc

2056 4796 2355 4867 fecisti?An
2391 4796 2672 4869 non'ha‘bet
2700 4796 3008 4869 potestatem
3029 4796 3218 4869 ﬁgulus
3246 4797 3340 4851 luti
3360 4814 3423 4869 ea;
3449 4800 3621 4869 eadem

2054 4865 2228 4921 massa
2256 4869 2425 4939 facere
2452 4865 2596 4939 aliud
2625 4868 2827 4939 quidem
2854 4884 2942 4921 vas
2972 4865 3309 4939 inhonorem,
3340 4867 3482 4939 aliud
3510 4885 3621 4923 verr

2051 4940 2105 4990 in
2124 4935 2829 5004 contumeliam(lb.,2|)?Si
2851 4951 2979 5006 ergo
2994 4937 3172 5001 habet,
3186 4938 3293 4992 imo
3321 4938 3443 5005 quia
3465 4937 3621 4991 habet

2055 5014 2376 5075 potestatem
2406 5007 2596 5075 iigulus
2628 5008 2723 5062 luti
2751 5009 2925 5061 tacere
2952 5023 3020 5062 ex
3047 5007 3232 5061 eadem
3258 5021 3452 5071 massa,
3481 5007 3622 5063 aliud

2053 5077 2268 5146 quidem
2289 5077 2345 5131 in
2375 5078 2655 5141 honorem,
2693 5076 2836 5132 aliud
2874 5093 3002 5132 vero
3042 5078 3093 5131 in
3140 5076 3544 5144 contumeliam,
3591 5093 3622 5133 o

2055 5150 2236 5213 homo,
2267 5154 2326 5202 tu
2352 5148 2473 5218 quis
2486 5162 2547 5202 es
2595 5148 2685 5218 qui
2710 5147 3036 5218 respondeas
3050 5146 3320 5218 Deo,quia
3333 5146 3484 5215 cujus
3511 5147 3621 5202 vult

2055 5217 2337 5287 miseretur
2363 5215 2419 5271 et
2443 5215 2628 5286 quem'
2657 5217 2771 5272 vult
2800 5215 3061 5271 indurat?
3087 5215 3195 5271 Sed
3214 5215 3529 5287 priusquam
3559 5218 3622 5272 ad

2058 5286 2357 5353 bujusmodi
2412 5288 2808 5343 conclusionem
2853 5288 3041 5341 beatus
3073 5287 3360 5354 Apostolus
3387 5287 3619 5354 disputa-

2058 5356 2217 5426 tionis
2241 5357 2429 5412 ordine
2457 5358 2781 5426 perveniret,
2806 5357 2911 5411 hoc
2951 5357 3283 5426 potissimum
3318 5357 3385 5411 de
3420 5358 3620 5411 veteri-

2054 5425 2155 5480 bus
2185 5427 2374 5480 litteris
2401 5425 2624 5495 sumpsit
2651 5425 2990 5495 exemplum,
3024 5428 3077 5480 in
3100 5442 3210 5495 quo
3235 5426 3621 5482 indurat-ionem

2059 5511 2178 5620 gum
2213 5511 2245 5550 a
2288 5496 2399 5551 Deo
2449 5496 2562 5557 ﬁeri
2609 5496 2823 5558 dicitur,
2860 5496 3111 5551 edoceret
3161 5513 3174 5548 :
3222 5495 3379 5560 Dicit,
3430 5496 3620 5567 inquit,

2107 5567 2335 5620 crintura
2358 5566 2624 5620 Pharaoni
2652 5584 2668 5620 :
2697 5566 2830 5620 Uuia
2850 5567 2904 5619 in
2930 5566 3024 5620 hoc
3043 5568 3211 5620 ipsum
3235 5567 3451 5620 excitavi
3482 5577 3545 5620 te.
3569 5580 3620 5620 ut

2107 5567 2335 5636 criptura
2358 5566 2624 5621 Pharaoni
2652 5584 2668 5623 :
2697 5566 2830 5632 Quia
2850 5567 2904 5619 in
2930 5566 3024 5620 hoc
3043 5568 3211 5636 ipsum
3235 5567 3451 5621 excitavi
3482 5577 3545 5629 te,
3569 5580 3622 5621 ut

2057 5635 2322 5690 ostendam
2342 5637 2396 5690 in
2416 5646 2464 5690 te
2481 5638 2711 5690 virtutem
2738 5652 2921 5695 meam.
2941 5644 2991 5689 et
3015 5645 3071 5689 ut
3089 5639 3412 5691 annuntietur
3440 5636 3619 5693 nomen

2052 5720 2226 5759 meum
2274 5706 2331 5758 in
2371 5707 2608 5760 universa
2646 5716 2783 5759 terra
2840 5705 3024 5774 (Ibid.,
3064 5706 3160 5770 17;
3198 5706 3371 5761 Exod.
3402 5724 3474 5770 ix,
3510 5708 3618 5774 l6).

2056 5774 2337 5846 lndurasse
2361 5783 2539 5846 autem
2590 5791 2686 5831 cor
2723 5775 2840 5843 ejus
2884 5775 3026 5846 Deus
3051 5776 3105 5831 in
3136 5778 3321 5833 eadem
3349 5779 3618 5846 Scriptura

2058 5844 2392 5916 apertissime
2436 5844 2629 5901 dicitur
2652 5886 2668 5913 ,
2708 5860 2828 5901 cum
2885 5844 3055 5917 Moysi
3098 5846 3166 5903 de
3210 5847 3371 5918 signis
3411 5844 3528 5918 qua:
3565 5848 3620 5904 in
