4144 6354
477 390 483 393 -
496 358 537 409 "8
549 355 606 408 Π

1517 344 1845 403 APPENDIX
1885 345 1973 403 AD
2010 345 2067 402 S.
2109 341 2469 401 FULGENTII
2507 342 2732 399 OPERA

3652 340 3757 398 διε

491 465 790 538 .mgyptios
817 481 915 536 per
944 479 1066 519 eum
1108 460 1348 518 facienda
1387 457 1598 513 l‘uerant
1632 459 1960 528 loqueretur.
1987 455 2078 512 Sic

503 539 647 582 enim
701 535 850 582 dicit-
879 532 988 582 Ean
1037 541 1204 582 autem
1241 528 1492 582 indurabo
1531 545 1620 582 cor
1673 529 1986 582 Pharaonis.
2013 544 2078 580 ne

2189 457 2236 510 in
2252 457 2424 512 lucem
2429 455 2682 579 [projecta
2698 462 2974 510 momento
2999 463 3102 521 est,
3118 456 3266 524 paria
3290 469 3409 511 esse
3435 455 3755 514 debuerunt.

2189 526 2336 582 Duod
2356 528 2401 582 si
2452 535 2636 582 uturos
2661 541 2847 581 eorum
2869 539 3047 580 mores
3071 525 3266 580 dicitur
3291 524 3534 582 divinum
3561 527 3755 582 discre-

503 528 665 591 enim'
701 528 850 598 dicit,
879 532 988 604 Ego
1037 541 1204 604 autem
1241 528 1620 604 induraboncor
1650 529 1986 604 ‘Pharaonis,
2013 544 2078 580 ne

505 606 730 663 dimittat
757 596 1000 676 populum
1026 599 1220 676 (Exod.
1244 615 1314 660 iv,
1347 596 1459 667 2i).
1493 596 1754 676 Hincjam
1774 605 2077 676 per‘aperta
2111 647 2118 653 .

503 691 566 733 se
609 665 836 742 jacta'ns'
865 671 1222 742 calumniator
1292 665 1500 723 astutus
1554 665 1970 742 justitiam_Dei_
2013 665 2079 720 ad

505 735 663 800 suum
681 744 839 798 libret
867 741 1162 809 arbitrium,
1192 747 1248 793 et
1274 745 1472 809 quanta
1494 735 1674 808 potest
1697 735 2078 809 vociferatione

506 814 846 883 respondeat,
868 808 1103 883 Sicujus
1132 809 1244 883 vult
1267 806 1574 883 miseretur,
1601 815 1655 883 et
1683 821 1842 883 quem
1861 807 1976 883 vult
1996 806 2077 883 in_-

505 876 678 943 durat.
710 881 831 950 quid
858 876 1028 950 adhuc
1053 879 1321 950 queritur?
1358 877 1625 950 Voiuntati
1657 876 1793 950 enim
1827 877 1938 950 ejus
1967 876 2079 946 quis

504 941 734 1008 resistit?
772 949 940 1014 llujus
977 941 1195 1004 elaiioni
1234 945 1523 1017 Apostolus
1549 941 1991 1017 dicattQh'omo,
2028 954 2079 997 tu

503 1025 614 1091 quis
634 1021 795 1091 esqui
823 1013 1133 1091 respondeas
1164 1013 1469 1091 Deoliiom.
1493 1032 1568 1082 ix,
1600 1014 1690 1091 1.9,
1710 1013 1827 1091 20)?
1853 1015 2080 1091 Quiau-

505 1083 610 1145 tem
653 1083 741 1160 pie
787 1083 1032 1160 qumrens
1069 1088 1265 1160 aliquid
1301 1083 1581 1160 desiderat
1623 1083 1884 1160 invenire,
1933 1083 2080 1160 ilium

503 1153 682 1215 locum
755 1153 990 1226 ejusdem
1064 1153 1354 1226 Scriptura:
1424 1157 1672 1224 relegat,
1712 1155 1838 1226 Aubi
1905 1153 2082 1226 primo

505 1230 672 1300 Moysi
725 1223 962 1300 iri—rubo
1010 1227 1144 1300 ignis
1186 1223 1656 1300 :apparuit,_atque
1706 1224 1782 1278 ita
1825 1239 1921 1280 cor
1965 1223 2083 1290 ejus
2123 1234 2142 1246 °

503 1295 706 1372 ardore
717 1297 1167 1372 divinze_caritaiis
1187 1295 1464 1372 ignivit,ut
1485 1296 1539 1372 iii
1553 1300 1852 1372 conspectu
1874 1305 2081 1372 regum,

503 1371 643 1424 sicut
676 1366 842 1421 David
887 1366 1018 1420 dicit
1054 1365 1234 1435 (Psal.
1262 1363 1594 1435 cunnum),
1635 1363 1940 1435 testimonia
1959 1363 2084 1435 _ejus

504 1439 622 1496 sine
641 1437 959 1493 confusione
978 1431 1290 1502 loqueretur
1307 1451 1321 1499 ;
1338 1444 1394 1489 et
1410 1433 1482 1488 ibi
1505 1431 1740 1488 inveniet
1762 1439 1933 1488 totum
1959 1431 2080 1494 hoc,

504 1507 647 1576 quod
669 1506 946 1576 indurass_e
968 1503 1222 1576 Deuscor
1244 1503 1540 1576 Pharaonis
1563 1502 1856 1576 prannitt‘it,
1883 1502 2081 1576 nonad

504 1569 1023 1648 dperationempei,
1040 1574 1135 1629 sed
1157 1573 1222 1648 a_d
1245 1569 1638 1648 praescientiam
1658 1571 1956 1648 pertinere.
1985 1569 2086 1623 Lo-

505 1639 674 1714 quens
701 1644 844 1700 enim
875 1643 1130 1714 Dominus
1165 1639 1263 1698 de'
1282 1643 1418 1714 rubo
1459 1641 1539 1696 sic
1568 1639 1699 1696 dicit
1717 1639 2084 1714 _:_Ego_aute_in

505 1707 612 1770 s'cio
639 1713 776 1787 quod
803 1729 904 1768 non
937 1711 1158 1766 dimittet
1183 1729 1273 1787 vos
1307 1710 1650 1787 ‘Pharaofea:
1687 1707 1938 1779 IE’gy'pti,
1982 1711 2082 1763 nisi

513 1802 604 1854 per
650 1779 1162 1854 manum_magnam.
1210 1780 1318 1837 Sed
1352 1779 1882 1854 estendensmanum
1920 1794 2087 1854 meum

495 1841 790 1924 percutiam
825 1841 1108 1974 ﬂgig'litios
1146 1853 1201 1904 in
1231 1849 1466 1904 omnibus
1503 1847 1828 1903 mirabilibus
1853 1863 1968 1931 qua:
1997 1849 2081 1916 {a-

503 1926 656 1974 ciam-
679 1931 727 1974 et
748 1931 925 1974 postea
983 1922 1164 1974 amittet
1186 1937 1274 1974 t'os
1300 1919 1507 1973 Pharao
1528 1935 1621 1972 rex
1644 1917 1862 1974 (Eauntt
1887 1916 2081 1974 (Exod.

503 1916 656 1982 ciam.
679 1931 727 1976 et
748 1916 926 1987 posteri
941 1916 1164 1976 dimittet
1186 1937 1274 1976 eos
1300 1919 1507 1973 Pharao
1528 1935 1621 1972 rex
1644 1916 2082 1987 (Egypti'tlt‘xod.

505 2008 586 2061 ιη,
611 1992 701 2057 19,
722 1991 842 2061 20)ἶ
861 1988 990 2044 Haec
1016 1991 1187 2061 prima
1213 2006 1318 2044 vox
1349 1989 1446 2061 Dei
1471 1996 1573 2061 est,
1595 2002 1701 2061 qua
1724 1989 1960 2061 futuram
1990 2001 2086 2039 vo-

505 2055 766 2118 luntatem
785 2055 1102 2122 Pharaonis,
1130 2059 1268 2114 sicut
1289 2055 1868 2128 praeviderat,__indicat.
1896 2059 2084 2128 l’ostea

505 2131 612 2200 iam
637 2130 776 2186 inter
807 2129 954 2200 ipsos
980 2125 1362 2200 miraculorum
1392 2127 1590 2200 imbres
1611 2125 1812 2200 dixisse
1841 2126 2036 2196 legitur
2069 2144 2081 2178 :

507 2195 620 2272 Ego
645 2195 1098 2272 autein’indurabo
1119 2214 1209 2272 cor
1228 2196 1543 2272 Pharaonis,
1574 2211 1646 2272 ne
1666 2195 1889 2272 dimittat
1919 2211 2084 2272 popu-

495 2265 610 2326 Δ,ιιιὶη
639 2267 836 2340 (Exod.
865 2282 952 2332 tv,
983 2265 1098 2336 2i).
1142 2265 1242 2321 Ubi
1279 2267 1393 2334 jam
1421 2273 1605 2389 aperte
1634 2265 1946 2333 intelligitur
1974 2266 2085 2333 pri-

507 2353 650 2389 mam
699 2338 925 2389 iterasse
959 2337 1302 2389 sententiam.
1335 2334 1450 2389 Οιιῦ
1510 2341 1594 2389 est
1635 2335 1800 2389 enim.
1826 2334 2085 2388 indurabo

507 2334 659 2395 mam‘
699 2338 925 2393 iterasse
959 2334 1302 2392 sententiam.
1335 2334 1473 2402 Quid
1510 2341 1594 2390 est
1635 2335 1800 2402 enim,
1826 2334 2086 2388 indurabo

505 2407 751 2475 cor,nisi,
777 2421 886 2462 non
911 2404 1186 2475 molliam?
1204 2405 1440 2475 Apparet
1452 2405 1591 2458 enim
1610 2404 1664 2475 in
1685 2403 1818 2475 alios
1840 2413 2088 2475 manente

504 2470 811 2545 justitia,’in
851 2474 986 2545 alios
1017 2474 1191 2542 gratia
1231 2470 1567 2545 proﬂuente,
1620 2471 1918 2545 Scriptnrze
1949 2472 2088 2545 iliius

506 2541 826 2604 sententiam
857 2541 1390 2613 luisse’completam,
1448 2541 1573 2612 quia
1603 2541 1742 2596 dixit
1779 2543 1916 2613 Deus
1947 2541 2086 2595 Pha-

506 2618 657 2673 raoni
688 2635 702 2669 :
735 2613 803 2669 In
830 2615 927 2668 hoc
964 2614 1132 2684 ipsum
1160 2612 1380 2684 excitaui
1412 2622 1492 2677 te,
1541 2621 1598 2664 ut
1643 2612 1912 2684 ostendant
1954 2613 2006 2665 in
2037 2621 2088 2684 te

496 2689 743 2742 uirtutem
764 2699 955 2749 meam,
983 2682 1033 2736 et
1057 2692 1116 2736 ut
1135 2682 1469 2749 annuntietur
1495 2695 1681 2737 nomen
1708 2697 1876 2749 meum
1896 2682 1950 2734 in
1968 2682 2087 2735 uni-

507 2772 651 2810 rersa
679 2765 822 2809 terra
852 2748 1058 2823 (Eirpd.
1101 2766 1177 2823 ix,
1211 2750 1322 2823 lli).
1374 2748 1569 2823 Utente
1607 2748 1919 2823 enim__De_o
1953 2751 2087 2823 bene

507 2827 666 2880 etiam
688 2817 871 2884 malis,
894 2821 1232 2893 induratione
1255 2817 1570 2893 Pharaonis,
1602 2817 1824 2893 ilagellis
1847 2817 2084 2893 lEgypti,

507 2903 560 2949 et
587 2902 670 2950 tot
695 2909 758 2948 ac
788 2891 952 2945 tantis
990 2890 1044 2943 in
1088 2890 1177 2944 illa
1208 2897 1368 2955 gente
1407 2889 1675 2943 miraculis
1704 2890 1903 2957 pariter
1928 2889 2084 2944 acer-

507 2964 778 3030 vatimque
807 2959 1068 3030 peractis,
1113 2960 1242 3027 quid
1283 2957 1425 3030 aliud
1452 2969 1660 3030 gestum
1691 2966 1795 3025 est,
1822 2973 2000 3030 quam
2031 2967 2086 3012 ut

509 3033 603 3088 Dei
645 3027 822 3085 virtus
842 3029 985 3097 apud
1019 3043 1079 3083 se
1106 3041 1318 3092 magna,
1351 3027 1407 3081 in
1445 3042 1504 3082 se
1532 3028 1688 3096 plena
1709 3069 1723 3093 ,
1751 3027 1837 3097 ad
1867 3029 2085 3082 humani

429 3158 433 3163 _
507 3101 718 3169 generis
747 3096 995 3169 notitiam
1022 3099 1350 3169 pervenis-et,
1375 3112 1483 3150 non
1510 3097 1642 3169 Deo.
1669 3096 1763 3151 sed
1787 3098 1912 3166 ipsis
1941 3097 2082 3152 rele-

2123 1817 2164 1873 Β

2183 526 2336 593 Quod
2356 528 2401 582 si
2429 524 2636 582 futuros
2661 541 2847 581 eorum
2869 539 3047 580 mores
3071 525 3266 580 dicitur
3291 524 3534 582 divinum
3561 527 3763 584 discre-

2181 598 2320 652 visse
2338 596 2615 666 judicium,
2646 595 2889 666 proiecto
2917 593 3047 666 illud
3075 594 3422 666 evacuabitur
3447 594 3594 665 quod
3620 613 3762 666 prae-

2181 666 2325 721 misit
2340 661 2848 735 'Apostolus'dicens
2895 681 2909 717 :
2965 661 3090 735 Non
3135 681 3202 718 ex
3246 661 3527 735 operibus,
3553 661 3644 720 sed
3690 681 3761 720 ea:

2179 746 2391 805 vocante
2402 733 2595 789 dictum
2613 743 2709 799 est,
2730 735 2851 804 quia
2861 733 3041 805 major
3061 735 3244 805 serviet
3259 733 3602 805 minori.Non
3613 736 3763 791 enim

2182 807 2260 860 ait
2283 824 2294 858 ε
2319 803 2399 860 Ex
2421 805 2704 873 praeteritis
2724 803 2995 873 operibus,
3012 803 3106 860 sed
3128 819 3252 858 cum
3272 804 3599 872 generaliter
3614 806 3766 861 dixe-

2182 877 2252 930 rit
2283 893 2296 927 :
2329 872 2452 930 Non
2479 890 2545 929 ea:
2573 872 2832 943 operibus,
2856 873 2930 943 ibi
2949 881 3007 928 et
3024 874 3294 943 praeterita
3323 873 3543 942 intelligi
3567 875 3760 939 voluit,

2181 953 2238 999 et
2265 945 2481 1025 lutura_:
2513 942 2782 1025 prteterita
2807 942 3163 1025 scilicetun
3185 942 3337 1025 nulla
3359 951 3536 1025 erant,
3581 943 3762 1025 futura

2183 1029 2302 1082 qua:
2329 1010 2563 1069 nonduin
2592 1018 2764 1068 erant.
2815 1010 3234 1066 Pmdestinatns
3259 1020 3345 1069 est
3388 1011 3557 1069 Jacob
3584 1029 3680 1068 vas
3708 1015 3764 1068 in

2184 1084 2468 1150 honorem,
2488 1083 2613 1151 quia
2633 1099 2734 1137 non
2759 1098 2824 1136 ea;
2851 1082 3108 1150 operibus,
3131 1083 3224 1136 sed
3242 1097 3308 1136 ea:
3335 1091 3546 1138 vocante
3565 1083 3764 1138 dictum

2185 1163 2280 1218 est,
2313 1151 2494 1224 Major
2515 1153 2923 1224 s_erviet_minori.

2256 1225 2384 1278 Car.
2401 1220 2512 1277 vni.
2526 1220 2592 1293 Et
2609 1238 2674 1293 ne
2695 1222 2834 1293 forte
2856 1222 3058 1293 vasain
3079 1222 3343 1279 honorem
3363 1222 3763 1293 prmdestinata,

2185 1294 2296 1348 suis
2316 1293 2515 1359 aliquid
2530 1291 2730 1345 viribus
2751 1290 3055 1361 triburndo,
3086 1301 3345 1361 negarent
3365 1290 3588 1361 gratiam
3605 1293 3769 1349 Crea-

2187 1363 2339 1442 toris,
2371 1362 2477 1442 alio
2500 1361 2745 1442 eosloco
2773 1360 3062 1442 Apostoius
3087 1360 3215 1442 vasa
3244 1360 3627 1442 misericordia;
3658 1378 3762 1442 no_-

2187 1432 2428 1495 minavit,
2459 1439 2520 1485 ut
2541 1437 2712 1485 totum
2740 1429 2998 1500 quidquid
3027 1438 3210 1500 essent
3235 1431 3528 1487 secundum
3553 1432 3770 1488 miseri-

2176 1501 2423 1583 cordiam
2451 1515 2517 1583 se
2531 1513 2650 1583 esse
2676 1499 3083 1583 cugnoscerent.
3126 1499 3381 1583 Sicenim
3410 1500 3615 1583 (st-alibi
3637 1502 3769 1557 dicit

2188 1569 2687 1640 idemAApostolus:
2717 1568 2785 1640 hit
2812 1569 2908 1624 hoc
2933 1585 3036 1624 non
3064 1586 3129 1622 ea:
3156 1569 3317 1640 uobis,
3339 1571 3432 1626 sed
3455 1569 3554 1640 υςί
3572 1571 3768 1626 donum

2187 1651 2264 1695 est
2293 1637 2511 1710 (Ephes.
2538 1653 2600 1704 tt,
2628 1637 2706 1710 8).
2738 1638 2933 1710 Beatus
2961 1640 3123 1710 etiam
3153 1638 3367 1708 Moyses
3403 1640 3459 1695 in
3501 1639 3768 1696 Deutero-

2189 1707 2374 1764 nomio
2413 1709 2544 1764 dicit
2583 1707 2940 1777 ad'populum
2971 1725 2984 1760 :
3017 1707 3087 1761 Et
3114 1724 3180 1762 ne
3205 1707 3352 1764 dicas
3379 1712 3433 1762 in
3461 1710 3615 1765 corde
3639 1720 3726 1764 tuo
3749 1728 3769 1765 :

2191 1777 2468 1833 Fortitudo
2496 1793 2630 1843 mea,
2663 1788 2712 1831 et
2736 1779 2966 1848 potentia
2991 1793 3181 1848 manus
3201 1795 3347 1848 metu
3357 1780 3478 1848 fecit
3504 1782 3631 1834 mihi
3657 1783 3769 1835 vir.

2170 1857 2346 1903 .tutem
2367 1863 2607 1919 magnam
2620 1847 2760 1919 hanc
2782 1865 2798 1908 ;
2826 1847 3302 1919 sedmemoraberis
3326 1847 3533 1903 Domini
3553 1849 3649 1904 Dei
3672 1853 3769 1914 tui,

2187 1921 2308 1989 quia
2338 1916 2567 1987 ipse‘tibi
2593 1917 2684 1970 dat
2715 1916 3070 1989 fortitudinem
3099 1919 3271 1987 facere
3299 1920 3549 1989 virtutem,
3580 1929 3638 1972 ut
3662 1930 3771 1973 sta-

2192 1987 2300 2058 tuat
2329 1996 2687 2058 testamentum
2713 2002 2880 2051 suum,
2911 1987 3047 2058 quod
3072 1989 3273 2058 Juraoit
3310 1987 3542 2058 patribus
3587 1991 3774 2043 uestris

2191 2057 2524 2126 (Deutiivm,
2553 2057 2614 2109 l7
2643 2065 2692 2109 et
2718 2063 2870 2126 seq.).
2918 2057 3051 2111 Item
3088 2057 3250 2126 paulo
3293 2065 3417 2126 post
3461 2058 3654 2112 ibidem
3701 2061 3773 2110 ad

2189 2124 2284 2198 eos
2309 2124 2434 2198 :7Ne
2457 2127 2622 2198 dicas,
2653 2124 2844 2194 inquit,
2873 2126 2928 2179 in
2958 2124 3111 2198 corde
3135 2137 3240 2192 tuo,
3263 2124 3377 2180 cum
3397 2130 3775 2198 consumpserit

2189 2194 2443 2266 Dominus
2467 2194 2606 2249 Deus
2625 2203 2742 2266 tuus
2769 2205 2946 2266 gentes
2975 2197 3102 2250 istas
3125 2205 3246 2266 ante
3273 2198 3459 2266 faciem
3490 2194 3657 2261 tuam,
3689 2199 3775 2251 di-

2192 2281 2310 2320 cens
2339 2282 2356 2320 :
2385 2264 2607 2334 Propter
2628 2265 2860 2334 justitias
2887 2280 3028 2318 meas
3054 2264 3370 2334 induxit'me
3391 2264 3644 2320 Dominus
3670 2267 3775 2322 ha:-

2192 2337 2418 2390 reditare
2458 2332 2648 2389 terram
2681 2333 2867 2388 bonam
2907 2337 3079 2388 istam.
3115 2332 3240 2390 Non
3281 2344 3491 2406 propter
3510 2336 3775 2406 justitiam

2193 2413 2362 2467 tuam,
2393 2421 2552 2474 neque
2571 2413 2782 2474 propter
2806 2406 3132 2459 sanctitatem
3157 2405 3329 2459 cordis
3359 2407 3430 2458 tui
3458 2407 3630 2460 intras
3663 2406 3775 2460 hce-

2192 2475 2418 2544 reditare
2431 2484 2626 2544 terrain
2646 2489 2842 2544 eorum,
2871 2475 2961 2528 sed
2981 2483 3192 2544 propter
3207 2475 3773 2544 iniquitatemgentium

2191 2543 2433 2614 istarum,
2472 2541 2727 2598 Dominus
2753 2541 3010 2613 disperdet
3033 2541 3129 2614 ea;
3153 2561 3186 2614 a
3215 2541 3348 2614 [acie
3370 2552 3458 2596 tua
3481 2541 3660 2614 (Deut.
3692 2561 3774 2609 Ix,

2191 2612 2246 2677 4,
2276 2611 2351 2679 5).
2395 2611 2532 2683 Ecce
2573 2627 2734 2683 quain
2777 2611 3056 2683 antiquum
3095 2611 3330 2682 Spiritus
3349 2611 3523 2669 sancti
3550 2614 3774 2683 dogma,

2192 2698 2300 2737 non
2346 2682 2521 2737 solum
2569 2682 2639 2752 in
2669 2682 2982 2752 apostolicis
3028 2683 3218 2737 litteris
3256 2682 3644 2752 prmdicatum,
3677 2688 3777 2738 sed

2192 2753 2354 2808 etiam
2397 2753 2451 2807 in
2491 2751 2820 2823 propheticis
2861 2758 3022 2820 atque
3048 2751 3104 2823 in
3129 2751 3269 2821 ipsis
3286 2752 3559 2808 lsraelitici
3587 2754 3776 2823 pOpuli

2191 2823 2446 2889 exordiis,
2466 2818 2636 2876 sancti
2657 2819 2891 2891 Spiritus
2911 2818 3047 2876 voce
3075 2818 3364 2891 ﬁrmatum2
3396 2818 3625 2877 novella:
3643 2818 3778 2891 pra:-

2189 2892 2507 2960 sumptionis
2534 2890 2765 2961 impetus
2783 2898 3012 2961 conatur
3038 2901 3301 2946 evertere.
3331 2890 3488 2946 Clare
3507 2890 3777 2961 siquidem

2191 2961 2244 3014 in
2275 2959 2382 3014 uno
2409 2959 2806 3030 atqueieodem
2834 2959 3124 3029 Scriptum
3168 2961 3306 3025 loco,
3350 2959 3670 3023 bonitatem.
3721 2971 3779 3017 et

2189 3029 2532 3085 severitatem
2583 3029 3229 3100 Deiprophctawbeatus
3265 3031 3521 3096 ostendit,
3567 3031 3778 3093 dicens,

2192 3114 2297 3154 non
2337 3107 2559 3170 propter
2581 3097 3024 3170 justitias'populi
3053 3098 3418 3154 hmreditatem
3447 3110 3610 3155 terra:
3639 3101 3780 3156 illius

508 3166 754 3240 gentibus
776 3175 830 3221 ct
857 3166 1201 3240 credentibus
1229 3166 1546 3235 profutura?
1590 3166 1924 3221 Pharaonem
1979 3183 2085 3221 non
2115 3177 2159 3236 (ζ
2193 3166 2360 3234 τεὼΙῇ
2391 3166 2486 3226 sed
2515 3171 2684 3240 gratia
2715 3166 2929 3240 tantum
2953 3169 3652 3240 miserantis_donari,illos
3680 3185 3779 3224 au-

508 3235 628 3295 ésse
663 3235 996 3306 mutandum,
1028 3244 1084 3290 et
1113 3235 1258 3306 illam
1289 3251 1504 3291 omnem
1531 3246 1767 3306 gentem,
1796 3251 1937 3306 quae
1967 3247 2088 3306 post

511 3316 591 3364 tot
632 3307 892 3367 verbera,
929 3305 1030 3360 Vix
1088 3305 1191 3359 sibi
1236 3313 1450 3360 erutum
1488 3305 1743 3375 populum
1781 3305 1875 3360 Dei
1924 3307 2088 3375 armis

509 3378 667 3434 etiam
698 3375 950 3430 insectari
981 3375 1310 3436 conabatur,
1360 3382 1418 3429 et
1459 3374 1631 3438 bello,
1683 3376 1791 3430 alta
1821 3375 1908 3429 illa
1950 3374 2090 3430 Deus

508 3445 860 3517 providentia:
880 3459 996 3517 sure
1028 3445 1148 3517 luce
1172 3444 1459 3517 prtescivit.
1483 3443 1586 3517 Sed
1619 3445 1980 3517 periturorum
2008 3446 2086 3517 in-

509 3513 722 3573 teritum
751 3513 1141 3584 prtcdestinatis
1168 3513 1197 3568 a
1217 3528 1278 3569 se
1301 3514 1451 3584 vasis
1464 3513 1871 3584 iniiscricordite,
1901 3513 2090 3584 salutis

509 3587 681 3642 voluit
706 3582 829 3640 esse
855 3591 1262 3652 argumentum,
1309 3590 1367 3637 et
1404 3582 1634 3638 aliorum
1684 3583 1985 3652 perditione
2021 3583 2090 3637 ad

507 3656 734 3711 salutem
774 3667 901 3706 usus
925 3651 1029 3708 est
1069 3651 1336 3723 aliorum,
1388 3653 1530 3723 quia;
1557 3651 1880 3723 potestatem
1929 3653 2091 3723 habet

491 3725 699 3794 'tlgulus
735 3722 836 3778 luti
882 3736 950 3794 ex
978 3720 1435 3794 _eadem_massa',
1486 3720 1630 3794 aliud
1657 3722 1874 3794 quidem
1911 3736 2005 3794 vas
2035 3722 2088 3776 in

509 3789 801 3919 biiugum,
850 3789 995 3846 aliud
1035 3803 1166 3846 vero
1193 3789 1249 3845 in
1289 3789 1686 3846 contumeliam
1703 3793 1881 3846 tacere
1908 3790 2088 3861 (Rom.

509 3880 584 3919 ix.
715 3903 730 3918 .

503 3880 584 3931 ix,
611 3880 730 3931 at).

748 3949 842 4004 vn.
869 3931 990 4004 Hoc
1007 3932 1171 3989 etiam
1186 3930 1394 4004 divina:
1416 3933 1701 4004 potestatis
1727 3933 1783 3988 in
1810 3932 2090 4004 hominum

509 4004 771 4072 electione
790 4002 1048 4072 judicium
1078 4002 1240 4072 paulo
1259 4010 1387 4058 ante
1421 4002 1858 4058 Commemorans
1899 4002 2093 4056 beatus

511 4071 803 4142 Apostolus
840 4071 1228 4142 robustissimis
1253 4071 1573 4142 monstravit
1617 4071 1940 4142 exemplis‘,
1964 4085 2088 4125 cum

509 4139 586 4221 de
623 4139 1102 4221 Rebecue‘partu‘
1124 4139 1301 4221 adhuc
1342 4141 1482 4221 intra
1521 4149 1732 4221 uterum
1770 4139 2086 4221 conustituto,

512 4211 777 4280 totumad
803 4207 1032 4280 gratiam
1062 4209 1158 4265 Dei
1184 4212 1424 4266 reteren's
1453 4209 1786 4280 loqueretur.
1823 4207 1914 4264 Sic
1943 4209 2089 4280 enim

511 4281 623 4334 ait:
659 4278 766 4334 Sed
790 4276 843 4334 et
872 4277 1104 4334 Rebecca
1131 4295 1198 4334 ea:
1237 4295 1342 4334 uno
1387 4276 1659 4333 concubitu
1700 4277 1891 4332 habens
1932 4276 2090 4331 Isaac

510 4351 672 4417 patris
702 4350 888 4413 nostri,
937 4364 1053 4403 cum
1080 4348 1309 4403 nondum
1336 4350 1447 4402 nati
1466 4417 1470 4418 ί
1490 4349 1738 4418 fuissent,
1771 4363 1864 4401 nec
1892 4347 2089 4417 aliquid

510 4418 629 4473 boni
651 4419 876 4489 egissent
901 4433 996 4472 nec
1019 4418 1167 4484 mali,
1195 4427 1253 4470 ut
1277 4417 1560 4489 secundum
1577 4417 1876 4489 electionem
1894 4434 2056 4487 propo
2071 4447 2086 4457 -

511 4491 664 4542 situm
681 4485 794 4542 'Dei
829 4494 1059 4543 maneret
1077 4529 1092 4551 ,
1141 4503 1246 4541 non
1273 4503 1338 4540 ex
1366 4485 1626 4554 operibus,
1655 4487 1748 4542 sed
1775 4503 1840 4541 ea:
1875 4485 2090 4541 uocante

511 4558 704 4628 dictum
730 4567 834 4619 est,
875 4556 1192 4628 quiaumgjor
1218 4557 1400 4610 serviet
1423 4556 1634 4628 minori,
1653 4625 1661 4628 _
1681 4557 1816 4628 sicut
1839 4557 2086 4628 scriptum

510 4635 586 4682 est
611 4643 629 4681 :
655 4626 818 4681 Jacob
848 4625 1030 4690 dilexi,
1059 4625 1203 4682 Esau
1229 4634 1398 4679 autem
1426 4625 1545 4679 odio
1573 4625 1730 4678 habui
1755 4643 1770 4690 ;
1798 4625 2086 4692 statimque

511 4695 739 4766 subjecit
758 4714 770 4748 :
788 4694 1217 4766 Quiddicemusg
1239 4693 1489 4766 Nunquid
1503 4694 1904 4766 iniquitasapud
1922 4693 2087 4766 Deum

513 4761 692 4836 (Rom.
717 4780 790 4829 Ix,
825 4763 1012 4830 10,“,
1043 4761 1126 4836 12,
1152 4761 1400 4836 15‘;_G_en'.
1425 4779 1553 4836 xxv,
1577 4761 1678 4826 εἴη
1711 4763 1906 4818 Malae.
1937 4778 1972 4825 t,
2002 4762 2087 4833 2)?

513 4833 1126 4904 Negansquerespondit
1150 4850 1163 4885 :
1195 4833 1380 4904 Absit:
1409 4842 1472 4887 ut
1494 4833 1607 4900 jam
1631 4839 1826 4904 caetera
1853 4847 1974 4900 quae
2002 4848 2088 4886 se-

512 4901 764 4972 quuntur,
791 4902 859 4956 ad
881 4901 1020 4957 hanc
1046 4903 1370 4958 sententiam
1395 4915 1652 4972 suspensa
1683 4901 2006 4972 referantur,
2031 4909 2089 4972 et

514 4970 682 5026 relata
707 4972 1005 5041 solvantur,
1030 4987 1135 5041 qua
1164 4972 1376 5039 negavit
1399 4972 1540 5039 apud
1564 4970 1730 5041 Deum
1758 4971 2088 5041 esseiniqui-

518 5048 698 5111 tatem.
725 5039 836 5111 Sed
880 5039 970 5111 hic
996 5039 1132 5111 quid
1153 5041 1323 5111 egerit
1348 5041 1464 5111 lucc
1501 5040 1809 5111 apostolica:
1847 5040 2087 5111 disputa-

515 5109 676 5164 tionis
721 5109 950 5164 intentio
972 5151 990 5176 ,
1013 5107 1165 5164 'satis
1193 5107 1481 5162 admodum
1510 5109 1698 5162 claret.
1751 5108 1866 5162 Non
1913 5107 2088 5162 solum

515 5179 653 5233 enim
675 5176 887 5243 fratres,
911 5178 1005 5233 sed
1026 5186 1080 5232 et
1099 5178 1372 5246 geminos;
1399 5191 1497 5233 nec
1517 5178 1689 5232 solum
1711 5179 1972 5245 geminos,
1991 5179 2086 5233 sed

517 5264 620 5303 uno
652 5248 815 5303 etiam
853 5245 1142 5302 concubitu
1179 5245 1326 5302 fusos
1354 5249 1407 5300 in
1426 5255 1592 5316 utero
1618 5249 1955 5316 comparavit
1987 5266 1998 5300 ε
2030 5256 2090 5304 ιιι

514 5317 766 5386 quoniam
787 5317 841 5372 in
861 5317 1097 5371 nondum
1123 5317 1282 5381 natis,
1297 5315 1638 5385 nondumque
1666 5315 1867 5384 aliquid
1895 5331 2087 5386 opera-

517 5385 605 5451 tis,
637 5386 780 5442 nulla
807 5399 928 5441 esse
955 5393 1205 5454 poterant
1232 5394 1503 5442 momenta
1525 5385 1861 5448 meritorum,
1895 5385 1993 5442 nec
2020 5402 2090 5442 ex

515 5463 797 5527 parentum
825 5454 1044 5527 quidem
1069 5455 1289 5527 meritis,
1307 5470 1425 5524 quae
1444 5455 1656 5527 diverso
1679 5464 1922 5527 tempore
1941 5457 2086 5510 varia

515 5523 636 5580 esse
661 5523 953 5595 poterant,‘
978 5523 1189 5595 aliquod
1219 5523 1404 5579 contra
1434 5526 1656 5594 gratiam
1699 5523 2090 5593 relinqueretur

517 5591 870 5665 obstaculum.
917 5591 1048 5665 Quae
1093 5593 1274 5660 utique
1307 5591 1589 5665 parentum
1626 5591 2088 5665 merita,’etiamsi

518 5662 1150 5734 pennittamusdivinum
1181 5662 1415 5734 parvulis
1432 5664 1518 5716 vel
1546 5663 1824 5734 avertisse,
1849 5664 1932 5717 vel
1948 5679 2089 5734 con-

519 5729 732 5799 ciliasse
753 5729 1072 5799 prmsidium,
1091 5729 1363 5794 sedbona,
1384 5745 1478 5784 seu
1500 5731 1635 5784 mala
1658 5731 1800 5786 circa
1819 5733 2085 5799 geminam

513 5797 892 5870 prolem,’qute
920 5798 1110 5854 eodem
1153 5807 1412 5868 concepta
1439 5801 1747 5864 concubitu,
1793 5797 2090 5872 eodemque

2115 4532 2168 4593 1)

2193 3248 2299 3293 tem
2326 3237 2546 3308 propter
2574 3237 2861 3308 injustitias
2887 3252 3012 3308 suas
3052 3238 3200 3308 pelli.
3251 3237 3392 3308 Ecce
3419 3239 3473 3294 in
3501 3239 3610 3294 illis
3631 3239 3782 3308 juste

2192 3307 2409 3377 punitur
2434 3307 2706 3377 iniquitas,
2738 3307 2792 3361 in
2823 3307 2938 3361 istis
2963 3309 3130 3377 gratis
3170 3308 3313 3362 nulla
3337 3307 3546 3376 justitia
3588 3307 3781 3364 mune-

2192 3375 2359 3432 ratur.
2410 3375 2760 3432 Nec’suﬂicit
2804 3375 3180 3447 beato’Moysi
3207 3379 3355 3446 quod
3380 3378 3616 3444 dixerat,
3667 3394 3780 3433 non

2192 3456 2413 3517 propter
2431 3448 2622 3502 merita
2641 3447 2875 3515 ipsorum
2911 3447 3280 3517 luereditatem
3303 3455 3460 3502 terra:
3479 3447 3780 3517 Israelitico

2193 3516 2594 3598 populonluisse
2640 3529 2993 3598 concessam;
3040 3516 3141 3572 nisi
3170 3516 3335 3598 etiam
3371 3517 3609 3598 adderei.
3627 3516 3778 3587 quod

2192 3585 2457 3656 adjunxit,
2485 3586 2626 3656 unde
2667 3599 2764 3640 eos
2802 3586 2951 3656 omni
2977 3586 3122 3656 bono
3151 3593 3475 3641 monstraret
3506 3585 3776 3656 indignos.

2192 3653 2448 3724 Sequitur
2471 3655 2614 3710 enim
2653 3662 2778 3724 post
2799 3653 2926 3708 illud
2949 3655 3092 3723 quod
3121 3669 3281 3722 supra
3311 3653 3730 3724 memoravimus
3763 3697 3777 3708 .

2194 3723 2262 3795 Et
2281 3727 2413 3778 scies
2442 3725 2592 3795 hodie
2618 3723 2739 3795 quia
2763 3739 2867 3778 non
2891 3733 3098 3793 prapter
3119 3725 3352 3794 justitias
3381 3733 3497 3779 tuas
3523 3723 3782 3780 Dominus

2193 3791 2336 3848 Deus
2383 3803 2496 3847 tuus
2541 3791 2640 3846 dat'
2678 3793 2768 3847 tibi
2797 3791 2995 3847 terram
3025 3791 3183 3847 istam
3210 3795 3400 3848 bonam
3441 3795 3780 3861 htcreditare,

2193 3865 2437 3934 quoniam
2461 3863 2687 3934 populus
2705 3863 2852 3934 dune
2877 3864 3088 3934 ceruicis
3116 3880 3179 3934 es
3201 3874 3254 3916 tu
3293 3862 3494 3934 (Ibid.,
3519 3862 3613 3933 6).
3645 3864 3784 3931 Qui:

2193 3930 2280 3988 hic
2293 3930 2588 3988 secundum
2603 3931 2844 3988 debitum
2860 3930 3276 3999 praecedentium
3300 3930 3618 3989 meritorum
3641 3930 3786 3990 mer-

2191 4001 2383 4057 cedem
2411 4001 2675 4056 redditam
2701 4001 2888 4055 dicat?
2940 4001 3075 4068 Quis
3118 4018 3226 4058 non
3266 4004 3497 4068 gratiam
3544 4004 3786 4059 fateatur

2193 4071 2522 4126 indebitam?
2546 4068 2808 4140 Quotiens
2826 4072 2902 4125 ait
2920 4070 3190 4140 propheta
3214 4089 3230 4124 :
3253 4068 3624 4128 Tentaveruut
3651 4089 3784 4129 eum

2193 4086 2522 4126 inuenitamr
2546 4086 2808 4136 uuouens
2826 4086 2902 4125 ait
2920 4086 3025 4140 pro
3066 4086 3190 4127 neta
3214 4086 3624 4128 :‘1‘entaveruut
3651 4089 3783 4129 eum

2191 4141 2247 4195 in
2266 4142 2482 4211 deserto
2512 4139 2685 4211 (Psat.
2717 4154 2860 4205 χειν,
2883 4140 2986 4207 9)?
3017 4086 3280 4207 auctiens
3319 4141 3653 4198 iracundiam
3682 4143 3783 4198 Dei

2190 4210 2371 4266 cordis
2404 4209 2685 4280 aversione
2715 4218 3050 4276 meruerunt,
3093 4218 3151 4266 et
3176 4212 3403 4266 salvavit
3428 4225 3525 4266 eos
3552 4227 3654 4280 pro

2191 4279 2614 4334 misericordiam
2652 4294 2841 4345 suam,
2891 4289 2951 4332 ut
2995 4286 3176 4335 notam
3225 4281 3429 4336 faceret
3474 4279 3781 4345 potentiam

2190 4364 2340 4420 suam
2370 4347 2543 4420 (Psat.
2574 4363 2663 4415 cv,
2693 4349 2743 4415 7,
2775 4349 2873 4419 8)?
2899 4347 3016 4405 Hoc
3044 4349 3237 4404 iterum
3265 4347 3557 4420 Apostolus
3596 4353 3732 4407 dicit
3765 4371 3778 4405 :

2193 4418 2452 4488 Sustinuit
2471 4419 2528 4470 in
2549 4421 2710 4488 multa
2737 4418 2988 4487 patientia
3006 4434 3130 4474 uasa
3151 4421 3247 4474 ira:
3260 4418 3382 4488 apta
3404 4421 3457 4473 in
3486 4422 3780 4484 interitum,

2189 4497 2247 4541 ut
2271 4487 2561 4561 ostenderet
2588 4487 2794 4561 divitias
2828 4504 2948 4561 suas
2975 4491 3031 4541 in
3058 4505 3185 4561 vasa
3204 4487 3579 4561 miiericordite
3596 4531 3612 4554 ,
3660 4508 3788 4561 quae

2195 4558 2506 4628 praeparavit
2525 4557 2817 4628 inglorium
2849 4556 3023 4626 (Rom.
3055 4574 3130 4622 Ix,
3158 4557 3247 4622 22,
3279 4558 3395 4626 25).

2264 4625 2396 4680 Car.
2429 4642 2502 4681 ix.
2547 4625 2624 4680 ne
2655 4640 2782 4681 vero
2808 4642 2994 4682 rursus
3031 4628 3194 4682 homo
3222 4629 3274 4683 in
3311 4625 3554 4685 ultimam
3603 4631 3788 4687 lecem

2193 4695 2414 4767 desidiae
2442 4695 2993 4767 resolutus,_arduum
3035 4696 3246 4752 virtutis
3273 4698 3395 4764 iter,
3437 4708 3494 4755 et
3530 4705 3788 4767 quaﬂlVls

2194 4765 2494 4838 adjuvante
2521 4765 2690 4838 gratia
2738 4763 2872 4831 Dei,
2922 4767 3159 4838 nonnisi
3201 4767 3386 4824 labore
3421 4763 3782 4838 grad'iendum

2196 4834 2352 4888 inerti
2396 4834 2498 4888 sibi
2531 4834 2778 4904 crederet
2803 4850 2962 4904 posse
2986 4834 3202 4904 deferri,
3245 4846 3304 4891 et
3331 4834 3530 4893 nullius
3575 4839 3784 4895 laboris

2195 4904 2510 4959 industriam
2551 4903 2848 4974 studioisui
2885 4903 3154 4974 profectus
3180 4906 3482 4970 adhiberet,
3530 4910 3603 4963 ita
3634 4909 3781 4964 inter

2193 4989 2252 5028 se
2269 4983 2431 5045 atque
2445 4973 2714 5028 hominem
2728 4973 2865 5029 Deus
2881 4973 3124 5044 tempora
3144 4975 3428 5045 olllciaque
3449 4978 3780 5034 distribuens

2193 5043 2494 5106 ordinavit,
2543 5051 2602 5096 ut
2649 5045 2931 5118 vocatione
2978 5043 3456 5118 ipsiusbonqium
3510 5049 3774 5118 principia

2193 5126 2544 5169 sumeremus.
2568 5113 2742 5182 vocati
2765 5121 2944 5168 autem
2982 5122 3144 5182 atque
3166 5115 3448 5170 illuminati
3483 5113 3600 5172 vias
3622 5113 3776 5173 man-

2191 5182 2445 5254 datorum
2481 5182 2596 5248 ejus
2622 5181 2972 5254 boniingenii
3012 5181 3360 5250 intelligentia
3401 5200 3772 5254 nosceremus,

2192 5259 2249 5304 et
2272 5251 2562 5321 eas‘libero
2591 5250 2675 5313 vel
2701 5251 3021 5319 eligeremus
3051 5253 3134 5306 vel
3172 5254 3600 5321 relinqueremus
3628 5250 3778 5311 arbi;

2191 5321 2316 5391 trio.
2347 5317 2493 5386 Quas
2521 5327 2723 5383 tamen,
2770 5317 2814 5374 si
2854 5322 3018 5391 ipsius
3048 5321 3164 5376 l‘ulti
3203 5317 3472 5390 adjutorio
3515 5327 3778 5381 continua

2189 5390 2477 5444 devotione
2505 5390 2883 5457 sequeremur,
2916 5392 2970 5444 in
2998 5391 3102 5446 line
3124 5405 3307 5446 rursus
3330 5408 3436 5448 non
3467 5406 3781 5460 repugnan-

2191 5465 2302 5513 tem
2333 5460 2596 5528 mandatis
2645 5461 2756 5514 suis
2797 5461 3092 5528 subjectam
3139 5463 3192 5516 in
3225 5463 3377 5518 nobis
3405 5460 3780 5520 obedientiam

2191 5537 2500 5600 coronaret.
2536 5527 2784 5600 Liberum
2811 5527 2938 5586 vero
2966 5531 3111 5600 quod
3139 5533 3209 5586 ab
3247 5547 3312 5586 eo
3341 5533 3603 5588 habemus
3631 5537 3782 5590 arbi-

2193 5597 2373 5669 trium,
2396 5613 2567 5669 prono
2589 5597 2657 5669 ad
2678 5601 2970 5668 nequitiam
2984 5597 3149 5669 lapsu
3179 5600 3314 5665 linit,
3337 5611 3395 5655 et
3421 5617 3543 5656 cum
3570 5603 3639 5656 ad
3655 5605 3779 5659 υἷι-ο

2190 5668 2319 5722 tutis
2347 5667 2581 5722 indolem
2624 5667 2718 5722 Dei
2747 5667 2946 5742 auxilio
2975 5667 3261 5742 deserente
3299 5671 3428 5726 nihil
3455 5674 3664 5742 possit,
3708 5675 3778 5728 ad

2190 5747 2358 5800 genus
2383 5751 2545 5791 omne
2569 5742 2779 5800 peccati
2811 5741 3000 5794 idonea
3031 5741 3217 5794 fultum
3263 5741 3471 5796 virtute
3501 5743 3772 5796 subsistit.

2191 5803 2381 5862 Trahit
2400 5808 2545 5861 enim
2572 5803 2658 5861 lex
2689 5809 2742 5862 in
2765 5812 3019 5865 membris
3049 5819 3169 5868 nata
3195 5813 3422 5879 peccati,
3481 5822 3534 5865 ct
3567 5813 3715 5867 Dcus
3743 5830 3775 5868 ει
