4144 6354
567 387 670 444 855

1575 389 1908 446 ΛΡΡΕΝΒΙΧ
1949 391 2036 446 AD
2073 391 2130 445 S.
2170 390 2531 447 FULGENTII
2568 391 2814 447 UPERA.

3711 388 3820 446 856

2005 519 2374 576 ADMONITIO

1611 626 1674 665 Αο
1713 625 2011 666 ουτοῦικτλ
2051 625 2321 666 εειυίοκιεε
2353 626 2769 676 ευθεεουειετεε.

640 803 924 860 Universos
949 803 1122 858 sancti
1149 801 1412 872 Fulgentii
1440 816 1716 858 sermones
1741 804 2137 873 perlegentibus
2165 814 2210 866 Α
2239 821 2375 871 mus,
2407 820 2506 859 suo
2529 804 2753 861 ordine:
2799 804 2891 874 qui
2913 804 3130 874 quidem
3157 800 3513 872 Augustinum
3540 810 3818 874 patentem

564 894 741 966 nobis,
788 895 960 946 visum
989 900 1071 948 est
1098 891 1245 962 ipsos
1270 891 1338 946 ad
1365 900 1476 947 tres
1502 892 1724 948 omnino
1751 892 1950 948 classes
1975 907 2135 962 posse

563 982 718 1038 facile
745 981 1006 1037 revocari.
1049 979 1250 1035 Harum
1277 982 1451 1051 prima
1489 995 1679 1037 eorum
1718 989 1802 1037 est
1845 982 1937 1050 qui
1981 989 2133 1037 certo

562 1069 899 1139 Fulgentium
924 1077 1203 1126 auctorem
1229 1078 1546 1140 agnoscunt,
1585 1078 1679 1125 aut
1702 1071 1895 1126 saltem
1923 1072 1991 1126 ad
2019 1070 2136 1141 ejus

561 1160 759 1230 stylum
781 1168 836 1214 et
858 1161 1126 1229 ingenium
1153 1175 1312 1230 quam
1334 1161 1564 1216 maxime
1584 1160 1864 1216 accedunt.
1889 1158 2134 1216 Secunda

559 1249 746 1305 classis
772 1249 1011 1305 continet
1036 1250 1214 1319 plures
1240 1263 1538 1317 sermones,
1566 1249 1761 1304 diversi
1795 1265 1826 1303 a
1854 1248 2134 1318 Fulgentio

561 1340 812 1405 auctoris,
844 1349 898 1395 et
922 1339 1137 1410 quidem
1160 1340 1292 1395 certi
1319 1358 1331 1393 :
1361 1354 1521 1410 quem
1551 1338 1713 1395 alium
1741 1341 1809 1393 ab
1837 1338 2134 1408 Augustino

563 1429 824 1486 hactenus
851 1447 957 1486 non
987 1431 1306 1495 invenimus,
1351 1439 1410 1486 ut
1435 1431 1638 1501 patebit
1665 1446 1729 1486 ex
1758 1431 1824 1487 iis
1849 1446 1970 1500 quae
1999 1430 2134 1485 infra

560 1519 627 1573 ad
655 1520 892 1588 singulos
915 1536 1012 1576 suo
1041 1521 1160 1576 loco
1185 1522 1649 1590 praemonebimus.
1693 1519 1872 1576 Tertia
1901 1520 2136 1591 denique

558 1609 935 1679 complectitur
977 1619 1200 1666 caeteros
1245 1625 1434 1666 omnes
1479 1610 1757 1680 scriptoris
1799 1609 2028 1675 diversi,
2079 1619 2136 1664 at

559 1701 869 1757 omnimodo
915 1703 1124 1759 incerti.
1184 1703 1263 1758 Ad
1308 1704 1533 1774 primam
1579 1703 1806 1759 classem
1835 1704 2066 1758 attinent
2093 1702 2129 1756 ii

558 1807 694 1861 quos
719 1808 880 1862 supra
914 1802 969 1846 ut
994 1795 1254 1861 genuinos
1281 1793 1339 1849 S.
1371 1792 1635 1862 Fulgentii
1676 1796 1814 1849 fetus
1866 1793 2132 1848 edidimus

555 1895 623 1935 ex
671 1883 901 1938 antehac
944 1885 1174 1950 excusis,
1219 1893 1330 1940 tum
1373 1885 1520 1955 prior
1558 1899 1627 1940 ex
1662 1884 1745 1939 bis
1793 1898 1930 1953 quos
1987 1899 2131 1939 nunc

559 1973 786 2039 primum
833 1989 902 2030 ex
928 1975 1113 2031 codice
1152 1975 1410 2032 Vaticano
1456 1976 1664 2031 damus.
1708 1975 1790 2030 Ad
1837 1975 2130 2032 secundum

556 2076 806 2133 spectant
832 2068 1036 2137 aliquot
1070 2084 1138 2124 ex
1167 2070 1252 2124 bis
1287 2083 1425 2137 quos
1457 2068 1680 2122 inferius
1715 2069 2006 2123 exbihituri
2031 2083 2126 2122 su-

2238 894 2344 949 sihi
2371 894 2682 961 vindicant,
2722 903 2779 952 et
2805 895 2948 950 inter
2979 895 3096 965 ejus
3123 910 3290 965 opera
3317 895 3586 964 leguntur.
3625 891 3821 951 Tertiae

2239 985 2453 1040 demum
2480 985 2636 1040 classi
2663 985 2998 1054 assignamus
3023 985 3262 1055 reliquos
3289 999 3479 1042 omnes
3509 985 3609 1040 hac
3637 984 3692 1038 in
3721 1000 3819 1056 ap-

2239 1073 2465 1144 pendicc
2493 1074 2738 1144 proxime
2767 1073 3148 1143 subjiciendos.
3178 1072 3282 1142 Qui
3311 1073 3389 1144 (si
3430 1089 3633 1145 paucos
3657 1088 3818 1130 exce-

2240 1166 2386 1234 peris
2413 1164 2664 1219 Africano
2688 1163 2900 1219 cuidam
2930 1179 3032 1219 nec
3070 1161 3291 1220 indocto
3317 1164 3437 1221 viro
3478 1163 3817 1234 tribuendos)

2241 1253 2331 1307 vix
2369 1252 2658 1322 quidquam
2685 1251 2925 1308 referunt
2966 1267 3076 1309 non
3117 1252 3400 1324 Fulgentio
3440 1259 3667 1319 tantum,
3716 1254 3818 1310 sed

2239 1357 2339 1398 nec
2371 1343 2482 1397 ullo
2513 1342 2620 1397 alio
2645 1342 2876 1412 probato
2921 1342 3187 1413 scriptore
3230 1343 3469 1412 dignum.
3520 1341 3632 1396 Nisr
3675 1345 3818 1398 forte

2236 1435 2412 1489 eidem
2433 1435 2579 1504 ipsos
2601 1435 2808 1490 auctori
2838 1434 3073 1490 tribuere
3106 1435 3287 1500 libeat,
3319 1450 3427 1505 quo
3456 1443 3678 1492 auctore
3701 1435 3819 1506 ple-

2237 1525 2390 1594 rique
2416 1525 2557 1580 inter
2583 1539 2748 1595 opera
2776 1523 2834 1580 S.
2859 1525 3140 1594 Augustini
3168 1525 3518 1595 irrepserunt,
3543 1523 3821 1593 leguntur-

2237 1628 2341 1682 que
2369 1614 2421 1668 in
2451 1613 2750 1684 appendicc
2795 1614 2860 1668 ad
2904 1623 3106 1670 tomum
3149 1614 3394 1683 quintum
3433 1614 3683 1670 editionis
3711 1614 3817 1670 ho-

2239 1706 2454 1771 dierum,
2488 1714 2580 1760 aut
2605 1706 2868 1761 decimum
2890 1705 3221 1761 anteriorum
3254 1706 3568 1762 editionum.
3601 1707 3659 1762 Si
3685 1706 3818 1778 quid

2240 1805 2418 1851 autem
2466 1796 2532 1850 de
2573 1793 2890 1866 quihusdam
2935 1794 3209 1864 sigillatim
3260 1796 3573 1862 notandum,
3615 1805 3710 1850 aut
3751 1796 3808 1850 in

2240 1887 2369 1956 ipsis
2397 1886 2622 1941 fortasse
2665 1887 2859 1941 merito
2902 1884 3397 1955 reprehendendum
3440 1885 3710 1952 videatur,
3753 1885 3811 1940 in

2238 1979 2452 2049 prmiixa
2481 1979 2672 2047 cuique
2698 1976 3059 2032 notatiuncula
3087 1976 3462 2032 observabitur.

3480 2216 3810 2235 _————

1123 2311 1271 2425 S.
1355 2309 2150 2428 PULGEN—l

2231 2311 2356 2422 ιι
2427 2249 3253 2423 Eussnex

1980 2505 2000 2575 (
2022 2503 2158 2574 falso
2201 2503 2346 2556 titulo
2370 2503 2390 2572 )

1368 2639 1449 2703 IN
1490 2635 1950 2712 ssouaurss
1989 2635 2378 2698 HOMILIAS
2409 2637 2537 2698 sive
2577 2635 2994 2700 SEBMON
3064 2619 3067 2621 ’

1741 2805 2185 2915 PIUEF
2198 2806 2560 2912 ATIO
2581 2872 2618 2908 .

621 3111 755 3169 Cum
782 3126 932 3167 suam
961 3111 1016 3166 in
1045 3110 1199 3166 nobis
1223 3110 1343 3166 vult
1376 3123 1633 3166 exercere
1659 3111 1937 3164 caritatem
1954 3149 1970 3175 ,
2000 3109 2129 3163 soli-
2159 3116 2207 3174 Β
2232 3106 2288 3160 in
2315 3103 2605 3174 Evangelio
2634 3106 2891 3162 Dominus
2913 3109 3125 3178 dixerit,
3154 3112 3447 3170 audiamus.
3497 3113 3645 3172 inter
3667 3119 3822 3188 prin-

552 3211 658 3255 tam
687 3201 836 3255 vobis
863 3199 1036 3255 sancti
1058 3198 1325 3254 sermonis
1360 3198 1444 3253 sui
1489 3213 1596 3252 non
1645 3197 1887 3252 exhibuit
1914 3197 2128 3252 clarita-

551 3299 677 3346 tem.
727 3287 913 3358 ltaque
946 3299 1004 3343 et
1031 3302 1131 3342 nos
1157 3285 1476 3342 ohedienter
1499 3286 1752 3341 convenit
1778 3293 1954 3340 tacere
1980 3285 2127 3354 quod

551 3380 756 3444 voluit,
793 3388 848 3433 et
897 3392 992 3432 vos
1027 3376 1257 3432 libenter
1291 3375 1525 3431 tolerare
1580 3375 1705 3445 quia
1731 3374 1920 3430 voluit.
1967 3372 2128 3428 Orate

549 3484 678 3540 ergo
705 3483 803 3540 pro
831 3467 1007 3532 nobis,
1037 3474 1099 3521 ut
1140 3465 1320 3521 verbis
1355 3465 1554 3522 nostris
1582 3467 1722 3519 facta
1756 3463 2078 3520 conveniant
2110 3481 2122 3515 :

550 3558 673 3628 quia
707 3556 950 3626 cupimus
985 3555 1153 3624 magis
1179 3555 1428 3624 precibus
1450 3555 1643 3610 vestris
1673 3553 1839 3624 adjuti
1865 3554 2127 3609 factorum

552 3647 808 3703 fructibus
833 3645 1058 3716 Opimari
1081 3684 1097 3710 ,
1127 3659 1286 3714 quam
1313 3644 1600 3701 verborum
1627 3643 1768 3699 foliis
1796 3642 2122 3699 obumbrari.

549 3736 906 3792 Exhortamur
930 3734 1211 3790 caritatem
1239 3741 1491 3796 vestram,
1534 3731 1864 3788 dilectissimi
1915 3730 2124 3795 fratres,

551 3838 608 3882 ut
633 3828 858 3898 impigre
901 3833 961 3882 et
1004 3825 1286 3897 vigilanter
1330 3825 1552 3880 verbum
1583 3823 1678 3879 Dei
1705 3822 2128 3878 ministrantibus

549 3916 802 3973 fratribus
827 3924 883 3973 et
910 3915 1359 3986 compreshyteris
1380 3953 1396 3978 ,
1427 3929 1526 3970 vos
1572 3913 1757 3970 audire
1789 3928 1896 3970 non
1926 3914 2122 3984 pigeat.

551 4007 808 4062 Dominus
831 4008 973 4062 enim
999 4015 1055 4060 et
1082 4005 1224 4062 Deus
1253 4013 1459 4072 noster,
1481 4006 1592 4075 ipsa
1622 4005 1820 4060 veritas
1844 4018 2003 4073 quam
2034 4017 2128 4056 au-

550 4097 675 4151 ditis
697 4139 716 4163 ,
744 4111 841 4166 per
866 4095 1159 4165 quemlibet
1194 4094 1447 4165 loquatur
1467 4135 1484 4158 ,
1532 4095 1621 4164 pie
1647 4102 1704 4148 et
1731 4093 2010 4162 vigilanter
2035 4107 2128 4146 au-

553 4183 747 4239 dienda
784 4191 910 4238 sunt
956 4197 1076 4254 quae
1121 4182 1375 4251 loquitur.
1424 4183 1557 4237 Nam
1586 4183 1641 4236 in
1679 4181 1834 4237 nobis
1864 4195 2022 4236 nemo
2048 4189 2130 4235 est

555 4277 759 4346 major,
795 4277 898 4333 nisi
925 4277 1016 4347 qui
1052 4276 1228 4331 minor
1259 4276 1440 4332 fuerit.
1492 4274 1743 4344 Proloqui
1771 4282 1951 4329 autem
1979 4272 2130 4329 vobis

550 4370 812 4425 voluimus
831 4385 902 4424 ex
923 4383 1095 4435 more,
1118 4377 1179 4424 ut
1195 4383 1259 4424 ea
1279 4383 1399 4439 quae
1416 4368 1644 4425 dicimus
1690 4369 1896 4423 taciatis
1923 4382 2125 4424 amore.

551 4461 798 4514 Omnium
839 4458 1058 4529 quidem
1085 4459 1329 4514 ciborum
1352 4459 1433 4515 sal
1459 4457 1675 4514 salubre
1701 4466 1786 4513 est
1812 4457 2122 4513 condimen—

549 4560 683 4617 tum,
709 4552 757 4606 si
785 4523 1032 4605 mensura
1065 4564 1171 4605 non
1197 4549 1355 4605 desit.
1406 4547 1656 4618 Alioquin
1685 4557 1742 4604 et
1765 4548 1937 4618 ipsum
1963 4548 2123 4618 perit,
2151 4523 2194 4581 ί)

548 4651 603 4696 et
629 4641 770 4712 quod
796 4641 997 4697 salierit
1025 4641 1233 4711 perdet.
1264 4639 1484 4696 Amarat
1511 4641 1655 4696 enim
1673 4632 1933 4695 nimietas
1982 4640 2125 4709 quod

553 4740 765 4800 poterat
791 4731 1033 4801 soporari
1059 4745 1328 4786 mensura.
1377 4728 1469 4786 Sic
1501 4731 1592 4800 qui
1621 4732 1674 4785 in
1716 4730 1870 4786 nobis
1896 4737 1980 4785 est
2003 4744 2127 4784 sen-

549 4837 662 4888 sus,
690 4823 735 4876 si
765 4832 944 4877 teneat
971 4822 1186 4878 modum
1204 4862 1221 4888 ,
1253 4823 1344 4877 dat
1367 4837 1577 4892 sapere,
1609 4821 1936 4878 intellectum
1964 4821 2123 4891 parit,

550 4913 886 4981 prudentiam
933 4920 1195 4981 generat,
1235 4927 1330 4968 cor
1367 4912 1592 4974 dilatat,
1630 4910 1791 4982 auget
1829 4911 2122 4980 ingenium,

552 5011 788 5057 maturat
831 5002 1094 5070 dicenda,
1143 5001 1408 5057 audienda
1455 5004 1732 5072 componit
1771 4999 1981 5072 :fltque
2025 5003 2125 5056 sibi

549 5091 740 5157 dulcis,
765 5089 826 5146 fit
843 5091 1003 5146 etiam
1023 5093 1356 5162 gustantibus
1378 5098 1491 5146 tota
1511 5091 1805 5146 dulcedinis
1827 5091 2124 5160 plenitudo.

552 5180 664 5235 Erit
705 5181 867 5236 etiam
914 5180 1074 5249 plane
1121 5180 1238 5249 ipse
1280 5179 1503 5235 melleus
1540 5194 1730 5235 sensus
1758 5178 1828 5233 de
1854 5178 2006 5248 cujus
2031 5194 2126 5234 ore

549 5271 817 5342 prolatum
846 5269 1008 5324 fuerit
1032 5268 1163 5324 nihil
1191 5283 1448 5324 amarum.
1503 5267 1614 5324 Hoc
1643 5268 2026 5339 praemisimus,
2068 5278 2127 5322 ut

548 5362 619 5415 sit
644 5361 797 5416 nobis
835 5361 888 5414 in
912 5359 1234 5428 evangelicis
1253 5359 1532 5414 sententiis
1577 5358 1746 5413 nostri
1773 5371 1963 5413 sensus
1982 5367 2125 5413 certa

549 5447 960 5516 constringenda
1006 5461 1256 5501 mensura
1297 5464 1311 5498 :
1350 5453 1613 5515 quatenus
1657 5445 1873 5500 vitalem
1927 5445 2124 5512 cibum,

550 5539 786 5592 divinum
815 5544 1044 5607 pastum,
1077 5535 1351 5592 caelestem
1378 5549 1625 5605 saporem
1655 5548 1761 5588 non
1788 5534 1990 5599 violet,
2029 5534 2124 5590 sed

543 5628 856 5682 'cautissima
879 5626 1029 5681 nobis
1049 5626 1342 5681 sobrietate
1364 5625 1652 5692 custodiat,
1668 5625 1821 5691 juxta
1843 5624 1970 5679 illud
1992 5624 2128 5694 Apo-

543 5716 676 5774 :8toli
708 5734 720 5768 :
757 5716 879 5772 Non
915 5718 1028 5787 plus
1053 5734 1234 5788 sapere
1260 5734 1412 5787 quant
1447 5725 1645 5787 oportet
1672 5732 1883 5786 sapere,
1922 5717 2010 5770 sed
2034 5735 2122 5770 sa-

543 5810 673 5874 lpere
700 5807 768 5859 ad
795 5807 1115 5862 sobrietatem
1149 5806 1322 5876 (Rom.
1358 5824 1450 5874 xu,
1482 5808 1558 5878 5).
1608 5806 1834 5863 Proinde
1859 5808 1968 5876 jam
1998 5809 2123 5878 quid

2226 3195 2428 3265 cipales
2475 3197 2657 3252 stellas
2679 3237 2695 3261 ,
2734 3201 3132 3269 septentriones
3153 3243 3170 3269 ,
3211 3204 3427 3259 oriones
3451 3214 3510 3261 et
3535 3205 3814 3274 luciferas,

2226 3288 2383 3344 stella
2416 3303 2634 3360 semper
2659 3290 2916 3347 minutior
2961 3293 3279 3350 obscuratur
3303 3295 3549 3352 claritate
3593 3313 3814 3368 magna-

2226 3392 2346 3432 rum
2381 3395 2394 3430 :
2427 3376 2524 3433 sed
2551 3393 2656 3432 non
2688 3378 2762 3433 ita
2791 3388 2875 3435 est
2898 3381 2950 3435 in
2985 3381 3122 3437 caelo
3153 3399 3293 3438 novo
3322 3386 3510 3441 matris
3532 3385 3809 3453 Ecclesiae,

2227 3469 2281 3523 in
2309 3483 2417 3538 quo
2452 3469 2606 3525 stella
2635 3470 2854 3525 seminis
2882 3472 3108 3528 Abrahae
3137 3473 3255 3529 fidei
3294 3473 3498 3543 fulgore
3535 3488 3808 3534 coruscat.

2235 3558 2334 3615 Ubi
2379 3575 2524 3616 nunc
2569 3575 2656 3616 me
2703 3570 2955 3633 tanquam
3002 3565 3369 3633 parvissimam
3414 3567 3618 3621 stellam
3663 3568 3814 3625 inter

2228 3649 2401 3705 sidera
2446 3649 2663 3707 Patrum
2709 3651 2838 3722 ipsis
2883 3653 3236 3709 allucentibus
3282 3663 3338 3710 et
3380 3657 3812 3727 pnecipientihns

2232 3739 2615 3808 procedentem
2659 3756 2766 3796 non
2793 3740 3070 3798 obscurari
3092 3785 3108 3809 ,
3146 3744 3238 3798 sed
3267 3743 3546 3801 clarificari
3569 3746 3811 3804 confido.

2232 3828 2301 3884 Ut
2318 3830 2462 3900 quod
2480 3832 2656 3888 minus
2676 3833 2850 3889 habeo
2870 3833 2939 3890 de
2956 3835 3158 3891 circulo
3176 3836 3368 3892 sideris
3385 3837 3511 3905 mei,
3535 3837 3603 3894 de
3629 3839 3812 3910 splen-

2229 3918 2360 3976 dore
2405 3935 2616 3977 merear
2659 3923 2870 3993 paterni
2915 3925 3160 3993 oraculi,
3190 3933 3246 3981 et
3280 3926 3492 3982 auditus
3517 3929 3682 3984 vestri
3705 3971 3723 3994 ,
3755 3939 3816 3985 et

2229 4008 2406 4066 cordis
2425 4010 2638 4076 intenti,
2658 4011 2803 4081 quod
2830 4011 2962 4068 mihi
2984 4022 3068 4069 est
3091 4014 3238 4070 velut
3260 4016 3472 4082 coelum,
3497 4016 3550 4072 in
3573 4033 3684 4088 quo
3703 4021 3816 4074 mei

2231 4100 2500 4156 sermonis
2522 4100 2704 4168 adjuta
2729 4102 2884 4158 stella
2913 4105 3190 4174 procedat,
3222 4115 3278 4160 et
3302 4113 3527 4174 paterna
3553 4108 3816 4178 interpel-

2231 4187 2362 4244 latio
2382 4204 2507 4244 cum
2533 4199 2718 4246 vestro
2745 4191 2928 4248 favore
2971 4195 3248 4250 succedat.
3291 4194 3492 4252 Secura
3519 4212 3697 4267 pugna
3726 4209 3817 4254 est

2225 4277 2514 4344 jaculatori
2539 4282 2876 4352 sagittarum,
2904 4299 3024 4339 cum
3051 4287 3444 4356 protegentium
3473 4289 3672 4360 tegitur
3699 4307 3816 4346 mu-

2233 4377 2350 4424 rato
2371 4371 2584 4439 agmine
2605 4373 2936 4445 clypeorum.
2962 4374 3097 4432 Cum
3117 4377 3277 4446 igitur
3293 4387 3447 4436 scuto
3464 4380 3815 4451 benignitatis

2234 4456 2419 4516 Patres
2465 4475 2553 4516 me
2594 4461 2756 4519 video
2805 4466 3142 4534 munientes,
3188 4483 3299 4525 non
3344 4470 3511 4526 timeo
3546 4470 3620 4527 de
3643 4487 3812 4542 parva

2227 4549 2480 4618 pharetra
2509 4553 2851 4609 tenuissimos
2873 4555 3112 4623 iaculare
3139 4573 3436 4614 sermones.
3479 4558 3551 4615 Ut
3573 4576 3698 4616 cum
3729 4562 3816 4617 in-

2228 4640 2392 4695 lirmxe
2411 4642 2561 4696 vocis
2586 4656 2652 4697 ex
2678 4659 2802 4698 arca
2831 4645 3212 4715 trepidantium
3238 4648 3499 4704 labiorum
3542 4649 3817 4721 iaculatur

2226 4730 2489 4785 sermonis
2518 4730 2776 4800 incompti
2823 4732 3018 4801 sagitta
3063 4735 3168 4790 mei
3213 4735 3428 4801 cordis,
3467 4752 3575 4791 non
3622 4739 3816 4792 timeat

2228 4827 2469 4885 protecta
2496 4819 2663 4874 lorica
2710 4827 3017 4877 sanctorum
3065 4820 3282 4878 Patrum
3311 4826 3554 4896 clypeata
3583 4843 3812 4884 corona.

2227 4909 2445 4977 Sagitta:
2473 4927 2703 4981 namque
2730 4922 2857 4967 sunt
2895 4914 3058 4968 etiam
3105 4915 3232 4984 ipsae
3277 4917 3515 4985 potentis
3536 4958 3552 4983 ,
3582 4917 3650 4973 de
3677 4935 3812 4974 arcu

2228 5000 2375 5066 parvi
2405 5001 2685 5066 sermonis,
2715 5016 2834 5071 qua:
2857 5017 2977 5057 cum
3003 5005 3325 5060 carbonibus
3352 5005 3716 5074 desolatoriis,
3757 5019 3816 5064 et

2227 5104 2408 5149 nostra
2437 5096 2710 5165 deliquerit
2739 5097 2903 5152 verba
2931 5137 2949 5162 ,
2993 5107 3050 5152 et
3086 5109 3261 5154 vestra
3288 5100 3590 5156 illuminent
3616 5103 3809 5168 corda,

2229 5194 2290 5240 ut
2324 5195 2381 5241 et
2409 5187 2709 5243 insidiantis
2744 5188 2909 5256 ignita
2962 5190 3370 5258 exstinguantur
3390 5189 3600 5258 jacula,
3629 5201 3688 5246 et
3711 5208 3814 5247 vc—

2227 5285 2336 5330 stra
2366 5277 2597 5332 libenter
2637 5279 2818 5334 audiat
2843 5282 3107 5349 sapientia
3129 5322 3148 5347 ,
3187 5283 3304 5337 sine
3335 5283 3603 5338 laboriosa
3629 5299 3812 5353 pugna

2227 5365 2293 5420 de
2321 5374 2544 5435 paterna
2574 5367 2815 5421 victoria.
2861 5368 3034 5424 Video
3055 5371 3270 5440 quidem
3296 5411 3314 5434 ,
3344 5371 3538 5426 fratres
3564 5372 3812 5428 dilectis-

2226 5454 2368 5519 simi,
2417 5455 2747 5510 alacritatem
2778 5458 2940 5511 animi
2961 5459 3148 5525 vestri,
3172 5469 3227 5513 et
3247 5461 3528 5529 impigrum
3548 5464 3806 5524 studium,

2231 5541 2658 5623 luminosumque
2688 5545 2954 5599 fervorem
2988 5564 3001 5599 :
3033 5547 3127 5600 sed
3157 5563 3226 5602 ne
3253 5549 3308 5602 in
3357 5550 3458 5604 hac
3484 5559 3663 5605 vestra
3690 5553 3811 5619 agi-

2227 5632 2375 5687 litate
2423 5634 2571 5702 piger
2616 5634 2729 5702 ipse
2777 5639 3049 5703 reperiar,
3098 5652 3207 5691 non
3255 5637 3436 5693 videar
3481 5638 3810 5708 superfluus.

2227 5722 2371 5790 quod
2395 5723 2574 5777 excito
2599 5724 2898 5790 vigilantes,
2928 5726 3186 5779 exhortor
3212 5741 3485 5781 accensos.
3520 5727 3631 5782 Etsi
3659 5731 3809 5783 enim

2228 5820 2432 5866 tantum
2469 5825 2691 5880 agonem
2731 5815 2782 5866 in
2813 5815 2965 5870 vobis
2994 5816 3192 5870 invenit
3220 5831 3432 5885 sermo,
3463 5826 3522 5871 ut
3546 5818 3667 5888 plus
3701 5836 3810 5876 non
