4168 6348
368 397 464 454 857

1847 389 2074 447 SERMO
2114 390 2151 443 1.

3518 389 3622 445 ass

371 521 541 584 possit
567 513 894 573 accendere,
926 512 1199 564 vobiscum
1231 518 1410 564 tamen
1453 508 1566 562 vult
1603 521 1661 562 et
1695 507 1809 576 ipse
1843 513 1946 558 ter-
1977 510 2023 564 Λ
2052 502 2360 570 diligentius
2400 515 2518 570 quae
2557 500 2782 554 Domino
2820 499 3054 553 donante
3088 497 3266 553 dicere
3309 499 3619 568 poterimus.

371 621 515 660 vere.
570 603 762 659 Terret
803 616 975 658 meam
1013 600 1288 670 parvulam
1317 599 1611 667 rudemque
1638 596 1944 652 facultatem

367 701 678 749 sanctorum
704 691 924 747 Patrum
953 691 1170 758 antiqua
1207 689 1448 745 doctrina
1469 726 1486 752 ,
1523 696 1581 743 et
1606 697 1813 748 vestra,
1843 685 1948 738 fra-

371 799 478 842 tres
503 830 518 854 ,
559 784 787 840 intentio
812 783 1076 837 luminosa
1107 799 1121 834 :
1151 780 1247 836 sed
1273 794 1484 835 rursum
1521 793 1609 832 me
1635 777 1950 832 exhortatur

369 887 426 933 et
455 879 665 932 illorum
685 874 878 946 iussio,
907 882 962 930 et
983 882 1161 927 vestra
1188 871 1510 941 benignitas.
1539 867 1674 924 Nam
1701 867 1802 924 etsi
1828 882 1948 922 cum

370 969 725 1024 eruditissima
759 964 1158 1022 examinatione
1193 963 1337 1018 dicta
1366 959 1723 1032 perpenditis,
1756 959 1830 1014 ita
1870 967 1951 1012 ta-

371 1075 493 1115 men
522 1061 576 1114 in
601 1057 818 1113 Christo
847 1069 1035 1111 omnes
1060 1053 1408 1125 pinguissima
1442 1051 1668 1107 caritate
1710 1047 1946 1118 diligitis,

373 1160 432 1204 ut
458 1164 566 1204 non
595 1147 768 1203 solum
795 1143 964 1201 fortes
989 1152 1045 1199 et
1078 1142 1381 1197 mediocres
1402 1179 1420 1203 ,
1451 1139 1547 1195 sed
1573 1139 1734 1193 etiam
1765 1145 1951 1191 tenues

372 1247 428 1294 et
455 1251 716 1307 pauperes
742 1235 973 1290 libenter
997 1231 1250 1288 audiatis.
1292 1229 1460 1298 Loqui
1488 1229 1711 1283 verbum
1738 1226 1832 1282 Dei
1860 1241 1954 1281 co-

374 1333 536 1402 gnitis
559 1339 617 1387 et
642 1329 828 1385 amicis
853 1341 1047 1397 magna
1076 1324 1269 1380 ﬁducia
1306 1331 1390 1378 est
1419 1321 1659 1379 caritatis
1677 1361 1694 1388 ,
1723 1319 1814 1375 ubi
1842 1323 1953 1373 tru—

372 1432 491 1476 ctus
518 1419 856 1490 przesumitur
897 1414 1134 1486 pietatis.
1186 1411 1260 1469 Ut
1304 1413 1352 1468 si
1394 1411 1522 1481 quid
1569 1410 1732 1465 etiam
1775 1409 1953 1463 minus

375 1511 574 1583 compti
602 1509 870 1581 profertur
896 1505 1134 1576 eloquii,
1159 1505 1316 1563 facile
1343 1504 1586 1573 ignoscat
1612 1499 1834 1565 amicus,
1863 1497 1952 1554 cui

375 1619 480 1658 non
508 1609 590 1656 est
611 1600 786 1655 dictor
813 1597 1135 1665 incognitus.
1165 1593 1299 1650 Nam
1327 1594 1382 1648 in
1407 1594 1508 1648 hac
1530 1597 1686 1662 parte
1719 1589 1952 1660 prophe-

376 1703 481 1747 tam
503 1687 840 1746 Ezechielem
861 1687 928 1741 de
949 1683 1292 1755 exsequendo
1311 1681 1582 1753 praeconio
1597 1679 1947 1742 dubitantem,

375 1781 641 1840 confortat
666 1778 1009 1848 omnipotens
1038 1775 1196 1840 Deus,
1229 1788 1298 1828 ne
1323 1773 1392 1827 de
1417 1787 1512 1826 sua
1541 1768 1808 1840 imperitia
1841 1775 1950 1822 tre-

2048 590 2315 658 Quantum
2343 590 2485 646 enim
2516 589 2923 659 praedicantibus
2963 589 3114 644 nobis
3141 589 3377 644 creditur
3403 591 3624 646 verbum

2048 682 2142 736 Dei
2167 725 2182 748 ,
2211 689 2419 736 tantum
2449 681 2601 737 vobis
2628 693 3082 735 sacramentorum
3110 681 3352 736 cumulus
3380 690 3623 749 augetur.

2048 771 2155 827 Sed
2181 771 2318 826 sicut
2346 770 2468 840 quis
2496 771 2691 838 exiguo
2720 778 2903 825 vectus
2934 771 3142 839 navigio
3179 771 3472 838 ingreditur
3509 787 3626 825 ma-

2052 874 2130 923 re,
2161 859 2334 914 donec
2361 867 2517 913 terrae
2544 859 2750 914 vicinus
2773 866 2874 922 est,
2899 858 3074 913 minus
3102 859 3322 924 metuit,
3353 875 3473 913 cum
3498 854 3627 915 vero

2051 951 2303 1022 paulatim
2333 952 2386 1005 in
2415 951 2582 1006 altum
2619 950 2780 1005 fuerit
2813 965 3130 1021 progressus
3151 991 3167 1015 ,
3207 958 3264 1004 et
3297 949 3453 1004 undis
3489 951 3629 1006 intu-

2051 1042 2414 1099 mescentibus
2452 1042 2678 1111 cmperit
2721 1041 2775 1095 in
2821 1042 2925 1094 ima
2973 1039 3206 1104 deduci,
3257 1038 3330 1094 ibi
3371 1039 3628 1094 continuo

2051 1146 2287 1193 mentem
2315 1150 2482 1207 pavor
2521 1135 2757 1199 invadit,
2789 1143 2846 1189 et
2889 1132 3116 1188 formido
3162 1129 3442 1202 percellit,
3486 1133 3627 1200 quod

2051 1231 2297 1300 exiguam
2319 1239 2488 1286 ratem
2512 1229 2785 1284 immensis
2806 1226 3052 1283 fluctibus
3075 1224 3316 1289 credidit,
3369 1225 3440 1279 ita
3467 1226 3627 1278 etiam

2054 1337 2152 1377 nos
2179 1321 2288 1390 pati
2316 1321 2557 1375 videmur
2579 1360 2592 1382 ,
2623 1320 2714 1388 qui
2743 1318 2920 1386 exigui
2957 1316 3162 1371 meritis
3204 1323 3260 1371 et
3306 1315 3518 1384 ingenio
3551 1323 3629 1370 te-

2055 1426 2209 1476 nues,
2241 1419 2350 1463 tam
2380 1417 2589 1463 vastum
2615 1407 2988 1479 mysteriorum
3013 1406 3234 1476 pelagus
3262 1403 3517 1459 audemus
3546 1404 3630 1458 in-

2051 1500 2221 1568 gredi.
2271 1499 2378 1555 Sed
2425 1500 2510 1567 si,
2548 1499 2825 1554 orantibus
2867 1497 3053 1565 vobis,
3090 1495 3346 1551 Dominus
3388 1494 3630 1564 dignetur

2053 1590 2282 1661 Spiritus
2313 1590 2392 1644 sui
2419 1589 2590 1644 sancti
2623 1603 2807 1643 auram
2836 1586 2988 1642 nobis
3016 1599 3327 1656 prosperam
3354 1583 3511 1648 dare,
3541 1598 3628 1638 se-

2053 1683 2229 1738 cundo
2259 1682 2406 1738 verbi
2432 1696 2592 1737 cursu
2622 1687 2836 1750 portum
2881 1677 3067 1733 salutis
3112 1675 3440 1730 intrahimus.
3483 1675 3628 1729 Nun-

2053 1786 2211 1840 quam
2241 1771 2394 1825 facile
2421 1770 2658 1839 auspicia
2697 1778 2893 1823 nostra:
2921 1765 3238 1822 temeritatis
3266 1772 3628 1834 erumperent.

378 1880 587 1928 menter
611 1881 906 1931 excusans.
937 1864 1237 1920 cervicibus
1270 1862 1450 1932 parvis
1476 1861 1576 1916 sub
1604 1873 1800 1927 magno
1825 1872 1954 1928 pro-
1983 1868 2031 1927 Β
2059 1863 2160 1920 nisi
2189 1870 2367 1919 vester
2392 1875 2517 1929 erga
2545 1875 2632 1915 me
2659 1861 2920 1930 primatus
2957 1873 3022 1913 ac
3043 1857 3268 1912 dilectus
3297 1851 3519 1910 auecuis
3546 1871 3633 1908 ve-

377 1963 569 2035 phetize
611 1973 776 2014 onere
822 1957 1116 2012 vacillaret.
1169 1955 1306 2009 Dicit
1351 1953 1419 2007 ad
1459 1967 1583 2008 eum
1634 1950 1892 2006 Dominus
1936 1968 1949 2002 :

383 2055 556 2119 Quare
577 2047 780 2104 dubitas
795 2048 821 2100 ?
849 2045 969 2102 Non
989 2046 1125 2100 enim
1144 2060 1236 2115 ego
1258 2043 1329 2097 ad
1348 2051 1545 2115 gentem
1566 2041 1788 2094 alienam
1809 2039 1956 2092 mitto

377 2156 444 2209 te,
473 2144 565 2198 sed
590 2139 689 2197 ibis
719 2138 791 2195 ad
819 2136 1060 2209 papulum
1085 2143 1250 2201 tuum,
1270 2148 1376 2187 non
1407 2133 1600 2202 ignotae
1625 2129 1837 2200 liuguw,
1865 2128 1958 2182 sed

376 2237 590 2307 cognita
634 2231 851 2302 (Ezech.
881 2243 970 2292 Ill,
1003 2225 1078 2296 5).
1109 2223 1220 2280 Nec
1264 2223 1505 2278 dicturus
1551 2236 1610 2276 es
1641 2237 1656 2273 :
1692 2217 1955 2288 Linguam

377 2341 535 2396 quam
563 2339 674 2380 non
701 2332 960 2379 noveram
1011 2315 1189 2371 audivi
1221 2331 1236 2368 :
1267 2326 1375 2368 una
1417 2319 1500 2367 est
1543 2311 1722 2378 lingua
1749 2348 1764 2372 ,
1804 2309 1955 2378 paria

379 2426 505 2475 sunt
529 2417 692 2473 verba
708 2457 726 2482 ,
749 2412 922 2470 civilis
947 2417 1034 2466 est
1057 2405 1348 2462 audientis.
1398 2401 1470 2459 Et
1493 2417 1565 2459 ne
1591 2411 1734 2459 esset
1758 2399 1958 2470 aliquid

377 2508 520 2579 quod
558 2501 980 2577 reprehensibile
1012 2497 1242 2567 cognitis
1275 2495 1330 2551 in
1363 2494 1538 2550 amico
1564 2491 1780 2561 cognito
1805 2489 1957 2546 vide-

377 2607 546 2666 retur,
571 2595 797 2667 porrigit
822 2592 876 2649 ei
898 2591 1093 2646 librum
1116 2587 1264 2644 intus
1286 2592 1344 2641 et
1373 2584 1504 2640 foris
1529 2581 1840 2639 omlestibus
1869 2595 1960 2635 ca-

378 2691 532 2745 lamis
551 2694 858 2750 exaratum,
886 2690 944 2739 et
966 2681 1121 2751 jubet
1151 2693 1277 2737 eum
1304 2675 1477 2734 avidis
1505 2675 1742 2731 faucibus
1770 2675 1956 2728 absor-

375 2774 528 2849 bere,
555 2789 616 2836 ut
642 2777 768 2834 inde
793 2781 977 2847 posset
995 2779 1239 2843 gustatas
1255 2769 1476 2826 delicias
1501 2777 1765 2824 cruciare.
1793 2768 1960 2822 Acce-

377 2875 491 2942 pit,
530 2869 830 2926 devoravit.
859 2865 1122 2921 lnstructa
1149 2868 1236 2918 est
1269 2861 1479 2928 lingua,
1521 2858 1806 2914 obdulcata
1834 2867 1961 2912 sunt

377 2961 617 3018 membra
638 3001 655 3026 ,
683 2967 741 3014 et
767 2957 928 3027 erepit
955 2954 1025 3010 de
1047 2951 1270 3009 homine
1303 2950 1465 3004 divini
1504 2947 1794 3018 magisterii
1835 2961 1961 3001 sua-

382 3054 518 3108 viter
546 3057 736 3107 vorata
760 3060 1018 3105 resonare
1038 3043 1255 3115 peritia.
1297 3041 1390 3097 Sic
1431 3047 1490 3095 et
1536 3039 1690 3094 nobis
1716 3038 1962 3105 dignetur

381 3145 639 3200 Dominus
666 3143 818 3198 istius
844 3139 967 3196 libri
1005 3137 1214 3193 donare
1237 3132 1489 3197 delicias,
1522 3139 1581 3186 ut
1609 3131 1724 3200 ipse
1767 3129 1962 3184 doceat

2059 1953 2200 2006 niam
2247 1951 2460 2007 dicendi
2507 1951 2641 2006 mihi
2707 1950 2943 2004 tribuere
3005 1949 3317 2017 dignaretur
3377 1943 3628 2000 audaciae.

2057 2043 2426 2113 Quodcunque
2472 2055 2601 2110 ergo
2659 2041 2992 2110 potuerimus
3039 2038 3107 2093 de
3157 2035 3351 2091 divinis
3401 2034 3634 2089 fontibus

2057 2133 2308 2198 haurire,
2355 2139 2413 2186 et
2457 2131 2524 2183 ad
2563 2129 2797 2199 pctanda
2845 2136 3022 2182 vestra
3067 2133 3284 2196 pectora
3327 2123 3635 2194 spiritaliter

2057 2227 2288 2292 tradere,
2319 2239 2500 2294 quaeso
2526 2232 2588 2280 ut
2613 2222 2904 2292 dignemini
2938 2223 3166 2276 libenter
3190 2220 3454 2288 accipere.

2564 2353 2645 2410 SE
2655 2353 2798 2410 RMO
2834 2351 3107 2408 PRIMUS.

2573 2442 2639 2498 In
2674 2440 2859 2496 Natali
2888 2440 3104 2494 Christi.

2128 2535 2456 2592 Inclinantur
2492 2545 2691 2600 organa
2738 2531 2807 2586 de
2869 2530 3042 2600 cmlis,
3092 2543 3210 2598 qua:
3246 2527 3354 2600 Dei
3407 2525 3629 2596 gloriam

2060 2614 2286 2678 possunt
2311 2613 2530 2678 cantare
2565 2599 2863 2678 nascentis.
2905 2599 3359 2678 Descendentibus
3402 2611 3635 2678 namque

2060 2665 2264 2745 angelis
2286 2675 2519 2728 :etherea
2541 2673 2744 2745 geritur
2771 2685 2868 2738 per
2884 2677 3076 2745 ventos
3103 2667 3361 2745 Ecclesia,
3389 2675 3449 2719 ut
3477 2665 3634 2745 cmle-

2060 2738 2157 2800 stis
2187 2745 2372 2814 patrize
2401 2741 2677 2814 exemplar
2705 2739 2815 2808 jam
2847 2739 3021 2814 vivam
3051 2739 3401 2814 transferatur
3425 2738 3489 2814 ail
3523 2742 3633 2788 ter-

2061 2805 2200 2870 ram:
2223 2812 2430 2881 Ubique
2473 2805 2764 2881 silentium,
2804 2809 2929 2881 quia
2974 2807 3191 2875 organis
3236 2807 3357 2881 coeli
3387 2805 3633 2881 uuiversa

2061 2874 2432 2940 succumbunt.
2458 2880 2739 2936 Silentium
2759 2874 3164 2948 prophetarum,
3193 2874 3528 2930 taciturnitas
3555 2887 3631 2948 sa-

2061 2956 2365 3016 cerdotum,
2399 2950 2629 3006 melodia
2663 2941 2778 3003 sola
2803 2941 2966 3002 modo
2995 2953 3399 3012 estcompetens
3418 2941 3608 3016 angelo

2062 3040 2199 3078 rum.
2218 3011 2503 3076 Zacharias
2533 3027 2673 3074 tacet
2689 3019 2741 3072 in
2761 3017 2978 3084 templo,
3003 3015 3175 3084 angeli
3189 3011 3635 3084 c’mperunthym-

2065 3109 2190 3148 num
2215 3100 2434 3146 cantare
2461 3091 2528 3144 de
2554 3089 2714 3152 cmlo,
2746 3089 2836 3155 qui
2865 3080 3148 3142 faciunt'et
3175 3084 3382 3138 stellam
3412 3080 3634 3155 micare,

2065 3174 2120 3219 et
2151 3171 2361 3216 noctem
2401 3161 2600 3218 lucere,
2644 3150 2888 3226 pastores
2915 3156 3162 3224 vigilare,
3190 3167 3318 3226 oves
3347 3150 3633 3226 ruminare,

379 3235 525 3303 quod
548 3233 716 3289 homo
743 3245 850 3286 non
877 3227 1081 3285 docuit.
1108 3223 1188 3280 De
1213 3223 1426 3293 cognita
1453 3227 1629 3276 vestra
1659 3235 1768 3274 non
1797 3217 1961 3273 timeo

2066 3217 2233 3303 agnos
2254 3230 2567 3299 tripudiare.
2592 3217 2828 3303 Nuntius
2853 3217 3049 3303 clarus,
3074 3223 3251 3278 suavis
3266 3231 3474 3303 cantus,
3494 3218 3637 3271 mitis

377 3327 522 3383 civili
547 3322 998 3393 congregatione,
1024 3329 1353 3389 przesumens
1377 3313 1504 3382 quia
1531 3311 1960 3381 qualemcunque

378 3412 676 3483 gaudebitis
721 3410 908 3464 audire
945 3419 1274 3462 sermonem.
1321 3403 1759 3470 Quotiescunque
1797 3396 1963 3451 divini

380 3519 560 3559 sermo
592 3500 866 3571 profertur
895 3495 1144 3568 imperii,
1184 3502 1242 3549 et
1275 3492 1475 3561 regalis
1515 3491 1571 3545 in
1608 3488 1841 3542 medium
1869 3485 1967 3539 do-

384 3592 559 3647 ctrina
584 3595 884 3653 tractatur,
928 3585 1126 3639 adsunt
1169 3579 1346 3650 angeli
1388 3576 1618 3633 ministri
1657 3575 1808 3629 verbi
1847 3573 1963 3637 Dei,

385 3679 853 3737 eommendatores
893 3675 1132 3745 eloquii,
1171 3680 1227 3728 et
1266 3671 1592 3738 interpretes
1622 3664 1964 3721 sacramenti.

383 3771 568 3827 Adfuit
592 3768 736 3824 enim
765 3768 927 3823 beato
951 3763 1140 3820 Daniel
1167 3759 1384 3816 Gabriel
1413 3759 1814 3826 interpretator,
1845 3767 1967 3807 cum

384 3863 432 3917 ei
462 3877 494 3916 a
528 3860 732 3916 dextris
758 3857 929 3929 Cyrus
955 3855 1233 3910 assisteret
1271 3851 1564 3919 imperator
1582 3888 1598 3912 ,
1628 3854 1685 3900 et
1709 3845 1787 3898 ait
1816 3861 1831 3897 :
1859 3841 1969 3897 Ga-

385 3953 514 4007 briel
531 3994 549 4018 ,
579 3953 662 4023 {ac
695 3949 985 4020 intelligere
1018 3947 1172 4000 istum
1212 3942 1464 3998 uisionem
1513 3936 1679 4008 (Dan.
1710 3949 1823 3997 vtit,
1852 3933 1967 4003 16).

389 4047 494 4100 Iste
520 4045 659 4100 idem
705 4042 965 4098 Dominus
1007 4047 1065 4096 et
1108 4052 1252 4094 nunc
1284 4035 1474 4105 iubeat
1517 4032 1659 4088 inter
1696 4038 1881 4086 sancta
1917 4039 1975 4084 et

389 4149 578 4204 magna
607 4133 906 4204 colloquia,
939 4138 1092 4186 tanto
1121 4143 1220 4184 nos
1247 4125 1442 4196 angelo
1479 4120 1880 4183 commendari,
1915 4127 1976 4174 ut

393 4223 850 4296 interpretationis
876 4214 1132 4291 angelica:
1167 4218 1412 4287 acdpere
1461 4227 1768 4270 mereamur
1803 4211 1972 4265 ratio-

389 4331 534 4370 nem.
557 4312 708 4370 Tunc
731 4311 1026 4385 poterimus
1044 4318 1226 4379 aptum
1251 4302 1632 4379 quoquomodo
1654 4302 1721 4358 ad
1742 4310 1972 4357 vestram

391 4408 670 4463 caritatem
698 4421 820 4463 cum
849 4402 1043 4460 ﬁducia
1072 4398 1314 4472 proferre
1337 4411 1662 4455 sermonem.
1693 4393 1893 4450 Sancto
1922 4402 1976 4448 et

392 4497 535 4554 dulci
566 4505 622 4553 et
649 4497 797 4564 largo
825 4507 1110 4554 sermone,
1142 4489 1480 4561 plurimoque
1517 4485 1711 4540 affectu
1747 4500 1854 4539 non
1883 4499 1976 4537 ne-

395 4590 507 4644 scio
533 4601 748 4658 semper
767 4585 1070 4641 dilectionis
1089 4583 1298 4636 animos
1323 4592 1444 4634 esse
1469 4575 1732 4647 perfusos.
1764 4572 1831 4628 Et
1852 4573 1976 4642 quia
2010 4597 2056 4652 ι)

393 4677 600 4747 magnis
627 4675 854 4745 dapibus
880 4672 1202 4743 spiritalium
1241 4683 1453 4729 rerum,
1483 4663 1976 4720 subministratione

394 4768 594 4824 domini
633 4765 815 4821 fratris
854 4773 911 4821 et
943 4759 1344 4818 consacerdotis
1385 4756 1534 4821 mei,
1575 4755 1769 4824 smpius
1796 4768 1976 4808 assue-

394 4857 546 4912 vistis
573 4855 800 4925 expleri,
821 4853 1014 4922 quibus
1045 4851 1284 4916 ausibus,
1311 4845 1486 4916 quave
1514 4845 1706 4899 ﬁducia
1734 4843 1981 4914 poteritis

397 4946 678 5010 obiectari,
708 4961 815 5000 non
847 4951 1027 5014 potest
1053 4937 1454 5011 comprehendi.
1487 4935 1600 4990 Hoc
1625 4935 1755 4989 mihi
1785 4949 1983 5004 propo-

395 5053 531 5110 nens
560 5037 798 5093 tantillus
849 5037 1047 5101 homo,
1087 5033 1263 5088 minus
1303 5029 1476 5085 audeo
1505 5042 1664 5097 quam
1692 5039 1980 5096 praesumo.

395 5117 504 5186 Sed
544 5129 798 5198 quoniam
837 5123 1109 5182 communi
1151 5129 1282 5176 voto
1323 5122 1339 5140 ‘
1363 5161 1378 5184 ,
1415 5119 1578 5188 jussis
1613 5132 1804 5187 parere
1845 5131 1979 5170 con-

392 5211 585 5287 tendo,
613 5220 934 5276 erubescere
961 5231 1067 5271 non
1099 5229 1310 5270 recuso.
1341 5211 1408 5266 Et
1434 5211 1555 5265 ideo
1579 5212 1724 5264 velut
1749 5207 1982 5263 advoca-

395 5295 604 5365 tionem
630 5308 919 5379 quamdam
947 5319 1168 5376 parvam
1198 5301 1414 5373 profero
1454 5299 1756 5362 mediocris,
1791 5314 1896 5351 non
1926 5306 1986 5352 ut

403 5400 643 5454 animum
673 5397 949 5467 eXpleam,
987 5393 1086 5450 sed
1121 5402 1180 5448 ut
1207 5391 1474 5445 fastidium
1507 5389 1711 5442 tollam.
1759 5387 1901 5456 Ergo
1940 5388 1984 5441 si

397 5488 533 5546 satis
577 5503 688 5544 non
733 5486 1081 5549 sorduerint,
1129 5495 1460 5552 quaecunque
1502 5480 1697 5534 luerint
1734 5479 1982 5543 libenter,

401 5595 608 5650 quaeso,
656 5577 902 5649 adcipere
946 5574 1258 5643 dignemini.
1288 5571 1553 5625 Adhibete
1599 5571 1706 5624 huc
1754 5571 1985 5623 intentas

403 5686 596 5738 aures,
625 5671 718 5740 qui
745 5676 1015 5724 amatores
1052 5666 1184 5722 estis
1211 5663 1358 5718 verbi
1388 5661 1480 5717 Dei
1508 5703 1523 5725 ,
1554 5669 1611 5715 et
1640 5661 1985 5717 considerate

484 5849 496 5863 ⁸
541 5841 697 5897 Deest
728 5841 824 5895 huc
853 5839 1101 5902 advocor,
1131 5845 1220 5890 aut
1249 5834 1372 5906 quid
1398 5834 1588 5890 simile.

2065 3292 2521 3363 Dominus-natus,
2553 3296 2858 3365 pastoribus
2882 3297 3076 3365 virtus,
3107 3292 3388 3365 pecoribus
3428 3298 3628 3365 pastus.

2065 3371 2270 3438 angelis
2289 3357 2983 3438 cantus.Describitbeatus
3001 3357 3234 3438 Joannes
3264 3357 3443 3438 (Apoc:
3465 3374 3557 3423 vn,
3576 3357 3638 3426 4)

2064 3429 2231 3495 millia
2277 3448 2490 3494 centum
2538 3435 2887 3504 quadraginta
2924 3441 3155 3504 quatuor
3182 3431 3239 3504 in
3272 3429 3408 3504 _Sion
3439 3442 3636 3504 _monte

2067 3511 2320 3580 hymnum
2341 3495 2826 3568 cantare-suavem,
2856 3505 2910 3580 i_n
2944 3495 3161 3580 modum
3196 3495 3637 3554 eitharmdorum:

2068 3569 2165 3633 sed
2202 3578 2340 3632 alter
2374 3585 2456 3630 est
2501 3589 2667 3630 sonus
2719 3573 3050 3644 angelorum.
3081 3569 3362 3623 Pastorum
3387 3575 3639 3644 stupuere

2069 3664 2163 3702 Ora
2195 3646 2506 3716 pendentia,
2537 3644 2660 3714 agni
2689 3651 2746 3697 et
2789 3634 3180 3716 oves__siluere_,
3205 3648 3456 3716 umquam
3477 3634 3542 3688 ad
3570 3634 3639 3686 ti-

2070 3709 2211 3772 biam
2239 3709 2598 3785 pastoralem:
2625 3728 2747 3785 cum
2790 3712 2963 3781 angeli
3019 3710 3266 3785 nuntiaut
3307 3709 3358 3760 in
3391 3717 3641 3785 ‘prmsepe

2065 3772 2336 3855 jacent'em
2385 3772 2586 3855 hymno
2613 3772 2889 3855 mulcente
2909 3790 3172 3855 pas_to_re_s.
3199 3776 3357 3830 Pater
3377 3772 3642 3828 Abraham

2069 3849 2340 3911 desiderat
2358 3849 2664 3908 in'veritate
2682 3849 2957 3922 suscipere
2990 3849 3326 3922 Trinitatem.
3355 3859 3519 3922 quam
3535 3857 3626 3896 sus

2071 3933 2290 3996 ceperat
2340 3926 2391 3996 i_n
2410 3924 2676 3996 _im_a_gi_ne
2720 3911 3096 3996 sub'tentorio
3121 3911 3461 3996 convelunte.
3499 3911 3644 3966 Isaac

2071 3985 2266 4068 gaudet
2293 3994 2392 4050 sub
2410 3985 3022 4068 Detlilebeniitieacasa,
3067 3988 3213 4068 velut
3254 3985 3353 4068 sub
3381 3989 3606 4064 centena

2072 4054 2150 4120 ria
2169 4065 2336 4132 spica;
2363 4063 2430 4116 ad
2449 4063 2709 4132 triticeam
2732 4059 3047 4132 medicinam
3075 4056 3390 4132 illustratur,
3408 4054 3518 4120 jam
3537 4065 3644 4132 uon

2075 4119 2341 4190 visitatur:
2377 4134 2531 4185 l’ater
2557 4130 2722 4185 Jacob
2752 4130 2842 4186 ille
2885 4129 2982 4184 sub
3030 4127 3174 4182 scala
3201 4119 3511 4192 conspectat
3537 4119 3644 4173 Do-

2073 4205 2277 4260 minum
2306 4217 2414 4257 non
2457 4201 2613 4256 scala:
2641 4201 3004 4260 incubantem,
3034 4198 3127 4251 sed
3155 4195 3222 4250 de
3252 4203 3393 4249 terra
3422 4205 3646 4245 nascen-

2077 4283 2207 4336 tem,
2233 4273 2286 4328 in
2314 4287 2561 4342 praesepe
2580 4269 3055 4342 jacenteni,_ubera
3077 4265 3643 4342 maternalactentcm.
3713 4265 3726 4272 ’

2079 4333 2336 4414 Dueatum
2357 4333 2500 4414 gerit
2518 4333 2692 4414 Moses
2713 4333 3244 4414 Israelitjcis‘populis
3274 4338 3290 4404 (
3316 4333 3467 4414 Deut.
3485 4343 3645 4414 ‘XXIU,

2081 4413 2204 4483 l5),
2231 4400 2679 4483 quia'suscitatus
2711 4419 2793 4483 est
2840 4409 2994 4483 nubis
3017 4400 3290 4474 Propheta
3315 4405 3386 4483 de
3401 4400 3648 4483 fratribus

2080 4469 2296 4537 nostris.
2347 4481 2510 4534 Isaias
2550 4482 2649 4534 sub
2679 4480 2832 4533 vinea
2863 4479 3055 4532 dilecta
3106 4469 3424 4531 concantat,
3451 4469 3648 4523 faciens

2080 4553 2178 4605 sub
2229 4551 2538 4617 palmitibus
2575 4549 2802 4617 spinosis
2848 4546 3160 4617 Ecclesiam,
3193 4542 3314 4617 quia
3351 4557 3479 4617 puer
3496 4545 3649 4617 natus

2080 4630 2154 4674 cst
2176 4606 2342 4682 nobis,
2371 4619 2510 4688 [ilius
2533 4606 2689 4672 dalus
2711 4626 2786 4671 est
2813 4616 2960 4688 nobis
3004 4606 3242 4684 (Isaftx',
3382 4608 3482 4688 Qui
3512 4606 3631 4660 invi

2079 4698 2157 4743 tat
2185 4681 2429 4757 pastOres
2458 4687 2524 4742 ad
2555 4702 2810 4756 pnesepe,
2844 4681 3110 4757 electurus
3145 4681 3548 4757 est_pisca_tores
3573 4690 3648 4757 ‘ex

2079 4745 2282 4823 littore,
2311 4745 2777 4825 facturus'organa
2801 4745 3101 4825 terrestria,
3134 4745 3450 4825 declinando
3486 4745 3648 4801 cmle-

2080 4829 2204 4882 stia.
2254 4821 2370 4882 Jam
2425 4821 2706 4880 Matthmus
2753 4825 3021 4879 hominem
3055 4823 3223 4890 pingit
3267 4821 3465 4890 Deum,
3493 4829 3651 4883 quem

2082 4898 2314 4966 Spiritus
2353 4897 2523 4966 pinxit
2561 4903 2779 4966 sanctus
2832 4897 2883 4948 in
2913 4888 3248 4966 virginalium
3274 4888 3465 4966 tabella
3488 4899 3635 4939 metu

2085 4960 2324 5022 brorum.
2345 4960 2462 5021 Jam
2494 4967 2678 5034 incipit
2701 4965 2911 5019 Marcus
2934 4961 3262 5034 evangelista
3292 4960 3500 5034 leonem
3529 4968 3650 5034 pro:

2084 5039 2301 5096 ducere.
2327 5052 2435 5091 non
2487 5036 2553 5090 de
2601 5023 2876 5090 venatoria
2923 5023 3110 5097 cavea“,
3165 5028 3260 5084 sed
3299 5029 3366 5080 de
3400 5023 3654 5078 stabulari

2082 5110 2356 5174 spelunca.
2388 5105 2505 5160 Jam
2529 5106 2698 5160 Lucas
2726 5105 3047 5169 evangelista
3081 5099 3301 5154 vitulum
3327 5103 3504 5174 portat
3529 5107 3636 5160 poa

2082 5166 2370 5232 tilicalibus
2406 5177 2641 5232 humeris
2679 5166 3000 5242 saginatum,
3022 5180 3080 5226 ut
3106 5178 3352 5242 pascatur
3376 5166 3445 5242 de
3471 5175 3632 5242 coge

2085 5263 2186 5302 nus
2215 5248 2532 5309 humanum;
2559 5256 2613 5299 et
2631 5235 2912 5312 jam'terra
2939 5235 3047 5299 tota
3076 5235 3224 5312 sulco
3253 5235 3426 5312 crucis
3454 5239 3654 5312 aratur,

2088 5315 2140 5370 in
2189 5318 2392 5369 semine
2421 5305 2796 5382 lacrymarum,
2845 5316 2896 5367 in
2928 5311 3209 5379 manipulis
3236 5305 3581 5382 gaudiorum,
3607 5307 3654 5352 et

2088 5385 2239 5438 vituli
2271 5373 2584 5454 saginantur
2629 5385 2693 5438 ad
2731 5373 3161 5454 Christianarum
3190 5373 3490 5454 convivium
3521 5385 3653 5436 nup-

2092 5455 2304 5508 tiarum.
2335 5442 2526 5522 Kquila
2554 5469 2680 5508 ecce
2719 5453 2833 5521 jam
2886 5452 3045 5522 volat,
3079 5455 3136 5522 et
3180 5460 3346 5514 usque
3376 5442 3669 5522 adpecl"!

2092 5511 2422 5578 dominicum
2472 5539 2691 5577 suarum
2719 5511 2960 5577 :Ioannes
2996 5519 3232 5573 declinat
3263 5511 3504 5579 remigia
3531 5522 3650 5578 pen-

2092 5594 2368 5652 nularum,
2401 5601 2462 5648 ut
2507 5593 2574 5646 de
2620 5601 2838 5662 pectore
2875 5589 3074 5662 Christi
3105 5582 3658 5662 accipiatpdoratum,

2092 5672 2148 5718 ct
2175 5664 2409 5720 volatum
2438 5677 2592 5718 suum
2621 5653 2905 5734 pertendat
2931 5661 2994 5714 ad
3025 5653 3244 5720 cmlum,
3277 5653 3452 5708 volatu
3473 5656 3636 5705 cantu
