4144 6354
598 339 710 398 853

1212 452 1442 509 SERMO
1479 451 1569 507 IV.

756 548 834 604 De
872 547 1165 620 Epiphania
1207 545 1417 600 Domini
1454 553 1504 598 et
1543 544 1608 598 de
1645 542 2030 598 Innocentibus.

641 655 644 658 ’
672 659 911 719 Christus
939 666 1095 712 natus
1120 663 1225 726 est,
1271 656 1522 726 l:etantur
1547 655 1670 710 θα)ιί
1699 654 1856 709 simul
1887 662 1942 709 et
1973 663 2132 726 terra
2162 699 2176 722 ,

1627 332 1964 388 APPENDIX
1999 333 2090 388 AD
2117 334 2176 391 5.
2213 331 2578 390 FULGENTII
2614 332 2865 390 OPERA.

2210 425 2370 510 Aime
2398 447 2563 502 ﬁlium
2612 464 2809 513 meum,
2843 459 2900 504 et
2945 463 3047 517 ego
3090 449 3144 502 in
3173 446 3264 502 illo
3296 462 3420 517 non,
3443 445 3617 503 debeo
3661 447 3866 504 habere

3762 333 3867 392 8M

2290 521 2658 589 momentum?
2685 518 2795 588 Ego
2825 516 3004 589 genui,
3034 531 3136 587 ego
3165 517 3366 587 peperi.
3398 516 3502 571 Sed
3533 524 3586 571 te
3602 517 3864 589 _vitricum

2286 587 2614 642 crudelitatis
2642 587 2843 642 inveni.
2886 588 3089 643 Saltem
3119 603 3224 642 non
3259 602 3290 641 a
3316 601 3404 641 me
3432 587 3684 655 parvulus
3710 602 3867 643 meus

2281 656 2496 738 jejunus
2519 658 2791 738 abscedet,
2810 657 3059 738 dabejlli
3087 656 3550 738 viaticumﬂlactis,
3575 663 3640 738 ut
3668 657 3863 738 habeat

601 732 726 800 quia
750 729 945 800 gaudet
967 727 1144 800 stella,
1174 721 1230 782 et
1262 726 1400 793 Magi
1429 723 1662 800 oﬁ'er‘unt
1688 738 1932 778 munera.
1963 721 2183 780 Obtule-
2282 721 2491 800 iiscera
2519 721 2871 800 pinguedinis,
2894 727 2983 800 ubi
3008 727 3219 796 sagines
3245 725 3480 800 gladium
3507 721 3862 800 credelitatis.

601 795 725 854 runt
752 796 890 866 Magi
932 797 1146 852 xenium
1176 810 1452 864 magnum,
1483 795 1609 864 quia
1630 803 2001 866 cantaverunt
2045 809 2178 866 can-

602 870 761 924 ticum
789 863 986 935 novum
1017 867 1068 921 in
1092 863 1588 935 medio’pastorum,
1613 864 1854 935 dicentes
1879 881 1892 916 :
1925 863 2104 918 Gloria
2123 865 2178 918 in

598 936 813 1004 excelsi;
839 933 967 1000 Deo,
1009 946 1060 990 et
1090 935 1143 988 in
1175 932 1314 990 terra
1357 951 1463 1004 pan:
1491 932 1780 988 hominibus
1809 933 2180 1004 bontenvolun-

601 1006 722 1076 tatis
754 1003 904 1076 (Lug.
929 1020 988 1071 ιι,
1019 1005 1130 1076 14).
1179 1002 1500 1076 Obtulerunt
1528 1007 1741 1076 xeuium
1770 1010 1836 1076 _et
1872 1002 2042 1058 stellae
2068 1019 2179 1076 cm-

600 1072 798 1130 lorum.
845 1073 986 1130 Ecce
1024 1072 1167 1130 enim
1197 1075 1352 1130 stella
1380 1074 1448 1129 de
1478 1073 1654 1128 medio
1684 1072 1984 1140 stellarum,
2035 1074 2180 1128 velut

597 1146 653 1199 in
679 1157 872 1213 magna
900 1144 1168 1214 legatione
1195 1146 1396 1200 directa
1437 1143 1741 1214 processit._
1765 1141 1970 1211 Aspicit
1996 1141 2179 1214 Magos

599 1214 703 1268 iter
722 1211 975 1279 agentes,
991 1215 1134 1269 viam
1163 1211 1485 1278 nescientes,
1511 1221 1566 1267 et
1592 1211 1874 1267 Dominum
1901 1212 2179 1280 requiren-

601 1292 699 1338 tes.
733 1283 937 1338 Dicitur
963 1285 1150 1350 stellae,
1181 1284 1349 1348 Vade,
1378 1282 1602 1339 ostende
1639 1281 1718 1336 eis
1745 1282 1886 1335 viam
1913 1298 1927 1334 :
1957 1281 2075 1335 haec
2097 1292 2178 1336 est

598 1355 768 1420 gratia
808 1369 927 1409 mea
957 1353 1301 1422 diligentibus
1348 1369 1458 1420 me,
1501 1353 1557 1422 in
1588 1351 1750 1422 stella
1779 1350 2176 1422 habeantprtc-

599 1419 896 1479 cursorem.
923 1419 1076 1479 Ecce'
1091 1423 1217 1478 dum
1245 1424 1385 1477 viam
1414 1421 1758 1478 considerant
1784 1419 1941 1488 Magi,
1974 1419 2176 1475 admu-

598 1507 726 1547 uera
754 1494 1008 1563 prompti,
1051 1492 1128 1563 de
1169 1493 1255 1563 via
1285 1493 1476 1563 ignari,
1525 1491 1595 1546 de
1622 1491 1850 1546 Domino
1873 1490 2066 1563 minus
2096 1491 2178 1545 in-

599 1559 810 1625 structi,
841 1559 988 1618 dedit
1013 1562 1090 1618 eis
1117 1559 1351 1627 stellam,
1399 1571 1459 1617 ut
1485 1563 1538 1616 in
1567 1567 1826 1616 nocturna
1855 1559 2176 1615 deductione

599 1631 923 1700 lampadem.
960 1630 1191 1688 Prtcbuit
1227 1633 1306 1688 eis
1329 1631 1579 1696 faculam,
1609 1638 1667 1700 ut
1693 1629 1745 1683 in
1775 1636 2071 1700 noctenon
2091 1645 2176 1698 pa-

600 1699 844 1758 terentur
887 1701 1158 1770 injuriam.
1205 1701 1496 1772 Coeperunt
1542 1699 1754 1772 stellam
1802 1699 1954 1772 sequi
1976 1738 1999 1772 ,_
2050 1699 2177 1772 facti

597 1772 754 1835 certi,
787 1767 1032 1827 instructi
1061 1772 1240 1840 legati,
1291 1767 1461 1841 usque
1489 1771 1553 1824 ad
1585 1773 1758 1841 locum
1788 1767 2021 1841 deducii,
2052 1769 2176 1841 inde

599 1841 754 1896 stella
779 1842 1004 1909 secedit,
1025 1836 1594 1910 ubi'MagisDominum
1617 1839 2025 1910 demonstravit.
2041 1836 2173 1893 Cum

601 1910 744 1965 enim
766 1911 886 1978 quis
914 1908 1141 1980 coeperit
1165 1908 1490 1980 cognoscere
1519 1909 1820 1980 D_ominum,
1852 1908 2054 1963 nullum
2076 1923 2172 1963 ne-

598 1994 750 2035 cesse
777 1976 941 2036 habet
969 1976 1158 2037 timere
1205 1976 1498 2037 inimicum.
1546 1976 1686 2034 Ecce
1727 1985 1927 2047 quanta
1962 1991 2172 2047 merue-

602 2057 747 2119 runt,
774 2051 866 2119 qui
890 2050 1118 2106 Domino
1147 2066 1368 2106 munera
1398 2048 1726 2119 obtulerunt.
1748 2046 1840 2119 'ltg
1868 2055 1924 2102 et
1953 2062 2050 2119 nos
2077 2046 2172 2101 de-

601 2116 825 2190 ducunt_
822 2120 1018 2188 angeli,
1041 2120 1256 2190 quando
1279 2119 1550 2190 offerimus
1571 2118 1796 2190 gloriam
1816 2116 2178 2190 Domino_per-

601 2195 766 2312 Betuo
793 2183 947 2270 Regi,
988 2183 1263 2270 oderimus
1287 2191 1338 2244 ei
1361 2183 1597 2270 gloriam
1631 2195 1686 2242 et
1711 2186 1994 2267 honorem.
2027 2183 2173 2240 Prat-

637 2265 732 2311 ent
759 2259 914 2312 nobis
938 2259 1113 2312 angeli
1161 2259 1498 2312 deducttoms
1538 2272 1646 2312 Sua:
1671 2256 2033 2312 dulcrssrmum
2062 2270 2173 2311 ser-

637 2265 732 2329 ent
759 2255 914 2329 nobis
934 2255 1113 2329 angeli
1161 2255 1498 2329 deductionis
1538 2272 1646 2329 sua:
1671 2255 2175 2329 duleissimunieser-

601 2325 844 2382 vitulem.
875 2327 982 2399 Sed
1010 2325 1230 2384 munera
1256 2327 1634 2399 perpendenda
1655 2333 1780 2381 sunt
1797 2325 2175 2399 proequelitate

600 2411 867 2468 personae.
898 2397 1195 2468 Imperator
1231 2394 1334 2462 est,
1356 2394 1518 2468 'auro
1545 2396 1707 2468 debet
1733 2394 1941 2468 ornai-i;
1991 2394 2174 2449 Domi-

603 2464 730 2532 nus,
777 2464 1053 2522 incensum
1099 2468 1150 2522 ei
1206 2468 1368 2522 debet
1403 2465 1613 2531 offerri;
1663 2465 1826 2520 homo
1866 2464 2038 2519 factus
2077 2479 2175 2532 pro

603 2537 777 2600 nobis,
807 2545 866 2592 ut
891 2537 1159 2592 habitaret
1197 2537 1251 2593 in
1280 2535 1454 2602 nobis;
1499 2536 1568 2591 de
1595 2533 1813 2606 myrrha
1855 2533 2018 2590 debet
2060 2533 2175 2590 fieri

601 2606 909 2675 sepultura,
950 2616 1008 2661 ut
1038 2607 1090 2660 in
1119 2608 1283 2663 corde
1308 2613 1493 2662 nostro
1513 2605 1729 2675 manea_t
1745 2605 1866 2675 viva
1891 2605 2172 2667 memoria,

601 2673 938 2747 et'appareat
961 2675 1117 2732 nobis
1143 2691 1356 2747 semper
1376 2677 1430 2731 in
1458 2675 1650 2744 gloria.
1667 2673 1748 2728 .Et
1773 2674 2031 2747 admoniti
2053 2683 2178 2747 sunt

603 2743 827 2812 Magi—in
855 2748 1058 2802 somnis
1085 2747 1152 2802 ab
1175 2743 1388 2816 angelo,
1438 2743 1507 2800 ne
1553 2750 1950 2816 reverterentur
1979 2743 2174 2798 llerodi

601 2816 990 2887 uuntiare,_sed
1011 2832 1111 2887 per
1131 2814 1289 2887 aliam
1333 2819 1476 2871 viam
1505 2814 1572 2887 ad
1614 2828 1764 2868 suam
1789 2823 2071 2887 pergerent
2091 2828 2178 2869 rc-

602 2887 840 2952 gionem.
873 2881 1027 2942 Tune
1052 2885 1296 2942 Herodes
1319 2900 1440 2941 cum
1485 2884 1693 2938 videret
1718 2881 1836 2938 se'a
1863 2881 2030 2952 Magis
2056 2897 2176 2939 esse

601 2955 864 3020 delusum,
894 2954 1030 3012 facie
1057 2957 1390 3021 immutatus,
1434 2955 1613 3009 animo
1641 2954 2011 3021 conturbatus,
2040 2953 2174 3009 scri-

602 2995 787 3080 bas“;
802 2995 1442 3091 ééni'éig'i'é'éiriiiiil’ii,
1472 2995 1538 3078 de
1565 3023 1759 3093 quibus
1783 2995 2173 3088 sciscitabaiur,

603 3092 823 3149 dicens:
852 3092 952 3150 Ubi
998 3102 1202 3150 certum
1242 3094 1450 3150 habetis
1495 3091 1676 3158 regem
1728 3091 1964 3146 futurum
1991 3093 2177 3148 nasci?

602 3160 682 3216 llli
731 3170 910 3218 autem
960 3164 1258 3218 dixerunt:
1295 3163 1361 3218 In
1409 3162 1734 3222 Bethlehem;
1789 3162 2046 3228 scriptum
2095 3170 2178 3218 est

602 3232 746 3286 anim
780 3232 889 3286 :Et
917 3241 989 3298 tu,
1035 3232 1326 3288 Bel/lienem
1371 3232 1534 3298 Iuda,
1578 3248 1682 3285 non
1723 3232 1938 3284 minima
1975 3232 2078 3285 eris
2120 3233 2178 3285 iu

603 3300 832 3373 ducibus,
857 3319 921 3356 ea:
950 3313 997 3357 te
1017 3304 1155 3373 enim
1182 3305 1317 3373 epici
1344 3303 1455 3357 Rea:
1476 3301 1560 3373 qui
1583 3309 1726 3372 regat
1747 3304 1990 3370 papulum
2013 3317 2179 3373 meum

602 3369 819 3441 (Matth.
849 3388 904 3437 tt,
957 3373 1013 3438 4,
1064 3371 1138 3441 5).
1191 3371 1338 3428 Tunc
1367 3369 1606 3428 Herodes
1640 3369 2176 3441 'armatumﬂmilitem

600 3439 912 3510 destinavit,
958 3444 1043 3498 cui
1085 3439 1306 3498 terribili
1331 3443 1484 3510 jussu
1512 3440 1866 3496 interminans
1895 3439 2070 3495 dixit:
2101 3440 2178 3498 lle

601 3509 656 3564 in
688 3510 998 3566 Bethlebem
1026 3511 1193 3578 Judae,
1235 3521 1291 3566 et
1317 3509 1570 3581 Quidquid
1600 3511 1672 3566 ibi
1698 3510 2010 3581 inveneritis
2033 3525 2064 3564 a
2093 3511 2177 3566 bi-

601 3588 748 3650 matu
776 3591 833 3637 et
872 3581 1031 3650 infra,
1079 3578 1373 3636 masculum
1403 3578 1653 3650 occidite,
1701 3578 1954 3650 feminam
1999 3589 2177 3635 autem

604 3649 889 3708 vivilicate.
922 3651 1056 3706 Tum
1085 3653 1248 3706 modo
1273 3652 1516 3706 videbam
1536 3649 1820 3706 Dominum
1850 3649 2053 3707 amicos
2076 3651 2178 3705 sibi

602 3717 946 3788 deligentem,
979 3724 1295 3777 innocentes
1329 3721 1394 3774 ad
1423 3734 1484 3774 se
1507 3728 1812 3781 vocantem,
1844 3726 1903 3772 ut
1926 3719 1998 3772 sit
2024 3720 2179 3774 inno-

600 3803 729 3845 cens
755 3792 980 3855 amicus,
1013 3793 1152 3846 sicut
1177 3800 1259 3845 est
1284 3793 1537 3845 innocens
1569 3789 1847 3851 Dominus,
1871 3788 2052 3856 Agnus
2081 3790 2180 3844 im-

601 3859 899 3942 maculatus
926 3862 1016 3930 qui
1045 3861 1166 3942 tulit
1205 3869 1484 3942 peccatum
1507 3857 1719 3942 mundi:
1747 3857 1824 3942 Et.
1833 3858 1955 3913 facti
1975 3867 2100 3942 sunt
2128 3859 2178 3942 ei

603 3927 920 3986 innocentes
944 3927 1132 3995 amici,
1178 3927 1320 3986 sicut
1358 3932 1616 3999 scriptum
1643 3939 1729 3984 est
1750 3927 2103 3999 :_lunocentes
2130 3938 2181 3999 et

601 3999 728 4052 recti
755 3999 1081 4079 alitiiazs‘erunt
1107 4001 1251 4079 nti/ii,
1273 4002 1396 4079 quia
1423 3997 1641 4079 sustinui
1666 4010 1733 4066 te,
1762 3997 1982 4079 Domiiie
2003 3998 2175 4079 ipsa]:

603 4081 748 4131 xxiv,
779 4066 889 4136 2i).
913 4070 1174 4124 Sustinuit
1194 4066 1402 4136 fugiens
1432 4069 1485 4122 in
1505 4067 1819 4136 Egyptum,
1850 4076 1908 4122 et
1934 4066 2058 4122 fecit
2077 4068 2177 4122 sibi

601 4135 1071 4207 amicoselegiones
1102 4135 1403 4199 infantium,
1453 4135 1822 4206 quibusdedit
1846 4138 1963 4191 sine
1991 4137 2180 4207 dolore

602 4203 958 4276 martyrium:
987 4207 1113 4276 quia
1152 4214 1212 4262 et
1236 4203 1492 4276 dolebant
1533 4215 1766 4276 matres,
1800 4213 1857 4260 et
1881 4206 2180 4262 nescientes

603 4273 923 4344 lzctahantur
951 4273 1199 4331 infantes.
1241 4275 1358 4330 Non
1383 4276 1605 4330 curabat
1632 4273 1862 4344 ῃιιιςὶίυιιι
1902 4290 2181 4344 percusso-

603 4343 678 4413 ris
707 4345 1032 4401 conscientia
1064 4346 1385 4405 innocentis.
1433 4345 1558 4413 quia
1600 4343 1882 4412 gaudebat
1906 4343 2034 4399 eum
2074 4345 2181 4401 illis

603 4411 726 4481 fuga
756 4414 1014 4472 innocens
1033 4415 1346 4470 Salvatoris.
1371 4411 1628 4470 Dominus
1646 4415 1924 4483 quaeritur,
1947 4421 2004 4469 et
2021 4416 2179 4472 amici

599 4483 928 4551 jugulantur,
980 4495 1040 4540 ut
1077 4487 1284 4554 lugeret
1318 4501 1413 4541 eos
1454 4485 1670 4552 sanguis
1709 4485 1991 4544 innocuus,
2041 4499 2178 4554 quos

2285 794 2486 851 Parvus
2513 794 2748 865 sanguis,
2798 794 3157 852 accedant‘et
3205 796 3529 850 nutrimenta
3577 795 3755 861 lactis,
3805 805 3863 851 ut

2283 872 2374 920 tua
2403 867 2630 922 satietur
2654 867 2936 934 machaera,
2961 873 3016 920 et
3036 865 3128 920 ﬁlii
3153 866 3258 920 mei
3284 865 3644 934 impinguetur
3661 867 3862 930 anima,

2283 935 2422 990 lacte
2451 945 2505 990 et
2532 936 2790 1006 sanguine
2821 936 3124 991 candidata.
3175 934 3325 990 Sicut
3353 935 3531 1006 tunica
3559 937 3738 1006 medio
3760 938 3864 990 cla-

2281 1013 2414 1076 vata
2430 1002 2652 1074 sanguis
2686 1014 2804 1059 erat
2831 1021 3088 1076 purpura,
3137 1014 3193 1060 et
3236 1007 3318 1060 lac
3345 1002 3443 1059 fuit
3467 1005 3606 1059 stola
3633 1006 3863 1060 candida

2321 1074 2535 1129 retiosa.
2561 1076 2697 1141 Quid
2721 1085 2837 1130 erat
2856 1074 3096 1145 aspicere
3122 1076 3430 1145 iacientium
3460 1083 3864 1144 peremptorum

2301 1151 2418 1198 acte
2447 1153 2502 1198 et
2527 1146 2785 1215 sanguine
2813 1144 3144 1215 permisceri,
3192 1153 3250 1200 et
3272 1145 3338 1198 ab
3383 1144 3608 1215 invicem
3640 1159 3748 1198 non
3777 1159 3864 1200 se-

2281 1215 2496 1281 parari?
2536 1213 2604 1268 Et
2633 1212 2828 1269 mater
2848 1215 3087 1270 carnilici
3115 1215 3416 1270 clamabat:
3459 1212 3657 1268 Tecum
3697 1215 3864 1280 vado,

2279 1290 2456 1353 tecum
2485 1284 2665 1353 venio,
2714 1285 2876 1338 tilium
2926 1283 3290 1339 dulcissimum
3327 1298 3506 1338 meum
3554 1291 3864 1353 spectatura

2281 1352 2540 1434 deduco;
2561 1352 2672 1422 Ego
2719 1354 2881 1434 infigo
2930 1355 3190 1434 osculum,
3233 1362 3302 1434 et
3338 1360 3396 1408 tu
3439 1352 3598 1434 iulige
3625 1353 3867 1434 gladium

2280 1430 2449 1477 tuum.
2495 1422 2576 1478 Tu
2607 1425 2861 1492 percutis,
2893 1432 2946 1479 et
2973 1437 3075 1493 ego
3107 1424 3341 1493 suscipio
3366 1422 3679 1492 sanguinem
3707 1425 3865 1477 inno-

2278 1493 2469 1547 centis.
2502 1493 2581 1548 Tu
2608 1493 2816 1561 jugulas
2841 1494 2958 1547 sine
2987 1509 3168 1556 causa,
3193 1502 3249 1547 et
3276 1505 3378 1562 ego
3395 1493 3634 1562 suscipio
3652 1493 3864 1548 viscera

2277 1576 2416 1617 mea.
2447 1562 2505 1618 Si
2533 1563 2663 1619 mihi
2692 1578 2800 1618 non
2838 1563 2988 1618 licuit
3015 1564 3099 1618 lac
3125 1564 3277 1630 dare,
3325 1563 3486 1618 liceat
3511 1563 3642 1617 mihi
3663 1563 3748 1617 vel
3772 1580 3863 1617 se-

2277 1631 2520 1703 pulcrum
2547 1647 2891 1703 componere.
2923 1632 3066 1688 luter
3089 1643 3320 1703 matrum
3348 1632 3616 1703 planctus,
3645 1641 3701 1703 et
3723 1631 3866 1687 ﬁlio-

2279 1699 2399 1756 rum
2448 1699 2700 1768 ululatus,
2750 1703 2802 1756 in
2851 1702 2973 1772 fuga
3020 1711 3137 1772 erat
3167 1699 3440 1757 Domitius.
3491 1699 3866 1772 Spiculatores

2278 1773 2666 1842 percutiebant,
2697 1780 2898 1842 matres
2922 1771 3278 1842 sepeliebant,
3326 1779 3381 1842 et
3409 1771 3581 1839 angeli
3611 1772 3864 1841 spiritum

2279 1841 2662 1909 suscipiebant.
2705 1850 2762 1896 et
2785 1839 3030 1897 Christus
3057 1842 3288 1903 dicebat,
3324 1839 3705 1895 Innocentes’et
3733 1845 3865 1895 recti

2275 1909 2606 1965 adliwserunt
2652 1913 2797 1966 mihi.
2840 1910 2897 1966 Si
2929 1912 3172 1967 volumus
3199 1909 3414 1965 Christo
3439 1909 3734 1972 adhterere,
3767 1925 3864 1966 ca-

2274 1992 2488 2034 reamus
2517 1981 2869 2051 malignitate,
2896 1989 3174 2036 teneamus
3199 1979 3619 2051 simplicitatem,
3656 1987 3720 2034 ut
3747 1995 3867 2035 mc—

2274 2061 2490 2104 reamur
2513 2064 2545 2104 a
2574 2049 2803 2106 Domino
2829 2051 3108 2122 pietatem.

2892 2162 3123 2220 SERMO
3159 2165 3224 2220 ν.

2868 2233 2949 2288 De
2982 2234 3263 2291 Abraham.

2345 2321 2569 2379 Gratum
2593 2331 2678 2380 est
2703 2323 3071 2394 spectaculum
3101 2324 3478 2382 contuentibns
3496 2325 3717 2382 eortina:
3737 2343 3867 2383 um-

2274 2392 2483 2465 bratam
2509 2392 2791 2465 picturam,
2823 2394 3046 2465 quando
3075 2395 3328 2464 penicillo
3357 2397 3623 2465 pingentis
3648 2396 3866 2465 gladius

2276 2461 2538 2518 formatur
2565 2464 2736 2534 patris
2753 2461 2936 2534 super
2980 2461 3144 2518 lilium
3186 2461 3473 2534 caritatis.‘
3497 2461 3740 2534 Pingiiur
3785 2468 3864 2521 ibi

2278 2539 2433 2603 pater
2460 2531 2714 2603 erectus,
2745 2531 2883 2588 ﬁlius
2911 2533 3236 2588 incurvatus.
3286 2533 3567 2601 Quomodo
3604 2531 3866 2592 movetur

2277 2601 2756 2675 quodamstimulo
2782 2603 3003 2675 pietatie
3025 2614 3377 2675 compunctus
3395 2606 3687 2674 spectantis
3709 2621 3862 2675 aspe-

2277 2669 2418 2739 ctus,
2445 2669 2701 2727 infantem
2727 2669 2948 2727 cernere
2974 2671 3093 2727 ﬁxis
3119 2669 3366 2742 genibus,
3395 2669 3720 2742 retortisque
3743 2669 3861 2728 uia-

2278 2742 2434 2797 nibus
2461 2741 2792 2806 inuodatum,
2843 2749 2899 2796 et
2928 2742 3103 2797 nullus
3130 2742 3313 2812 alligat
3345 2741 3643 2810 captivator
3670 2753 3861 2800 extra-

2279 2825 2432 2882 rieus,
2481 2812 2581 2866 nisi
2624 2819 2964 2882 contemptor
3003 2812 3269 2868 viscerum
3311 2822 3563 2882 paternus
3609 2815 3857 2870 allectus.

2277 2879 2442 2936 Grata
2467 2890 2548 2938 est
2576 2879 2940 2951 spectantibus
2969 2881 3068 2936 ista
3105 2879 3330 2951 pictura'
3358 2885 3410 2937 in
3456 2883 3700 2938 umbrata
3731 2899 3857 2939 cor-

2280 2953 2425 3024 tjna;
2465 2960 2523 3024 et
2561 2951 2761 3024 veritas
2803 2951 2938 3020 Agni
2976 2951 3256 3024 immolati,
3305 2968 3462 3023 quem
3510 2955 3861 3024 prormundn

2281 3020 2425 3092 Deus
2449 3021 2644 3092 obtulit
2669 3019 2831 3092 Pater
2864 3019 2907 3074 'a
2947 3023 3131 3092 paucis
3154 3019 3446 3092 spectatur,
3475 3019 3543 3079 ab
3570 3023 3862 3092 aliquantis

2280 3090 2590 3171 despicitur,
2618 3091 2762 3171 quod
2789 3090 3021 3171 spectat,
3066 3090 3216 3171 et
3246 3093 3408 3159 ligno,
3455 3101 3512 3171 _e_t
3550 3091 3604 3146 in
3637 3090 3861 3171 throne,

2201 3187 2249 3251 ο
2282 3161 2751 3251 omnisexereitus
2777 3160 3122 3251 angelorum.
3142 3160 3593 3251 Dicuut‘q‘uidam
3610 3162 3864 3251 ‘z‘Quelis

2281 3231 2474 3300 estqui
2502 3229 2817 3286 sacriﬁcium
2845 3229 2914 3286 de
2939 3231 3197 3299 sanguine
3238 3229 3566 3300 postulavit?
3610 3232 3727 3287 Non
3759 3231 3865 3286 fuit

2278 3299 2600 3370 desiderium
2645 3301 2936 3368 sanguinis,
2986 3302 3080 3356 Sed
3126 3299 3372 3370 probatio
3413 3301 3612 3358 amoris
3639 3311 3695 3357 et
3718 3305 3864 3357 cari-

2277 3369 2425 3425 tatis.
2454 3368 2805 3441 Spectaeerge
2833 3371 3002 3441 istius
3032 3368 3276 3441 lectionis
3319 3372 3641 3441 pendentem
3683 3374 3863 3427 corti-

2277 3453 2422 3505 nam,
2463 3447 2519 3494 et
2545 3437 2715 3494 oculis
2742 3437 2970 3494 libenter
2995 3439 3190 3505 inﬁxis,
3237 3437 3419 3510 specta
3450 3441 3709 3510 Abraham
3759 3456 3861 3510 pa-

2279 3517 2415 3564 trem
2461 3509 2670 3563 asinum
2711 3516 3075 3577 sternentem,
3125 3511 3229 3566 iter
3266 3509 3864 3579 ’ingredientemeﬁlium

2277 3579 2648 3646 comitantem,
2679 3594 2784 3633 non
2813 3579 2879 3633 ad
2903 3579 3228 3645 convivium,
3275 3577 3371 3634 sed
3413 3581 3478 3634 ad
3510 3577 3864 3647 sacriﬁcium,

2279 3647 2388 3703 imo
2425 3648 2495 3702 ad
2523 3648 2845 3715 convivium,
2878 3658 2938 3704 ut
2965 3651 3046 3705 eis
3073 3649 3353 3705 exhiberet
3380 3650 3521 3705 aries
3545 3664 3864 3705 sacramen-

2280 3723 2412 3772 tum.
2429 3717 2566 3784 Quid
2592 3718 2694 3772 sibi
2718 3718 2833 3772 vult
2853 3733 2943 3774 ara
2965 3727 3292 3784 constructa,
3315 3719 3415 3774 nisi
3437 3735 3571 3775 crux
3597 3719 3652 3774 in
3673 3728 3867 3775 monte

2278 3787 2563 3868 porrecta?
2584 3785 2724 3868 Quid
2744 3794 2829 3843 est
2854 3789 3102 3868 alligatus
3127 3787 3288 3868 ﬁlius,
3309 3789 3412 3844 nisi
3429 3787 3673 3868 Christus
3693 3790 3868 3868 clavis

2279 3858 2542 3928 insertus,
2579 3865 2650 3928 _ut
2694 3858 2808 3927 ipse
2853 3867 3095 3928 portaret
3119 3867 3382 3928 eatenam,
3411 3858 3504 3928 qui
3542 3858 3866 3928 debitriceni

2279 3940 2388 3982 non
2420 3926 2615 3998 habuit
2659 3925 3081 3998 conscientiam?
3131 3925 3291 3983 Pater
3334 3925 3491 3998 erigit
3536 3927 3818 3984 dexteram
3847 3968 3867 3992 ,

2280 3997 2501 4067 angelus
2545 3997 2782 4067 clamore
2821 3997 2999 4053 valido
3038 4005 3343 4053 commovet
3386 4005 3610 4066 terram,
3659 4006 3720 4053 ut
3753 4013 3865 4052 non

2280 4066 2691 4136 contristaretur
2733 4066 2802 4136 de
2848 4081 3015 4135 puero
3046 4075 3302 4136 mactato,
3350 4067 3445 4122 sed
3491 4069 3758 4136 gauderet
3795 4069 3868 4122 dc

2281 4149 2422 4205 agno
2448 4134 2721 4191 dominico
2757 4134 3001 4204 jug’ulato
3029 4155 3041 4188 :
3065 4135 3348 4203 Abraham,
3377 4134 3658 4192 Abraham.
3692 4135 3871 4203 Erigit

2280 4205 2486 4274 vultum
2527 4207 2618 4273 qui
2660 4213 2961 4260 tetenderat
2997 4206 3253 4274 gladium.
3301 4206 3438 4270 Quid
3473 4217 3588 4273 est,
3637 4205 3868 4261 Domine

2307 4273 2490 4345 Cenes.
2525 4290 2654 4345 χχιι,
2687 4275 2813 4345 ll)?
2849 4273 3261 4345 Quod’jusseras
3283 4276 3491 4345 impleri
3517 4277 3722 4339 curavi,
3752 4288 3870 4331 tar-

2321 4360 2380 4399 as
2418 4343 2669 4412 gaudium
2697 4343 3308 4402 avocatione'clamoris
3355 4343 3451 4400 iui.
3501 4345 3639 4412 Quid
3682 4347 3866 4414 iubes.

2280 4412 2565 4486 Domina.
2588 4430 2694 4470 non
2741 4414 3128 4486 tardeturulla
3158 4429 3327 4486 mora,
3369 4417 3531 4486 quod,
3556 4412 3696 4470 faciti
3737 4432 3870 4471 cum

2281 4483 2484 4538 laetitia.
2525 4480 2660 4539 Cum
2697 4484 2892 4553 gaudio
2921 4484 3063 4539 enim
3104 4484 3352 4540 faciebat.
3386 4480 3668 4540 ’Audiebat
3717 4489 3870 4541 enim

601 4555 874 4622 separavit
900 4555 1106 4624 gladius
1137 4553 1454 4624 impudicus.
1481 4554 1545 4625 70‘
1575 4554 1932 4610 inverecunda
1951 4553 2177 4625 dextera
2210 4553 2474 4625 Dspiritu
2514 4555 2736 4608 intbrius
2763 4554 3165 4625 prophetante,
3216 4569 3315 4624 pro
3358 4553 3556 4609 mundo
3604 4555 3875 4611 salvando

601 4625 964 4692 percussoris!
1016 4625 1132 4681 Non
1165 4623 1324 4679 habet
1350 4624 1493 4693 quod
1523 4623 1678 4679 feriat
1708 4626 1761 4678 in
1803 4624 2076 4689 membris,
2121 4634 2178 4680 et

601 4694 844 4748 extendit
870 4696 1088 4750 brachia
1118 4694 1362 4750 feritatis.
1402 4694 1624 4748 Gladius
1667 4694 1844 4749 locum
1873 4709 1979 4747 non
2009 4693 2177 4750 habe,

603 4763 712 4827 bat,
737 4771 795 4818 et
819 4765 1124 4820 carniﬁcem
1152 4780 1260 4820 non
1291 4764 1525 4832 pudebat
1548 4780 1563 4818 :
1585 4763 1746 4817 latior
1771 4771 1891 4818 erat
1915 4764 2173 4818 machaera

601 4847 762 4902 quam
791 4834 1017 4899 viscera,
1047 4843 1106 4888 ut
1143 4834 1352 4902 gladius
1380 4834 1602 4888 haberet
1628 4833 1850 4898 crimen,
1879 4841 1935 4887 et
1959 4848 2064 4888 non
2091 4835 2175 4887 in-

602 4902 871 4957 nocentia.
902 4903 1037 4958 Dum
1061 4904 1202 4959 enim
1227 4903 1589 4957 avellerentur
1615 4917 1645 4955 a
1665 4903 2035 4972 complexibus
2063 4918 2180 4956 ma-

603 4977 742 5025 trum
791 4988 954 5028 manu
1000 4988 1188 5029 severa
1238 4981 1531 5034 tortorum,
1578 4971 1952 5027 matres’suas
1997 4971 2178 5040 digitis

602 5041 802 5094 teneris
843 5044 1290 5112 constringentes,
1339 5050 1397 5112 et
1440 5041 1651 5112 miseris
1677 5041 1962 5110 gemitibus
1991 5041 2173 5112 deplo-

601 5118 803 5174 rantes,
833 5108 1110 5168 clamabat
1121 5121 1315 5173 mater,
1363 5108 1409 5165 Ο
1437 5111 1529 5174 ﬁli,
1577 5108 1706 5178 quid
1752 5126 1839 5166 me
1869 5108 2090 5179 retines,
2119 5121 2174 5166 et

604 5185 656 5233 te
684 5195 717 5234 a
759 5195 848 5235 me
895 5190 1110 5250 separat
1155 5180 1428 5250 carnifex?
1473 5180 1555 5236 Tu
1599 5181 1818 5250 stringis
1858 5195 2070 5248 manus,
2118 5189 2174 5236 et

603 5263 752 5321 meus
782 5249 1062 5321 torquetur
1083 5251 1325 5307 allectus.
1369 5249 1485 5321 Hoc
1509 5249 1764 5320 praecepit
1790 5265 1904 5316 rex,
1935 5259 2002 5321 ut,
2025 5267 2174 5321 sepav

602 5319 736 5374 reris
761 5335 792 5373 a
823 5336 932 5384 me,
953 5320 1051 5376 sed
1077 5330 1160 5376 est
1179 5329 1411 5375 :eternus
1432 5320 1545 5376 Rex
1578 5319 1856 5388 per’quem
1883 5319 2175 5389 conjunga-

602 5388 675 5443 ris
691 5389 758 5444 ad
779 5404 884 5444 me.
908 5391 1032 5456 Fili,
1076 5390 1213 5446 facio
1235 5391 1328 5444 tibi
1351 5391 1488 5444 vale.
1514 5389 1678 5444 Terra
1707 5389 1840 5444 bibit
1857 5388 2172 5458 sanguinem

605 5466 778 5524 tuum,
808 5460 928 5530 sed
967 5460 1109 5515 Deus
1154 5460 1408 5530 suscipiet
1449 5460 1917 5530 spiritumetuum.
1950 5461 2177 5530 Aliaiex

601 5536 756 5595 parte
774 5529 1058 5595 clamabat,
1099 5537 1155 5584 et
1183 5528 1491 5586 alia‘mater
1519 5528 1824 5599 plangebat,
1872 5529 2068 5597 ubique
2098 5529 2200 5583 lu—'

600 5604 743 5668 ctus,
781 5599 979 5668 ubique
1005 5601 1250 5668 gemitus.
1299 5598 1527 5654 lndictio’
1564 5598 1666 5668 fuit
1701 5613 1807 5653 non
1849 5601 2175 5668 cupiditatis,

601 5666 696 5718 sed
737 5666 1002 5737 orbitatis.
1017 5666 1349 5723 ’Clamabant
1375 5682 1505 5737 ergo
1533 5667 1660 5722 hinc
1696 5676 1752 5722 et
1794 5666 2180 5723 inde'diversae

603 5741 802 5806 matres
835 5754 847 5785 :
879 5735 1151 5806 Carnifex,
1207 5735 1487 5806 parvulum
1534 5752 1714 5792 meum
1755 5752 1784 5790 a
1829 5753 1915 5806 me
1961 5738 2180 5793 festines

602 5800 872 5856 divellere.
905 5804 1054 5858 Dona
1082 5800 1262 5860 moras
1285 5808 1330 5859 si
1360 5808 1527 5860 habes
1570 5809 1840 5873 pietatem.
1871 5805 1952 5861 Tu
1981 5808 2123 5862 tollis
2150 5823 2180 5860 a

2282 4632 2532 4694 oportere
2554 4624 2774 4678 mactari
2796 4626 3160 4690 innocentem,
3185 4633 3242 4678 et
3259 4625 3557 4679 :cstimabat
3577 4640 3674 4694 per
3695 4626 3873 4680 ﬁlium

2276 4692 2602 4774 jugulatulii,
2632 4694 2831 4748 mundo
2857 4701 3235 4774 proventuram
3276 4709 3396 4750 esse
3424 4692 3670 4774 salutem:
3709 4694 3872 4774 λψρ,

2281 4763 2469 4834 inquit,
2483 4763 2695 4834 injicere
2717 4780 2927 4834 manum
2953 4773 3094 4816 tuam
3116 4779 3273 4834 super
3293 4780 3504 4834 puerum
3525 4763 3576 4833 (1
3583 4763 3844 4834 bidui”)
3859 4807 3870 4815 .

2283 4832 2437 4886 Aliud
2467 4832 2550 4888 est
2586 4833 2732 4900 quod
2777 4835 3031 4902 opinaris,
3079 4832 3220 4887 aliud
3263 4832 3408 4902 quod
3457 4832 3675 4888 laetaris.
3730 4833 3880 4889 Ecce

2282 4902 2448 4974 habes
2475 4903 2767 4971 principem
2795 4903 2861 4974 iu_
2877 4904 3067 4958 ariete.
3121 4902 3254 4956 Nam
3280 4903 3422 4958 filius
3448 4911 3571 4956 tuus
3599 4903 3667 4957 ad
3697 4905 3882 4974 ipsius

2282 4972 2512 5040 pertinet
2540 4985 2777 5040 gregem.
2832 4971 3130 5041 Retorquet
3157 4974 3382 5039 vultum,
3433 4981 3492 5026 ut
3536 4971 3741 5028 tectum
3775 4990 3878 5029 ca-

2284 5051 2437 5110 peret
2462 5049 2874 5111 sacramentum.
2907 5041 3048 5098 Ecce
3081 5042 3218 5096 aries
3258 5041 3511 5111 vepribus
3554 5045 3880 5109 tenebatur,

2283 5119 2340 5165 et
2376 5112 2524 5164 frons
2570 5110 2686 5177 ejus
2732 5112 2785 5165 in
2816 5112 2956 5165 illius
2985 5110 3651 5178 umbraculistegcbatur.
3707 5111 3870 5166 Lib“!

2285 5180 2482 5243 vultus,
2513 5181 2688 5235 clarus
2719 5181 2961 5251 intuitus.
2986 5179 3165 5249 Spinze
3195 5181 3297 5235 illa:
3326 5182 3583 5236 cornibus
3610 5182 3730 5251 ejus
3759 5193 3884 5237 tan-

2283 5264 2444 5320 quam
2475 5251 2800 5305 redimicula:
2825 5249 3039 5305 fuerunt
3066 5258 3122 5304 et
3159 5259 3475 5305 ornamenta
3505 5249 3879 5316 gemmarum,

2284 5319 2338 5372 in
2367 5335 2474 5388 quo
2501 5320 2666 5388 spinm
2699 5335 2804 5374 non
2832 5329 2986 5390 erant
3013 5327 3376 5390 peccatorum,
3428 5329 3486 5372 ut
3524 5336 3733 5375 corona
3773 5337 3883 5390 pa-

2284 5398 2494 5444 raretur
2511 5390 2672 5457 capiti
2699 5390 2894 5459 gregis,
2927 5391 2994 5459 de
3021 5390 3196 5458 capite
3218 5391 3454 5459 pretioso
3485 5391 3742 5457 pastoris.
3771 5393 3887 5444 Ar-

2281 5459 2409 5528 ripit
2436 5460 2681 5524 arietem,
2706 5457 2786 5514 'et
2804 5457 3040 5514 revolvit
3079 5457 3357 5528 infantem.
3388 5457 3557 5513 Tacet
3606 5461 3752 5514 aries
3774 5461 3881 5528 qui

2281 5527 2558 5591 successit,
2592 5535 2734 5584 tacet
2760 5537 2817 5583 et
2843 5529 3065 5597 angelus
3091 5529 3181 5598 qui
3208 5527 3274 5582 de
3298 5528 3440 5598 (mlo
3459 5530 3742 5583 clamavit.
3767 5527 3883 5583 Ubi

2283 5606 2366 5667 est
2391 5613 2492 5653 vox
2539 5599 2714 5665 angeli
2742 5598 2834 5666 qui
2866 5597 3141 5653 interdixit
3170 5613 3266 5667 pro
3294 5597 3532 5652 infante?
3556 5612 3731 5667 quare
3760 5616 3882 5652 non

2283 5666 2478 5721 clamat
2504 5669 2750 5722 similiter
2797 5684 2893 5736 pro
2936 5667 3141 5722 ariete?
3171 5666 3248 5721 Ne
3287 5667 3538 5736 saeculum
3568 5666 3890 5723 dimitteret

2283 5735 2337 5789 in
2363 5737 2604 5806 crimine,
2650 5738 2691 5789 si
2722 5735 2902 5806 Agnus
2922 5747 3158 5792 cessaret
3184 5753 3214 5789 a
3243 5750 3420 5790 cruce.
3451 5735 3508 5806 lu
3550 5736 3701 5790 Isaac
3723 5741 3890 5790 enim

2286 5805 2530 5875 probatio
2561 5806 2732 5859 fuerat
2762 5805 3017 5868 caritatis,
3045 5808 3097 5859 in
3127 5807 3293 5859 ariete.
3321 5805 3680 5873 przcliguratio
3726 5820 3894 5861 vcrb
