4168 6348
333 402 443 462 865

1801 397 2030 453 SERMO
2070 396 2157 453 VII

3475 399 3580 453 863
3640 444 3649 454 ,τ

333 517 478 573 latis.
508 514 586 570 lbi
615 512 941 578 obedientia,
985 513 1072 569 hic
1099 511 1487 569 misericordia.
1534 510 1610 566 Ibi
1656 512 1906 565 voluntas
1939 513 1981 570 Α
2007 509 2170 580 iudex
2193 511 2384 580 meus?
2405 508 2543 566 Ecce
2565 519 2619 564 tu
2641 510 2756 577 orp‘.
2783 525 2915 565 auus
2935 524 3015 574 es,
3037 511 3125 566 ubi
3147 518 3228 566 est
3253 518 3407 580 pater
3427 514 3580 566 tuus?

333 587 504 654 dedit,
530 585 617 640 hic
654 585 884 654 gratuita
911 585 1113 654 gratia.
1135 583 1302 654 Tacet
1327 583 1565 654 angelus,
1602 583 1738 654 quia
1781 581 1906 654 dum

2025 579 2262 646 Utinam,
2279 579 2520 643 Domine,
2541 581 2877 648 repentinum
2901 580 3112 634 tulisses
3135 580 3200 634 de
3219 579 3342 634 meo
3362 590 3582 648 peccato

335 647 637 726 pateretur,
658 647 1248 726 'angelicusgaudebat
1275 647 1560 706 exercitus.
1597 649 1654 726 Si
1691 650 1911 726 angelus
2007 649 2284 716 judicium,
2314 657 2370 704 et
2393 647 2693 726 unicomeo
2720 647 3004 726 faceresin
3034 663 3155 726 meo
3182 647 3376 726 ventre
3395 650 3576 718 sepul-

333 720 403 781 de
430 725 568 780 cmlo
592 723 851 778 clamaret
874 740 886 774 :
907 721 1194 787 Abraham,
1226 735 1387 791 parce
1413 735 1570 791 agno,
1593 721 1730 791 sicut
1754 720 1908 784 dixit,

334 810 496 866 parce
525 793 635 866 tilio
662 800 776 856 tuo,
803 791 1049 846 ttediatus
1077 789 1244 866 agnus
1272 790 1546 860 proximus
1586 789 1909 866 passionem,

336 859 391 919 et
418 879 578 918 nemo
598 862 666 916 de
689 875 783 915 sua
810 869 982 914 morte
1010 861 1318 914 scandalum
1349 867 1622 927 pateretur
1647 859 1700 912 in
1729 871 1908 912 cruce.

337 933 524 987 Tristis
543 940 619 986 est
647 933 824 1001 anima
861 946 976 1001 mea
1001 945 1161 1001 usque
1184 930 1252 982 ad
1287 937 1499 1001 mortem
1527 927 1742 1000 (Matth.
1764 943 1911 992 xxvi,

336 1002 453 1069 38).
497 1001 612 1055 Non
641 1000 909 1054 clamabat
932 998 1184 1069 deicmlo,
1225 999 1370 1069 quia,
1392 998 1684 1069 imperator
1705 1012 1771 1052 ex
1813 1011 1914 1050 suo

339 1067 643 1140 patiebatur
691 1069 938 1140 arbitrio.
988 1068 1183 1140 Pater,
1229 1068 1440 1140 inquit,
1468 1069 1511 1120 si
1559 1067 1674 1140 ﬁeri
1727 1075 1910 1140 potest.

339 1135 622 1195 tramenta
650 1154 729 1192 me
749 1137 890 1191 calix
922 1139 1021 1208 iste
1041 1136 1227 1208 (Ibid.,
1255 1137 1368 1208 '59).
1402 1135 1467 1188 Et
1495 1137 1669 1208 nullus
1681 1135 1916 1208 angelus

340 1210 608 1265 clamabat
629 1208 695 1261 de
722 1208 883 1270 cmlo,
920 1207 1014 1261 scd
1051 1205 1278 1275 angelus
1321 1205 1597 1260 descendit
1639 1205 1916 1272 disputans

341 1295 464 1334 cum
495 1277 722 1332 Domino
749 1291 876 1339 suo;
923 1284 979 1330 et
1005 1279 1316 1331 contortans
1357 1290 1478 1327 eum
1508 1291 1614 1328 non
1643 1290 1744 1328 suo
1781 1288 1916 1328 con-

341 1349 486 1412 silio,
516 1347 610 1401 sed
641 1347 805 1416 ipsius
824 1346 1003 1415 potius
1021 1354 1377 1416 sacramento.
1399 1343 1549 1416 Isaac
1569 1345 1763 1416 illaesus
1781 1344 1919 1416 redit

343 1417 414 1471 ad
441 1412 680 1480 domum,
724 1425 782 1470 et
805 1412 974 1482 agnus
1013 1414 1333 1470 clarilicatus
1357 1415 1579 1469 revertit
1607 1413 1672 1467 ad
1702 1412 1916 1468 caelum.

344 1486 616 1540 Abraham
642 1485 795 1539 duxit
821 1482 984 1538 tilium
1011 1485 1074 1538 ad
1105 1491 1354 1549 mortem,
1379 1491 1443 1537 ut
1462 1484 1652 1537 melius
1675 1482 1918 1550 suscipe-

344 1564 431 1610 ret
460 1562 844 1622 resurgentem.
869 1554 1136 1608 Abraham
1168 1553 1358 1622 obtulit
1386 1552 1598 1622 Filium.
1647 1560 1704 1605 et
1731 1551 1920 1622 vosde

342 1625 501 1695 iustis
527 1619 784 1694 operibus
823 1637 888 1678 ac
920 1622 1190 1695 laboribus
1214 1621 1424 1695 Aoﬂcrte
1454 1620 1684 1695 Domino
1705 1619 1918 1695 ‘sacriﬁ.

343 1690 510 1759 cium,
555 1690 622 1750 ut
659 1705 826 1746 unum
861 1706 982 1746 cum
1011 1690 1170 1746 Patre
1196 1691 1467 1746 Abraham
1504 1691 1747 1747 habeatis
1788 1705 1921 1760 gau-

342 1765 490 1819 dium
511 1762 568 1820 in
601 1773 763 1828 regno
789 1759 1068 1817 calorum.

959 1893 1188 1950 SERMO
1215 1894 1283 1949 Vl
1311 1896 1352 1949 ‘.

629 1983 704 2045 οι
732 1983 877 2034 unico
907 1981 1020 2053 ﬁlio
1047 1993 1096 2036 et
1123 2001 1281 2054 puero
1301 1984 1635 2038 centurionis.

422 2097 738 2156 Benedictus
779 2090 1085 2161 Dominus,
1129 2096 1222 2164 qui
1267 2095 1399 2150 facit
1441 2094 1703 2149 mirabilia
1751 2095 1917 2153 solus.

353 2170 532 2245 Testis
556 2176 652 2245 est.
665 2166 908 2245 centurio
938 2177 1040 2245 pro
1058 2178 1258 2245 puero,
1277 2165 1539 2245 testi-soest
1562 2165 1722 2245 vidua
1751 2174 1924 2245 mater

353 2243 408 2296 in
441 2240 572 2293 tilio.
616 2235 692 2291 lbi
729 2233 1114 2306 potestas,ihi_c
1155 2233 1344 2306 pietas.
1373 2233 1450 2306 lbi
1480 2247 1672 2306 magna
1703 2234 1919 2306 legatio.

355 2311 446 2366 hic
478 2308 614 2363 mira
657 2301 774 2375 (mi.
802 2305 1031 2375 misera)
1055 2301 1348 2358 destitutio.
1385 2301 1650 2375 Centurio
1678 2304 1925 2358 mittebat

355 2372 847 2448 legatusseniores,
875 2381 932 2430 et
955 2372 1054 2448 illa
1079 2376 1350 2448 quaerebat
1375 2372 1486 2448 tilio
1515 2379 1729 2448 moi-tuo
1754 2375 1926 2442 porti-

353 2441 522 2504 tores.
554 2443 655 2500 Hic
678 2443 932 2499 dicebat:
958 2443 1106 2512 Puer
1122 2458 1270 2512 picus
1289 2441 1428 2512 jacet
1453 2444 1508 2496 in
1534 2441 1924 2512 domorparaty-

355 2520 506 2582 titus,
526 2526 583 2586 et
608 2515 742 2570 male
767 2520 1025 2586 torquetur
1053 2511 1268 2586 (Matth.
1292 2511 1426 2586 vni,
1450 2512 1540 2586 ti),
1579 2520 1636 2564 et
1665 2511 1753 2586 illa
1779 2511 1924 2586 dice:

352 2588 450 2643 bat
482 2579 502 2639 τ’
523 2585 778 2640 Fructum
798 2579 1322 2637 visceruni'meorum
1346 2591 1370 2615 ει
1396 2580 1555 2633 doleo
1577 2579 1772 2634 acerba
1795 2581 1922 2634 mihi

353 2655 726 2724 indignatione
745 2651 1034 2724 sublatum.
1064 2650 1230 2724 Filius
1251 2648 1464 2724 quidem
1484 2663 1638 2724 meus
1665 2649 1927 2724 requievit

357 2727 414 2780 in
447 2717 603 2807 p'ace,
631 2729 687 2807 et
706 2723 1060 2807 viscera’mea
1087 2717 1281 2807 relicta
1295 2726 1420 2772 sunt
1448 2719 1501 2800 in
1542 2717 1749 2807 dolore.
1782 2717 1923 2770 Cen-

355 2785 502 2849 turio
525 2785 810 2846 mandabat
832 2807 845 2842 :
879 2785 1002 2843 Non
1028 2805 1139 2842 sum
1164 2789 1351 2858 dignus
1373 2797 1429 2840 ut
1445 2789 1605 2841 intres
1627 2790 1925 2858 subiectum

352 2879 525 2918 meum
555 2859 742 2931 (Ibid,
764 2858 939 2931 8),‘et
966 2858 1054 2911 illa
1075 2857 1344 2931 cogitabat
1365 2858 1524 2911 unico
1543 2873 1642 2910 suo
1666 2857 1928 2910 miseran-

356 2934 484 2987 dum
511 2926 703 3000 parare
731 2926 1052 3000 sepulcrum2
1084 2926 1230 3000 inter
1254 2927 1351 2981 has
1377 2935 1636 3000 utrasque
1649 2940 1924 3000 personas,

352 2995 686 3058 centurionis
707 3006 762 3054 et
782 2995 983 3058 matris,
1001 2995 1179 3050 divitis
1199 3004 1256 3050 et
1274 2995 1500 3064 egentis,
1530 2995 1710 3049 militis
1736 3006 1926 3065 poten-

361 3072 430 3126 tis
458 3078 515 3125 et
540 3067 715 3124 viduae
741 3066 1080 3121 lamentantis
1119 3074 1430 3120 consuetam
1453 3065 1710 3118 Dominus
1731 3074 1926 3119 tracta-

358 3141 454 3194 bat
481 3137 899 3194 misericordiam
929 3135 988 3200 δ,
1033 3134 1126 3203 qui
1155 3134 1352 3190 nullius
1389 3134 1580 3203 accipit
1619 3148 1922 3202 personam.

1953 1871 2002 1932 Β

2012 733 2161 772 crum
2177 759 2192 780 ,
2223 725 2279 772 et
2308 725 2489 772 essent
2519 718 2720 771 viscera
2743 733 2884 782 mea,
2907 717 3200 772 domestica
3224 719 3387 784 fossa,
3409 727 3463 772 et
3486 733 3574 772 se-

2015 787 2226 856 pultura
2257 786 2493 856 secreta!
2520 786 2576 840 In
2608 787 2725 842 luce
2752 786 2910 856 huius
2935 788 3072 841 aeris
3099 795 3155 840 et
3169 787 3292 842 οωιί
3316 789 3577 856 processit

2013 854 2244 923 elogium
2262 855 2373 909 cari
2399 855 2598 910 funeris
2619 857 2742 910 mei.
2763 854 3071 924 Bespiciant
3089 857 3177 924 qui
3202 854 3338 910 lilios
3359 856 3575 920 habent,

2015 935 2070 994 et
2085 925 2359 994 multiplici
2383 925 2612 978 liliormn
2634 940 2834 978 corona
2855 925 3118 994 refulgent
3143 944 3155 976 :
3183 925 3407 979 videant
3428 941 3582 978 unam

2015 992 2286 1048 ﬂosculain
2310 995 2498 1061 capitis
2520 995 2648 1060 mei,
2679 1002 2733 1048 et
2753 1010 2913 1049 unam
2941 992 3209 1063 geminam
3238 995 3453 1049 verticis
3481 998 3584 1048 mei

2015 1063 2084 1118 de
2111 1078 2232 1117 meo
2253 1065 2430 1132 capite
2457 1064 2735 1127 cecidisse,
2758 1072 2815 1118 et
2835 1079 2920 1118 me
2949 1079 3047 1131 pro
3074 1078 3272 1118 corona
3305 1064 3499 1117 laetitia:
3518 1065 3583 1116 ad

2017 1132 2288 1203 calvitium
2327 1134 2670 1203 remansisse.
2704 1132 2870 1188 Nemo
2889 1141 3110 1188 accuset
3133 1133 3396 1203 lacrymas
3417 1148 3584 1187 meas.

2020 1200 2219 1256 Unicus
2259 1203 2358 1255 luit
2385 1217 2544 1270 quem
2575 1201 2763 1270 lugeo,
2810 1202 3091 1270 culpabilis
3131 1200 3394 1256 uon'sum
3415 1244 3430 1265 ,
3460 1203 3586 1269 quia

2019 1271 2245 1325 alterum
2294 1269 2415 1324 non
2447 1269 2649 1325 habeo.
2690 1269 2757 1324 Et
2801 1271 2847 1325 si
2882 1269 2968 1325 est
3006 1270 3199 1340 aliquis
3235 1271 3585 1340 reprehensor

2019 1355 2192 1407 meus,
2223 1349 2450 1410 putasne
2477 1348 2790 1410 occurreret
2817 1341 2946 1394 mihi
2973 1339 3284 1410 consolator
3302 1339 3496 1410 meus?
3526 1339 3586 1392 Et

2019 1409 2276 1464 continuo
2305 1418 2590 1477 antequam
2629 1409 2713 1462 bis
2759 1409 3230 1463 lamentationibus
3267 1409 3406 1464 caelo
3453 1417 3586 1462 teste

2018 1479 2265 1546 querelas
2286 1478 2490 1533 ﬁnisset
2506 1520 2521 1542 ,
2544 1491 2671 1532 ecce
2685 1478 2795 1544 jam
2812 1478 3070 1533 Dominus
3097 1479 3328 1533 civitatis
3355 1477 3502 1532 venit
3524 1478 3586 1531 ad

2015 1547 2244 1616 januas;
2301 1547 2631 1617 proximavit
2651 1548 3003 1617 adgportam,
3048 1548 3257 1616 aperuit
3303 1548 3496 1611 vitam,
3537 1555 3587 1602 el

2020 1563 2244 1616 ianuas;
2337 1563 2719 1602 roximavnaa
2764 1563 3003 1617 portam,
3048 1563 3257 1616 aperuit
3303 1563 3496 1611 vitam,
3537 1563 3586 1602 el

2020 1617 2214 1672 clausit
2238 1563 2558 1684 gehennam.
2580 1615 2930 1686 _Tenebrosus
2958 1616 3129 1671 luctus
3157 1617 3224 1671 de
3265 1624 3417 1686 porta
3463 1631 3586 1686 pro-

2020 1687 2216 1753 cessit,
2245 1694 2300 1742 et
2341 1686 2430 1740 lux
2469 1684 2721 1740 veniente
2749 1685 2963 1740 Christo
3003 1686 3232 1740 retulsit.
3269 1684 3587 1741 Corusc'avit

2023 1757 2444 1822 coruscationes,
2493 1766 2550 1810 et
2577 1755 2855 1822 dissipavit
2880 1756 3066 1810 turbas
3092 1763 3401 1819 sequentes.
3453 1759 3587 1810 Ante

2026 1833 2208 1897 tamen
2235 1821 2385 1897 stetit
2409 1825 2530 1897 (ms.
2551 1821 2824 1897 attendit),
2862 1824 3153 1897 condoluit.
3187 1823 3303 1897 Non
3326 1825 3469 1879 enim
3500 1824 3581 1897 lia-_

2026 1894 2214 1965 bemus
2240 1894 2530 1965 principem
2551 1894 3013 1965 sacerdotum,qui
3037 1909 3142 1965 n_on
3165 1896 3331 1965 possit
3353 1895 3586 1962 compati

2026 1961 2646 2034 inﬁrmitatibusnostris
2691 1961 2880 2034 (Hebr.
2903 1961 2984 2034 tv,
3021 1962 3130 2034 i5l.
3160 1961 3489 2034 Compassus
3512 1964 3586 2034 est

2021 2049 2120 2157 ΒΤ
2143 2035 2321 2114 unico,
2353 2033 2442 2101 qui
2471 2033 2656 2112 unicus
2677 2032 2929 2112 pependit
2956 2033 3007 2112 in
3034 2032 3197 2113 ligno.
3221 2032 3394 2095 State,
3422 2032 3587 2110 inquit

2108 2119 2298 2157 turnus.
2328 2109 2501 2157 state.
2535 2103 2701 2156 nolite
2739 2117 2852 2157 iam
2900 2102 3059 2157 baiuli
3089 2102 3356 2155 laborare.
3403 2099 3587 2154 Ponite

2108 2103 2298 2164 minus,
2328 2099 2501 2162 state,
2535 2099 2701 2156 nolite
2738 2099 2852 2168 jam
2900 2100 3059 2168 bajuli
3089 2102 3356 2155 laborare.
3403 2099 3591 2154 Ponite

2023 2181 2326 2236 mortuum,
2353 2177 2660 2240 exspectate
2696 2170 3033 2225 miraculum.
3067 2170 3289 2239 Replete
3329 2177 3479 2240 terra
3503 2184 3590 2222 se-

2022 2241 2315 2310 pulcrumt
2333 2239 2463 2309 quia
2486 2240 2805 2294 resuscitato
2833 2249 3046 2294 mortuo
3075 2247 3223 2310 terra
3258 2239 3511 2310 gaudebit
3539 2245 3592 2290 et

2022 2307 2237 2366 Caelum.
2293 2307 2594 2369 Steterunt.
2627 2318 2922 2378 posuerunt
2956 2318 3012 2363 et
3051 2308 3320 2379 silentium
3350 2308 3445 2379 (at.
3473 2323 3590 2379 spat

2024 2382 2183 2447 tium)
2207 2380 2594 2448 praebuerunt:
2625 2375 2822 2448 aliquid
2854 2379 3032 2448 operis
3053 2375 3469 2444 exspectabant,
3499 2375 3592 2429 sed

2017 2449 2152 2502 nihil
2183 2447 2492 2512 audierunt,
2525 2447 2625 2500 nisi
2655 2447 2816 2500 unum
2858 2447 3076 2499 verbum
3100 2484 3116 2508 ,
3165 2453 3222 2499 et
3263 2453 3591 2512 expaverqu

2024 2525 2291 2571 mortuum
2311 2517 2506 2568 vivum.
2523 2515 2624 2581 Qui
2645 2515 2800 2577 dixit,
2815 2523 2869 2568 et
2893 2514 3030 2569 facta
3053 2522 3178 2568 sunt
3200 2515 3410 2578 omnia;
3436 2513 3590 2572 dixit,

2024 2595 2080 2640 et
2099 2587 2297 2652 recepit
2317 2584 2528 2652 juvenis
2547 2587 2730 2638 vitam.
2761 2584 2960 2638 Exsuta
2989 2587 3105 2647 (ma.
3131 2583 3380 2652 disrupit)
3402 2583 3590 2652 lintea-

2026 2656 2188 2718 mina,
2219 2650 2419 2721 dirupit
2457 2663 2724 2709 iunestain
2749 2662 3027 2717 catenam,
3078 2650 3304 2718 resedit,
3335 2650 3588 2713 surrexit,

2025 2725 2284 2778 adoravit.
2303 2724 2531 2780 Gratias.
2550 2724 2739 2791 inquit,
2763 2723 2858 2777 tibi
2884 2736 3006 2790 ago,
3028 2721 3251 2776 Domine
3265 2723 3405 2776 Deus
3425 2735 3592 2791 mens.

2025 2794 2196 2860 Quam
2228 2794 2487 2861 terribilis
2509 2808 2596 2855 es,
2626 2790 2784 2861 quam
2813 2793 2991 2847 suavis
3030 2792 3126 2847 es!
3180 2792 3316 2858 Quia
3345 2790 3596 2845 terribilis

2027 2859 2086 2917 es
2105 2901 2120 2924 ,
2140 2863 2292 2917 testis
2307 2870 2388 2915 est
2412 2859 2671 2916 infrenata
2693 2862 2934 2929 gehenna
2962 2877 2978 2926 ;
2999 2862 3121 2929 quia
3144 2862 3322 2916 suavis
3347 2875 3424 2924 es,
3450 2861 3597 2914 testis

2027 2942 2108 2987 est
2128 2943 2300 2986 mater
2325 2947 2464 2995 mea,
2490 2941 2545 2984 et
2563 2932 2668 2984 vita
2691 2931 3158 2986 mea.Terribilem
3187 2930 3293 2984 vidi
3318 2930 3393 2983 tui
3424 2929 3594 2982 nomi-

2029 3003 2110 3056 nis
2130 3008 2472 3070 potestatem,
2501 3001 2714 3068 quando
2734 2999 2978 3054 videbam
3005 3008 3324 3054 trementem
3345 3006 3594 3070 mortem,

2026 3069 2146 3140 (μιξὲ
2169 3078 2224 3125 te
2237 3071 2714 3138 agnoscebat(ms..
2731 3070 2857 3138 quia
2874 3077 2926 3122 te
2947 3069 3402 3140 agnoscebant)“
3425 3083 3598 3140 meatu

2031 3136 2449 3194 misericordiam
2497 3136 2907 3208 proximantem.
2954 3137 3020 3191 Et
3064 3138 3376 3208 imperasti,
3419 3144 3474 3190 et
3511 3136 3597 3189 illa

353 3208 483 3266 Cito
509 3208 653 3281 misit
677 3207 922 3272 verbum,
959 3211 1016 3281 et
1057 3206 1265 3281 sanavit
1299 3218 1524 3281 puerum
1555 3205 1923 3281 paralyticum,
1955 3220 2000 3281 ρ
2030 3209 2372 3281 contremuit.
2425 3205 2678 3281 Reddidit
2699 3223 3001 3281 _quem_non
3032 3205 3234 3281 genuit,
3289 3218 3344 3261 et
3385 3213 3599 3281 apertas

358 3288 422 3334 ut
465 3277 693 3333 celerius
738 3280 984 3344 pergeret
1020 3273 1088 3328 ad
1129 3273 1340 3344 unicum
1378 3273 1757 3344 suscitandum.
1807 3273 1924 3328 Non

355 3347 692 3418 exspectavit
719 3343 1038 3418 legationem
1071 3359 1084 3395 :
1116 3343 1498 3418 sciebat_enim
1529 3343 1775 3418 miseram
1807 3358 1926 3418 ma-

360 3412 500 3471 trem
539 3417 744 3484 legatos
773 3412 877 3468 non
907 3413 1213 3484 habentem,
1253 3412 1445 3484 sed_ad
1472 3412 1772 3484 sepulcrum
1795 3412 1925 3484 eno:

358 3480 614 3541 diendum
653 3498 848 3552 cperas
883 3483 1288 3552 conducentcm.
1329 3480 1828 3552 Pergebattacitus
1854 3481 1924 3535 ad

353 3555 656 3624 civitatem,
693 3549 1002 3624 _qui‘portas
1041 3551 1136 3622 (al.
1172 3549 1347 3624 parat)
1377 3549 1716 3624 credentibus
1752 3553 1924 3624 aperit

355 3619 836 3679 Hierusalem—Ad
850 3619 1063 3691 portam
1087 3619 1288 3687 patrias,
1320 3619 1512 3691 mulier
1530 3634 1649 3691 cum
1676 3620 1926 3674 deluneto

363 3693 475 3748 lilio
498 3688 869 3763 proximabat,
895 3698 950 3763 et
972 3689 1214 3744 Christus
1240 3689 1513 3763 medicina:
1536 3688 1752 3755 januam
1783 3705 1926 3763 rese-

359 3758 534 3817 rabat.
554 3762 728 3831 ipsum
748 3761 1108 3831 sequebantur
1125 3758 1374 3831 apostoli,
1392 3769 1447 3812 et
1469 3759 1584 3811 lauta
1593 3766 1710 3831 ptes
1729 3759 1922 3826 angeli,

354 3841 419 3887 et
444 3826 772 3886 cum'matre
797 3826 1194 3884 comitabantur
1231 3826 1420 3882 [lentes
1448 3828 1626 3896 populi
1657 3830 1927 3883 communi

357 3901 668 3956 conditione
695 3899 1021 3968 compuncti.
1068 3896 1213 3950 Inter
1241 3905 1507 3950 mortuum
1546 3905 1602 3950 et
1641 3896 1926 3952 Dominum

358 3979 517 4040 porta
543 3977 657 4023 erat
686 3967 914 4040 objecta.
943 3967 1202 4040 Egressus
1228 3976 1313 4040 est
1341 3974 1613 4040 portam,”
1631 3975 1687 4021 et
1726 3967 1928 4040 invenit

360 4035 549 4094 vitam.
575 4037 918 4092 Resonabant
941 4038 1134 4107 plateae
1153 4036 1382 4107 civitatis
1400 4035 1923 4107 planctibusAmatris,

360 4118 419 4162 et
437 4109 628 4164 caelum
659 4104 1166 4173 resonabat—gemitu
1195 4104 1664 4175 pietatisLCIama,
1688 4105 1927 4175 Raphael

355 4179 582 4246 angelus
595 4178 908 4232 comitatum
921 4174 1418 4246 Dominigvenientis.
1435 4174 1572 4246 Noli,
1589 4176 1716 4240 noli,
1735 4174 1925 4242 mater,

359 4244 523 4319 ﬂere,
560 4247 874 4319 _prorimum
919 4253 1008 4319 est
1049 4244 1144 4297 tibi
1184 4245 1435 4319 gaudere.
1478 4244 1574 4319 _llla
1602 4256 1782 4300 autem
1811 4261 1930 4314 qua:

358 4315 613 4385 ejulando
641 4316 874 4385 dicebat,
903 4315 1095 4382 quibus
1131 4315 1364 4382 querelis
1391 4315 1585 4369 caelum
1623 4323 1928 4385 terramque

358 4384 623 4454 replebat,
645 4399 764 4454 quae
787 4384 948 4438 tilium
973 4385 1223 4454 amiserat
1241 4399 1405 4454 quem
1421 4385 1676 4438 habebat!
1707 4384 1803 4438 Ubi
1824 4395 1924 4448 est,

359 4453 455 4511 ubi
479 4465 562 4511 est
586 4453 774 4509 unicus
800 4469 952 4508 meus
979 4453 1208 4506 inaniter
1230 4455 1372 4522 (ms.,
1398 4453 1450 4506 in
1473 4457 1710 4522 senecta)
1736 4457 1929 4508 natus?

353 4526 484 4580 Cito
520 4525 837 4592 subreptus,
884 4524 936 4576 in
967 4537 1099 4592 pace
1138 4522 1284 4576 locus
1315 4531 1466 4588 tuus,
1515 4524 1640 4575 mihi
1673 4526 1928 4577 remansit

359 4595 634 4649 horribilis
671 4595 865 4648 luctus.
899 4592 977 4646 Tu
1007 4593 1239 4661 portaris
1276 4592 1328 4644 in
1361 4593 1497 4646 lecto
1519 4629 1533 4652 ,
1580 4599 1635 4644 et
1675 4606 1776 4660 ego
1816 4593 1926 4660 jam

358 4679 591 4719 onerosa
617 4678 734 4717 sum
764 4663 962 4716 mundo
987 4675 1032 4715 ν.
1063 4665 1238 4726 Quare
1278 4676 1384 4713 non
1419 4670 1470 4712 tu
1500 4661 1628 4713 mihi
1657 4671 1929 4730 superstes

359 4741 638 4788 maternos
661 4733 713 4785 in
744 4740 918 4786 morte
943 4730 1129 4785 oculos
1154 4730 1483 4792 conclusisti.
1508 4739 1563 4783 et
1583 4730 1752 4783 oculis
1779 4746 1927 4784 mor-

360 4803 433 4856 tis
455 4804 611 4856 ruina
625 4801 966 4870 compressis,
992 4815 1078 4854 me
1099 4802 1346 4854 miseram
1370 4801 1725 4866 prmeessisti?
1752 4799 1930 4866 Quare

361 4887 470 4926 non
498 4870 669 4926 merui
694 4873 803 4926 tuis
829 4881 912 4939 (ut
936 4884 1149 4938 seraper
1175 4871 1409 4938 optabile
1438 4873 1542 4937 est)
1574 4871 1817 4923 manibus
1845 4885 1930 4924 se-

360 4941 552 5010 peliri,
600 4941 693 5010 sed
736 4951 841 4994 tua:
876 4940 1081 5010 mortis
1106 4941 1274 5010 merui
1304 4940 1508 4993 catenis
1550 4939 1930 4994 crudelissimis

361 5009 591 5078 alligari.
621 5009 702 5063 Tu
732 5025 819 5064 me
859 5009 1088 5063 debuisti
1120 5009 1329 5062 tradere
1359 5017 1533 5063 terrm.
1568 5009 1691 5076 quia
1725 5017 1777 5063 tu
1806 5024 1928 5064 meo

362 5080 672 5148 processisti
698 5079 766 5133 de
792 5086 998 5134 ventre.
1024 5078 1138 5131 Non
1162 5087 1335 5146 pater,
1366 5094 1471 5130 non
1498 5087 1681 5141 trater,
1702 5088 1929 5147 putasne

362 5163 547 5218 verum
576 5159 660 5203 est
701 5150 844 5218 quod
888 5152 1047 5218 frater
1084 5164 1198 5218 non
1229 5149 1474 5218 redimet,
1522 5149 1735 5218 redimet
1779 5150 1930 5203 homo

362 5216 540 5284 (Psal.
575 5215 756 5280 XLvIIi,
787 5215 843 5280 8)
860 5215 1008 5271 ?'Ubi
1034 5225 1120 5271 est
1148 5216 1236 5270 ille
1260 5216 1534 5281 Dominus,
1559 5216 1721 5283 iudex
1744 5219 1930 5271 vidua-

364 5301 504 5351 rum,
543 5294 599 5340 et
624 5287 1210 5356 paterlorplianorum?
1247 5286 1424 5352 Quare
1464 5301 1571 5339 non
1597 5289 1824 5356 attendit
1852 5289 1930 5341 lu-

359 5364 510 5425 ctum
551 5355 748 5419 meum,
779 5355 881 5425 qui
900 5357 1140 5425 promisit
1167 5357 1468 5424 lugentibus
1502 5355 1790 5422 gaudium?
1822 5359 1929 5410 Au-

363 5424 472 5478 divi
501 5439 622 5496 eum
650 5424 915 5496 dicentem
961 5443 974 5496 ς
1014 5425 1160 5496 Beati
1188 5427 1272 5496 qni
1302 5426 1509 5496 lugent,
1557 5427 1798 5496 quoniam
1831 5428 1930 5494 ipsi

360 5494 764 5549 consolabuntur
789 5494 1003 5564 (Matth.
1027 5510 1083 5562 v,
1110 5493 1356 5563 “(Ecce
1385 5493 1544 5550 vidua
1568 5493 1707 5560 Sum,
1738 5497 1825 5550 ubi
1854 5493 1938 5550 est

438 5688 456 5708 ‘
485 5684 542 5740 In
570 5686 744 5757 vatic.
775 5703 876 5744 ms.
905 5688 1157 5744 tribuitur
1178 5689 1487 5757 Augustino.

437 5769 459 5793 ⁸
486 5757 568 5828 Al.
604 5756 701 5812 Ubi
729 5767 803 5812 est
836 5761 1030 5828 fructus
1057 5756 1298 5812 viscerum
1327 5761 1586 5812 meorum?

437 5829 463 5866 ³
485 5826 576 5882 Sic
601 5843 701 5882 ms.
723 5826 886 5893 Alias,
917 5831 1177 5898 prapriant
1201 5829 1450 5882 Dominus
1477 5831 1730 5883 tractabat
1759 5848 1935 5885 carum

2031 3276 2210 3333 fauces
2237 3280 2521 3346 oppressit.
2563 3277 2773 3332 Gratias
2795 3278 2887 3331 tibi
2911 3292 3028 3345 ago,
3063 3278 3304 3338 Domine,
3335 3277 3460 3345 quia
3488 3289 3594 3328 non

2029 3350 2239 3416 aperuit
2255 3364 2417 3416 super
2436 3362 2521 3401 me
2542 3355 2734 3416 puteus
2753 3362 2815 3400 os
2842 3361 3017 3401 suum.
3044 3348 3138 3416 sed
3168 3347 3428 3416 lacrymas
3453 3359 3600 3416 meas

2029 3413 2224 3470 tersisti
2256 3413 2351 3485 per
2385 3417 2510 3470 vita:
2535 3413 2708 3485 fontes
2733 3430 3012 3483 aquarum.
3030 3414 3196 3485 _Tunc
3224 3413 3482 3485 Dominus
3507 3413 3599 3485 qui

2028 3483 2274 3539 dixerat}
2299 3483 2636 3555 Juvenis,tibi
2656 3485 2968 3555 dico_,aurge
2995 3483 3142 3538 (Luc.
3162 3499 3254 3547 vti,
3281 3483 3368 3545 14)
3393 3523 3407 3542 ,
3439 3483 3594 3555 matri

2031 3555 2306 3622 respondit
2331 3573 2342 3607 :
2377 3554 2584 3620 Mulier,
2606 3568 2733 3608 ecce
2762 3551 3074 3617 lilius'tuus,
3101 3561 3153 3607 et
3182 3551 3599 3622 cognosce_quia

2027 3619 2131 3692 ego
2149 3638 2266 3678 sum
2289 3622 2454 3690 judex
2482 3619 2760 3677 viduarum
2784 3631 2840 3676 et
2867 3632 3018 3692 pater
3036 3623 3400 3692 orphanorutn
3423 3619 3598 3690 (Paul.

2029 3689 2190 3755 Liv",
2207 3689 2423 3762 6).7Vidi
2451 3694 2711 3762 lacrymas
2732 3689 2881 3756 tuas,
2897 3701 2951 3745 et
2971 3689 3161 3762 agnovi
3183 3689 3432 3762 querelas
3457 3700 3597 3742 tuas.

2028 3762 2144 3816 Non
2172 3759 2382 3830 culpavi
2413 3759 2770 3830 plang'entetn,
2801 3762 2892 3814 sed
2914 3759 3235 3830 consolatus
3249 3775 3372 3830 sum,
3386 3759 3599 3830 lamen-

2029 3828 2351 3886 tantem.‘Et
2369 3828 2555 3886 m‘ater
2568 3845 2703 3886 voce
2730 3831 2942 3883 turbata
2972 3845 3080 3898 pne
3103 3829 3296 3898 gaudio
3346 3828 3555 3882 dicebat
3583 3844 3596 3878 :

2029 3900 2254 3955 Domine
2283 3901 2421 3955 Deus
2441 3915 2609 3961 meus,
2640 3915 2774 3968 quas
2803 3901 2899 3953 tibi
2925 3901 3122 3966 gratias
3147 3913 3323 3967 agam.
3351 3900 3502 3968 testis
3521 3905 3604 3949 est

2029 3970 2220 4039 pietas.
2243 3969 2446 4036 Quibus
2467 3979 2518 4023 te
2539 3967 2764 4024 debeam
2790 3969 3032 4023 lau..libus
3057 3969 3347 4034 honorare,
3368 3967 3490 4039 quia
3515 3980 3602 4039 me

2029 4037 2134 4110 non
2163 4041 2450 4110 permisisti
2504 4040 2802 4094 desolatam
2847 4056 2911 4092 ac
2957 4039 3206 4110 miseram
3251 4037 3604 4110 mendicare?

2027 4104 2242 4163 Gratias
2272 4110 2365 4163 tibi
2397 4125 2495 4179 pro
2524 4125 2607 4162 me
2629 4116 2789 4177 agant
2827 4108 3022 4174 angeli,
3053 4109 3188 4179 quia
3201 4104 3504 4179 ascendunt
3549 4113 3606 4158 et

2027 4179 2375 4239 descendunt,
2398 4176 2454 4234 et
2480 4186 2649 4232 totum
2675 4176 2777 4247 pro
2797 4193 2883 4232 me
2907 4179 3117 4232 laetetur
3143 4176 3301 4232 clima
3324 4176 3601 4247 cmlorum.

2028 4247 2313 4316 Aperiatur
2342 4249 2437 4302 tibi
2466 4256 2620 4317 porta
2647 4242 2789 4314 caeli,
2816 4248 2909 4317 qui
2933 4255 3059 4301 ante
3086 4255 3294 4317 portam
3325 4244 3451 4317 mihi
3483 4242 3603 4317 red-

2027 4312 2208 4372 didisti
2240 4319 2430 4387 pignus
2466 4312 2678 4372 'funeris
2707 4312 2852 4374 mei.—
2879 4317 2923 4370 Ο
2953 4312 3148 4371 bonum
3177 4324 3233 4369 et
3261 4314 3464 4387 grande
3493 4312 3595 4387 mi-

2029 4382 2267 4441 raculum
2285 4382 2492 4442 {Extra
2526 4389 2786 4456 (aLante)
2811 4396 3021 4455 portam
3050 4382 3306 4456 Dominus
3326 4382 3604 4456 suscitavit

2029 4467 2318 4519 mortumn,
2343 4459 2432 4523 qui
2462 4451 2606 4509 foras
2628 4451 2955 4510 l‘lierusalem
2977 4469 3146 4522 genus
3166 4454 3390 4508 redemit
3411 4451 3603 4523 buma-

2031 4541 2177 4578 num.
2212 4519 2638 4594 Ecce-processit
2667 4526 2852 4578 unicus
2879 4525 2931 4577 in
2961 4519 3124 4594 lecto,
3157 4525 3250 4577 sed
3275 4537 3394 4594 cum
3429 4519 3605 4594 crucis

1961 4579 2006 4632 θ
2031 4579 2642 4661 improperio.'Mtilieres
2669 4595 3006 4662 plangebant,
3033 4579 3146 4661 ipse
3165 4592 3453 4660 gaudebat,
3473 4587 3600 4656 quia

2030 4677 2160 4716 crux
2193 4664 2281 4716 illa
2312 4679 2416 4717 non
2445 4663 2542 4716 fuit
2572 4663 2976 4731 impruperium,
3000 4664 3093 4716 sed
3119 4663 3297 4730 potius
3317 4672 3604 4731 ortiameu-

2031 4740 2161 4790 tum.
2196 4732 2336 4786 unde
2363 4726 2762 4787 decoratus'cst'
2788 4733 2934 4785 orbis
2962 4726 3263 4792 terrarum,
3289 4736 3344 4782 et
3373 4726 3606 4780 fidelium

2030 4801 2239 4856 relulsit
2265 4816 2388 4856 cum
2413 4809 2586 4854 matre
2611 4801 2882 4856 exercitus
2909 4800 3245 4871 populorum.

2636 4932 2868 4989 SERMO
2894 4932 3005 4988 Vll.

2569 5043 2651 5100 De
2680 5044 2878 5100 duobus
2907 5047 3073 5101 cwcis.

2105 5154 2296 5220 Quanti
2321 5155 2451 5210 lucri
2481 5155 2638 5209 estin
2661 5155 2746 5211 via
2767 5153 2956 5210 sedere
2977 5169 3085 5223 qua
3103 5152 3346 5209 Christus
3366 5153 3570 5210 delecta
3586 5183 3606 5197 ι

2037 5233 2122 5277 tur
2153 5227 2380 5279 transire
2403 5226 2416 5278 !
2443 5223 2536 5278 Via
2567 5231 2650 5279 est
2687 5224 2901 5293 regalis,
2933 5225 3088 5293 plena
3131 5225 3333 5291 angelis
3359 5224 3558 5278 sanctis
3587 5265 3604 5290 ,

2037 5303 2094 5364 ut
2171 5294 2500 5348 illuminetur
2545 5293 2682 5348 visio
2727 5295 2986 5348 ezeeitatis
3055 5293 3278 5364 collyrio
3323 5293 3600 5348 claritatis.

2037 5362 2249 5416 Transit
2287 5364 2578 5432 imperator
2615 5372 2836 5426 noster,
2883 5379 2990 5418 non
3041 5362 3345 5432 praecedunt
3372 5377 3611 5417 carruca:

2048 5384 2249 5416 ll’illlSll.
2287 5384 2355 5416 Ill]
2396 5384 2578 5417 erator
2615 5384 2836 5426 “DSLCI‘,
2883 5384 2990 5418 11011
3041 5384 3345 5432 ρηιεεθαυῐιι
3372 5384 3611 5417 ωῐτυείυ

2041 5449 2161 5502 cum
2191 5384 2491 5500 splenti’ore,
2516 5433 2610 5486 sed
2640 5433 2946 5502 praecedunt
2966 5432 3220 5487 miracula
3241 5447 3361 5486 cum
3392 5432 3613 5497 virtute,

2044 5501 2171 5555 dum
2192 5503 2364 5556 claudi
2388 5501 2658 5556 merentur
2677 5517 2913 5568 currere,
2929 5510 2982 5556 et
2999 5503 3124 5556 caeci
3148 5503 3324 5555 lumen
3342 5502 3609 5572 accipere.

2043 5707 2367 5753 secretorum.

2120 5783 2138 5808 ι’
2176 5769 2295 5834 Ms.,
2324 5769 2636 5824 inhonorata
2665 5771 2854 5824 suntin
2884 5777 3090 5828 mando.
