4168 6348
569 364 671 420 867

1600 358 1932 417 APPENDIX
1965 360 2054 414 AD
2080 359 2138 416 S.
2178 359 2541 420 FULGENTll
2576 361 2819 417 OPERA.

3709 361 3819 422 868

570 476 697 531 llaec
716 485 798 531 est
816 474 1159 544 imperatoris
1178 474 1346 529 nostri
1375 474 1480 541 via,
1501 488 1604 544 qua
1629 473 1842 528 venitur
1862 472 2134 544 adgvitam,
2170 480 2216 537 Α
2242 474 2413 544 calida
2457 474 2671 544 caritas.
2720 473 2778 544 In
2808 472 2957 544 fonte
2992 482 3171 544 autem
3211 472 3566 544 exstinguitur
3605 475 3822 530 fervens

568 546 694 615 quia
723 546 837 614 ipse
863 541 946 602 est
973 546 1086 609 via,
1109 544 1307 615 veritas
1333 551 1389 597 et
1411 541 1728 615 vitai(Joan.
1764 558 1866 615 xiv,
1899 542 1976 610 ti).
2036 541 2136 615 Qui

570 611 728 669 sedet
744 611 804 668 in
829 617 936 680 via,
982 629 1086 681 qua
1112 611 1354 668 Christus
1382 611 1593 674 transit,
1627 629 1732 666 non
1760 613 1810 666 ei
1837 619 2017 680 potest
2036 613 2137 664 do-

569 685 764 739 minari
788 693 1058 754 tyrannus,
1078 698 1178 754 nec
1195 698 1477 754 remanere
1499 686 1670 754 humu
1688 690 1867 750 potest
1884 690 2135 754 argrotus,

608 754 784 809 nando
810 750 1002 806 transit
1041 751 1280 806 medicus
1317 751 1578 806 Christus.
1628 750 1752 805 Haec
1796 750 2140 806 crediderunt

653 824 796 877 mino
827 822 913 876 isti
942 822 1087 885 caeci,
1119 822 1210 891 qui
1239 822 1487 876 sedentes
1522 822 1576 875 in
1600 822 1686 874 via
1711 819 1834 875 forti
1867 835 1998 875 voce
2024 820 2137 874 cla-

569 893 789 945 mabant
809 892 875 944 ad
897 890 1185 957 medicum,
1211 891 1359 945 reddi
1400 890 1500 944 sibi
1531 891 1808 958 cupientes
1841 898 2133 958 aspectum.

570 961 652 1016 Ad
694 961 928 1030 ipsorum
954 975 1145 1015 vocem
1183 959 1480 1014 fremebant
1508 961 1676 1013 turba:
1723 958 2136 1030 prmcedentium

568 1028 908 1100 populorum,
957 1030 1223 1100 gaudebat
1251 1031 1520 1085 exercitus
1547 1030 1883 1100 angelorum,
1914 1035 1981 1100 _e_t
2026 1028 2139 1100 ipse

568 1096 886 1154 medicinam
914 1096 1139 1168 parabat
1168 1100 1496 1153 illuminator
1522 1096 1804 1154 caecarum.
1827 1096 1978 1168 Quid,
1995 1096 2137 1168 enim

569 1169 646 1223 illi
687 1169 811 1224 αιδοὶ
842 1167 1164 1233 clamabant,
1197 1169 1287 1237 qui
1319 1169 1494 1222 lumen
1540 1168 1781 1236 aspicere
1809 1167 2138 1237 cupiebant?

572 1238 821 1293 Miserere
846 1240 1037 1302 nostri,
1092 1235 1308 1292 Domine
1336 1240 1413 1308 ﬁli
1444 1235 1609 1291 David
1641 1237 1660 1308 (
1676 1235 2133 1308 ΗαιιΙιζχικὸο).

570 1308 761 1363 Turbm
787 1316 964 1362 autem
996 1310 1256 1376 putabant
1294 1306 1501 1362 medico
1531 1306 1716 1362 nostro
1755 1307 1871 1361 fieri
1901 1306 2135 1376 taedium.

570 1378 906 1448 imperabant
948 1374 1053 1431 illis
1097 1378 1311 1448 Christo
1360 1385 1672 1432 transeunte
1722 1377 2009 1448 silentium.
2058 1374 2138 1430 Illi

571 1446 699 1503 vero
729 1447 953 1501 validius
979 1447 1302 1510 clamabant,
1336 1456 1392 1501 et
1418 1447 1626 1502 illorum
1652 1461 1813 1502 voces
1840 1446 2139 1514 increpato-

569 1517 678 1572 rias
706 1532 813 1571 non
836 1516 1114 1571 curabant.
1144 1516 1311 1584 Magis
1333 1517 1600 1571 iterabant
1620 1515 1942 1584 clamorem,
1961 1523 2020 1569 ut
2048 1528 2140 1584 pe-

570 1595 783 1641 netrare
813 1594 1033 1655 possent
1060 1586 1189 1655 ipsis
1228 1587 1447 1655 vocibus
1471 1585 1803 1655 Salvatorem
1836 1603 1848 1637 :
1895 1583 2141 1639 Miserere

570 1601 783 1641 uetrare
848 1601 1033 1640 ossent
1060 1601 1189 1655 lpSlS
1228 1601 1447 1640 vocibus
1471 1601 1803 1639 salvatorem
1836 1603 1848 1637 :
1895 1601 2141 1639 numero

568 1657 763 1721 nostri,
798 1601 1016 1708 Domine
1043 1655 1124 1725 ﬁli
1152 1653 1320 1711 David
1350 1654 1510 1723 (Ibid.
1532 1696 1544 1713 ,
1575 1655 1689 1725 5|).
1733 1654 2003 1725 Humanas
2031 1669 2141 1708 non

570 1742 819 1781 curamus
844 1724 1057 1795 penitus
1086 1739 1289 1795 voces:
1323 1732 1378 1778 tu
1421 1724 1697 1795 miserere,
1745 1725 1835 1795 qui
1877 1724 2141 1795 humanos

569 1810 728 1851 sanas
756 1793 985 1849 errores.
1012 1793 1331 1849 Ambulabat
1359 1808 1487 1862 ergo
1515 1794 1769 1848 Dominus
1791 1794 1875 1847 via
1905 1808 2021 1855 sua,
2045 1793 2137 1861 qui

568 1873 652 1921 est
693 1865 799 1919 vita
826 1874 1046 1918 :eterua.
1090 1863 1403 1927 Transibat,
1435 1873 1490 1919 et
1517 1864 1758 1925 curabat,
1790 1872 1846 1918 et
1872 1878 2137 1917 Grecorum

568 1936 924 2002 cogitationes
952 1941 1076 1987 ante
1106 1934 1334 1996 videbat,
1368 1942 1424 1989 et
1456 1949 1642 1988 eorum
1672 1932 1908 2002 clamore
1935 1931 2137 2000 gaude-

568 2001 679 2058 bat.
712 2004 825 2059 Non
855 2003 1223 2058 delectabatur
1254 2003 1734 2057 contradicentium
1764 2001 1940 2057 ofﬁcio
1967 2017 2138 2071 popu-

570 2074 743 2129 lorum
768 2112 783 2135 ,
833 2073 926 2128 sed
965 2071 1231 2140 gaudebat
1269 2071 1535 2127 desiderio
1580 2074 1921 2126 clamantium
1950 2085 2139 2138 magna

568 2158 708 2198 voce
732 2156 1014 2197 caecorum.
1048 2140 1227 2200 Stetit,
1274 2152 1333 2195 ut
1376 2143 1493 2210 plus
1533 2142 1832 2195 ambularet
1877 2141 2139 2210 medicina

568 2228 730 2282 quam
760 2211 1000 2279 vestigia.
1037 2210 1109 2282 Et
1126 2209 1474 2282 sequentibus
1502 2211 1671 2282 turbis
1692 2210 1847 2279 jubet
1874 2224 2047 2282 czecos
2071 2209 2140 2262 ad

570 2280 631 2336 se
664 2282 879 2344 venire,
912 2287 967 2335 et
1007 2281 1139 2333 nihil
1167 2282 1235 2334 de
1274 2280 1578 2335 suhcmlesti
1608 2288 1899 2349 conspectu
1929 2280 2137 2333 timere.

569 2349 759 2404 Turbtc
789 2350 1155 2416 increpabant,
1181 2351 1461 2416 cogebant,
1497 2350 1807 2413 invitabant,
1843 2359 1898 2403 et
1919 2350 2139 2402 mirabi-

568 2418 694 2488 liter
721 2417 1086 2488 impellebant.
1131 2417 1496 2488 llli_quantum
1525 2419 1957 2480 delectabantur,
1988 2418 2079 2485 qui
2109 2433 2139 2470 a

567 2486 811 2543 Domino
827 2488 1157 2557 vocabantur
1181 2488 1192 2538 !
1222 2486 1335 2541 Hoc
1363 2489 1440 2541 eis
1462 2488 1704 2557 priestitit
1731 2488 1935 2543 clamor
1953 2501 2139 2541 eorum

567 2572 831 2629 quosnon
855 2556 1421 2629 terruitcontradictio
1440 2556 1776 2629 populorum.
1803 2557 1944 2629 Ante
1965 2557 2141 2610 viden-

569 2625 652 2682 tes
683 2626 950 2682 desiderio
978 2625 1332 2691 Salvatorem,
1385 2625 1546 2695 quam
1574 2627 1788 2680 luminis
1817 2627 2135 2681 claritatem.

568 2696 846 2753 Steterunt
874 2704 997 2750 ante
1025 2694 1306 2750 Dominum
1335 2694 1551 2751 claritas
1594 2706 1649 2750 et
1689 2696 1917 2751 caecitas.
1978 2695 2142 2750 Stetit

569 2768 653 2821 via
669 2767 735 2822 ad
751 2767 1000 2821 sedentes
1019 2765 1071 2819 in
1092 2766 1197 2826 vja.
1214 2764 1491 2820 Steterunt
1512 2775 1789 2821 manentes
1809 2767 1860 2819 in
1882 2766 2136 2829 tenebris,

568 2836 694 2892 dum
737 2843 905 2890 staret
947 2835 1124 2889 lumen
1152 2835 1483 2899 aeternitatis,
1530 2837 1621 2904 qui
1654 2836 1831 2891 lumen
1856 2836 1986 2889 oriri
2015 2834 2142 2890 facit

569 2907 625 2960 in
656 2906 911 2962 tenebris.
942 2904 1163 2960 Factum
1194 2915 1275 2959 est
1301 2905 1367 2959 de
1411 2912 1669 2974 sequente
1707 2914 1761 2959 et
1807 2905 2140 2974 praecedente

570 2977 725 3031 turba
769 2976 1064 3037 theatrum,
1114 2982 1166 3042 et
1212 2975 1477 3042 gaudebat
1527 2974 1760 3029 Ecclesia
1808 2975 2134 3042 angelorum.

572 3045 711 3125 Dicit
737 3047 816 3125 eis
839 3044 996 3125 ἔξειπε
1028 3041 1233 3125 :“Quid
1253 3045 1401 3098 vultis
1428 3052 1484 3125 ut
1513 3046 1704 3125 faciam
1743 3041 1897 3125 vobis
1930 3048 1952 3125 (_
1974 3044 2135 3105 Ibid.,

571 3114 708 3184 52)?
736 3114 804 3168 Et
838 3115 911 3167 illi
955 3113 1134 3184 audita
1178 3129 1309 3167 voce
1338 3113 1548 3177 medici,
1584 3129 1713 3168 voce
1743 3122 1798 3167 et
1828 3115 1989 3184 corde
2009 3129 2137 3182 pro-

569 3182 745 3262 strati,
768 3184 1012 3250 Domine,
1034 3182 1183 3237 vides
1198 3198 1417 3262 causam
1441 3190 1698 3262 nostram,
1726 3195 1779 3262 tu
1810 3183 1947 3262 dona
1972 3184 2139 3237 medi-
2163 3201 2209 3262 ο

570 3254 747 3309 cinam
779 3263 946 3320 tuam,
980 3264 1035 3306 ut
1063 3253 1373 3322 aperiantur
1401 3253 1540 3306 oculi
1585 3252 1774 3318 nostri,
1821 3259 1879 3307 et
1924 3266 2135 3306 merea-

570 3339 693 3378 mur
718 3339 836 3378 esse
865 3324 1090 3377 comites
1126 3324 1333 3377 itineris
1356 3323 1450 3385 tui,
1474 3322 1596 3390 quia
1618 3337 1647 3375 a
1672 3330 1726 3375 te
1749 3323 1798 3375 iu
1831 3322 1913 3375 via
1941 3324 2139 3376 merui—

569 3409 688 3447 mus
716 3393 976 3448 medicina
1006 3395 1197 3447 curari.
1233 3391 1505 3454 Dominus,
1563 3393 1654 3459 qui
1694 3391 1849 3457 erigit
1886 3392 2047 3446 elisos
2085 3400 2141 3445 et

571 3463 832 3518 illuminat
853 3478 1024 3518 caecos
1061 3462 1233 3531 (Psal.
1266 3478 1421 3525 (xm,
1448 3460 1499 3523 8,
1533 3460 1609 3531 9),
1640 3462 1862 3528 audivit,
1892 3462 2140 3516 misertus

570 3541 672 3595 est,
698 3541 752 3586 et
771 3532 997 3587 curavit.
1023 3532 1172 3586 Nulla
1203 3532 1437 3585 remedia
1465 3532 1900 3593 intercesserunt,
1934 3539 1989 3583 et
2010 3532 2138 3585 eieci

570 3604 689 3657 solo
729 3604 894 3657 verbo
920 3603 1101 3656 videre
1129 3610 1424 3671 cwperunt.
1459 3600 1610 3654 Nulla
1651 3602 1955 3655 observatio
1985 3602 2134 3655 cibo-

570 3688 712 3737 rum,
762 3673 875 3726 sola
919 3673 1217 3726 interdessit
1246 3672 1637 3725 medicinalium
1679 3672 1971 3723 auctoritas
2000 3685 2138 3739 prac-

571 3752 868 3811 cvptorum.
901 3741 1037 3811 Dicit
1064 3743 1141 3795 eis
1161 3740 1315 3811 Jesus
1342 3758 1354 3792 :
1381 3741 1529 3811 Sicut
1550 3741 1859 3811 credidistis,
1883 3741 1979 3810 ﬁat
2000 3741 2141 3811 vobis

571 3759 627 3797 cr
652 3759 868 3796 uorum.
901 3759 1037 3795 UlCll.
1064 3759 1141 3795 eis
1161 3759 1315 3795 JeSUS
1342 3759 1354 3792 :
1381 3759 1529 3795 οιτιιι
1550 3759 1859 3803 σγθαιαιειιδ,
1883 3759 1979 3810 [tat
2000 3759 2135 3794 roou

571 3759 785 3935 gilanti.
817 3806 1193 3879 Ix,29).'lllico
1216 3810 1347 3874 fugit
1368 3810 1599 3875 caecitas,
1629 3809 1876 3864 redditur
1899 3810 2135 3865 claritas.

619 3883 850 3935 sniciunt
881 3884 932 3934 in
981 3881 1115 3935 facie
1141 3880 1475 3935 Salv..lm’cm
1496 3920 1510 3935 .
1541 3895 1698 3935 quem
1745 3896 1849 3932 non
1884 3889 2135 3933 noverant

619 3883 850 3951 spiciunt
881 3884 932 3934 in
981 3881 1115 3936 facie
1141 3880 1475 3935 salvatorem
1496 3920 1510 3942 ,
1541 3895 1698 3948 quem
1745 3896 1849 3932 non
1884 3889 2142 3933 noverant

570 3950 769 4005 virtute
794 3958 1091 4005 curantem.
1128 3951 1348 4004 Discuut
1387 3950 1555 4003 oculis
1593 3964 1754 4018 quem
1782 3964 2139 4018 praesumpse-

571 4029 698 4074 runt
727 4021 923 4073 verbis.
954 4020 1167 4073 Cadunt
1193 4021 1256 4073 ad
1287 4034 1483 4085 genua,
1523 4021 1756 4073 scientes
1782 4023 1890 4086 jam
1919 4027 2141 4085 tangere

571 4090 769 4143 Chriin
810 4090 1060 4155 vestigia,
1107 4091 1196 4157 qui
1239 4090 1352 4157 sola
1378 4103 1514 4141 voce
1542 4090 1864 4157 clamabant,
1894 4089 2142 4143 sedentes

572 4158 627 4211 in
656 4158 766 4222 via,
787 4167 843 4210 et
869 4156 1148 4225 coeperunt
1171 4173 1289 4210 cum
1315 4156 1529 4210 Christo
1558 4156 1782 4210 Domino
1813 4172 1918 4208 uno
1951 4158 2141 4211 itinere

572 4227 838 4281 comitari.
868 4227 1136 4281 Comitatu
1165 4228 1279 4293 eius
1307 4228 1617 4293 gaudentes,
1641 4226 1749 4293 jam
1780 4227 2024 4279 claritate
2049 4241 2140 4280 so-

571 4297 718 4361 ciati,
743 4311 773 4349 a
793 4295 1006 4358 Christo
1030 4309 1295 4363 nunquam
1320 4295 1529 4364 penitus
1546 4296 1826 4350 recessuri.
1842 4295 1918 4347 lta
1941 4303 1996 4348 et
2022 4309 2138 4360 nos,

573 4364 782 4431 fratres,
817 4368 866 4420 iu
900 4367 1011 4435 ipsa
1048 4367 1132 4418 via
1160 4366 1474 4429 sedeamus,
1523 4381 1625 4435 qua
1656 4365 1925 4419 Christum
1957 4364 2138 4419 Domi-

571 4450 697 4489 num
725 4451 882 4505 posse
912 4436 1139 4489 transire
1179 4450 1473 4505 speramus.
1522 4435 1704 4504 Neque
1734 4436 1874 4488 enim
1905 4435 2143 4489 ambulat

571 4505 626 4576 i_n
658 4506 741 4558 via
772 4506 1075 4576 impiorum,
1111 4507 1210 4576 qui
1254 4507 1305 4558 in
1340 4506 1423 4576 via
1466 4520 1571 4559 non
1597 4507 1743 4559 stetit
1773 4512 2137 4574 peccatorum.

2243 543 2654 612 iniquitas,quia
2677 542 2797 598 etin
2812 541 3050 610 fornace,
3074 552 3131 597 et
3151 543 3202 597 in
3225 542 3374 596 fonte
3386 543 3619 612 Angelus
3633 546 3817 609 magni

2241 613 2450 667 consilii
2478 613 2768 668 descendet
2789 626 2821 666 e
2848 612 3026 681 cmlo:
3055 619 3113 666 ut
3139 613 3283 681 quod
3314 613 3493 681 pueris
3518 613 3744 668 donavit
3765 614 3821 668 in

2241 681 2553 751 refrigerio,
2597 682 2701 737 hoc
2747 680 3089 736 credentibus
3117 680 3325 737 tribuat
3358 681 3410 734 in
3454 692 3820 737 sacramento.

2242 749 2390 806 Ecce
2413 759 2737 820 quantorum
2757 751 2899 805 tuba:
2922 759 3228 805 sanctorum
3254 751 3594 820 singulariter
3617 767 3826 809 sonue-

2240 828 2385 887 runt,
2434 836 2574 891 nunc
2621 821 2723 874 tria
2763 834 2963 891 cortina
2987 820 3044 891 in
3087 836 3193 875 uno
3233 830 3566 891 concrepant
3603 837 3824 878 alumno

2239 904 2429 958 campo
2457 890 2812 945 ﬂammarum.
2854 887 3138 944 Pulchrum
3164 898 3250 944 est
3275 887 3458 945 videre
3503 891 3607 945 tria
3656 906 3821 945 aurea

2240 957 2578 1030 candelabra.
2630 957 2916 1030 Pulchrum
2946 967 3031 1013 est
3056 960 3296 1029 aspicere
3323 962 3496 1030 trium
3526 975 3823 1030 puerorum

2240 1027 2482 1097 impetita
2511 1044 2769 1097 corpora,
2788 1029 2937 1097 unia
2967 1044 3071 1082 una
3101 1026 3220 1083 erat
3246 1029 3442 1091 anima.
3467 1026 3594 1083 dum
3624 1030 3823 1084 tende-

2240 1106 2362 1152 rent
2386 1104 2453 1152 ad
2477 1096 2755 1153 coronam.
2778 1096 3018 1151 Flamma
3043 1112 3139 1152 eos
3168 1114 3273 1151 non
3298 1099 3590 1164 dividebat,
3612 1106 3672 1154 et
3689 1114 3825 1153 can-

2242 1167 2342 1221 tica
2389 1168 2803 1236 compingebaut
2850 1185 2860 1218 :
2910 1167 3037 1236 quia
3091 1167 3271 1234 magni
3320 1167 3531 1222 consilii
3585 1169 3826 1235 Angelus

2240 1237 2601 1306 amplexabat,
2648 1245 2705 1291 et
2733 1236 2870 1291 ulnis
2896 1236 3247 1304 opacantibus
3285 1236 3627 1293 confovebat.
3676 1237 3821 1303 Quid

2277 1305 2438 1360 alatia
2492 1320 2679 1374 regum
2718 1307 2786 1359 ad
2815 1305 3085 1361 caminum
3117 1306 3453 1375 psallentimn
3485 1322 3778 1375 puerorum
3799 1306 3825 1359 ἓ

2266 1374 2403 1430 l‘aeta
2428 1384 2514 1445 est
2540 1375 2659 1430 aula
2688 1376 2849 1445 regis,
2898 1374 3245 1431 secretarium
3275 1374 3596 1442 sanctitatis,
3641 1385 3701 1431 ut
3747 1377 3822 1430 ibi

2240 1459 2335 1515 res
2354 1444 2711 1515 delectaretur
2737 1444 2974 1513 aspicere
3016 1446 3183 1515 magis
3210 1461 3372 1515 quam
3401 1446 3456 1500 in
3479 1445 3642 1501 domo
3671 1447 3824 1513 regia

2240 1514 2501 1568 habitare.
2516 1514 2561 1568 Ο
2583 1514 2683 1569 ille
2695 1516 2885 1583 plateae
2898 1523 3097 1577 stratm,
3116 1514 3239 1568 non
3255 1530 3541 1578 marmore,
3554 1515 3651 1570 sed
3672 1516 3799 1583 igne
3809 1559 3821 1572 .

2240 1598 2349 1639 non
2373 1584 2589 1648 crustis,
2624 1582 2717 1639 sed
2744 1582 2999 1637 ﬂammis!
3022 1583 3311 1638 Ambulant
3339 1585 3555 1653 superbi
3582 1582 3739 1652 reges
3770 1588 3826 1638 in

2242 1653 2510 1723 tapetibus
2533 1654 2829 1723 purpureis,
2852 1666 3036 1721 gressu
3066 1653 3296 1708 delicato
3322 1653 3600 1720 ludentes;
3632 1656 3689 1723 in
3713 1654 3829 1723 pla-

2242 1722 2328 1777 tea
2353 1722 2541 1778 autem'
2562 1723 2727 1790 ignita
2767 1722 3022 1778 incedunt
3048 1724 3218 1777 nostri
3245 1722 3611 1779 decantautes.
3646 1722 3826 1790 Quem

2244 1808 2350 1847 non
2376 1792 2608 1848 delectet
2633 1807 2755 1846 cum
2777 1793 2863 1862 eis
2890 1793 3005 1861 pari
3033 1793 3260 1861 vestigio
3286 1793 3563 1857 comitari,
3602 1794 3826 1862 quando

2241 1862 2487 1932 angelum
2513 1877 2632 1916 cum
2653 1862 2732 1917 eis
2758 1861 2993 1932 delectat
3018 1862 3131 1931 pari
3159 1863 3370 1918 cantico
3391 1863 3584 1917 sociari
3604 1861 3637 1916 ἴ
3658 1862 3823 1917 Aliud

2241 1931 2508 2001 prodebat
2532 1932 2699 1996 visus,
2748 1931 2891 2001 aliud
2925 1932 3195 2000 praebebat
3229 1946 3436 2001 sensus,
3486 1932 3629 1987 aliud
3659 1947 3823 1987 mon-

2241 1998 2448 2057 strabat
2477 2009 2687 2070 tactus,
2715 2000 2857 2070 aliud
2888 1998 3050 2065 nam,
3085 2001 3226 2055 aliud
3254 1998 3385 2057 foris
3429 2020 3442 2054 :
3485 2002 3610 2070 quia
3641 2003 3825 2070 angeli

2243 2071 2385 2125 intus
2411 2079 2469 2125 et
2497 2069 2696 2125 inimici
2725 2069 2873 2135 foris,
2906 2071 3050 2125 intus
3076 2070 3362 2134 canebant,
3385 2069 3517 2125 foris
3532 2069 3820 2125 ardebant.

2243 2140 2450 2204 Videte,
2480 2140 2671 2195 fratres
2699 2140 2823 2204 mei,
2854 2149 3113 2209 quantum
3143 2140 3366 2194 interest
3392 2155 3512 2195 esse
3552 2140 3698 2195 intra
3724 2140 3829 2195 do-

2243 2225 2395 2279 mum
2416 2224 2682 2279 magnam,
2714 2210 2769 2262 in
2797 2223 2903 2278 qua
2929 2216 3056 2263 sunt
3080 2225 3205 2279 vasa
3232 2223 3399 2264 aurea
3450 2217 3507 2263 et
3559 2217 3828 2279 argentea

2243 2278 2334 2359 (ll
2357 2278 2489 2359 Tini.
2518 2277 2579 2342 it,
2602 2278 2715 2349 ‘20),
2742 2294 2901 2359 quam
2932 2279 3063 2359 foris
3088 2277 3278 2359 audere
3300 2280 3442 2333 inter
3466 2277 3825 2359 “salignea,

2243 2346 2386 2403 inter
2406 2349 2566 2416 ligna,
2614 2346 2793 2410 cuum,
2826 2348 3094 2417 stipulam.
3126 2346 3232 2403 Sed
3256 2362 3352 2402 vos
3380 2350 3567 2417 templi
3592 2346 3689 2403 Dei
3719 2348 3829 2403 for-

2244 2434 2347 2471 nax
2366 2418 2608 2472 continet
2622 2432 2783 2471 aurea
2806 2420 3052 2484 probata,
3067 2432 3199 2471 auro
3217 2417 3583 2484 producuntur
3601 2420 3827 2473 vascula

2244 2497 2441 2554 vestra,
2473 2488 2524 2539 in
2555 2488 2747 2557 quibus
2787 2487 3121 2557 Hierusalem
3152 2487 3374 2557 glartetur
3413 2489 3588 2557 patria
3615 2490 3825 2557 sempi-

2243 2564 2396 2625 terna
2420 2573 2435 2619 ;
2467 2565 2523 2610 et
2551 2556 2654 2610 non
2686 2557 2799 2625 ipse
2823 2557 3048 2611 miretur
3068 2556 3564 2611 Nabuchodonosor
3587 2598 3602 2618 ,
3628 2556 3829 2612 sedda

2244 2623 2470 2679 ﬂammis
2492 2625 2692 2690 mundi,
2708 2623 3030 2680 alumnantis
3053 2626 3174 2681 vita:
3193 2625 3490 2692 refrigerio,
3514 2642 3616 2682 vos
3639 2627 3824 2682 nobis—

2241 2710 2362 2750 cum
2393 2695 2704 2751 consoletur
2724 2694 2795 2750 de
2821 2695 2963 2750 coelo
2988 2693 3252 2750 Salvator.

2852 2825 3084 2882 SEBMO
3112 2825 3200 2881 IX.

2512 2915 2587 2970 De
2612 2916 2821 2971 muliere
2845 2918 2899 2969 in
2929 2916 3182 2971 adulterio
3210 2918 3541 2988 deprehensa.

2313 3026 2601 3082 Timendus
2628 3033 2711 3080 est
2740 3025 2831 3079 Dei
2859 3024 3020 3079 Filius
3047 3034 3105 3079 et
3131 3025 3407 3079 amandus.
3443 3024 3739 3080 Timendus
3766 3036 3828 3081 ut

2236 3096 2709 3174 judex,_amam_lus
2730 3103 2790 3148 ut
2812 3110 2906 3149 rex
2931 3112 2947 3174 ς
2969 3095 3093 3174 quia
3119 3110 3225 3149 non
3246 3104 3393 3174 venit
3413 3104 3540 3174 aute
3558 3092 3827 3174 judicare,

2240 3163 2333 3222 sed
2361 3166 2603 3234 primitus
2625 3164 2869 3229 liberare,
2900 3172 2956 3217 et
2988 3163 3133 3230 juste
3153 3171 3338 3234 postea
3363 3163 3640 3234 judicare.
3660 3164 3821 3219 Man-

2241 3232 2425 3289 suetus
2449 3243 2504 3288 et
2535 3249 2691 3288 verus
2710 3275 2726 3300 ,
2772 3234 2867 3287 sed
2916 3233 3179 3301 ignoravit
3202 3233 3561 3288 calumniator
3583 3232 3825 3289 Judzeus.

2239 3305 2538 3359 Voluerunt
2562 3302 2780 3371 culpare
2808 3303 3292 3367 mansuetudinem,
3322 3311 3377 3356 et
3405 3303 3732 3358 invenerunt
3771 3305 3833 3359 in

2239 3375 2464 3430 crimine
2491 3388 2591 3427 suo
2614 3374 2888 3426 virtutem.
2921 3372 3237 3427 Ambierunt
3263 3374 3315 3426 in
3340 3371 3557 3426 Christo
3576 3389 3830 3427 mansue-

2242 3444 2497 3508 tudinem,
2530 3452 2583 3497 et
2607 3441 2871 3509 justitiam
2900 3442 3127 3508 violare,
3157 3450 3251 3495 aut
3284 3441 3543 3509 justitiam
3572 3442 3638 3495 de
3667 3458 3830 3497 tuan-

2240 3513 2519 3568 suetudine
2534 3511 2945 3580 reprehendere.
2971 3510 3247 3566 Steterunt
3270 3514 3322 3565 in
3346 3520 3568 3578 angusto
3588 3511 3827 3565 duarum

2241 3579 2617 3643 maceriarmn,
2632 3581 2940 3644 obsidentes
2951 3580 3304 3643 Salvatorem,
3332 3579 3643 3635 tradendum
3657 3582 3827 3649 quasi

2242 3654 2528 3708 latronem.
2574 3650 2798 3705 Faciunt
2825 3650 3165 3716 calumniam,
3208 3652 3547 3704 inveniuntur
3592 3651 3644 3703 in
3689 3666 3830 3718 pro-

2241 3724 2411 3793 priam
2442 3721 2857 3793 conscientiam_._
2880 3720 3149 3793 Accusant
3176 3728 3236 3793 ut
3258 3721 3359 3793 ipsi
3384 3727 3743 3793 accusentur,
3769 3730 3833 3773 et

2241 3788 2480 3847 adultera
2512 3793 2785 3845 liberetur.
2817 3789 2932 3843 Non
2963 3789 3158 3845 factum
3187 3789 3519 3857 displicebat,
3570 3790 3667 3843 sed
3712 3788 3828 3840 Do-

2242 3863 2418 3917 minus
2447 3876 2550 3915 nun
2576 3858 3003 3929 placebatuNam
3034 3873 3224 3914 omnes
3243 3859 3471 3913 adulteri
3510 3857 3830 3929 erant._0e-

2242 3933 2513 3987 casionem
2537 3927 2812 3984 inveniunt
2831 3927 2897 3983 de
2919 3928 3184 3995 adultera,
3203 3938 3260 3983 ut
3279 3936 3497 3996 possent
3516 3930 3667 3996 quasi
3678 3927 3832 3995 juste

2242 4003 2535 4055 coloratam
2562 4007 2749 4067 aptare
2770 3998 3113 4052 calumniam.
3138 3996 3422 4053 lnveniunt
3442 3998 3692 4051 miseram
3715 4015 3835 4051 mu-

2244 4071 2427 4125 lierem
2476 4068 2705 4123 recentis
2734 4068 2981 4121 adulterii
3009 4068 3218 4122 ustione
3248 4067 3503 4121 fuscatatu
3523 4107 3541 4132 ,
3589 4075 3646 4119 ut
3695 4077 3833 4122 ante

2244 4141 2408 4208 pedes
2428 4139 2637 4193 Domini
2661 4139 2782 4191 nive
2808 4138 3145 4204 indulgentiae
3162 4138 3464 4208 aspicerent
3491 4136 3828 4191 dealbatam.

2244 4206 2526 4262 Adducunt
2547 4208 2758 4277 pluritui
2782 4206 3524 4277 congregat[calumniatores
3545 4215 3601 4259 et
3622 4220 3831 4274 pecca-

2246 4288 2411 4341 tores,
2440 4275 2778 4331 insidiatores
2806 4286 2861 4332 ct
2890 4280 3051 4330 fures.
3081 4275 3214 4330 Cum
3243 4275 3486 4329 adultero
3517 4278 3831 4344 portionem

2245 4363 2394 4403 suam
2422 4348 2692 4415 ponebant
2723 4345 2890 4416 (Psal.
2926 4362 3069 4407 xux,
3113 4345 3215 4414 t8),
3245 4355 3302 4399 et
3329 4344 3633 4416 adulteram
3654 4345 3832 4416 dedas

2244 4414 2454 4473 cebant.
2494 4414 2843 4470 Adduxcrunt
2886 4418 3034 4469 ιιιιιΙιί
3066 4430 3249 4479 unam,
3293 4415 3359 4468 ad
3406 4414 3562 4468 unius
3610 4414 3831 4469 Domini

2248 4487 2650 4554 indulgentiam.
2685 4485 2922 4547 Trahite,
2953 4484 3140 4550 Judiei,
3173 4485 3388 4548 trahite,
3419 4484 3597 4554 ejicite
3619 4484 3688 4537 de
3715 4484 3829 4554 ini-

573 4551 877 4629 Transituurt
926 4551 1340 4643 ergoyC‘ltristus
1387 4575 1644 4629 Dominus
1694 4551 1856 4627 mo'do‘
1905 4575 2029 4629 facit
2075 4576 2140 4627 de

2244 4551 2450 4638 quitate
2488 4555 3145 4643 adulteram‘mullierem;
3191 4555 3413 4643 liberate
3452 4551 3547 4643 d‘e.
3571 4551 3831 4635 ﬂuctibus

571 4646 802 4725 mundo,
835 4645 959 4725 dum
987 4659 1084 4725 pro
1110 4646 1267 4725 nobis
1293 4645 1597 4725 interpellat
1624 4646 1675 4724 in
1705 4646 1873 4724 coelo.
1897 4643 2001 4725 Sed
2033 4660 2138 4725 no_n

572 4715 832 4781 ambulat,
863 4715 961 4768 nisi
992 4713 1043 4767 in
1072 4715 1157 4768 via
1187 4716 1401 4779 munda,
1434 4713 1557 4782 quia
1586 4716 1669 4767 via
1697 4716 1813 4782 ejus
1839 4722 1923 4767 est
1952 4713 2143 4783 impol-

571 4783 703 4838 luta.
729 4784 803 4838 lbi
828 4785 1125 4846 sedeamus,
1142 4784 1210 4839 ibi
1234 4787 1542 4838 clamemus.
1564 4784 1678 4853 ipse
1706 4786 1943 4852 quotidie
1969 4791 2144 4836 trans-

572 4854 632 4917 it,
673 4855 797 4923 quia
840 4864 1111 4920 nunquam
1140 4869 1169 4906 a
1210 4855 1365 4908 nobis
1405 4852 1649 4908 discedit.
1682 4852 1786 4907 Sed
1819 4856 1860 4906 si
1898 4854 2018 4920 quis
2046 4868 2144 4923 nos

570 4921 765 4978 viderit
789 4923 856 4977 de
884 4925 1338 4976 murmurantibus
1383 4924 1559 4976 szeculi
1581 4965 1597 4989 ,
1643 4930 1701 4977 et
1729 4923 1921 4976 viderit
1948 4938 2047 4977 nos
2076 4921 2143 4975 ad

569 4993 841 5048 Christum
856 4992 1082 5063 validius
1108 4993 1458 5063 proclamare,
1488 4994 1786 5063 etecnperit
1811 5008 2024 5063 nospro
2043 5006 2143 5045 suo

571 5064 825 5119 seandalo
862 5061 1263 5129 blasphemare,
1307 5064 1424 5128 ejus
1454 5062 1703 5115 invidiam
1749 5078 1853 5114 non
1894 5061 2150 5115 debemus

572 5133 794 5187 omnino
816 5146 1025 5257 «Ἧι-πε.
1048 5131 1124 5187 lbi
1155 5132 1446 5186 habeamus
1474 5139 1767 5201 aspectum,
1795 5131 1934 5184 unde
1959 5145 2147 5200 spera-

573 5218 691 5257 mus
720 5217 844 5257 aUXl
887 5216 998 5257 um.

573 5218 691 5258 I'IIDS
720 5216 998 5257 austuum.

1157 5328 1390 5384 SERMO
1418 5328 1551 5385 VIII.

1105 5421 1185 5476 De
1212 5422 1374 5477 tribus
1402 5423 1591 5493 pueris.

651 5537 832 5593 Vicina
853 5549 937 5595 est
956 5538 1202 5593 liberatio
1219 5536 1647 5607 redemptorum,
1677 5536 1802 5604 quia
1825 5535 1934 5605 jam
1962 5536 2150 5591 trium-

577 5608 709 5677 phat
734 5608 899 5678 libera
927 5609 1205 5678 captivitas
1231 5605 1540 5677 puerorum.
1569 5605 1686 5660 Jam
1711 5607 2010 5678 proximum
2039 5614 2143 5671 est,

579 5685 637 5731 ut
655 5677 794 5731 sicut
814 5677 1023 5748 vincula
1045 5686 1346 5733 sanctorum
1368 5678 1667 5748 liquescunt
1689 5678 1743 5730 in
1766 5677 1938 5748 ignem
1958 5717 1973 5743 ,
1990 5677 2069 5748 ita
2090 5684 2147 5730 et

578 5754 797 5816 j'eccata
825 5745 1116 5801 electorum
1160 5745 1440 5802 solvantur
1485 5748 1537 5801 in
1578 5745 1799 5801 fontem.
1850 5745 2143 5813 Uti-ubique

576 5818 715 5873 roris
743 5816 909 5885 spirat
937 5831 1143 5870 amarus
1175 5817 1554 5885 tranquillitas,
1597 5817 1719 5885 quia
1747 5817 2022 5883 refrigerat
2049 5831 2145 5870 cos

2246 4623 2446 4696 apertis
2493 4627 2738 4696 rimatam
2795 4626 2988 4679 tabulis
3031 4639 3246 4696 navem.
3276 4623 3655 4696 Consuluisds
3700 4625 3831 4677 navi

2244 4692 2558 4759 confractaz,
2587 4694 2736 4749 novit
2771 4707 2888 4748 eam
2918 4693 3109 4749 artifex
3135 4692 3391 4748 Dominus
3416 4693 3829 4760 compaginare.

2244 4767 2586 4830 concludere,
2608 4765 2890 4830 castigarc,
2918 4763 3090 4819 linire.
3108 4761 3407 4817 Exsiccavit
3429 4763 3498 4817 de
3517 4763 3605 4815 illa
3627 4763 3828 4816 hume-

2245 4851 2423 4890 rosam
2467 4835 2756 4900 sentinam,
2799 4840 2857 4886 at
2887 4835 3037 4888 vobis
3080 4834 3360 4887 faeculenta
3386 4840 3626 4887 remanet
3680 4848 3831 4886 con-

2246 4905 2485 4959 scicntia.
2533 4904 2649 4959 Non
2690 4905 2826 4957 bene
2865 4904 3109 4958 voluistis
3146 4903 3361 4956 malitirc
3410 4917 3586 4956 remos
3635 4908 3831 4956 tenere

2247 4983 2433 5030 contra
2464 4976 2713 5029 miseram
2739 4986 2946 5037 navem,
2969 4988 3099 5027 ecce
3126 4987 3222 5026 vos
3250 4972 3514 5037 incipiatis
3539 4970 3832 5025 calumnia:

2253 5052 2444 5098 vestrae
2465 5044 2687 5099 internis
2706 5042 2953 5098 ﬂuctibus
2979 5043 3245 5110 laborare,
3267 5050 3321 5096 et
3343 5042 3430 5096 illa
3452 5042 3833 5110 int-ipietivelis

2251 5114 2515 5183 pudicitia:
2544 5114 2823 5183 navigare.
2843 5110 3009 5177 Vade,
3041 5109 3250 5183 mulier,
3279 5111 3345 5164 ad
3371 5111 3621 5179 pietatem
3650 5109 3833 5183 dedu-

2252 5179 2411 5250 ceris,
2438 5198 2543 5237 non
2566 5184 2631 5236 ad
2658 5179 3029 5241 severitatem;
3069 5182 3134 5235 ad
3164 5181 3537 5250 imperatorem
3568 5179 3829 5250 traheris,

2254 5268 2361 5307 non
2399 5248 2466 5305 ad
2501 5252 2758 5321 judicem.
2788 5250 2855 5305 Et
2883 5252 2987 5306 illis
3013 5264 3069 5307 et
3108 5252 3201 5305 tibi
3232 5248 3377 5304 venit
3421 5248 3540 5304 finis
3568 5267 3580 5301 :
3613 5249 3713 5302 tibi
3740 5266 3831 5321 _t_ie

2251 5324 2392 5377 male
2418 5318 2584 5387 vivas,
2631 5322 2737 5377 illis
2765 5328 2823 5376 ut
2848 5335 2908 5376 se
2933 5322 3071 5375 male
3098 5321 3339 5374 viventes
3378 5327 3692 5387 agnoscant.
3740 5318 3832 5372 Fit

2252 5406 2473 5460 magnus
2491 5408 2802 5453 concursus,
2830 5399 3042 5446 tenetur
3064 5389 3269 5458 trepida
3293 5389 3500 5460 mulier,
3529 5387 3829 5460 multorum

2254 5458 2501 5518 manibus
2520 5461 2821 5528 adducitur,
2844 5463 2896 5515 iu
2924 5461 3101 5515 medio
3122 5460 3394 5515 statuitur.
3416 5458 3579 5525 Quasi
3608 5474 3721 5514 non
3743 5460 3832 5512 in-

2254 5534 2570 5601 terrogaturi
2594 5572 2610 5596 ,
2657 5533 2751 5586 sed
2774 5532 2884 5600 jam
2912 5532 3287 5601 reprehensuri
3324 5530 3509 5601 levatis
3552 5528 3606 5583 in
3650 5529 3830 5601 altum

2251 5618 2370 5659 cum
2411 5597 2593 5657 lurore
2615 5597 2809 5671 palliis,
2855 5610 2913 5656 et
2940 5597 3162 5664 tunicis,
3205 5599 3440 5671 vultibus
3458 5597 3825 5671 conturbatis.

2252 5675 2421 5729 oculis
2461 5669 2774 5739 cruentatis,
2805 5672 3028 5725 vocibus
3052 5669 3330 5742 permixtis
3345 5669 3586 5736 confuse,
3601 5677 3830 5742 gstantes

2251 5753 2375 5797 ante
2403 5743 2698 5806 sedentem,
2728 5743 3032 5796 clamabant
3057 5738 3143 5795 ’ad
3187 5748 3473 5802 tacentem,
3521 5738 3617 5794 sed
3656 5742 3829 5793 tacite

2252 5814 2570 5879 iudicantem
2594 5831 2607 5866 :
2633 5811 2844 5880 Mulier,
2868 5812 3127 5881 inquiunt,
3150 5811 3250 5864 ista
3272 5811 3325 5863 in
3346 5809 3606 5863 adulterio
3631 5808 3828 5862 deme-
