4144 6354
518 349 617 407 871

1541 342 1877 400 APPENDIX
1915 343 2004 396 AD
2032 341 2089 400 S.
2115 341 2475 398 FULGENTII
2513 340 2758 398 OPERA.

3678 342 3786 398 873

522 479 618 519 nos
646 467 745 516 fuit
771 460 1065 516 domestica
1108 451 1475 514 controversia
1500 498 1514 523 ,
1548 457 1670 510 dum
1700 471 1804 524 ego
1829 464 2099 510 mortuum
2135 461 2173 513 Α
2204 456 2342 510 diem
2375 471 2556 509 verum
2586 469 2914 522 gemmarum
2942 453 3061 508 luce
3091 454 3354 509 vincebat.
3381 453 3528 510 Inter
3551 457 3661 510 lucc
3683 458 3786 510 ita-

522 548 628 587 non
659 545 920 601 agnosco,
959 537 1016 584 et
1043 529 1219 582 vivum
1251 528 1416 601 filium
1451 533 1648 601 repete
1678 544 1690 577 ε
1723 533 1780 579 et
1815 526 1905 580 illa
1929 541 2099 601 suum

516 595 745 671 deputat
765 595 967 671 vivum,
989 607 1045 652 et
1064 611 1242 652 meum
1263 596 1394 671 di_c_it
1413 610 1532 650 esse
1552 595 1879 671 defunctum.
1911 595 2104 671 Adest,

513 664 740 728 doinine
765 710 783 734 ,
824 669 973 723 testis
1023 674 1259 720 natura:
1299 666 1521 732 dignare
1572 666 1714 719 inter
1765 681 1865 719 nos
1903 664 2103 732 justam

514 737 764 810 proferre
788 737 1130 810 sententiam.
1162 735 1431 810 Continuo
1458 735 1719 810 Domin_us
1747 735 1841 810 ille
1857 735 1948 803 qui
1967 735 2106 810 ‘visi-

516 803 752 871 iaverat,
777 809 868 875 qui
894 805 1215 875 sapientiam
1250 803 1610 875 promiserat,
1641 805 1936 872 ingreditur
1965 803 2107 875 intra

514 872 827 934 Salomonis
853 872 1070 929 arcana.
1105 872 1289 929 Posuit
1318 874 1388 928 ibi
1410 874 1590 928 sedem
1623 890 1773 927 suam
1792 912 1808 938 ,
1839 873 2002 942 coepit
2039 873 2106 929 de

516 949 610 1003 illo
642 955 894 1010 tanquam
919 943 987 998 de
1014 944 1214 1012 templo
1237 959 1336 998 suo
1364 943 1476 997 sola
1507 944 1787 1010 interjecta
1817 944 1957 997 nube
1981 958 2106 998 cor-

516 1016 671 1086 poris
687 1013 952 1086 judicare,
973 1021 1032 1067 ut
1059 1021 1244 1086 posset
1264 1012 1434 1086 talem
1463 1022 1666 1086 naturae
1686 1013 1917 1086 rixantis
1946 1012 2105 1066 intel-

514 1081 700 1154 ligere’
715 1081 1090 1154 quaestionem.
1143 1081 1322 1154 Quid,
1354 1082 1565 1154 inquit,
1594 1083 1808 1154 dicitis?
1844 1081 2000 1154 _'I_‘uus
2026 1089 2111 1154 est

523 1151 682 1211 vivus
706 1151 884 1208 filius?
927 1151 1095 1214 Meus,
1131 1151 1372 1218 domine,
1402 1151 1488 1204 illa
1517 1151 1800 1206 clamabat.
1843 1151 1982 1212 Non,
2013 1151 2107 1205 sed

525 1240 680 1280 meus
694 1233 783 1279 est
798 1223 972 1283 vivus.
988 1228 1046 1275 et
1063 1221 1227 1290 ipsius
1242 1229 1326 1274 est
1339 1229 1602 1275 mortuus.
1630 1221 1744 1276 Hoc
1757 1221 2106 1284 alternantes,

526 1293 744 1349 dubiam
770 1291 1068 1346 reddebant
1093 1290 1373 1359 caliginem
1401 1290 1669 1344 mulieres.
1718 1291 1832 1344 Lux
1860 1293 1928 1347 de
1957 1290 2111 1344 Salo-

527 1377 691 1417 mone
722 1376 1012 1416 coruscans
1034 1399 1050 1422 ,
1087 1360 1232 1413 illam
1261 1360 1428 1430 tmpit
1463 1359 1714 1430 nebulam
1745 1360 2025 1430 dissipare,
2056 1367 2112 1414 et

530 1432 690 1486 talem
703 1431 946 1500 prorupit
961 1430 1013 1484 in
1029 1443 1236 1500 vocem,
1259 1428 1510 1500 intonans
1529 1429 1729 1499 regiam
1745 1428 2066 1500 potestatem
2092 1445 2106 1481 :

527 1497 745 1571 Aﬁerte,
759 1497 968 1571 inquit,
994 1498 1332 1571 mastitzrent,
1359 1497 1558 1571 etdate
1583 1497 1748 1552 divum
1775 1499 2027 1569 infantem
2056 1507 2113 1550 ut

531 1565 712 1642 gladio?
735 1565 994 1642 dictitatur
1021 1565 1207 1635 (Ibid.,
1236 1565 1348 1642 ξι).
1378 1565 1456 1621 Ne
1475 1566 1582 1621 ulla
1603 1581 1727 1642 pars
1747 1565 2110 1642 membrorum

533 1635 564 1694 5
590 1639 900 1694 mulieribus
921 1645 1218 1706 separetur,
1243 1635 1395 1704 jubet
1414 1643 1472 1689 ut
1493 1637 1772 1706 parvulum
1802 1637 1977 1706 vivum
2001 1650 2114 1689 ma-

531 1710 707 1766 chtnra
744 1704 1036 1769 secarent,
1082 1713 1137 1760 et
1182 1719 1214 1758 a
1261 1714 1448 1759 natura
1480 1704 1800 1760 dividerent.
1842 1704 2116 1760 Exclamat

531 1793 676 1835 vera:
711 1777 902 1834 matris
941 1775 1192 1836 allectus;
1241 1783 1513 1829 commota
1552 1783 1679 1830 sunt
1711 1774 1945 1837 viscera,
1986 1774 2111 1829 dum

533 1857 677 1905 esset
703 1854 908 1902 armata
935 1845 1220 1900 machaera.
1251 1842 1391 1905 Noli,
1419 1843 1550 1909 noli,
1590 1843 1825 1898 domine.
1856 1843 2115 1912 Interpel-

532 1919 640 1976 Iavi
684 1931 783 1986 pro
827 1915 1018 1979 lucro,
1070 1928 1176 1968 non
1217 1929 1318 1986 pro
1359 1913 1637 1986 dispendio
1683 1929 1824 1967 meo.
1875 1911 2115 1986 QppOsui

533 1981 830 2055 querelam,
844 1992 902 2038 ut
918 1999 1003 2038 me
1019 1981 1374 2055 peccatricem
1395 1997 1506 2036 non
1529 1981 1756 2055 facerem
1775 1983 2112 2055 parricidam.

537 2052 680 2122 Noli,
717 2055 958 2121 domine,
980 2068 1049 2108 ne
1073 2066 1225 2122 seces
1254 2070 1268 2105 :
1296 2053 1427 2122 dum
1454 2052 1730 2122 parvulum
1759 2052 1973 2117 dividis,
1998 2067 2117 2122 om-

541 2119 692 2194 nem,
719 2124 767 2178 si
794 2119 1051 2191 dignaris,
1085 2119 1212 2176 finio
1241 2119 1618 2194 quaestionem.
1643 2121 1835 2194 Totum
1853 2121 2121 2194 possideat

534 2190 920 2255 innocentem,
964 2200 1138 2248 totum
1183 2191 1340 2244 tollat
1385 2190 1665 2246 infantem.
1721 2190 1886 2244 Vivus
1921 2191 2022 2251 sit,
2064 2197 2120 2244 et

539 2264 706 2334 ipsius
732 2263 820 2334 sit.
866 2260 1227 2334 Siambarum
1257 2261 1383 2326 erit,
1413 2260 1612 2334 nullius
1636 2260 1757 2334 erit.
1791 2259 1909 2314 Noli
1933 2259 2120 2314 oculos

531 2329 694 2392 .meos
729 2332 970 2402 pignoris
1004 2331 1110 2385 mei
1153 2331 1389 2402 innocuo
1429 2329 2026 2402 sanguinefunestare,
2056 2345 2122 2382 ne

540 2407 642 2459 ista
666 2398 884 2470 incipiat
908 2401 977 2456 de
998 2413 1119 2455 mea
1143 2400 1375 2470 orbitate
1395 2413 1646 2470 gaudere.
1671 2398 1851 2461 Certe,
1881 2398 2120 2470 domine,

539 2477 583 2530 si
614 2475 728 2542 ipsa
768 2468 1068 2542 possederit
1093 2468 1406 2542 parvulum.
1438 2469 1658 2542 habebo
1695 2478 1750 2522 et
1785 2483 1889 2536 ego
1925 2468 1976 2522 in
2005 2468 2124 2533 ejus

541 2537 709 2600 oculis
737 2537 1106 2610 participium.
1134 2537 1340 2610 Yidebo
1373 2538 1474 2592 sub
1503 2538 1674 2593 aliena
1714 2546 1884 2592 matre
1910 2553 2131 2607 posses—

541 2629 678 2667 sum.
718 2608 986 2680 Aspiciam
1012 2608 1373 2680 gradientem,
1405 2616 1758 2680 crescentem,
1787 2614 2120 2671 currentem;

543 2683 739 2737 tenebo
775 2675 1064 2749 aliquando
1109 2691 1202 2746 per
1249 2678 1482 2749 plateam
1526 2675 1738 2731 furtivis
1783 2690 1929 2749 vera_
1954 2685 2128 2731 mater

543 2745 879 2821 amplexibus
903 2745 1373 2821 transeuntem_._E_t
1402 2746 1514 2810 illa,
1541 2761 1704 2821 quam
1736 2745 2126 2821 non_admone-

544 2814 652 2878 bat'
664 2828 886 2887 natura,
916 2833 1022 2873 non
1054 2814 1808 2887 interpellabantet:visccrat
1845 2814 2018 2882 Bene,
2048 2816 2129 2869 in-

544 2891 681 2960 quit,
704 2883 1080 2960 jussisﬁti,rex;
1116 2883 1726 2960 dividatur,_dividatur.
1755 2884 2128 2960 ﬁerte‘mater

545 2954 624 3016 es.
657 2954 794 3014 Ante
819 2954 1057 3021 dicebas,
1087 2969 1240 3010 meus
1264 2962 1348 3009 est
1372 2954 1546 3015 vivus,
1571 2969 1711 3010 nunc
1738 2954 1892 3020 dicis,
1919 2954 2129 3009 divida-

549 3037 654 3084 tur.
685 3025 844 3083 Certe
869 3033 1042 3095 mater
1063 3039 1142 3078 es.
1169 3023 1304 3078 Vera
1327 3032 1499 3095 mater
1517 3025 1858 3095 avertebatur
1879 3024 2131 3095 Iacrymis

549 3098 850 3173 oculorum.
888 3092 1158 3173 Continuo
1186 3107 1282 3173 rex
1313 3110 1327 3146 :
1359 3092 1551 3156 Parce,
1585 3092 2130 3173 inquit,.par£e,'noli

2205 540 2311 594 que
2341 527 2477 592 regis
2503 539 2698 579 nomen
2727 525 3082 592 meritumque
3111 525 3460 594 monstrabat,
3480 540 3599 592 qua:
3626 542 3786 594 quam

2207 593 2417 662 magna,
2446 610 2605 662 quam
2636 594 2938 663 perspicua,
2970 601 3078 646 tam
3107 593 3352 648 videlicet
3378 595 3627 662 pretiosa.
3646 593 3792 651 ’Pre-

2207 665 2394 734 tiosior
2437 663 2645 717 collatae
2672 664 2946 734 sapientia}
2982 663 3156 717 inerat
3183 663 3477 734 claritudo,
3506 679 3624 732 qua:
3653 681 3784 734 pro-

2206 733 2420 802 phetico
2459 748 2658 802 vapore
2684 732 3061 803 reSpIendens,
3091 733 3359 801 praeterita
3388 732 3601 796 docuit,
3635 732 3792 790 mon.

2207 804 2400 858 stravit
2449 802 2782 872 pmsentia,
2821 802 3015 872 cecinit
3060 810 3119 856 et
3167 810 3362 856 tutura.
3421 803 3552 856 Dum
3610 804 3793 872 itaque

2208 872 2420 942 paterni
2448 871 2598 939 regni
2630 871 2892 942 potiretur
2918 871 3141 942 imperio
3164 911 3181 935 ,
3225 872 3400 938 primo
3446 874 3636 926 frontis
3663 889 3792 928 exn-

2209 940 2353 997 mine
2372 941 2900 1012 duarumrmulierum
2929 940 3114 1012 durior
3137 956 3263 995 cura
3295 941 3632 1009 proponitur,
3658 959 3795 1012 quas

2206 1012 2366 1066 unius
2394 1011 2653 1081 temporis
2677 1018 2862 1078 partus
2890 1025 3046 1079 pares
3075 1007 3277 1065 fecerat
3298 1007 3516 1081 matres,
3552 1007 3796 1065 et'unius

2204 1082 2451 1150 compagi
2485 1080 2716 1147 tegmine
2739 1087 2992 1150 retentae,
3025 1081 3164 1150 inter
3188 1094 3309 1134 sera
3335 1080 3566 1150 silentia,
3599 1082 3796 1149 quibn;

2204 1149 2370 1205 morti
2400 1151 2589 1204 similis
2629 1149 2803 1204 somni
2851 1164 3015 1217 sopor
3051 1149 3354 1213 inducitur,
3394 1165 3425 1204 e
3454 1149 3660 1205 duabus
3690 1167 3795 1206 una

2205 1221 2561 1289 oppressione
2585 1220 2665 1274 sui
2688 1219 2931 1288 corporis
2951 1226 3284 1289 prmgravata
3304 1220 3499 1274 misere
3529 1228 3711 1289 natum
3740 1223 3794 1274 in

2205 1287 2440 1344 mortem
2467 1289 2718 1358 deprimit
2745 1287 3102 1358 innocentem.
3153 1287 3268 1341 Alia
3316 1305 3444 1343 vero
3480 1288 3627 1355 vigili
3669 1289 3798 1344 data

2211 1358 2477 1423 custodia,
2507 1357 2742 1426 servavit
2771 1357 2937 1411 filium
2967 1366 3206 1411 materna
3251 1359 3454 1426 pietate
3481 1359 3708 1423 victura;
3741 1369 3799 1412 at

2207 1428 2303 1481 illa
2333 1427 2595 1482 mendacii
2624 1425 2765 1480 dolis
2792 1435 3020 1488 armata,
3052 1428 3229 1481 vivum
3255 1425 3423 1481 lilium
3462 1429 3619 1482 matri
3646 1446 3797 1481 som-

2215 1497 2380 1554 nianti
2403 1497 2669 1554 subduxit.
2693 1495 2898 1563 sibique
2920 1501 2952 1548 f.
2973 1497 3176 1550 llaciter
3203 1496 3477 1564 applicuit,
3499 1498 3798 1552 remedium

2211 1581 2320 1620 non
2349 1581 2666 1634 possessum
2697 1571 2841 1634 quod
2897 1575 3020 1620 cett.
3061 1565 3194 1619 Dum
3224 1565 3386 1634 igitur
3413 1567 3463 1620 in
3497 1567 3668 1622 lucem
3701 1585 3803 1620 no-

2215 1635 2316 1690 ctis
2344 1637 2583 1690 tenebra:
2609 1643 3013 1704 rumperentur,
3045 1642 3101 1689 et
3126 1635 3317 1690 collata
3358 1636 3444 1690 die
3487 1638 3801 1691 umbrarum

2214 1705 2390 1772 caligo
2437 1719 2560 1760 cum
2605 1703 2797 1758 somno
2838 1703 2908 1758 ad
2945 1712 3155 1772 tempus
3185 1719 3216 1758 e
3259 1704 3456 1758 mundo
3497 1707 3801 1765 transisset.

2221 1783 2392 1828 mater
2418 1775 2501 1828 sui
2558 1774 2782 1845 caritate
2821 1773 3050 1827 sollicita
3097 1782 3366 1845 mortuum
3403 1774 3565 1828 filium
3610 1776 3806 1845 aspicit

2219 1859 2337 1897 esse
2369 1859 2472 1896 non
2503 1844 2803 1912 proprium,
2820 1857 2894 1912 ac
2919 1859 3076 1897 suum
3119 1843 3297 1896 vivum
3325 1845 3552 1897 miratur
3578 1843 3806 1898 alterius

2219 1913 2375 1967 fateri
2401 1910 2733 1981 copulatum.
2787 1910 3073 1983 Mendaces
3119 1927 3248 1981 ergo
3293 1912 3556 1983 simulque
3585 1930 3811 1968 veraces

2219 1990 2573 2050 prosurgunt,
2602 1989 2842 2048 strepere
2870 1982 3151 2035 mulierum
3179 1982 3506 2045 certamina,
3541 1985 3704 2038 verba
3735 1987 3810 2035 si-

2221 2052 2330 2105 mul
2359 2067 2422 2105 ac
2451 2053 2634 2105 lacerti
2665 2065 2856 2106 manus
2895 2060 3188 2105 armantur.
3234 2051 3339 2105 Sed
3369 2051 3454 2121 pia
3485 2061 3657 2107 mater
3683 2069 3810 2121 qua:

2222 2137 2350 2176 caro
2379 2122 2497 2174 sinu
2528 2128 2864 2184 servaverat,
2897 2121 2991 2173 tali
3021 2135 3180 2188 prece
3211 2122 3386 2185 regios
3414 2136 3602 2175 sensus
3633 2123 3808 2177 incla-

2224 2199 2335 2245 mat
2366 2208 2379 2244 :
2410 2189 2547 2245 Novi
2570 2191 2784 2260 quidem
2817 2191 3023 2260 paterni
3057 2191 3202 2257 regni
3231 2191 3403 2245 haeres
3431 2191 3586 2244 simul
3617 2201 3672 2245 et
3704 2209 3806 2246 nu-

2223 2273 2627 2330 men,concessa
2639 2259 2946 2330 tibicmlrsti
2958 2259 3170 2330 justitia
3187 2268 3241 2312 et
3259 2260 3486 2330 sapienti
3501 2260 3809 2324 libramine,

2224 2330 2355 2384 nihil
2389 2329 2634 2384 sensibus
2665 2328 2772 2382 tuis
2805 2332 3098 2382 obcelatur.
3148 2328 3257 2397 Age
3285 2328 3424 2385 nunc
3451 2345 3667 2384 causam
3697 2335 3808 2384 nati

2216 2399 2406 2454 miseri
2428 2399 2552 2460 mei,
2578 2413 2736 2463 quem
2767 2398 2885 2452 ideo
2912 2399 3100 2452 videor
3127 2399 3177 2451 in
3206 2399 3374 2454 lucem
3403 2399 3724 2467 profudisse,
3753 2411 3814 2454 ut

2220 2469 2351 2523 dum
2381 2468 2480 2521 sibi
2511 2482 2539 2520 a
2572 2467 2807 2522 talsidica
2836 2467 3154 2528 vindicatur,
3187 2477 3242 2522 et
3267 2477 3468 2523 mortes
3495 2480 3808 2537 exaggerat.

2219 2547 2281 2594 cet
2301 2552 2360 2592 se
2379 2537 2696 2607 singultibtis
2719 2537 2993 2590 innoxium
3022 2539 3277 2591 maternis
3297 2539 3533 2593 ablatum
3555 2539 3812 2595 uberibus

2226 2605 2606 2676 conqueratur.
2632 2605 2814 2660 Teneo
2845 2607 3022 2675 itaque
3053 2609 3381 2675 propositum
3413 2623 3613 2674 meum,
3644 2617 3724 2676 et,
3758 2618 3813 2664 te

2222 2678 2408 2746 judex,
2447 2691 2554 2730 non
2583 2677 2874 2730 dimittam:
2906 2690 3025 2743 qua:
3052 2678 3258 2746 servavi
3288 2679 3465 2731 vivum
3496 2677 3683 2738 lilium,
3715 2696 3811 2733 ca-

2229 2745 2393 2802 daver
2421 2761 2530 2801 non
2564 2746 2822 2814 accipiam
2851 2746 3120 2815 alienum.
3149 2745 3376 2815 Augitur
3403 2747 3541 2801 inter
3567 2747 3683 2802 bzec
3711 2747 3815 2802 Sa-

2229 2817 2460 2872 lomonis
2487 2816 2630 2882 regis
2658 2813 2974 2883 deprompta
2998 2813 3203 2885 iustitia
3234 2813 3255 2882 ζ
3293 2825 3349 2870 et
3375 2815 3657 2885 deligendo
3685 2834 3816 2872 sen-

2227 2888 2452 2941 tentiam
2477 2886 2759 2939 mulierum
2789 2887 3102 2939 certamina.
3131 2883 3249 2939 Pari
3279 2886 3443 2939 veluti
3471 2883 3659 2942 dolore
3689 2902 3813 2941 sur-

2231 2966 2420 3026 gentes
2480 2954 2776 3026 iudiciariis
2840 2955 3072 3008 motibus
3140 2954 3414 3026 intuentur
3476 2963 3810 3010 mortuum:

2228 3023 2472 3092 utrmque
2502 3023 2686 3078 dicunt
2713 3038 2966 3094 essenon
2992 3038 3186 3094 suum,
3227 3025 3404 3079 vivum
3435 3033 3676 3094 utrmque
3703 3027 3817 3083 suis

2227 3089 2712 3150 exclamationibus
2766 3089 3077 3146 defendunt.
3147 3092 3328 3148 Nullus
3374 3095 3529 3149 testis
3575 3089 3818 3150 assertor

546 3181 732 3241 gecare
752 3166 1035 3241 integrum,
1053 3163 1178 3230 quia
1200 3162 1628 3241 integrumsensi
1649 3162 1835 3241 matris
1857 3163 2126 3218 aﬂ'ectum.
2159 3179 2201 3241 (ς
2235 3165 2520 3229 inducitur,
2546 3162 2989 3241 causanocturni
3009 3162 3205 3241 silentii
3232 3163 3541 3228 ventilatur,
3568 3171 3623 3218 et
3647 3164 3818 3241 solius

547 3236 714 3290 Dolor
759 3230 910 3288 testis
954 3240 1038 3287 est
1058 3273 1074 3296 ,
1113 3231 1562 3300 gemitus'probat
1583 3274 1598 3297 ,
1627 3232 1771 3300 quod
1799 3230 1930 3286 fa.sa
1959 3242 2131 3286 mater
2167 3230 2201 3241 ”
2234 3242 2439 3287 tantum
2471 3231 2684 3286 nefandi
2714 3231 2890 3286 lectuli
2923 3232 3260 3286 latrocinium
3289 3241 3636 3288 monstratur.
3678 3232 3818 3288 Cum

547 3311 783 3360 accusat.
828 3302 954 3358 [Itec
998 3310 1082 3356 est
1123 3317 1249 3356 vera
1292 3309 1465 3355 mater
1503 3315 1623 3370 qua:
1650 3316 1757 3355 non
1788 3301 2131 3355 dividendum

546 3374 845 3444 proclamat
891 3371 1409 3444 innocentemesed
1455 3385 1606 3444 suam
1657 3371 1714 3444 in
1762 3371 1972 3441 integro
2018 3371 2130 3424 vult

548 3439 796 3512 amittere
821 3441 1167 3512 portionem._
1188 3439 1296 3512 Ipsi
1340 3440 1645 3512 eumdate.
1694 3439 1813 3509 Ipsa
1851 3439 1934 3496 est
1961 3450 2136 3512 mater

550 3513 686 3581 ejus.
734 3509 943 3582 Accipit
989 3511 1098 3582 illa,
1116 3509 1257 3582 ulnis
1282 3510 1590 3582 patentibus
1617 3525 1840 3579 puerum
1865 3549 1880 3573 ,
1911 3511 2133 3582 caeleste

549 3579 724 3653 etrapit
739 3579 960 3636 laudare
987 3579 1266 3653 judicium.
1290 3579 1293 3580 ⁷
1321 3579 1417 3653 Illa
1465 3587 1748 3653 acceptum
1779 3595 2001 3653 puerum
2027 3579 2134 3634 cir—

550 3648 919 3716 cumplexatur
940 3689 957 3713 ,
993 3648 1058 3705 et
1102 3649 1276 3704 dulcia
1322 3648 1489 3716 ligens
1525 3648 1707 3704 oscula
1731 3689 1748 3714 ,
1779 3650 2046 3703 clamabat
2080 3657 2132 3703 et

550 3718 765 3778 dicebat
789 3738 804 3773 :
837 3719 1130 3775 Secundum
1159 3718 1538 3772 multitudinem
1564 3719 1798 3772 dolorum
1825 3733 2048 3772 meorum
2077 3719 2134 3771 in

551 3789 704 3845 corde
742 3805 883 3854 meo,
921 3789 1299 3845 consolationes
1339 3797 1441 3843 tua
1466 3788 1870 3854 iucundaverunt
1907 3789 2135 3842 animum

551 3876 717 3914 meam
764 3857 937 3928 (Psal.
993 3861 1172 3926 xuii);
1227 3857 1354 3927 quia
1398 3858 1626 3928 lucidam
1674 3858 1831 3928 mihi,
1865 3857 2134 3927 prtebuisti

549 3926 809 3998 justitiam
835 3936 983 3983 tuam
1001 3968 1018 3993 ,
1047 3938 1104 3982 et
1127 3941 1230 3996 ego
1249 3926 1468 3998 semper
1495 3927 1662 3998 feram
1698 3926 1926 3998 gratiam
1953 3934 2133 3992 tuam;

551 3997 679 4063 quia
709 3998 850 4052 inter
874 4011 962 4052 me
983 4004 1041 4052 et
1065 4003 1294 4052 matrem
1321 3997 1510 4053 ...lsam
1531 3997 1720 4051 dividit
1742 3997 2002 4051 machaera
2023 4004 2136 4064 tua,

554 4075 618 4121 ut
644 4066 784 4122 unde
811 4066 902 4120 alii
925 4066 1132 4132 iudices
1158 4065 1334 4120 solent
1360 4065 1557 4120 inferre
1584 4074 1836 4130 mortem,
1866 4074 1924 4119 tu
1954 4080 2138 4120 veram

554 4135 623 4190 de
649 4134 828 4201 gladio
861 4133 1176 4190 detenderes
1197 4136 1530 4201 genitricem.
1565 4134 1712 4189 Bene
1745 4135 1906 4196 nosti,
1930 4150 2049 4201 rex,
2069 4134 2138 4190 de

555 4203 732 4272 gladio
758 4217 997 4273 prmerre
1023 4203 1277 4273 gladium,
1299 4211 1356 4273 et
1377 4219 1484 4258 non
1511 4204 1847 4270 sanguinem.
1871 4204 1967 4258 sed
1987 4218 2139 4258 amo-

556 4287 692 4335 rem,
720 4272 846 4342 quia
876 4272 1138 4328 machaera
1166 4281 1278 4342 tua,
1319 4272 1556 4338 domine,
1587 4287 1692 4327 non
1725 4273 1852 4327 mihi
1877 4281 2005 4328 sunt
2023 4273 2139 4328 vul-

557 4357 684 4398 nera
703 4384 719 4411 ,
738 4341 842 4399 sed
871 4343 1052 4413 potius
1079 4341 1364 4398 medicina.

1171 4432 1399 4488 SEIHIO
1437 4433 1526 4488 XI.

1195 4522 1274 4579 De
1300 4524 1497 4579 eodem.

625 4617 880 4674 Salomon
916 4615 1054 4673 sedit
1089 4617 1141 4671 in
1170 4615 1332 4670 domo
1363 4614 1527 4669 David
1557 4615 1720 4684 patris
1748 4615 1862 4680 sui,
1891 4622 1946 4668 et
1973 4629 2138 4684 appa-

557 4696 782 4743 ruerunt
807 4688 859 4742 ei
883 4686 1001 4741 dure
1028 4687 1275 4742 cominus
1316 4686 1586 4740 mulieres.
1633 4684 1769 4740 Dum
1809 4685 2012 4740 caalcsti
2040 4685 2137 4738 do-

557 4765 735 4826 gmate
759 4758 930 4812 inlusa
961 4756 1212 4826 Davidica
1250 4768 1490 4824 propago
1517 4763 1831 4826 gemmaret,
1862 4763 1922 4826 et
1945 4754 2137 4826 regalis

559 4821 696 4882 aulae
723 4826 917 4882 solium
952 4824 1110 4894 justte
1145 4821 1461 4892 regnaturus
1502 4821 1851 4894 ascenderet:
1881 4821 2135 4894 κταρ-(ω

560 4897 738 4964 fallor)
761 4896 866 4950 alta
887 4892 1063 4960 sedes,
1108 4894 1379 4963 specimen
1411 4893 1613 4961 templi,
1639 4893 1722 4948 cui
1752 4892 2136 4964 collatas_d_ivi-

561 4968 663 5024 tias
690 4961 979 5020 eminentia
1018 4961 1158 5020 tecta
1193 4965 1519 5032 portabant,
1560 4977 1855 5032 aurumque
1897 4961 2135 5016 trabibus

560 5035 783 5091 infixum
811 5033 1029 5089 artificis
1053 5031 1215 5087 manu
1242 5033 1571 5093 conclusum,
1602 5031 1874 5101 pulchrius
1899 5032 2130 5101 ctelaba-

562 5114 651 5159 tur
685 5105 1058 5183 inconstructa
1107 5103 1398 5183 parietibus
1444 5100 1616 5182 moles
1634 5140 1664 5183 ,_
1693 5102 1885 5183 decisis
1933 5100 2136 5183 nitebat

563 5175 846 5242 utrobique
874 5171 1226 5228 marmoribus
1250 5179 1305 5242 et
1342 5171 1621 5240 purpureis
1650 5171 1910 5242 lapidibus
1933 5171 2133 5242 stratis,

563 5252 622 5299 ut
646 5239 842 5312 regalis
863 5243 1055 5298 domus
1079 5239 1984 5312 claritudo’tul’gesceret,’quidquid
2013 5255 2136 5310 pre-

564 5309 760 5370 tiosuin
789 5319 964 5366 iuerat
987 5311 1310 5367 calcabatur.
1356 5310 1571 5366 Ebenus
1597 5309 1794 5378 speciei
1823 5324 1932 5364 suae
1971 5309 2133 5365 orna-

563 5391 747 5437 mento
775 5383 1068 5449 retulgens,
1099 5380 1259 5434 infixa
1290 5379 1844 5450 postibusrelucebat,
1869 5381 2134 5450 magnitu-

565 5451 741 5506 dinem
764 5452 845 5505 sni
873 5452 1056 5505 auxilii
1087 5449 1315 5506 atterens
1335 5464 1492 5516 quam
1521 5449 1768 5504 decorem
1798 5449 1938 5502 atrii.
1963 5449 2136 5504 Ebura

565 5522 883 5586 vcstiuntur,
917 5521 1143 5574 thronus
1186 5521 1410 5588 gemmis
1457 5527 1680 5574 ornatus
1728 5518 2050 5586 insignibus,
2081 5526 2136 5574 et

567 5591 749 5660 stratis
795 5589 1192 5660 quodammodo
1221 5590 1527 5660 purpuratis
1567 5597 1751 5660 aurata
1777 5590 1990 5660 bractea
2019 5602 2137 5644 cre-

607 5657 831 5729 itabantI
872 5659 1027 5729 Sedit
1068 5657 1366 5715 intcr'haic
1407 5659 1831 5729 sapientissimus
1857 5657 2132 5720 Salomon,

592 5727 768 5799 ulgido
794 5728 1095 5784 diademate
1121 5743 1402 5784 coruscum
1429 5727 1594 5799 caput
1627 5727 1922 5792 extollens,
1962 5738 2018 5799 et
2053 5729 2134 5783 vi-

569 5798 773 5854 brantia
795 5799 990 5856 metalli
1019 5802 1102 5870 (ut
1130 5800 1201 5853 ita
1229 5799 1478 5863 dixerim)
1502 5798 1848 5868 ’operimento
1875 5798 2138 5868 perfusus,

2220 3302 2408 3358 ssubito
2439 3309 2568 3356 nutu
2609 3302 2701 3356 illo
2729 3301 2921 3355 divina:
2949 3302 3159 3355 virtutis
3196 3302 3248 3356 in
3288 3317 3400 3370 quo
3427 3303 3629 3357 veritas
3655 3319 3814 3357 com-

2233 3373 2523 3442 probatur,
2555 3372 2606 3425 in
2637 3380 2818 3441 partes
2845 3371 3014 3426 scindi
3029 3370 3190 3442 jubet
3235 3371 3490 3442 infantem
3516 3410 3532 3436 ,
3577 3380 3638 3426 ut
3674 3373 3820 3426 inter

2227 3441 2578 3497 Servatrieem
2607 3448 2834 3494 matrem
2866 3482 2881 3507 ,
2927 3448 2981 3493 et
3024 3441 3164 3494 inter
3205 3441 3288 3498 sui
3327 3449 3512 3509 partus
3555 3443 3816 3495 netariam

2233 3511 2573 3572 homicidam,
2595 3509 2763 3576 judex
2789 3509 2996 3579 gladius
3023 3519 3318 3579 separaret.
3351 3509 3483 3563 Dum
3506 3510 3663 3578 igitur
3682 3527 3814 3564 vera

2226 3588 2410 3635 .mater
2437 3580 2491 3633 in
2537 3576 3016 3648 iniseruin'corpus
3043 3576 3260 3634 infantis
3288 3576 3596 3646 impendere
3622 3579 3822 3635 vulnus

2233 3651 2517 3717 aspiceret,
2537 3651 2586 3703 in
2595 3650 2759 3703 ternis
2772 3649 3007 3702 cruciata
3022 3650 3312 3704 visceribus
3328 3649 3502 3718 erupit
3519 3649 3569 3702 in
3590 3663 3785 3703 vocem
3799 3668 3817 3703 :

2233 3718 2278 3773 0
2303 3719 2486 3773 durior
2514 3726 2718 3773 naturae
2747 3717 3055 3781 necessitas,
3085 3733 3194 3785 quo
3218 3717 3441 3786 cogites,
3469 3718 3552 3772 vel
3578 3732 3690 3786 quo
3720 3734 3819 3773 co-

2233 3789 2314 3857 gis
2340 3789 2507 3842 amari
2540 3789 2696 3851 filios.
2726 3795 2818 3857 ant
2847 3789 3044 3842 liberos
3068 3789 3338 3856 procreari
3363 3789 3374 3839 !
3427 3787 3565 3857 Ecce
3591 3789 3644 3841 in
3676 3788 3820 3842 divi-

2235 3855 2412 3913 dendo
2435 3873 2663 3927 corpore
2712 3855 2930 3912 infantis
2988 3855 3284 3911 maternum
3316 3856 3576 3927 scinditur
3602 3865 3818 3926 pectus,

2232 3936 2291 3982 et
2316 3942 2435 3996 qua:
2459 3926 2622 3982 edere
2649 3929 2728 3981 sic
2755 3934 3066 3982 meruerunt
3090 3927 3276 3993 tilium,
3296 3929 3422 3995 ipsa:
3449 3928 3500 3980 in
3527 3926 3638 3980 lilio
3663 3935 3824 3980 natu-

2235 3998 2332 4053 rali
2364 3997 2574 4052 vinculo
2603 3996 2885 4050 laniantur.
2916 3996 3084 4064 Imple
3107 4010 3256 4064 ergo,
3289 3997 3706 4051 clementissime
3735 4012 3824 4051 re-

2235 4080 2380 4135 gum,
2402 4081 2618 4121 causam
2633 4065 2938 4134 justissimte
2953 4066 3184 4132 pietatis.
3209 4064 3266 4119 Si
3289 4065 3452 4119 filium
3474 4081 3581 4119 non
3607 4081 3824 4120 mereor

2237 4134 2434 4191 habere
2461 4150 2619 4205 quem
2657 4135 2841 4204 peperi
2864 4177 2881 4201 ,
2909 4135 2952 4187 si
2982 4134 3058 4205 sic
3085 4136 3288 4205 falsitas
3318 4136 3477 4189 infert
3503 4136 3822 4201 orbitatem,

2237 4205 2433 4260 habeat
2461 4204 2674 4274 plenum
2695 4219 2892 4274 corpus
2917 4205 2968 4258 in
2996 4204 3124 4265 filio,
3146 4204 3340 4260 habeat
3370 4205 3635 4270 integrum
3657 4219 3821 4272 quem

2239 4291 2344 4330 non
2372 4272 2538 4330 edidit
2567 4282 2766 4328 natum.
2794 4272 2953 4328 ’Dum
2982 4275 3144 4327 alitur
3165 4313 3182 4336 ,
3220 4274 3345 4329 dum
3377 4277 3613 4328 nutritur
3633 4314 3649 4337 ,
3693 4274 3826 4328 dum

2237 4345 2305 4412 a_d
2334 4345 2536 4412 majora
2565 4343 2894 4412 provehitur.
2925 4344 2969 4399 si
2992 4344 3207 4412 quando
3236 4344 3288 4396 in
3317 4352 3488 4398 semet
3515 4352 3822 4398 maternam

2239 4405 2516 4482 agnoverit
2541 4405 2817 4483 pietatem,
2841 4405 3080 4468 fortassis
3101 4423 3350 4480 agnoscet
3370 4420 3501 4467 :etas
3523 4413 3824 4481 legitimam

2240 4485 2572 4551 genitricem.
2621 4483 2737 4536 Alia
2776 4498 2927 4549 vero,
2955 4483 3096 4549 justa
3123 4483 3436 4536 crudelitate
3476 4483 3826 4537 f'rendescens

2168 4535 3100 4620 Daaisiig,'simui“me{sane
3135 4535 3341 4620 perdita
3386 4535 3442 4605 et
3494 4535 3826 4620 morarier;

2240 4623 2416 4686 culsa,
2449 4638 2518 4678 ne
2543 4625 2680 4677 bona
2711 4630 2880 4676 matre
2919 4621 3083 4675 tilium
3120 4620 3436 4676 lucrifacere
3475 4621 3825 4691 pervidisset,

2237 4693 2432 4746 talibus
2459 4692 2730 4771 indignata
2779 4691 3058 4771 prmstigiis
3085 4691 3439 4771 conclamavit
3467 4689 3489 4743 ξ
3516 4689 3825 4771 Justissime

2233 4762 2717 4831 regum,0ptimam
2745 4769 2802 4815 et
2825 4760 3144 4829 condignam
3173 4761 3439 4831 protulisti
3466 4760 3818 4831 sententiam,

2239 4829 2423 4885 ne’uni
2452 4829 2653 4895 lavere,
2683 4831 2908 4884 alteram
2936 4844 3178 4898 premere
3207 4829 3481 4883 videreris.
3531 4829 3828 4898 Scindatur

2238 4901 2469 4954 medium
2515 4915 2712 4970 corpus
2741 4897 2986 4963 infantis,
3017 4913 3116 4954 nec
3143 4899 3290 4970 mihi,
3321 4914 3420 4953 nec
3445 4898 3521 4952 illi
3548 4897 3822 4970 proficiat.

2239 4969 2330 5038 qui
2357 4985 2495 5024 unus
2531 4970 2852 5024 remansisse
2897 4969 3043 5022 visus
3087 4976 3172 5023 est
3198 4983 3230 5022 e
3255 4969 3480 5023 duobus.
3532 4969 3603 5021 At
3631 4977 3824 5022 contra

2233 5040 2433 5108 regalis
2453 5040 2672 5108 iustitiae
2699 5039 3122 5109 sapientissimus
3147 5038 3419 5109 Salomon_
3450 5038 3612 5091 talem
3645 5039 3830 5092 incre-

2239 5107 2414 5179 pando
2443 5107 2664 5179 protulit
2687 5107 3053 5179 sententiam:
3085 5107 3264 5179 Steva.
3293 5107 3599 5174 crudelior,
3625 5117 3686 5179 et
3707 5123 3829 5160 om—

2237 5176 2384 5233 nium
2414 5176 2609 5247 genere
2636 5181 2917 5234 noxiorum
2943 5176 3248 5232 infanticida
3276 5179 3534 5240 severior,
3564 5177 3691 5244 quid
3725 5193 3830 5231 no—

2240 5248 2450 5303 vercale
2483 5249 2664 5302 odium
2702 5249 2754 5302 in
2793 5249 2931 5302 bene
2963 5255 3232 5301 servatum
3290 5247 3453 5300 tilium
3493 5247 3634 5300 male
3666 5262 3826 5301 com-

2239 5319 2426 5387 ponis?
2454 5317 2661 5372 Habeat
2688 5318 2950 5387 integrum
2979 5317 3166 5375 filium.
3189 5331 3351 5387 quam
3377 5331 3564 5387 veram
3594 5325 3826 5370 matrem

2241 5385 2413 5457 pietas
2458 5385 2849 5457 comprobavit.
2909 5385 3195 5457 Utaturet
3236 5385 3350 5457 hzec
3389 5385 3826 5457 cad_avere__suo,

2240 5454 2358 5526 quae
2387 5472 2494 5527 non
2521 5454 2664 5527 quod
2692 5457 2923 5511 nutriret
2947 5456 3189 5527 peperit,
3225 5455 3321 5511 sed
3353 5454 3501 5523 quod
3531 5454 3831 5509 occidisset

2240 5526 2461 5582 invenit.

2831 5612 3062 5669 SEBMO
3095 5612 3209 5671 XII.

2866 5703 2942 5759 De
2968 5705 3177 5776 Joseph.

2313 5799 2510 5855 Omnes
2546 5798 2786 5866 prteclari
2817 5805 2936 5851 sunt
2969 5797 3058 5865 qui
3106 5795 3198 5850 Dei
3244 5795 3558 5863 mysterium
3605 5798 3825 5860 gerunt.
