4168 6348
329 437 425 494 88!

1716 438 1945 498 SEIIMO
1986 439 2162 498 XVIII.

3478 449 3583 504 832

323 552 557 629 audivit;
587 551 857 629 leprosum
878 552 1159 629 inundavit
1178 560 1241 629 et‘
1255 552 1489 629 refulsit;
1515 555 1758 629 claudum
1780 571 1901 617 ,ere-
1934 562 1976 616 Α
2006 571 2322 629 cogeremur
2351 557 2492 624 loqui
2520 571 2616 627 pro
2643 558 2869 629 infante,l
2899 559 2939 613 si
2963 560 3074 628 ipse
3103 576 3200 629 pro
3229 577 3288 619 se
3309 560 3451 629 loqui
3478 578 3585 615 non

325 624 421 683 xit,
453 632 509 676 et
534 623 800 686 cucurrit;
827 623 892 676 ad
923 631 1187 677 mortuum
1212 625 1508 688 descendit,
1553 635 1605 680 et
1635 628 1701 679 de
1730 637 1901 678 nmrte

320 693 574 753 surrexit,
607 700 661 746 et
689 703 971 760 cmperunt
992 692 1103 761 jam
1134 695 1372 762 pmnales
1395 711 1640 750 carceres
1666 695 1898 756 vacuari,

321 763 505 833 fractis
543 762 942 833 januisinierui
969 763 1207 821 vectibus
1247 764 1372 832 ligni
1420 767 1607 833 inquo
1647 765 1902 833 pependit

325 832 582 887 Dominus
619 831 761 888 cmli.
794 831 910 885 Jatn
949 845 1078 899 ergo
1108 835 1198 898 qui
1238 831 1371 888 feeit
1401 831 1595 888 orbem,
1619 831 1899 897 terrarum,

322 904 483 957 orbes
528 903 733 973 aperuit
777 916 1071 973 (sucorum.
1103 899 1154 957 0
1177 912 1379 958 rotator
1428 902 1664 973 ﬁgulus!‘
1697 913 1904 959 rutatos

322 982 406 1026 est
434 972 627 1034 verbo,
674 979 733 1025 et
760 972 901 1025 visus
931 972 1161 1027 donatus
1205 983 1286 1027 est
1313 972 1481 1028 caeco.
1510 973 1729 1042 Figulus
1758 974 1898 1026 enim

321 1042 539 1110 quando
570 1056 695 1093 vasa
716 1042 986 1096 convolvit
1018 1042 1087 1096 de
1116 1042 1242 1096 limo
1269 1042 1565 1108 formanda,
1617 1044 1901 1099 volubilem

323 1109 495 1175 tangit
521 1109 743 1180 pedibus
784 1120 978 1165 rotam.
1028 1110 1095 1164 Et
1144 1112 1332 1179 ﬁgulus
1371 1123 1551 1167 noster
1600 1113 1731 1167 vidit
1758 1122 1904 1167 rotas

323 1181 757 1252 oculoruchci
789 1189 1076 1244 vacantes,
1105 1183 1274 1252 tangit
1317 1198 1428 1246 eas,
1476 1199 1584 1236 non
1626 1183 1780 1252 pede,
1810 1181 1903 1237 sed

321 1264 474 1305 voce.
508 1247 703 1319 Tetigit
734 1252 1006 1317 agitando,
1029 1260 1084 1305 et
1114 1247 1359 1306 formavit
1385 1253 1568 1306 oculos
1597 1247 1777 1306 limum
1810 1268 1905 1319 po-

320 1321 519 1393 nendo.
541 1318 681 1393 Quid
692 1330 775 1373 est
800 1322 902 1376 hoc
913 1320 1095 1393 itinde
1116 1321 1221 1393 tale
1241 1320 1554 1393 collyrium?
1580 1321 1693 1375 Non
1711 1322 1776 1374 de
1799 1318 1905 1387 pig-

321 1389 519 1460 mentis
540 1390 825 1460 herbarum
848 1390 1287 1460 collyrium.Non
1313 1389 1364 1443 in
1388 1392 1494 1460 pila
1519 1392 1805 1446 c‘ontritum
1830 1393 1896 1444 la-

318 1456 543 1533 boribus
556 1456 1115 1533 _tuedicorum_._.llomo
1134 1459 1200 1533 de
1222 1456 1661 1533 liino,.collyrium
1683 1461 1749 1516 de
1768 1462 1899 1533 luto.

320 1527 609 1594 Quomodo
630 1529 771 1583 enim
789 1528 997 1583 aurifex
1011 1530 1207 1584 monile
1222 1527 1550 1586 confractum
1575 1547 1679 1586 non
1697 1530 1904 1599 argenti

319 1599 502 1667 Specie
532 1607 899 1669 ren'ivat,incc
934 1600 1267 1669 argentarius
1289 1616 1414 1655 vasa
1450 1600 1654 1669 argenti
1693 1600 1758 1656 de
1793 1617 1903 1654 me—

319 1668 453 1722 t'allo
475 1667 645 1723 reficit
668 1668 783 1722 auri
814 1686 826 1722 :
855 1669 925 1722 ita
948 1678 1003 1724 et
1025 1669 1216 1723 artifex
1239 1668 1428 1737 ﬁgulus
1449 1667 1633 1726 noster
1650 1669 1906 1725 Dominus

319 1737 614 1815 Christus,._
636 1752 729 1793 vas
757 1738 900 1815 quod
939 1737 1005 1815 de
1032 1739 1160 1815 limo
1191 1738 1332 1815 fecit,
1365 1740 1432 1795 de
1462 1741 1575 1815 luto
1594 1740 1808 1815 refecit.
1827 1739 1908 1815 _Et

318 1809 465 1863 unde
492 1808 680 1877 oculos
705 1809 908 1877 primos
936 1807 1203 1874 formavit,
1249 1810 1370 1864 inde
1411 1807 1674 1866 secundos
1720 1811 1905 1866 oculos

317 1879 619 1952 renovavit.
650 1876 779 1952 Qum
801 1878 972 1952 major
990 1879 1264 1952 estgloria
1286 1880 1471 1952 orbem
1493 1880 1622 1935 solis
1650 1880 1901 1952 formare,
1941 1930 1979 1952 η

317 1930 567 2003 sam:
609 1930 958 2003 na‘ti‘ocul'os
997 1930 1326 2004 reftirmare?
1381 1948 1561 2005 Solem
1620 1930 1902 2005 illuminari
1939 1930 1981 1986 Β

317 2015 445 2073 fecit
491 2018 543 2071 in
591 2019 786 2072 throno
833 2017 1107 2082 sedendo,
1171 2035 1372 2074 aecum
1419 2020 1601 2075 videre
1638 2021 1907 2075 concessit

316 2100 418 2159 per
440 2088 642 2156 plateas
663 2088 840 2142 s:eculi
862 2087 1208 2159 ambulando.
1226 2088 1409 2159 Itaque
1432 2106 1538 2144 non
1561 2099 1744 2158 rogata
1761 2091 1906 2145 venit

316 2157 555 2223 claritas,
603 2165 656 2211 et
698 2159 815 2212 sine
863 2158 1047 2212 labore
1092 2157 1333 2227 precum
1363 2159 1609 2213 discessit
1633 2157 1906 2214 naturalis

315 2229 554 2283 accitas.
606 2227 831 2299 Mittitur
858 2226 926 2299 ad
958 2226 1237 2296 piscinam,
1286 2229 1431 2283 lavat
1459 2229 1681 2299 lumina,
1706 2230 1906 2299 recipit

317 2299 729 2370 claritatcmket
768 2297 983 2351 ducitur-
1030 2299 1097 2352 ad
1125 2308 1422 2353 certamen.
1465 2298 1509 2353 Ο
1536 2298 1811 2370 speculum
1828 2297 1904 2353 Vil-

314 2366 681 2426 itminatnm.r
718 2378 843 2422 ante
884 2383 991 2423 non
1040 2378 1251 2437 paterat
1290 2382 1528 2437 pugnare
1566 2366 1630 2423 'et
1666 2369 1910 2434 vincere,

315 2439 433 2495 nisi
444 2437 714 2492 Christum
736 2437 1046 2493 illuminatis
1062 2439 1231 2493 oculis
1249 2440 1521 2493 adoraret.
1540 2437 1903 2493 Illuminatum

315 2516 399 2565 est
423 2506 700 2578 speculum
745 2508 910 2578 caeci,
941 2513 996 2561 et
1038 2508 1275 2564 tenebris
1317 2516 1443 2563 sunt
1487 2509 1660 2578 operti
1707 2507 1899 2563 Judaei.

314 2576 518 2636 Nolunt
544 2577 728 2632 videre
751 2578 803 2631 in
834 2576 1035 2633 lumine
1066 2579 1246 2634 alieno
1273 2596 1286 2631 :
1314 2578 1434 2633 ideo
1464 2576 1570 2647 no;n
1613 2585 1904 2647 potuerunt

315 2647 535 2717 superbi
575 2662 761 2701 verum
791 2647 1036 2717 aspicere
1076 2648 1254 2702 lumen
1287 2648 1339 2702 in
1367 2647 1499 2704 Deo.
1520 2642 1777 2702 Palmstra
1806 2664 1903 2717 pa-

313 2726 470 2774 ratur
499 2717 843 2788 post_lucem,
894 2726 950 2772 et
993 2719 1131 2788 lucis
1156 2725 1344 2773 auctor
1372 2735 1478 2788 non
1521 2717 1721 2773 deserit
1763 2718 1903 2772 servi

313 2790 399 2844 sui
422 2786 1017 2843 illuminaticertatnen.
1038 2786 1083 2842 Ο
1100 2788 1343 2856 ραιωδιιιθ
1362 2787 1709 2859 delectabilis,
1727 2801 1904 2859 pugna

313 2859 581 2915 claritatis
608 2866 797 2912 contra
839 2859 1089 2912 tenebras
1113 2857 1396 2927 cmcitatis!
1441 2857 1742 2913 Adducitur'
1765 2874 1902 2927 prte-

313 2936 483 3001 ceptq
500 2928 774 3001 seniorum
788 2935 856 3001 et
876 2928 1174 3001 principum
1193 2926 1520 3001 Iudaeorum,
1544 2926 1905 3001 circumdatur

314 2996 504 3054 lumen
528 3014 563 3068 _a
593 2996 850 3068 tenebris,
876 3006 930 3053 et
960 2996 1117 3068 erigit
1140 2996 1373 3053 faculam
1396 2998 1760 3068 responsionis
1805 3014 1904 3068 pro

314 3066 583 3124 miracqu
612 3066 928 3123 Salvatoris.
961 3067 1329 3137 interrogatur
1357 3076 1412 3122 et
1436 3066 1746 3137 reSpondet,
1794 3066 1901 3123 cir-

314 3138 605 3195 cumdatur
631 3145 687 3193 et
714 3152 821 3193 non
847 3138 1131 3204 clauditur,
1175 3138 1407 3207 agitatur
1451 3146 1507 3193 et
1535 3154 1640 3192 non
1671 3138 1901 3193 circum-

314 3209 552 3280 venitur.
575 3207 723 3273 Quis,
744 3208 1009 3279 inquiunt,
1029 3208 1119 3280 tibi
1147 3209 1349 3278 aperuit
1376 3209 1551 3280 oculos
1573 3207 1761 3280 (Ibid.,
1775 3208 1903 3280 to)?

314 3278 509 3334 Nonne
554 3286 611 3334 tu
655 3293 777 3333 eras
822 3278 995 3333 decus
1022 3278 1213 3335 sedens
1240 3286 1296 3334 et
1334 3278 1649 3334 mendicans
1689 3279 1741 3332 in
1782 3278 1903 3331 via?

223 3370 234 3374 ·
315 3348 435 3417 Ego
460 3362 609 3403 eram
637 3347 945 3403 mendicans
975 3349 1028 3403 in
1058 3348 1165 3416 via,
1195 3356 1482 3417 antequam
1514 3348 1766 3404 transiret
1795 3349 1896 3401 via.

316 3418 520 3491 Aperta
550 3427 676 3491 sunt
703 3418 902 3491 lumi_na
930 3433 1072 3483 mea,
1092 3421 1218 3488 quia
1246 3418 1337 3475 ille
1366 3419 1557 3491 transit
1576 3419 1774 3491 quiest
1794 3418 1900 3491 via,

316 3486 520 3544 veritas
547 3496 602 3543 et
628 3489 761 3543 vita.
816 3486 945 3557 Ego,
978 3503 1078 3557 ego
1105 3486 1254 3555 sum;
1296 3504 1405 3543 non
1447 3486 1720 3543 abscondo
1748 3489 1905 3557 ιπερὶ-

316 3566 488 3615 tatem
519 3573 717 3627 meam,
742 3565 800 3612 ut
821 3556 1082 3613 cOnﬁtear
1107 3558 1393 3627 gratuitam
1433 3558 1770 3613 medicinam.
1797 3556 1903 3611 Cu-

314 3637 471 3684 ratus
498 3644 617 3684 sum
647 3629 702 3698 in
747 3628 867 3683 loco
913 3628 1191 3698 singulari,
1239 3636 1514 3698 contestor
1558 3629 1663 3698 sub
1705 3628 1904 3698 lumine

315 3698 464 3763 cmli,
487 3700 611 3767 quia
631 3697 875 3753 Christus
904 3707 988 3754 est
1010 3696 1100 3768 qui
1123 3714 1208 3753 me
1230 3698 1356 3753 fecit
1373 3696 1578 3753 videre.
1609 3697 1704 3753 Dic
1720 3696 1920 3760 .uobis,.

315 3769 594 3838 inquiunt,
622 3768 933 3837 qualitatem
963 3767 1155 3824 medici
1180 3768 1290 3823 tui.‘
1304 3767 1453 3832 Dico,
1485 3784 1593 3838 non
1622 3769 1917 3838 erubesco“

314 3836 671 3907 Evangelium
696 3846 780 3892 est
801 3854 996 3894 novum
1019 3838 1321 3893 illuminare
1340 3853 1559 3893 ciccum.
1584 3837 1736 3901 Dico,
1759 3836 1900 3902 dico,

316 3910 530 3990 utinam.
579 3916 635 3963 et
678 3907 1539 3990 uo‘s‘ejus'caperetisamorem,
1571 3908 1664 3990 qui
1711 3907 1904 3988 medici

315 3979 562 4049 qumritis
589 3977 931 4049 qualitatem!
961 3977 1156 4033 Lutum
1180 3979 1306 4034 fecit
1333 3991 1492 4047 spu‘o
1522 3977 1632 4049 oris
1656 3977 1751 4049 sui
1766 3992 1913 4033 com-

316 4047 576 4116 mixtum,
624 4048 760 4103 liuiit
805 4048 991 4103 oculos
1018 4063 1187 4112 meos,
1230 4049 1375 4102 misit
1402 4063 1489 4102 me
1516 4048 1584 4118 ad
1621 4047 1915 4118 piscinam-

315 4118 461 4186 Quid
512 4118 705 4173 fuerim
749 4127 1069 4174 consecutus
1111 4125 1481 4173 contestantur
1524 4117 1727 4172 Iumina
1763 4133 1903 4171 mea.

318 4188 462 4255 Quid
486 4188 654 4243 dicis?
680 4204 818 4243 nova
841 4204 928 4243 res
947 4198 1052 4252 est,
1072 4188 1347 4253 mentiris;
1376 4186 1445 4244 dc
1468 4186 1582 4243 luto
1610 4203 1903 4256 nunquam,

317 4274 597 4342 nunquam
626 4258 822 4340 scimus
836 4258 1034 4340 oculos
1070 4259 1200 4342 (ξπεὶ
1240 4274 1372 4342 esse.
1401 4257 1719 4342 pate'factos.
1772 4257 1910 4339 Vere

316 4328 517 4394 dicitis,
551 4329 674 4399 quia
706 4329 922 4399 nescitis
956 4328 1238 4399 quodnon
1269 4327 1494 4399 vidistis.
1523 4327 1639 4399 Ego
1669 4328 1793 4383 novi
1817 4327 1906 4397 qui

317 4401 507 4465 video,
536 4398 624 4467 qui
655 4398 877 4464 credidi,
921 4396 1069 4454 sensi
1108 4398 1312 4453 ctvidi.
1344 4396 1474 4453 Erat
1500 4396 1773 4454 certamen
1796 4396 1911 4452 ma-

316 4483 507 4537 gnum,
520 4470 644 4539 quia
660 4468 839 4539 lumen
854 4468 1283 4539 venitmaguum.
1301 4469 1402 4523 Alii
1420 4468 1689 4539 dicebant,
1706 4484 1812 4523 non
1827 4477 1910 4523 est

318 4536 460 4610 ipse.
480 4536 582 4592 Alii
600 4537 868 4604 dicebant,
882 4538 1005 4610 ipse
1020 4536 1122 4594 est.
1138 4536 1335 4610 Omnes
1354 4554 1541 4593 verum
1562 4538 1830 4610 dicebant,
1854 4546 1910 4593 et

317 4608 438 4679 ipse
464 4616 601 4677 erat,
622 4616 677 4664 et
706 4623 811 4663 non
836 4609 1107 4679 eratipse.
1133 4609 1190 4663 Si
1212 4609 1487 4663 hominem
1503 4608 1770 4679 attendas,
1796 4608 1909 4679 ipse

2006 634 2207 694 posset.
2251 624 2348 680 Hic
2377 624 2559 682 autem
2605 626 2739 687 olim
2784 624 3038 750 loquitur,
3071 624 3229 685 modo
3263 624 3404 685 videt
3435 648 3446 682 :
3477 648 3583 685 ca:—

2006 710 2125 750 cutn
2154 712 2183 748 a
2217 696 2492 750 nativitate
2540 699 2801 750 novimus.
2872 708 3160 750 ouuentem
3208 700 3335 750 olim
3374 701 3583 750 audivi-

2003 710 2125 750 cutn
2154 712 2183 748 a
2211 696 2492 768 nativitate
2540 699 2801 768 novimus,
2853 696 3160 768 loquentem
3208 700 3335 756 olim
3374 701 3584 755 audivi-

2006 780 2141 840 mus,
2174 766 2439 840 videntem
2470 766 2631 840 modo
2660 766 2936 840 videmus.
2955 769 3131 840 Ipsum
3155 769 3498 840 interrogate.
3526 779 3586 824 ut

2009 835 2363 903 instruamiui.
2396 836 2531 902 Quid
2560 852 2662 890 nos
2690 835 3122 894 calumniamini?
3146 835 3384 895 .Elateni
3410 839 3584 904 habet,

2002 906 2113 974 ipse
2140 922 2235 972 pro
2271 922 2325 960 se
2353 908 2593 976 loquatur
2621 906 2809 980 (Ibid,
2839 908 2953 980 2i).
2986 910 3211 980 Aptatus
3239 919 3321 965 cst
3359 912 3498 965 enim
3531 920 3585 963 ut

2005 990 2113 1047 non
2144 987 2288 1047 esset
2330 991 2508 1046 parva:
2533 978 2725 1040 :etatis,
2775 978 2867 1032 sed
2898 978 3181 1047 legitimus,
3214 989 3271 1034 ut
3294 981 3584 1035 testimonii

2005 1041 2120 1112 ej'us
2147 1041 2673 1116 plenns'provenirct
2698 1041 3015 1116 triumphis.
3063 1041 3288 1105 Reditur
3325 1051 3390 1104 ad
3421 1051 3587 1104 lucta-

2006 1129 2128 1184 nten
2155 1123 2209 1169 et
2237 1130 2487 1184 pugnam,
2519 1115 2691 1171 donec
2718 1115 2874 1170 suum
2897 1128 3141 1174 cerneret
3185 1130 3582 1174 coronatoran

2009 1182 2102 1253 Dic
2127 1182 2619 1253 nobis,‘inquiunt.
2667 1185 2802 1251 Quid
2848 1189 3000 1243 vobis
3039 1190 3251 1244 dicam?
3292 1188 3414 1243 1am
3454 1191 3586 1243 dixi.

2007 1250 2145 1317 Quid
2173 1253 2354 1308 iterum
2386 1250 2536 1309 vultis
2585 1250 2804 1311 audire?
2838 1254 3087 1317 Nunquii
3116 1269 3162 1313 et
3208 1276 3293 1314 ros
3316 1261 3466 1313 uultis
3509 1260 3589 1312 di—

2005 1325 2322 1400 stjpuliejuns
2347 1327 2492 1379 esse?
2523 1324 2592 1400 Et
2614 1326 2723 1400 illi:
2753 1326 2825 1380 Tu
2855 1324 3229 1400 sisdiscipnlus
3258 1330 3365 1399 ejus
3398 1328 3584 1400 (Ibid..

2006 1392 2093 1457 27,
2125 1392 2243 1462 28).
2263 1392 2310 1447 Ο
2337 1409 2525 1463 magna
2556 1395 2767 1463 injuria,
2797 1395 2940 1465 quod
2962 1392 3223 1452 desiderio
3244 1392 3439 1464 dicitis,
3470 1401 3584 1452 sino

2005 1478 2167 1538 causa
2214 1465 2610 1538 increpatis?_a
2658 1467 2853 1538 lumine
2882 1484 2968 1520 mc
3009 1484 3131 1538 non_
3154 1470 3435 1538 separatis.
3480 1470 3584 1523 Sed

2004 1548 2117 1598 nos,
2148 1534 2416 1609 inquiunt,
2434 1536 2669 1609 discipuli
2688 1535 2858 1609 Moysi
2882 1554 3073 1609 smnus.
3096 1536 3169 1609 Et
3189 1534 3277 1592 ille
3303 1557 3314 1592 :
3342 1538 3406 1592 Et
3437 1539 3572 1609 Moy-

2006 1617 2099 1656 sen
2118 1604 2315 1670 audivi,
2339 1614 2395 1658 et
2418 1604 2709 1674 prophetas
2738 1604 2932 1667 audivi,
2952 1607 2993 1658 31
3018 1608 3205 1661 swculo
3228 1609 3458 1662 auditum
3480 1604 3581 1662 non

2004 1682 2100 1746 est,
2124 1675 2244 1743 quia
2267 1677 2468 1746 aperuit
2494 1675 2759 1746 quisquam
2785 1677 3100 1746 οςιιΙοδτίιιιοί
3122 1679 3230 1731 nali
3263 1677 3403 1744 (Ibid
3431 1720 3445 1743 ,
3470 1678 3582 1739 3'2}.

2005 1740 2049 1817 _0
2071 1740 2769 1817 magnus'defensorl'tam
2798 1745 3036 1800 defendit
3077 1740 3362 1817 antequam
3394 1740 3582 1812 credit,

2007 1810 2059 1888 in
2091 1813 2279 1888 medio
2295 1814 2608 1888 nebularum
2637 1824 2745 1888 stat
2772 1833 2935 1888 unum
2963 1810 3305 1883 stillicidium,
3351 1827 3411 1888 et
3440 1810 3584 1888 capit

2006 1880 2073 1936 de
2104 1884 2225 1956 vivo
2256 1883 2400 1956 fonte
2449 1885 2792 1953 triumphum.
2845 1885 2967 1940 Irati
3015 1896 3172 1955 sunt,
3216 1880 3585 1956 etii-jecerunt

2008 1966 2129 2027 eum
2160 1952 2321 2027 foras.
2353 1954 2545 2027 Beatus
2587 1952 2677 2024 qui
2707 1956 2817 2009 exit
2858 1955 2925 2010 de
2966 1952 3234 2027 synagoga
3288 1952 3583 2026 malignan-

2010 2022 2139 2075 tium
2160 2040 2181 2096 ἱ
2206 2024 2421 2078 deducit
2458 2040 2579 2096 eum
2606 2022 2900 2096 exeuntem
2932 2022 3011 2079 de'
3040 2022 3284 2096 palmétt‘a
3327 2022 3583 2082 victorem

2008 2094 2276 2147 exercitus
2321 2093 2654 2159 angelorum.
2699 2093 2988 2163 Pugnavit,
3040 2093 3296 2162 defendit,
3347 2099 3491 2158 vicit,
3534 2107 3586 2151 et

2007 2162 2121 2215 sine
2150 2177 2347 2217 corona
2370 2163 2634 2227 discessit,
2659 2162 3097 2230 quia’oportcbat
3121 2166 3268 2220 illum
3299 2182 3328 2220 a
3360 2167 3587 2225 Domino

2008 2232 2277 2286 coronari.
2315 2231 2557 2287 Occurrit
2604 2233 2677 2287 illi
2708 2232 2964 2289 Dominus
2993 2245 3281 2290 coronator
3327 2237 3590 2292 innec/en-

2008 2302 2161 2375 t_ium,
2194 2302 2522 2375 illuminator
2549 2318 2836 2375 cmcorum,
2868 2306 3025 2373 tergit
3053 2306 3119 2360 de
3151 2306 3266 2375 ejus
3293 2311 3465 2361 ‘ronte
3494 2324 3585 2361 su»

2007 2371 2219 2442 dorem.
2245 2372 2567 2428 Consolatur
2595 2373 2783 2441 verbo,
2830 2374 2919 2442 qui
2949 2371 3230 2431 curaverat
3258 2377 3404 2431 limo.
3429 2376 3587 2442 Quid,

2008 2440 2182 2508 inquit
2204 2441 2482 2508 Dominus,
2530 2459 2564 2496 ο
2593 2450 2649 2496 tu
2680 2440 2953 2510 speculum
3003 2449 3217 2500 meum?
3259 2446 3388 2501 foris
3417 2440 3587 2509 vides,

2007 2512 2399 2585 putasueintus
2428 2511 2611 2567 vides?
2639 2512 2815 2585 Vides
2833 2529 2919 2569 me
2945 2530 3053 2584 quo
3084 2515 3176 2568 tibi
3202 2530 3465 2585 appareo;
3499 2531 3586 2583 pn-

2009 2581 2346 2656 tasne‘vides
2388 2582 2439 2635 in
2491 2597 2575 2636 me
2614 2598 2720 2651 quo
2764 2583 2857 2638 tibi
2904 2581 3012 2656 non
3058 2581 3335 2656 apparet)?
3381 2581 3588 2656 Aspicis

2007 2650 2128 2724 quia
2170 2651 2331 2705 homo
2361 2669 2497 2724 sinu,
2528 2650 2777 2724 putasuc
2819 2654 3012 2724 aspicis
3037 2650 3162 2724 quia
3192 2655 3425 2710 Verbum
3456 2650 3584 2711 caro

2006 2720 2187 2781 factus,
2209 2737 2329 2798 sum
2350 2724 2374 2798 Z?
2404 2722 2590 2798 Credis
2607 2724 2677 2798 _in_
2695 2720 2897 2798 ilium
2932 2724 3030 2798 1]ςὶ
3043 2720 3076 2798 1’:
3090 2724 3333 2798 ngine,
3356 2726 3470 2798 quis
3490 2735 3586 2798 est,

2006 2800 2061 2843 ut
2098 2791 2304 2865 credam
2344 2793 2397 2845 in
2427 2808 2539 2847 eum
2574 2791 2757 2864 (Ibid.,
2804 2794 2926 2865 56,_
2951 2794 3082 2864 '57)?
3130 2794 3243 2863 Ego
3296 2791 3588 2865 te'aspicio

2006 2860 2268 2914 medicum
2318 2878 2513 2927 meum,
2563 2860 2760 2917 novum
2808 2863 2967 2920 audio
3017 2860 3273 2920 verbum:
3319 2860 3586 2932 Quis-est,

2006 2941 2060 2983 ut
2085 2932 2317 3007 credattt_
2337 2933 2389 2986 in
2411 2933 2575 3007 _eum_?
2614 2931 2758 3007 Ego,
2780 2934 2972 3007 inquit,
3001 2937 3262 3007 sum,_qui
3303 2936 3483 3007 loquor
3513 2931 3589 2989 te-F

2006 3017 2137 3054 cum.
2169 3000 2374 3075 Et_i|l_e,
2400 3000 2586 3075 Credo,
2610 3000 3033 3059 Domina—Sensi
3059 3000 3391 3075 majestaten't
3421 3015 3587 3068 tuam,

2006 3079 2058 3124 et
2081 3071 2254 3141 recepi
2285 3072 2584 3145 claritatem
2631 3088 2826 3139 meam,
2856 3088 3016 3143 quam
3062 3071 3238 3130 minus
3283 3076 3445 3130 habui
3494 3091 3590 3145 per

2007 3148 2272 3216 naturam.
2326 3141 2751 3216 dudivhvocem
2800 3141 2986 3216 tuam,
3044 3160 3316 3216 cognosco
3363 3141 3588 3216 gloriam

2008 3218 2174 3286 tuam.
2207 3211 2609 3286 Credo,_cred_o,
2625 3214 2797 3286 credo,
2819 3212 3054 3286 Domine.
3077 3213 3146 3286 Et
3168 3211 3438 3286 procidehs
3469 3216 3592 3270 ado-

2006 3283 2280 3354 raviteum
2306 3280 2495 3354 A(Ibi_d.,
2529 3283 2642 3353 58).
2682 3283 2941 3339 Adoravit
2967 3285 3114 3354 quod
3157 3280 3313 3347 vidit,
3365 3286 3592 3340 credidit

2006 3351 2146 3419 quod
2174 3351 2362 3423 sensit.
2394 3351 2651 3423 Adoravit
2680 3351 3006 3410 illuminatus
3042 3354 3240 3418 lumen,
3290 3366 3345 3409 et
3390 3356 3591 3423 gratias

2004 3434 2169 3494 agens
2214 3421 2485 3494 Domino,
2513 3421 2615 3489 Qui
2653 3423 2790 3494 dixit
2834 3439 2955 3478 cum
3000 3425 3284 3494 propheta,
3330 3421 3479 3494 Apud
3519 3435 3587 3491 te,

2005 3490 2247 3562 Domine,
2296 3493 2576 3562 fauerint,
2607 3502 2654 3546 et
2682 3494 2735 3546 in
2765 3492 2957 3547 lumine
2987 3490 3072 3548 tuo
3104 3490 3388 3549 ridebimus
3419 3490 3587 3548 lumen

2007 3560 2177 3631 (Paul.
2210 3560 2371 3626 xxiv,
2407 3561 2515 3632 10),

2570 3652 2802 3708 SEllMO
2844 3654 3020 3710 XVIII.

2170 3743 2247 3799 De
2276 3743 2487 3810 Eliswo,
2518 3745 2601 3797 ubi
2626 3745 2792 3799 vidua:
2820 3747 2985 3799 oleum
3017 3746 3394 3816 multiplicauit.

2076 3832 2342 3899 Quoniam
2371 3833 2519 3889 venit
2549 3832 2825 3903 Dominus,
2875 3835 2963 3903 qui
2996 3834 3238 3889 buntiliet
3285 3835 3583 3889 calumnia-

2008 3912 2205 3972 torem,
2238 3905 2560 3976 nouitimcat
2589 3902 2828 3976 Ecclesia
2861 3902 3243 3976 funeratorem,
3276 3906 3400 3976 quia
3431 3921 3587 3960 secu-

2011 3989 2126 4028 ram
2155 3971 2388 4045 reddidit
2417 3973 2717 4028 mulierem.
2749 3971 2794 4027 Ο
2817 3975 3019 4045 grande
3047 3971 3357 4045 mysterium
3389 3977 3585 4030 subve-

2008 4044 2334 4125 nieutisplei
2361 4052 2789 4125 sacramentum,
2809 4060 2918 4125 quo
2946 4044 3184 4125 debitum
3208 4044 3454 4125 solvitur,
3474 4048 3587 4125 vita

2010 4114 2340 4185 transigitur,
2374 4122 2430 4168 ct
2450 4115 2662 4169 venturi
2677 4114 2873 4183 judicis
2892 4115 3153 4171 securitas
3172 4114 3586 4185 comprobatur!

2008 4182 2055 4255 ρ
2080 4185 2281 4255 grande
2310 4186 2643 4255 mysterium,
2673 4182 2817 4253 quod
2848 4192 2930 4240 est
2959 4185 3011 4239 in
3040 4201 3208 4241 cornu
3237 4182 3547 4243 conclusum
3574 4184 3588 4239 3

2014 4251 2164 4327 Unde
2211 4251 2483 4327 unguntur
2522 4251 2858 4327 sacerdotes,
2909 4256 3032 4311 inde
3072 4256 3365 4327 vincuntur
3413 4256 3589 4327 cupidi

2011 4324 2325 4396 creditores.
2372 4322 2522 4380 Unde
2565 4325 2901 4393 ungehantur
2927 4326 3225 4396 prejihetze,
3272 4327 3393 4381 inde
3421 4322 3592 4380 mater

2012 4409 2133 4449 cum
2165 4393 2286 4449 ﬁliis
2331 4410 2436 4449 non
2470 4397 2620 4451 timet
2662 4393 3045 4450 feneratorem.
3095 4394 3247 4451 Unde
3284 4397 3595 4451 sacerdotes

2013 4465 2354 4527 liniebautur,
2390 4465 2513 4520 inde
2534 4466 2785 4520 sacerdos
2828 4464 3001 4533 major
3036 4464 3266 4520 efﬁcitur
3294 4482 3414 4520 cum
3443 4465 3584 4519 dulei

2013 4534 2237 4590 ecclesia
2282 4534 2534 4588 ﬁliorum.
2577 4533 2640 4588 Et
2686 4535 2827 4590 sicut
2868 4534 2936 4589 de
2965 4535 3147 4590 multis
3177 4551 3337 4589 unum
3363 4535 3595 4604 liquatur

2015 4604 2467 4675 unguentum,_ita
2497 4604 2601 4659 hoc
2619 4605 2928 4675 mysterium
2954 4604 3077 4675 fecit
3096 4619 3216 4659 cum
3241 4613 3415 4675 matre
3443 4604 3594 4659 habi-

316 4672 473 4745 érat;
500 4680 544 4734 si
566 4672 752 4750 oculos
772 4672 1229 4745 consideres,non
1251 4688 1369 4733 erat
1389 4680 1523 4750 ipse.
1552 4677 1609 4732 Si
1628 4672 1907 4750 speculum
1936 4691 1989 4750 D
2015 4672 2130 4728 tare
2155 4673 2349 4750 fratres
2379 4673 2430 4727 in
2466 4689 2650 4750 unum.
2678 4672 2752 4750 Ὀ-
2774 4674 2945 4750 gratia
2992 4674 3117 4750 olei,
3139 4674 3591 4750 ‘undeﬁplangenti

317 4749 597 4816 attendas,
618 4746 734 4819 ipse
757 4758 901 4814 erat;
926 4751 973 4805 si
994 4750 1174 4804 lumen
1198 4750 1250 4803 in
1272 4746 1492 4819 speculo
1508 4746 1904 4819 contempleris,

316 4836 433 4889 non
466 4820 579 4888 ipse
607 4817 759 4889 erat:
791 4820 1187 4888 quiamedicus
1227 4817 1343 4889 ejus
1389 4819 1444 4873 in
1494 4817 1757 4889 principio
1793 4827 1910 4872 erat

318 4887 582 4953 Verbum,
600 4896 668 4959 et
694 4887 931 4959 Verbum
961 4889 1105 4959 apud
1122 4887 1297 4943 .Deum
1329 4890 1468 4943 Deus
1494 4887 1635 4959 erat.
1667 4887 1782 4959 Non
1817 4902 1909 4943 no-

319 4959 430 5024 bis,
460 4958 730 5029 inquiunt,
761 4958 961 5029 sufticit
989 4957 1297 5014 testificatio
1323 4967 1434 5025 tua,
1457 4973 1571 5029 non,
1593 4957 1708 5029 ipsa
1732 4957 1908 5029 imago

319 5036 435 5085 tua.
480 5025 599 5083 Non
645 5037 729 5083 cst
767 5028 1067 5096 ipsa,..scio,
1088 5029 1270 5095 imago
1298 5043 1437 5083 mea.
1469 5027 1577 5082 Sed
1602 5025 1692 5081 ille
1726 5025 1794 5096 ad
1820 5042 1909 5081 me

318 5099 473 5154 venit
516 5097 608 5165 qui
651 5112 736 5151 me
782 5095 906 5153 fecit
951 5097 1020 5153 ad
1069 5099 1352 5165 imaginem
1399 5105 1455 5153 et
1501 5095 1902 5152 similitudinem

319 5184 497 5223 suam.
522 5166 914 5236 Mentiris,.tton
939 5168 1052 5236 ipse
1076 5166 1292 5223 os.ﬁon
1324 5168 1437 5236 ipse
1464 5182 1603 5226 sum,
1634 5166 1757 5236 quia
1787 5182 1903 5220 tnu-

319 5247 471 5294 tatus
493 5234 879 5292 sum...lobem
922 5234 1117 5292 adduci
1157 5234 1428 5307 parentes,
1475 5244 1535 5290 ut
1562 5234 1687 5307 Atilio
1712 5234 1906 5307 ﬁerent

318 5317 640 5364 assertores.
675 5307 1024 5362 Adducuntur
1052 5305 1322 5377 parentes,
1370 5314 1426 5361 et
1452 5305 1757 5377 testimonia
1772 5320 1908 5377 _cre_-

292 5386 515 5449 scunt,
569 5383 624 5432 et
674 5385 1028 5433 accusatores.
1054 5371 1421 5449 erubescunt,
1468 5371 1531 5449 O_
1568 5375 1901 5449 malignitas!

319 5443 516 5503 contra
545 5462 606 5501 se
632 5454 980 5515 congregant.
1004 5446 1327 5511 testimonia,
1377 5454 1435 5499 ut
1480 5445 1637 5515 plena
1670 5443 1911 5515 ﬁeretide

318 5532 469 5573 ceco
496 5514 1019 5585 victoria.I.Veniunt,
1046 5524 1194 5571 stant
1219 5516 1272 5569 iu
1302 5514 1796 5577 medio’scniorum,
1829 5514 1924 5568 ιιι--

318 5595 603 5656 terrogant
627 5605 638 5639 :
672 5585 771 5642 Hic
810 5586 949 5656 ﬁlius
975 5595 1151 5642 vester
1179 5595 1262 5641 est
1287 5586 1381 5654 qui
1410 5585 1631 5642 sedebat
1656 5599 1830 5656 caecus
1854 5593 1923 5639 et.

319 5654 639 5713 mendicans
660 5656 715 5710 in
746 5656 869 5710 via?
912 5655 978 5710 Et
1015 5656 1128 5710 illi:
1172 5656 1291 5725 Ipse
1319 5664 1423 5722 est,
1449 5656 1695 5711 novimus
1742 5654 1928 5708 lilium-

321 5736 570 5783 nostrum
597 5736 690 5781 :et
708 5726 753 5779 si
774 5741 1049 5796 negamus.
1076 5735 1291 5782 accusat
1311 5726 1532 5781 allectus
1547 5742 1561 5791 ;
1576 5725 1678 5783 sed
1692 5731 1909 5794 apertos

319 5799 444 5866 ejus
472 5796 952 5866 oculosvidemus,
989 5805 1054 5866 Aet
1101 5812 1201 5851 nos
1242 5796 1340 5866 ipsi
1388 5796 1647 5850 miramur
1674 5803 1909 5866 :Aventer

318 5863 513 5925 Lbster
539 5864 722 5922 effudit
743 5881 964 5922 caecum.
988 5863 1300 5935 Ignoramus
1327 5872 1507 5921 autem
1534 5866 1655 5934 quis
1683 5863 1810 5935 fecit
1839 5863 1908 5919 de

318 5938 471 5993 ramo
492 5936 865 5993 illuminatum.
890 5933 1055 5994 Filius
1074 5936 1289 6007 quidem
1303 5944 1509 5992 -noster
1523 5943 1629 6006 est,
1655 5933 1749 5992 sed
1762 5935 1907 6005 justi:

2011 4743 2342 4799 succurritur
2364 4744 2520 4798 matri
2538 4753 2662 4806 ,et
2708 4745 2959 4798 violentia
2991 4744 3243 4798 adimitur
3288 4743 3549 4799 feneranti
3577 4745 3590 4798 Σ

2010 4813 2054 4867 0
2078 4811 2344 4869 confectio
2372 4829 2499 4869 cum
2518 4828 2622 4882 qua
2652 4822 2737 4869 est
2774 4812 2914 4869 facta
2946 4815 3152 4870 curatio
3179 4815 3191 4867 !
3217 4812 3344 4870 Inde
3365 4816 3590 4870 vulnera

2011 4883 2161 4954 Iinita
2182 4881 2466 4954 foveatur:
2499 4881 2623 4938 inde
2648 4884 2877 4954 superba
2900 4884 3064 4940 corda
3090 4885 3397 4951 mitescunt,
3422 4893 3481 4940 ut
3501 4885 3595 4940 de-

2012 4953 2159 5008 linita
2189 4952 2311 5025 oleo
2339 4953 2668 5025 chrismatis,
2693 4952 2830 5025 colla
2848 4954 3034 5023 jugum
3056 4954 3325 5025 accipiunt
3344 4970 3595 5010 mansueo

2014 5032 2149 5095 tum.
2192 5021 2323 5089 Quis
2353 5039 2459 5078 non
2490 5023 2734 5079 attendat
2761 5024 2827 5078 ad
2854 5021 2964 5080 elei
2992 5021 3414 5095 sacramentum,
3453 5025 3593 5081 unde

2011 5094 2213 5165 mulier
2236 5094 2541 5165 libertatem
2569 5095 2838 5165 conquirit
2882 5096 3178 5151 natorum?
3228 5094 3427 5151 Omnes
3453 5096 3596 5151 enim

2012 5162 2149 5219 facit
2170 5164 2373 5235 videre,
2421 5164 2547 5235 quia
2574 5162 2839 5221 sine'oleo
2868 5181 2973 5219 non
3023 5173 3202 5235 potest
3233 5166 3455 5222 lucerna
3497 5166 3596 5221 ful-

2012 5248 2178 5305 gere,
2208 5233 2267 5305 In
2290 5233 2635 5305 sacramento
2684 5236 2867 5304 itaque
2896 5235 3003 5291 olei
3026 5233 3222 5304 ’gratia
3253 5245 3335 5292 est
3365 5236 3597 5305 Spiritus

2011 5301 2207 5376 sancti.
2242 5301 2650 5376 llluminationis
2675 5301 2966 5376 pinguedo,
2998 5301 3171 5376 ntictis
3195 5314 3342 5361 casta
3381 5301 3600 5363 succes-

2013 5372 2101 5429 sio.
2123 5375 2470 5428 tenebrarum
2500 5373 2649 5441 fugat
2676 5372 2974 5431 accessum.
3010 5375 3154 5431 Inter
3182 5376 3432 5430 tenebras
3454 5378 3597 5431 enim

2017 5451 2135 5499 erat
2162 5444 2261 5514 ista
2291 5442 2472 5498 vidua.
2512 5443 2684 5499 Mater
2710 5444 2953 5501 desolata
2979 5447 3116 5510 viro,
3146 5453 3368 5514 gravata
3390 5446 3596 5513 debito,

2018 5522 2073 5569 et
2118 5513 2330 5568 addicta
2358 5514 2595 5584 gemino
2619 5516 2789 5584 jugo;
2841 5515 3096 5570 amiserat
3128 5513 3237 5584 prae
3268 5516 3426 5571 tardio
3457 5517 3598 5572 lucis

2018 5591 2313 5654 aspectum.
2356 5582 2635 5640 Tenebras
2649 5584 2951 5654 patiebatur
2975 5586 3043 5640 de
3081 5582 3442 5642 conventione
3470 5604 3595 5642 crn-

2018 5652 2217 5708 delium
2246 5652 2622 5708 fenerantium.
2652 5652 2814 5711 Foris
2856 5655 3128 5718 violentia,
3179 5656 3322 5711 intus
3362 5657 3596 5712 miseria.

2019 5723 2283 5790 Qumritur
2310 5722 2698 5794 misericordia,
2750 5734 2805 5780 et
2852 5741 2958 5779 non
3007 5734 3088 5779 est
3126 5726 3219 5794 qui
3267 5724 3446 5789 faciat,
3497 5728 3599 5782 nisi

2055 5792 2664 5864 ropheta.rlnterpellat
2722 5793 2968 5850 Elisamin
3032 5792 3223 5850 mulier
3290 5806 3595 5864 angustata.

2055 5811 2301 5864 ropneta.
2352 5811 2664 5862 mterpenat
2722 5811 2968 5850 busamtn
3032 5811 3223 5850 muner
3290 5811 3595 5864 angustata.

2015 5811 2269 5938 gubvcni,
2306 5863 2520 5938 domine
2548 5880 2701 5920 serve
2724 5863 2813 5919 Dei
2840 5883 2853 5928 ;
2878 5880 3056 5938 causa
3081 5866 3369 5938 requiritur
3391 5876 3445 5922 et
3467 5884 3597 5937 pan-

2016 5936 2179 6002 ditur,
2231 5943 2285 5989 et
2336 5935 2583 6007 htcrymte
2632 5952 2740 5992 non
2788 5936 3107 5994 retinentur.
3161 5935 3311 6006 Scis,
3358 5935 3596 6002 domine,
