4144 6354
395 316 498 374 885

1843 314 2067 379 SERMO
2097 314 2208 377 XX.

2785 262 2958 279 ’σίτου-σι

3542 317 3645 373 88ϋ

396 435 690 518 tummodo
716 436 1056 518 exposcimus
1099 453 1331 518 prpcem.
1377 436 1460 518 Et
1501 454 1634 518 puer
1659 457 1680 518 ι.
1724 440 1965 497 Domine.
2003 447 2043 500 Α
2075 439 2272 518 parari.
2331 438 2516 518 Divisit
2542 452 2675 518 eum
2708 437 2864 518 Jesus
2905 430 3258 518 Naveﬂowc
3286 430 3491 518 nbula)
3522 446 3642 518 cum

396 506 587 576 inquit,
616 507 801 574 utique
826 522 933 561 non
960 516 1041 561 est
1067 506 1118 562 ei
1145 507 1304 573 lilius,
1335 516 1389 560 et
1412 508 1493 561 vir
1519 508 1637 575 ejus
1660 508 1770 576 jam
1801 525 1964 562 senex

394 574 498 631 est.
532 574 599 644 Et
628 576 888 644 propheta
918 594 930 629 :
963 577 1045 631 Ad
1068 578 1209 631 hunc
1232 576 1372 630 diem
1400 574 1603 631 videbis
1631 574 1682 632 te
1711 587 1968 644 concepto

395 642 641 718 ﬂlio._llla
661 642 926 718 desiderio
946 648 1123 718 plena,
1142 647 1386 700 sensibus
1409 647 1704 700 verecunda
1726 642 1964 718 expavit,

392 714 585 786 gaudio
619 714 967 786 contremuit;
1005 715 1236 770 fructum
1266 730 1393 769 vero
1422 718 1675 786 suscepit.
1722 714 1969 786 Nascitur

392 787 442 839 ei
466 783 625 846 Illius,
678 785 830 854 tarde
853 792 1148 854 conceptus
1183 794 1266 838 est
1290 786 1398 839 cito
1425 783 1741 839 moriturus.
1772 783 1965 840 rEstivi

388 854 534 924 cnim
560 853 691 907 solis
717 853 911 924 ardore
952 853 1205 908 deCoctus
1234 869 1396 924 super
1421 868 1611 924 genua
1651 856 1837 908 matris
1877 872 1967 908 su-

390 923 602 992 spirans
645 922 829 976 oculos
854 922 907 976 in
943 932 1115 978 morte
1154 922 1431 977 conclusit.
1478 922 1546 977 Et
1582 923 1669 977 illa
1702 934 1968 978 mortuum

391 1007 548 1047 suum
579 992 718 1045 lecto
747 992 980 1061 hominis
1009 992 1106 1047 Dei
1134 993 1400 1061 patienter
1424 992 1695 1061 imposuit,
1731 1002 1787 1047 et
1816 1002 1969 1061 rogat

390 1062 642 1115 maritum
673 1069 731 1114 ut
759 1061 824 1113 ad
853 1060 1127 1116 hominem
1160 1060 1256 1116 Dei
1286 1063 1444 1116 citius
1474 1060 1771 1127 festinaret,
1804 1070 1859 1116 et
1884 1060 1969 1117 ce-

391 1131 467 1185 lat
486 1130 882 1200 necessitatem,
915 1146 984 1185 ne
1013 1131 1082 1186 de
1106 1147 1211 1185 una
1255 1146 1351 1200 spe
1396 1130 1596 1186 faceret
1621 1131 1967 1199 desperatum

387 1200 670 1282 dolorem._
697 1199 849 1282 ῌονὶ,
883 1201 1073 1282 inquit,
1118 1199 1305 1282 patres
1327 1209 1561 1282 mortem
1592 1201 1821 1282 liberum
1848 1215 1970 1282 gra-

389 1270 507 1324 vius
534 1268 845 1329 condolere,
877 1278 934 1324 et
961 1268 1229 1325 interdum
1253 1269 1427 1323 dolori
1457 1270 1652 1324 amaris
1680 1270 1834 1324 labiis
1863 1269 1970 1325 Do-

389 1337 1025 1408 minumrblasphemare.
1076 1338 1263 1393 Melius
1313 1339 1541 1401 tacebo,
1600 1347 1658 1392 et
1704 1340 1958 1393 maritum

389 1423 568 1477 meum
598 1407 651 1460 in
682 1407 963 1477 peccatum
987 1409 1213 1464 tristitia:
1239 1424 1351 1462 non
1371 1409 1696 1476 provocabo,
1722 1424 1791 1463 ne
1806 1409 1969 1462 amit-

391 1475 699 1547 tensgliliuui
720 1477 951 1547 perdere
972 1478 1222 1547 incipiam
1250 1486 1305 1532 et
1332 1475 1602 1531 maritum.
1628 1477 1760 1547 Cum
1798 1477 1967 1533 silen-

356 1547 468 1626 ,μθ
495 1545 782 1626 dispositis,
823 1545 1101 1626 superiora
1139 1548 1489 1626 conscendit,
1521 1546 1645 1626 vale
1691 1546 1800 1601 lilio
1845 1562 1966 1626 cum

392 1612 639 1685 Iucrynﬁs
664 1612 1002 1685 fecit.-Filius
1030 1632 1181 1672 meus
1208 1616 1420 1685 tardus,
1441 1623 1498 1670 et
1525 1616 1825 1682 luctuosus,
1845 1624 1972 1671 ante

391 1692 447 1739 te
473 1683 633 1739 didici
659 1684 914 1755 plangere
940 1701 1100 1755 quam
1126 1686 1350 1740 nutrire.
1382 1683 1457 1739 Da
1486 1686 1715 1750 veniam,
1745 1687 1824 1741 sic
1850 1701 1972 1753 per-

394 1768 487 1822 go,
539 1762 600 1807 ut
647 1754 755 1808 cito
794 1753 862 1807 ad
908 1753 973 1809 te
1004 1756 1238 1809 veniam.
1272 1755 1495 1810 Dimitto
1524 1764 1578 1809 te
1605 1756 1798 1822 solum,
1828 1756 1965 1810 itura

391 1824 532 1887 sola,
553 1822 648 1878 sed
681 1839 797 1878 non
815 1823 930 1879 sola
957 1824 1025 1878 ad
1055 1832 1109 1878 te
1137 1840 1437 1889 reversum,
1456 1839 1554 1879 nec
1583 1832 1635 1878 te
1656 1825 1827 1879 solum
1849 1826 1966 1880 sine

391 1890 622 1948 Domino
648 1901 948 1956 repertum.
981 1894 1102 1948 Cito
1130 1894 1287 1947 venio
1314 1908 1421 1948 non
1456 1894 1677 1948 tardabo
1700 1934 1715 1956 ,
1743 1895 1965 1948 misera-

394 1960 839 2024 bilem'invidiam
868 1960 1075 2018 factura
1100 1963 1299 2032 hospiti
1325 1977 1468 2017 meo.
1506 1961 1700 2032 thuid
1732 1964 1825 2018 tibi
1880 1963 1967 2018 lo-

391 2047 512 2102 cum
540 2032 848 2101 sepulturae,
877 2032 1121 2088 nesciens
1147 2033 1273 2100 quid
1303 2032 1766 2102 placeathomino
1789 2035 1965 2102 meo?

706 2110 809 2173 est_
834 2116 1030 2173 corpus
1068 2099 1238 2164 tuum,
1286 2099 1335 2173 si
1362 2116 1484 2173 _non
1509 2099 1676 2173 fuerit
1721 2101 1960 2173 elfectus,

390 2178 694 2251 mpmento_
717 2170 826 2224 tibi
861 2169 1149 2251 sepultura:
1193 2170 1467 2251 parabitur
1508 2170 1677 2251 locus.
1719 2169 1965 2251 Quantus

392 2239 546 2295 labor
580 2240 632 2294 in
668 2240 821 2294 fovea
853 2238 941 2293 ubi
971 2254 1141 2308 parva
1159 2238 1283 2295 sunt
1311 2240 1594 2294 membra?
1625 2238 1739 2307 Ego
1782 2249 1962 2295 tamen

395 2324 506 2364 non
535 2309 822 2378 pneteribo
862 2309 1127 2377 hospitem
1146 2323 1355 2379 meum,
1389 2323 1455 2379 ne
1484 2309 1615 2362 mihi
1644 2309 1871 2379 imputet
1897 2310 1964 2365 de

402 2379 770 2448 taciturnitate
790 2387 1091 2448 peccatum.
1142 2377 1301 2447 Vadit
1327 2379 1409 2432 via
1440 2378 1680 2433 luctuosa
1710 2377 1830 2432 cum
1860 2380 1962 2431 mi-

394 2447 684 2503 sericordia
710 2447 962 2502 reditura.
995 2447 1160 2502 Velox
1192 2455 1274 2501 est
1301 2463 1509 2514 cursus,
1539 2462 1700 2516 quem
1727 2448 1962 2502 concitat

394 2517 608 2572 luctus:
641 2517 797 2572 velox
845 2518 949 2571 erit
974 2517 1077 2581 via,
1128 2526 1186 2570 ut
1211 2517 1368 2571 velox
1396 2516 1463 2571 sit
1489 2526 1544 2570 et
1572 2516 1852 2581 medicina.
1896 2517 1964 2569 At

393 2587 486 2642 ubi
517 2587 761 2657 pervenit
783 2586 847 2657 ad
877 2580 1133 2648 montem,
1158 2586 1320 2655 erepit
1347 2586 1414 2641 de
1443 2586 1598 2653 longe
1613 2580 1964 2657 lacryn‘iosam

392 2654 701 2711 monstrare
740 2654 962 2719 faciem,
1016 2664 1070 2709 et
1119 2654 1417 2710 maternum
1464 2656 1651 2709 testari
1697 2654 1961 2710 dolorem.

394 2725 642 2799 Nunquid
667 2739 769 2792 ego
790 2726 952 2799 petivi
994 2725 1179 2789 lilium,
1229 2722 1775 2799 DoniineZNunquid
1817 2740 1845 2778 a
1879 2741 1964 2799 me

393 2795 489 2850 tibi
519 2793 657 2849 facta
687 2804 769 2849 est
795 2793 1100 2863 importuna
1129 2795 1439 2863 suggestio?
1470 2793 1581 2847 Tua
1605 2794 1703 2847 fuit
1733 2793 1963 2863 promis-

394 2865 500 2931 sio,
542 2872 629 2934 tua
662 2880 757 2933 per
789 2865 957 2919 Deum
985 2864 1260 2934 perfectio,
1295 2872 1384 2918 tua
1412 2865 1481 2917 sit
1510 2872 1564 2917 et
1596 2866 1821 2934 curatio.
1870 2863 1961 2918 Je-

390 2934 550 3057 ginus
597 2932 769 2987 fuerat
810 2932 1003 2988 uterus
1034 2949 1205 2998 meus,
1246 2934 1465 3002 jejunus
1514 2941 1630 2988 erat
1676 2941 1730 2988 et
1769 2932 1959 2988 luctus.

439 3020 498 3057 er
546 3013 598 3057 te
626 3003 785 3057 didici
831 3003 1105 3057 plangere.
1156 3018 1250 3057 uer
1292 3013 1345 3057 te
1390 3017 1600 3057 merear
1627 3004 1959 3057 etaandere.

439 3020 498 3075 er
546 3013 598 3057 te
626 3003 785 3075 didici
830 3003 1105 3075 plangere,
1156 3018 1250 3071 per
1292 3013 1345 3058 te
1390 3017 1600 3075 merear
1627 3012 1683 3058 et
1708 3004 1961 3072 gaudere.

391 3071 491 3127 Hic
519 3073 780 3141 propheta
828 3071 1164 3143 precedente
1206 3081 1377 3143 matre
1407 3072 1648 3143 festinat,
1675 3088 1963 3143 secumque

2000 1800 2041 1858 Β

2074 504 2381 562 testamenti
2435 522 2558 562 arca
2605 506 2869 574 fulgeret:
2911 504 3097 560 divisit
3136 521 3257 574 eum
3317 504 3461 557 Elius
3517 504 3642 558 dum

2070 577 2226 646 pellis
2255 576 2475 645 caprina
2504 573 2749 631 terreret.
2797 576 2985 631 Divisit
3023 589 3146 629 eum
3173 573 3329 646 Iesus
3372 574 3641 646 Nave_an-

2070 642 2190 714 gelo
2218 642 2395 700 stante
2422 660 2542 700 cum
2586 646 2762 714 gladio
2787 662 2801 701 :
2826 646 3008 701 divisit
3050 660 3172 698 eum
3198 643 3339 698 Elias
3370 642 3476 713 (IV
3513 642 3640 713 Reg.

2070 731 2134 777 ιι,
2199 715 2289 780 8),
2326 726 2645 769 occurrente.
2700 717 2800 770 sibi
2849 731 3006 770 curru
3060 714 3217 781 igneo
3276 730 3397 768 cum
3444 727 3639 779 magno

2071 786 2359 853 triumpho.
2409 785 2675 838 Transivit
2716 802 2812 854 per
2850 799 3063 849 aquam,
3115 784 3358 854 pervenit
3394 782 3462 854 ad
3495 781 3644 836 ﬂam-

2070 870 2231 907 mam.
2264 854 2369 907 Sed
2396 869 2494 909 nec
2518 869 2655 922 aqua
2685 853 2979 918 mundavit,
3014 869 3112 908 nec
3140 853 3277 921 ignis
3304 853 3494 908 inussit
3517 870 3532 917 ;
3560 868 3644 906 rc-

2069 924 2232 977 cessit
2260 923 2419 983 unda,
2451 924 2683 991 portavit
2709 922 2938 980 ﬂamma.
2988 923 3060 976 lbi
3092 923 3387 992 baptismus
3412 937 3529 992 cum
3566 923 3644 974 vi-

2069 993 2235 1047 ctoria
2263 1011 2275 1044 :
2305 993 2390 1047 hic
2413 993 2710 1061 triumphus
2737 993 2920 1059 igneus
2950 1008 3069 1047 cum
3099 990 3319 1061 corona.
3348 990 3413 1045 Ut
3439 991 3641 1044 diceret

2071 1061 2211 1116 inter
2242 1070 2436 1116 ventos
2464 1071 2520 1115 et
2545 1060 2743 1116 tcthera
2773 1063 3070 1117 decantans
3103 1078 3116 1115 :
3172 1060 3523 1113 Transirimus
3551 1078 3642 1128 per

2069 1132 2239 1201 ignem
2262 1139 2309 1201 et
2337 1148 2541 1201 aquam,
2573 1141 2622 1183 et
2650 1132 2903 1185 induxiin
2927 1149 3019 1185 nos
3049 1132 3101 1184 in
3124 1130 3443 1200 refrigerium
3468 1128 3640 1201 (Psa‘l.

2070 1148 2238 1201 ignem
2262 1148 2309 1183 ει
2337 1148 2368 1183 a
2419 1148 2541 1196 iam,
2573 1148 2622 1183 et
2650 1148 2903 1185 mauxnu
2927 1149 3019 1185 nos
3049 1148 3101 1184 in
3124 1148 3443 1200 rejrtgermm
3468 1148 3640 1198 μέαι.

2070 1216 2193 1260 va,
2223 1200 2328 1267 l2).
2371 1148 2506 1266 auia
2538 1210 2660 1269 post
2687 1216 2878 1269 aquam
2905 1209 2961 1255 et
2989 1202 3164 1269 ignem
3192 1207 3436 1269 portatus
3465 1207 3547 1269 est
3576 1199 3642 1269 ad

2069 1270 2396 1339 paradisum.
2446 1268 2609 1323 Stetit
2643 1271 2709 1323 ad
2744 1268 2909 1324 eram
2933 1268 3182 1324 Jordanis
3208 1284 3347 1339 cumg
3376 1268 3642 1339 discipulo

2068 1337 2305 1406 caritatis
2344 1339 2486 1392 Elias
2517 1348 2571 1393 et
2628 1339 2878 1402 Elismus,
2921 1340 3175 1405 magister
3209 1345 3265 1392 et
3319 1337 3638 1406 discipulus,

2068 1405 2325 1478 Dominus
2347 1409 2588 1463 Christus
2616 1417 2669 1463 et
2698 1410 2926 1478 populus
2962 1405 3642 1478 acquisitueruiatrans-

2069 1487 2228 1547 eunte
2258 1477 2470 1532 Christo
2500 1492 2596 1547 per
2618 1476 2864 1533 Jordanis
2891 1476 3120 1542 alveum,
3160 1476 3323 1544 cmpit
3348 1476 3522 1547 omnis
3552 1491 3641 1546 po-

2069 1546 2223 1616 pulus
2242 1546 2661 1616 competentium
2689 1548 2916 1602 transire
2935 1547 3126 1602 ﬂuctus
3146 1561 3422 1614 aquarum.
3447 1546 3659 1611 Ascen;

2069 1614 2149 1671 dit
2178 1614 2430 1685 Dominus
2449 1617 2517 1671 de
2541 1616 2793 1683 Jordanc,
2826 1625 2880 1672 et
2901 1631 3146 1685 egressus
3174 1623 3257 1669 est
3283 1615 3490 1682 igneam
3522 1623 3639 1669 ten-

2070 1686 2351 1752 tatiouem,
2382 1684 2688 1741 ﬂammeum
2715 1687 2768 1741 in
2794 1684 3012 1742 deserto
3040 1693 3335 1749 certamen,
3369 1692 3426 1738 ut
3452 1684 3518 1739 de
3538 1701 3635 1738 sua

2068 1756 2316 1810 vincente
2347 1756 2566 1810 victoria
2597 1763 2767 1810 totum
2807 1756 3058 1810 mundum
3107 1763 3402 1809 ammnaret
3443 1757 3637 1808 arden-

2072 1832 2199 1905 tem,
2230 1832 2285 1879 et
2314 1825 2655 1905 refrigeraret
2693 1826 2977 1905 triumphis
3012 1825 3367 1905 tentationum
3398 1824 3632 1905 viridan-

2067 1893 2211 1962 tibus
2235 1902 2569 1948 aestuantem.
2597 1892 2842 1949 Occurrit
2860 1892 2936 1948 illi
2967 1894 3221 1962 quadriga
3247 1894 3423 1959 ignea,
3455 1900 3511 1947 ct
3538 1909 3632 1947 nu-

2067 1961 2258 2025 bifera,
2285 1964 2408 2016 dum
2436 1978 2624 2017 currus
2649 1964 2742 2017 Dei
2763 1961 3092 2018 descendunt
3113 1963 3400 2016 itctantium
3421 1963 3638 2029 angelo-

2067 2045 2204 2095 rum,
2229 2040 2283 2083 et
2304 2032 2603 2085 ministrant
2621 2034 2868 2087 vincente
2890 2033 3115 2087 Domino
3136 2046 3248 2099 P03!
3278 2031 3632 2099 triumphum:

2068 2100 2208 2155 sicut
2237 2100 2515 2156 Matthteus
2543 2102 2867 2169 evangelista
2887 2110 3221 2155 contestatur
3246 2099 3399 2223 SCup.
3426 2117 3496 2164 IV,
3521 2101 3632 2168 ll).

2068 2168 2382 2223 Sequuntur
2404 2170 2684 2223 Dominum
2713 2178 3100 2223 competentes.
3132 2185 3228 2223 uer
3281 2171 3494 2223 ordanis
3521 2185 3632 2223 me-

2066 2168 2382 2239 Sequuntur
2404 2170 2684 2224 Dominum
2713 2178 3100 2239 competentes,
3132 2185 3228 2239 per
3246 2168 3494 2223 Iordanis
3521 2185 3637 2224 me-

2064 2238 2208 2308 dium
2238 2248 2595 2294 transeuntes.
2637 2240 2704 2294 Et
2732 2238 2925 2295 dicitur
2963 2240 3042 2294 eis
3088 2238 3145 2293 in
3186 2240 3299 2308 ripa
3323 2249 3639 2308 occurrente

2065 2306 2297 2374 ﬂamma,
2328 2308 2381 2361 id
2412 2318 2495 2362 est
2520 2310 2672 2375 ignea
2702 2323 2905 2378 pugna,
2948 2320 3006 2362 ut
3035 2304 3283 2363 ﬂorescat
3307 2309 3374 2362 de
3404 2304 3632 2362 ﬂammis
3664 2364 3668 2368 _

2065 2390 2275 2445 alumna
2302 2393 2521 2431 corona.
2547 2378 2675 2444 Fili,
2706 2377 2915 2445 inquit,
2964 2379 3212 2431 accedens
3251 2377 3320 2429 ad
3346 2379 3665 2431 seroituleln‘

2065 2444 2182 2517 Dei,
2204 2456 2287 2499 sta
2311 2449 2365 2499 in
2380 2448 2589 2517 juslilig
2612 2457 2661 2500 et
2683 2444 2886 2513 (iniere,
2911 2457 2959 2517 et
2978 2462 3215 2517 purpura
3241 2447 3634 2517 unimamAluam

2064 2515 2133 2587 ad
2161 2513 2492 2587 Mutationem
2520 2515 2705 2587 (Ercli.
2735 2533 2790 2579 ιι,
2820 2518 2888 2585 ι).
2928 2515 3033 2570 Sed
3063 2513 3344 2587 redeamus
3376 2517 3441 2569 ad
3466 2513 3633 2569 [ﬁliam

2067 2584 2604 2654 triumphatorem,‘et
2646 2584 2885 2639 Eliszeum
2907 2585 3237 2654 carissimum
3277 2592 3630 2639 sectatorem:

2065 2652 2210 2707 illum
2230 2652 2566 2717 testatorem,
2601 2656 2757 2710 istum
2788 2654 3072 2709 haeredem.
3107 2653 3505 2711 Testamentum
3536 2656 3633 2710 iste

2065 2724 2323 2791 postulat,
2347 2724 2434 2778 ille
2460 2724 2644 2788 dictat,
2676 2725 2915 2793 calamus
2942 2723 3039 2778 fuit
3067 2724 3266 2793 lingua,
3298 2739 3404 2777 non
3426 2739 3630 2778 canna:

2064 2795 2520 2859 atramentarium,
2574 2810 2681 2848 non
2732 2792 2955 2862 nigredo
2994 2793 3148 2857 fumi,
3195 2792 3287 2848 sed
3315 2793 3515 2848 candor
3541 2794 3631 2849 ba-

2064 2863 2264 2984 ptismi.
2324 2861 2461 2929 Quid
2506 2863 2635 2919 dicit
2690 2863 2944 2931 magister
2988 2871 3216 2917 testator
3260 2863 3661 2929 voluntarius?

2111 2942 2197 2984 ete
2225 2949 2255 2984 a
2286 2948 2371 2984 me
2398 2932 2596 2984 aliquid
2627 2936 2933 2984 nrinsnuam
2960 2934 3213 2984 absumar
3241 2948 3270 2984 a
3305 2943 3354 2984 te
3413 2932 3477 2984 Et
3507 2935 3591 2984 ille
3618 2954 3629 2984 :

2111 2942 2199 3004 ete
2225 2949 2255 2987 a
2286 2948 2371 2987 me
2398 2932 2596 3004 aliquid
2627 2936 2933 3003 priusquam
2960 2934 3213 2988 absumar
3241 2948 3270 2986 a
3305 2943 3354 2988 te
3386 2932 3477 3004 “Et
3507 2935 3591 2989 ille
3618 2954 3629 2987 :

2065 3003 2295 3071 Spiritus
2317 3004 2408 3072 qui
2450 3002 2502 3057 in
2528 3013 2580 3058 te
2609 3002 2712 3063 est,
2745 3002 3008 3072 duplicior
3037 3004 3125 3057 liat
3156 3004 3207 3057 in
3239 3019 3343 3058 me.
3380 3002 3449 3056 Et
3476 3006 3631 3071 magi-

2065 3079 2178 3143 ster
2203 3090 2215 3124 :
2246 3072 2443 3127 Durmn
2469 3081 2552 3127 est
2571 3073 2941 3143 quodppetisti,
2967 3074 3083 3143 sed
3112 3074 3250 3143 inter
3299 3088 3465 3143 aquas
3492 3073 3633 3143 quod

391 3144 645 3223 miratur,
683 3141 976 3223 etotra’ctat.
1026 3141 1506 3223 Qiiarcfbscoiidit
1535 3158 1565 3197 a
1592 3158 1677 3223 me
1708 3141 1964 3223 Dominus
1992 3162 2035 3222 ς
2066 3142 2266 3223 petitur
2294 3159 2400 3197 non
2431 3141 2656 3211 negatur
2682 3141 2789 3213 (IV
2823 3142 2951 3223 Reg.
2984 3159 3038 3207 ιι,
3071 3142 3149 3212 9).
3197 3141 3332 3208 Quid
3355 3157 3461 3223 non
3491 3141 3632 3199 acci-

391 3212 577 3266 Deus?
604 3210 796 3265 Omnia
822 3211 951 3265 mibi
980 3213 1181 3265 revelat
1210 3211 1438 3280 Spiritus
1466 3220 1679 3280 sanctus
1702 3211 1768 3266 de
1791 3213 1957 3267 cmlo:

390 3290 448 3353 et
481 3282 651 3353 tacuit
687 3294 717 3333 a
759 3295 844 3335 me
872 3282 937 3335 de
972 3297 1135 3350 parvo
1176 3278 1385 3353 hospite
1415 3282 1581 3353 meo?
1613 3278 1847 3353 Puerum
1877 3282 1956 3335 di-

391 3351 519 3432 rigit
562 3365 966 3432 prmcursorem,
993 3352 1108 3432 ‘qni
1154 3351 1424 3432 mortuum
1473 3351 1665 3430 baculo
1696 3359 1957 3430 tangeret,

387 3419 707 3475 et'vixisset.
740 3419 807 3473 Et
831 3420 916 3473 illa
944 3438 958 3473 :
993 3419 1132 3474 Vivit
1155 3420 1407 3475 Dominus
1428 3431 1482 3474 et
1504 3421 1631 3473 vivit
1651 3421 1825 3473 anima
1850 3431 1956 3483 tua,

384 3491 437 3547 si
464 3489 805 3557 dereliquero
837 3501 907 3544 te.
961 3489 1042 3544 Tu
1078 3488 1249 3544 redde
1286 3490 1429 3558 quod
1469 3489 1700 3543 dedisti:
1749 3491 1872 3557 quia
1906 3499 1962 3544 ut

385 3559 659 3622 haberem,
692 3574 796 3629 non
826 3574 921 3629 per
947 3558 1264 3629 discipulum
1294 3558 1605 3628 promisisti.
1630 3558 1687 3612 ln
1721 3559 1960 3613 testimo-

386 3630 534 3683 nium
565 3629 740 3682 habeo
762 3627 956 3698 lectum
980 3637 1149 3688 tuum,
1179 3628 1266 3682 ubi
1296 3627 1448 3698 posui
1469 3637 1736 3681 mortuum
1762 3644 1956 3695 meum,

383 3698 429 3755 si
444 3696 831 3766 contempseris
852 3698 1091 3752 dolorem
1109 3696 1308 3752 meum.
1324 3697 1454 3752 Veni
1478 3712 1707 3764 mecum,
1729 3707 1820 3751 aut
1839 3715 1960 3753 sus-

382 3768 490 3823 cita
519 3776 812 3836 mortuum,
855 3775 948 3821 aut
985 3766 1302 3822 commenda
1346 3777 1492 3821 certe
1534 3767 1859 3822 defunctum.
1892 3768 1961 3822 At

383 3838 476 3908 ubi
508 3836 767 3908 propheta
795 3838 862 3908 de
889 3837 1253 3908 superioribus
1282 3837 1347 3891 ad
1369 3837 1661 3908 superiora
1684 3837 1960 3908 descendit

387 3906 457 3962 de
482 3905 664 3961 monte
706 3905 771 3959 ad
812 3905 1067 3970 domum,.
1096 3906 1160 3961 de
1190 3922 1370 3975 eremo
1400 3905 1465 3960 ad
1490 3906 1781 3969 silentium,
1814 3907 1962 3975 inge-

381 3977 517 4030 muit
542 3976 607 4029 ad
637 3975 942 4041 Dominum,
970 3977 1058 4044 qui
1087 3985 1166 4031 est
1185 3972 1355 4032 Judcx
1376 3977 1614 4029 vivorum
1639 3985 1694 4029 et
1713 3972 1956 4031 mortuo-

380 4061 522 4100 rum.
554 4046 797 4108 Domine,
833 4044 1267 4114 inquit,,inteude
1296 4047 1347 4099 in
1377 4062 1495 4109 me,
1509 4054 1562 4099 et
1592 4046 1642 4098 in
1673 4045 1827 4100 istam
1860 4046 1959 4100 ho-

383 4131 426 4181 s,
449 4116 574 4169 item
604 4130 779 4169 meam
805 4132 817 4167 :
851 4131 956 4168 non
979 4130 1202 4170 accuser
1227 4114 1277 4168 in
1301 4115 1665 4170 misericordia
1695 4125 1782 4168 tua
1814 4124 1870 4170 ut
1901 4124 1956 4170 tu

378 4183 611 4239 lauderis
640 4185 691 4238 in
731 4184 994 4239 medicina
1040 4193 1148 4238 tua.
1199 4184 1459 4239 Ascendit
1485 4186 1536 4238 in
1569 4185 1761 4239 lectum
1789 4199 1955 4253 angu-

377 4262 517 4310 stata
546 4254 811 4325 qualitate
831 4255 1216 4325 membrorum.
1257 4253 1547 4308 lnsnlﬂavit
1570 4255 1772 4325 septies
1795 4254 1846 4307 in
1871 4255 1955 4323 ja-

375 4323 611 4390 cenlem,
641 4332 698 4378 et
724 4323 956 4378 reddidit
984 4323 1142 4376 matri
1174 4324 1435 4378 viventem
1470 4326 1508 4377 '.
1556 4323 1738 4388 Qualis
1774 4325 1826 4377 in
1856 4327 1953 4378 do-

377 4409 470 4447 mo
492 4393 712 4447 laetitia?
731 4408 890 4461 quam
916 4393 1131 4447 humilis
1153 4400 1207 4447 et
1228 4395 1370 4447 mitis
1393 4393 1632 4447 decuerit
1655 4392 1953 4447 medicina?

382 4462 484 4528 Qui
519 4463 627 4516 vult
667 4478 858 4516 sanare
884 4462 1259 4529 laborantem,.
1283 4469 1520 4516 assumat
1572 4461 1946 4515 humilitatem.

378 4517 457 4602 De
478 4530 709 4602 superbo
732 4532 908 4586 nullus
928 4541 1010 4586 est
1031 4517 1250 4595 fructus,
1276 4533 1397 4600 quia
1427 4530 1685 4602 superjbos
1706 4531 1963 4602 humiliat
1980 4517 2029 4575 ι)

374 4599 557 4656 DensJ
588 4599 908 4657 Humiliatus
954 4612 1037 4656 est
1086 4599 1689 4670 propheta,.et».rinfanti
1718 4600 1949 4654 reddidit

374 4671 561 4724 vitam.
589 4670 664 4724 Ita
693 4680 748 4725 et
768 4671 1013 4726 Salvator
1043 4668 1226 4727 noster
1252 4669 1407 4725 Jesus
1434 4668 1693 4734 Christus,
1718 4670 1945 4724 verbum

374 4739 677 4810 breviatum,
717 4741 920 4796 faciens
952 4756 1114 4810 super
1142 4747 1339 4794 terram
1370 4739 1673 4810 humiliatus
1702 4748 1813 4804 est,
1865 4739 1960 4799 fa-,

373 4817 495 4864 ctus
518 4809 713 4864 vermis
741 4819 796 4865 ct
819 4826 924 4864 non
949 4809 1126 4879 hoino,
1157 4810 1502 4879 opprobrium
1527 4809 1945 4878 hominum,,.qni

372 4886 456 4932 est
516 4880 769 4933 Dominus
816 4878 1124 4947 angelorum
1157 4878 1542 4944 {resurrexih
1595 4880 1834 4932 ascendit
1892 4881 1942 4934 in

371 4949 559 5073 (ᾸωΙοε,
608 4958 663 5003 et
712 4950 885 5004 cumis
931 4950 1143 5016 gavisus
1186 4957 1269 5003 est
1310 4950 1581 5004 exercitus
1605 4949 1939 5019 angelorum.

420 5033 562 5073 men.

420 5033 540 5073 men
549 5059 562 5072 .

960 5107 1190 5163 SERMO
1228 5107 1341 5162 XX.

860 5198 937 5252 De
981 5198 1103 5251 Elia
1144 5207 1191 5252 et
1232 5197 1447 5252 filiaeve.

440 5292 592 5348 Patet
636 5291 882 5346 Jordanis
927 5288 1579 5360 pnesumentibuspipiia
1626 5295 1773 5360 patet
1806 5287 1941 5360 ‘fons

364 5366 486 5418 vita:
532 5362 891 5427 credentibus.
928 5356 1142 5414 Donum
1165 5367 1249 5413 est
1275 5368 1329 5413 et
1356 5356 1670 5413 delectabile
1695 5356 1942 5412 Iordanis

366 5434 573 5488 alveum
604 5432 787 5485 videre
817 5429 1365 5485 divisum'reccssionc
1388 5428 1666 5493 undarum,
1693 5437 1747 5482 et
1766 5427 1937 5483 socie-

368 5513 478 5559 tate
505 5516 812 5563 cervorum;
851 5501 1067 5569 quando
1096 5513 1282 5567 greges
1315 5505 1589 5569 transeunt
1618 5498 1938 5561 sitientinm;

403 5574 505 5627 und
534 5567 912 5626 desiderabant
952 5569 1097 5624 velut
1124 5570 1313 5623 cervus
1342 5568 1407 5620 ad
1450 5567 1624 5623 fontes
1651 5583 1930 5627 aquarum.

403 5586 505 5627 uno
534 5586 912 5626 uesrueraeant
952 5586 1097 5624 velut
1124 5586 1313 5623 cervus
1342 5586 1407 5620 au
1450 5586 1624 5623 lentes
1651 5586 1681 5621 τι
1722 5586 1930 5622 uarum.

289 5670 310 5681 -
363 5586 648 5696 aainiliare
677 5649 757 5694 est
783 5639 1070 5694 Iordanem
1104 5639 1247 5707 virga
1294 5636 1475 5704 dividi,
1525 5646 1579 5693 et
1626 5586 1823 5695 macte
1848 5652 1933 5695 sc-

434 5774 452 5792 ‘
480 5770 970 5841 Reliquaaddimus
998 5783 1065 5824 ex
1091 5783 1191 5822 ms.

2067 3212 2235 3293 piunt,
2266 3228 2388 3297 cum
2412 3212 2697 3297 transeunt
2715 3212 3010 3297 pernfo'utes
3032 3222 3392 3297 aqparum,_ut
3414 3228 3633 3281 regnum

2064 3283 2271 3351 possint
2306 3284 2503 3336 intrare
2538 3282 2842 3337 cmlorum?
2880 3282 3018 3350 Ergo
3061 3282 3203 3336 Elias
3240 3283 3364 3349 quid
3407 3298 3631 3351 respon—

2062 3350 2141 3421 dit
2166 3365 2328 3405 avaro
2357 3352 2635 3421 discipulo,
2666 3352 2782 3406 sine
2810 3352 3043 3404 avaritia:
3068 3351 3238 3421 vitio?
3262 3351 3471 3421 Avarus
3492 3350 3631 3406 enim

2063 3420 2117 3472 in
2149 3433 2314 3486 regno
2357 3420 2451 3475 Dei
2482 3419 2588 3474 non
2638 3421 3065 3486 reprehenditur,
3116 3419 3210 3472 sed
3261 3419 3521 3473 laudatur.
3575 3422 3631 3475 Si

2063 3503 2168 3551 me,
2202 3490 2391 3557 inquit,
2424 3490 2620 3544 videris
2664 3486 2868 3547 absumi
2898 3506 2926 3542 a
2960 3499 3030 3550 te,
3075 3487 3166 3541 fiet
3195 3489 3305 3557 tibi.
3358 3486 3448 3542 [lle
3476 3490 3629 3557 polli-

2064 3565 2233 3622 cetnr,
2277 3554 2381 3613 iste
2406 3566 2664 3613 sectatur.
2715 3559 2964 3625 Magister
2991 3559 3185 3611 umlam
3230 3554 3628 3627 Jordanis'per-

2060 3627 2195 3681 cutit
2238 3628 2394 3695 pelle.
2437 3628 2732 3697 discipulus
2782 3632 2955 3681 vivam
3005 3627 3245 3697 magistri
3291 3642 3397 3680 non
3427 3627 3628 3683 deserit

2059 3697 2358 3767 caritatem.
2406 3695 2777 3752 lndunientum
2825 3695 3237 3767 prophetzeuui
3286 3706 3531 3765 portatur
3573 3699 3625 3752 in

2058 3764 2180 3834 igne
2202 3782 2308 3821 non
2339 3768 2513 3836 serico
2541 3783 2660 3821 cum
2715 3764 2877 3828 tinea,
2921 3764 3016 3820 sed
3058 3765 3209 3836 pellis
3248 3764 3457 3820 mortua
3506 3783 3626 3821 cum

2059 3836 2167 3888 vita
2195 3852 2352 3889 nova.
2385 3835 2584 3890 Pellem
2611 3837 2753 3905 enim
2782 3835 3067 3905 portabat,
3095 3837 3217 3905 quia
3249 3837 3485 3891 membra
3528 3855 3622 3892 sua

2056 3920 2218 3976 super
2243 3913 2435 3960 terram
2466 3904 2839 3976 mortificabat.
2871 3905 3027 3960 Pellis
3055 3904 3199 3973 capri
3222 3906 3436 3970 mortui,
3467 3923 3625 3976 quem

2056 3974 2296 4028 Christus
2327 3975 2599 4042 portabat,
2622 3976 2713 4097 (ἔιιί
2761 3977 2904 4030 venit
2945 3977 3000 4029 in
3040 3975 3423 4029 similitudinem
3453 3974 3626 4031 carnis

2057 4046 2251 4097 versati
2281 4043 2463 4097 (Rom.
2486 4060 2613 4097 vm.
2674 4046 2710 4097 ι.
2762 4044 3146 4097 Pertranseunt
3194 4046 3389 4097 petitor
3415 4054 3467 4097 et
3498 4063 3624 4097 nro-

2055 4046 2251 4112 peccati
2281 4043 2463 4113 (Rom.
2486 4060 2575 4099 vni
2593 4084 2613 4109 ,
2633 4043 2710 4113 5).
2762 4044 3146 4101 Pertranseunt
3194 4046 3389 4113 petitor
3415 4054 3467 4099 et
3498 4063 3624 4114 pro-

2058 4114 2272 4187 missor,
2303 4115 2514 4187 oblator
2541 4124 2596 4169 et
2632 4123 2999 4187 pnesumptog.
3045 4114 3254 4187 Refusa
3270 4122 3351 4187 est
3382 4115 3539 4179 unda,
3571 4126 3626 4170 et

2055 4184 2301 4256 apparuit
2329 4184 2485 4239 obvia
2513 4183 2770 4256 quadriga
2800 4183 2921 4240 cuin
2950 4184 3182 4239 ﬂamma.
3214 4183 3481 4256 Turbatur
3510 4202 3622 4252 aer,

2055 4253 2200 4325 venti
2240 4253 2550 4323 moventur,
2592 4255 2839 4325 procella:
2876 4257 3186 4324 quiescunt,
3228 4254 3498 4311 dmmones
3536 4256 3619 4309 fu-

2053 4322 2237 4444 giunt,
2257 4322 2606 4378 tenebrarum
2629 4322 2909 4395 principes
2940 4326 3335 4394 disperguntur.
3379 4325 3618 4394 Suspen-

2090 4392 2195 4444 itur
2238 4394 2545 4444 discipulus.
2595 4403 2649 4444 et
2697 4395 2903 4444 levatur
2950 4395 3222 4444 manister.
3278 4392 3327 4444 0
3363 4395 3618 4444 mirabilis

2090 4392 2195 4445 itur
2238 4394 2545 4462 discipulus,
2595 4392 2649 4449 et
2696 4392 2903 4448 levatur
2950 4392 3222 4462 magister.
3278 4392 3327 4446 0
3362 4392 3620 4449 mirabilis

2053 4462 2281 4526 evectio,
2319 4463 2406 4515 ubi
2435 4479 2539 4516 non
2561 4464 2684 4532 equi
2705 4462 2816 4532 Cap
2857 4464 3069 4527 adoces,
3095 4462 3186 4518 sed
3209 4463 3618 4531 eqniai‘dcntes.

2053 4528 2250 4584 Currus
2280 4532 2345 4585 de
2376 4531 2657 4586 incendio..
2676 4546 2789 4585 non
2802 4480 2869 4586 «re
2896 4532 3057 4586 lieno.
3087 4532 3350 4586 Ouadriaa
3375 4531 3426 4586 iu
3459 4533 3496 4586 ti
3525 4549 3617 4586 va-

2053 4528 2250 4601 Currus
2280 4532 2345 4585 de
2376 4528 2657 4597 incendio}.
2676 4528 2869 4587 non—de
2896 4532 3057 4601 ligno.
3087 4528 3350 4599 Quadriga
3368 4531 3426 4600 ju
3459 4533 3496 4586 ti
3525 4549 3617 4586 va-

2051 4598 2183 4654 loris
2207 4616 2312 4669 non
2343 4600 2666 4655 eritvestita
2695 4598 3161 4669 argentea'inassa,
3192 4601 3285 4656 sed
3300 4598 3467 4656 aurea
3499 4619 3617 4657 cor-

2053 4668 2255 4741 ti_n_aidc
2285 4667 2521 4741 ﬂamma.
2558 4670 2737 4741 Rogo,
2764 4667 2954 4741 quales
2982 4671 3105 4739 equi
3139 4673 3337 4741 erant?
3365 4671 3616 4728 animalia

2054 4737 2525 4805 videbantur,.sed
2552 4737 2689 4811 ignis
2722 4737 2827 4795 no'n
2854 4737 3209 4811 palpabatun
3235 4740 3330 4795 llle
3378 4757 3618 4811 alumnus

2053 4810 2299 4864 castitate
2325 4818 2441 4863 erat
2477 4811 2568 4878 qui
2586 4809 2832 4866 'sedebat.
2856 4809 3018 4865 Rata:
3049 4811 3134 4864 ubi
3163 4812 3488 4865 currebant?
3518 4809 3616 4868 Ubi

2052 4879 2245 4946 ungula
2285 4879 2947 4950 quatiebaturequorum.
2986 4879 3169 4947 Qualis
3196 4883 3460 4950 campus?
3513 4882 3618 4937 Acr

2053 4960 2106 5019 et
2144 4956 2371 5003 ventus:
2407 4949 2495 5003 ubi
2519 4948 2782 5005 volubiles
2810 4959 2940 5004 rota:
2969 4950 3207 5018 spiritali~
3238 4948 3415 5004 rotatu
3447 4950 3615 5019 fulge-

2046 5016 2174 5071 bant
2220 5027 2380 5087 atque
2432 5020 2717 5089 sonabant.
2767 5022 2875 5073 Aer
2919 5016 3146 5073 illi‘crat
3179 5035 3419 5088 campus,
3473 5016 3611 5089 ignis

2047 5101 2316 5158 ascensus,
2342 5090 2511 5157 patria
2535 5088 2832 5158 paradisus.
2847 5089 2951 5144 Sed
2976 5098 3232 5158 quantum
3254 5090 3485 5145 delectat
3502 5088 3615 5145 ma-

2046 5157 2269 5228 gistrum
2322 5157 2598 5228 suscipere
2645 5157 3063 5222 ascendentem,
3126 5168 3333 5213 tantum
3379 5160 3613 5214 delectat

2044 5226 2359 5298 discipulum
2389 5226 2619 5298 cernere
2640 5228 2799 5282 ﬂebili
2829 5236 2950 5298 post
2990 5228 3297 5298 magistrum
3328 5238 3611 5298 exspecta-

2047 5295 2193 5368 tione
2213 5295 2869 5368 pen_dentem_.Clamavit,
2905 5295 3171 5368 convsnit,
3207 5296 3382 5362 Pater,
3426 5295 3611 5368 Pater,

2046 5367 2269 5439 ugilator
2298 5365 2549 5439 lsrael_(l
2566 5366 2603 5419 V
2632 5367 2754 5437 Reg.
2790 5383 2846 5431 ιι,
2880 5368 2986 5435 i2).
3040 5366 3105 5439 Et
3134 5368 3221 5421 ille
3244 5368 3468 5439 jactavit
3495 5365 3612 5439 pel;

2044 5434 2169 5507 lem,
2220 5445 2276 5488 ut
2306 5434 2677 5507 consolaretur
2706 5434 3015 5491 'amantem.
3062 5436 3308 5506 Suscepit
3360 5434 3611 5507 magnum

2042 5505 2371 5575 thesaurum,
2400 5505 2744 5571 haareditatis,
2792 5507 2984 5575 pellem
3015 5505 3287 5562 fortissimi
3316 5505 3609 5565 testatoris.

2038 5573 2094 5646 in
2138 5574 2225 5646 illa
2278 5574 2413 5646 pelle
2441 5575 2660 5631 sortitus
2690 5584 2772 5629 est
2793 5573 3135 5646 potestatem
3166 5587 3224 5631 ut
3265 5577 3529 5634 divideret
3555 5588 3611 5635 et

2036 5644 2150 5714 ipse
2177 5642 2483 5701 Jordancm.
2535 5653 2743 5701 secaret
2790 5642 3109 5724 torrentem,
3155 5647 3426 5718 leprosum
3456 5663 3608 5705 mun-
