4144 6354
333 329 434 388 389

1759 324 1988 388 δεηΜο
2027 322 2209 391 XXIV.

3484 310 3593 386 im

333 447 604 505 constituit
647 462 772 501 cum
813 447 1031 513 virtute,
1079 447 1188 501 vult
1217 444 1663 516 discipulos‘suos
1699 460 1913 512 semper
1938 451 1997 504 Ar
2015 444 2093 499 dit
2119 444 2275 516 .lesus
2303 440 2533 515 lapidem
2562 441 2651 514 qui
2679 442 2909 516 sepulcri
2943 443 3083 516 illius
3110 450 3261 513 septa
3290 442 3593 516 claudebat,

333 533 452 574 esse
475 518 792 581 concordes,
819 520 943 586 quia
972 517 1113 572 Dens
1130 525 1211 571 est
1238 514 1454 571 cariias.
1487 514 1624 569 Ecce
1654 531 1765 586 non
1787 530 1911 586 pro-

333 588 493 643 mittit
531 587 779 642 duobus:
812 584 869 641 e't
913 587 1212 642 contristati
1261 595 1385 639 sunt
1427 586 1611 639 decen.
1640 584 1906 652 discipuli.

332 657 467 723 Quid
499 655 673 721 ﬂeret,
705 664 760 713 et
791 658 838 711 si
863 672 921 711 se
950 656 1137 712 decem
1164 657 1494 727 postpositus
1512 654 1914 727 condolerent?

332 727 434 781 Sed
463 735 520 780 nt
547 728 764 796 sapiens
787 734 844 782 et
873 723 1200 789 moderator,
1257 723 1312 780 et
1340 742 1370 779 a
1401 724 1613 796 duobus
1659 723 1913 796 tollit‘su-

332 793 679 865 perhiamfet
704 812 735 849 a
769 795 958 852 decem
988 798 1254 851 subtraxit
1283 795 1644 865 invidiam,_ut
1672 793 1913 865 omnium

333 862 541 920 animas
568 865 867 921 custodiret
886 866 1097 921 illaesas.
1141 866 1273 932 Quia
1299 866 1523 918 thronos
1548 862 1779 932 donandi
1807 876 1913 914 non

335 935 387 988 in
416 937 647 989 humana
677 937 867 1000 forma,
900 937 953 991 in
976 944 1089 1005 'qua
1111 931 1274 1005 Pater
1299 934 1471 1003 major
1511 941 1612 997 est,
1644 931 1735 987 sed
1770 931 1820 984 in
1851 946 1914 984 ea

335 1005 504 1058 forma
533 1006 738 1060 donare
768 1014 978 1074 potest,
1000 1003 1060 1059 in
1090 1020 1195 1073 qua
1226 1003 1384 1058 Pater
1411 1012 1465 1058 et
1495 1017 1595 1071 ego
1626 1017 1790 1055 unum
1820 1016 1912 1055 su-

336 1089 473 1129 mus.
514 1074 627 1130 Hoc
654 1076 851 1130 sentiat
878 1075 1238 1142 Christianus,
1266 1082 1323 1128 et
1352 1074 1455 1129 erit
1483 1083 1737 1127 aeternus.

909 1205 1144 1262 SERMO
1180 1204 1338 1260 XXII.

836 1297 916 1352 De
936 1297 1139 1352 Lazaro
1161 1298 1423 1351 suscitato.

410 1411 643 1467 Lazarus
654 1411 859 1466 amicus
881 1410 1200 1474 Salvatoris,
1229 1407 1471 1475 cumjam
1486 1405 1734 1460 humanis
1759 1405 1920 1458 rebus

343 1492 485 1539 esset
512 1491 814 1550 exemptus,
832 1480 943 1549 jam
970 1479 1258 1549 sepultura:
1286 1476 1588 1550 mandatus,
1624 1477 1732 1529 imo
1762 1484 1918 1550 terra:

343 1552 599 1613 redditus,
631 1543 773 1605 unde
799 1543 919 1605 erat
959 1543 1285 1618 assumptus,
1315 1548 1494 1618 statim
1526 1560 1776 1618 sermone
1813 1543 1922 1597 Do-

343 1622 473 1677 mini
502 1629 759 1675 evocatus
794 1620 862 1673 de
901 1614 1158 1688 sepulcro
1192 1618 1358 1688 exivit
1382 1617 1536 1670 vivus
1558 1656 1573 1680 ,
1620 1614 1919 1688 qui‘fuerat

343 1701 588 1747 mortuus
609 1690 769 1759 paulo
798 1698 924 1743 ante
948 1682 1181 1759 delatus.
1213 1687 1617 1759 Miratuermne
1642 1682 1833 1753 vulgus
1850 1682 1921 1737 de

345 1768 426 1815 tot
454 1754 723 1829 tantisque
750 1758 1100 1829 magnalibus.
1131 1756 1393 1829 Loquitur
1427 1754 1703 1829 Christus,
1748 1760 1803 1806 et
1830 1767 1919 1806 se-

346 1829 526 1898 quitur
551 1819 745 1882 virtus.
794 1819 999 1898 St'upet,
1016 1827 1130 1896 ipse
1151 1819 1407 1898 Lazarus
1439 1825 1581 1898 quod
1609 1838 1676 1877 ex
1704 1830 1919 1898 mortuo
1954 1819 1994 1877 Β

348 1892 518 1954 factus
541 1907 625 1952 est
652 1892 941 1951 redivivus.
966 1892 1082 1950 Jain
1112 1896 1192 1950 bis
1210 1895 1409 1964 gemini
1437 1892 1759 1949 ellluxerant
1785 1892 1917 1964 dies,

348 1970 442 2025 sed
480 1969 570 2023 ille
605 1968 699 2036 qui
729 1966 850 2023 luce
877 1972 1146 2036 caruerat,
1177 1960 1319 2019 diem
1347 1980 1455 2019 non
1485 1964 1775 2018 sentiebat.
1805 1960 1923 2036 Jam

349 2052 474 2095 cum
503 2031 640 2093 tetri
669 2037 807 2091 antri
853 2035 1134 2102 caligantis
1174 2036 1416 2089 horroris
1446 2040 1738 2088 nocturnus
1768 2031 1923 2102 turbo

350 2110 685 2182 possederat.
721 2104 838 2182 Iam
865 2101 1109 2182 lucifugis
1131 2104 1348 2182 validus
1367 2103 1605 2182 infernus
1631 2115 1817 2157 carcer
1842 2101 1923 2181 in_-

350 2170 603 2234 cluserat.
644 2174 905 2229 iacebant
952 2170 1253 2229 exhalantis
1282 2174 1458 2228 tabida
1521 2180 1685 2242 atque
1749 2170 1929 2242 gravis

350 2247 535 2301 odoris
562 2244 820 2297 membra.
852 2242 970 2297 .lam
1000 2252 1121 2312 post
1163 2254 1354 2311 quarta
1382 2244 1513 2297 solis
1544 2241 1807 2312 curricula
1835 2241 1931 2294 de-

350 2316 554 2378 voluta,
599 2328 797 2383 corpus
836 2321 941 2368 satu
971 2310 1160 2379 mortis
1184 2310 1476 2368 obductum
1504 2310 1768 2383 vennium
1808 2324 1931 2383 car:-

314 2418 325 2432 ι
352 2385 577 2439 nivorax
616 2379 808 2450 agmen
837 2383 1142 2449 obsederat,
1168 2391 1329 2450 atque
1356 2383 1422 2436 ad
1453 2381 1660 2451 praedas
1680 2379 1930 2451 destituti

351 2453 627 2510 cadaveris
656 2448 906 2506 l‘unereas
935 2448 1190 2508 bestiolas
1210 2448 1352 2506 terra
1388 2448 1925 2520 gignebanPlangec

352 2523 483 2578 bant
505 2536 724 2577 sorores
762 2520 998 2577 luctifico
1038 2537 1292 2587 mmrore,
1324 2518 1505 2576 fratris
1532 2520 1729 2573 auxilio
1764 2518 1928 2573 desti-

351 2599 502 2647 tutre.
530 2590 790 2647 Parentes
816 2606 1032 2660 quoque
1058 2600 1115 2647 et
1139 2590 1368 2659 proximi
1398 2590 1574 2647 nubila
1601 2588 1812 2660 tristitia
1838 2603 1931 2660 pa-

353 2663 486 2718 riter
515 2657 896 2717 condolebaut.
926 2657 1187 2716 Omnibus
1232 2661 1470 2729 lugubris
1498 2659 1681 2729 vestis,
1731 2657 1930 2729 inculta

353 2731 606 2788 ctcsaries
626 2771 642 2796 ,
684 2731 838 2798 nigro
868 2739 1009 2786 tecta
1056 2728 1341 2785 velamine.
1372 2730 1477 2784 Ora
1509 2728 1722 2783 ﬂetibus
1750 2728 1934 2782 made-

353 2801 517 2864 facta,
548 2799 729 2854 vitalia
755 2799 999 2856 districta
1029 2800 1368 2870 singultibus,
1393 2812 1727 2870 omnemque
1744 2812 1929 2870 eorum

353 2871 595 2926 habitum
624 2871 845 2937 clangor
886 2866 1198 2940 mmstitieus
1225 2866 1673 2940 perturbaverat'._
1697 2867 1812 2940 Sed
1844 2866 1931 2921 ubi

355 2955 534 3011 rerum
562 2936 836 3011 gestarum
864 2940 1080 3010 ignarus
1106 2936 1352 2996 Christus
1370 2977 1385 3003 ,
1431 2940 1515 2995 cui
1548 2938 1679 2992 nihil
1708 2936 1931 3011 invium,

355 3010 489 3065 nihil
516 3006 802 3074 remotum,
833 3006 966 3064 nihil
993 3011 1282 3065 obscurum
1312 3017 1432 3065 est:
1464 3023 1621 3078 quem
1655 3021 1833 3077 neque
1854 3006 1934 3060 in-

356 3079 649 3149 tercapedo
676 3079 919 3149 locorum
943 3118 959 3144 ,
1005 3094 1181 3149 neque
1227 3080 1589 3149 longinquitas
1632 3078 1931 3149 regionum,

356 3147 583 3222 abyssus
609 3148 879 3218 refrenat,
916 3147 1194 3222 discipulis
1206 3147 1443 3222 praescia
1480 3147 1760 3222 divinitate
1789 3162 1937 3222 mor-

357 3216 511 3275 tuum
558 3219 821 3277 Lazarum
865 3216 1151 3275 nuntiavit.
1195 3216 1511 3275 Contristati
1540 3227 1595 3274 et
1641 3218 1742 3287 ipsi
1786 3216 1937 3287 dixe—

358 3299 485 3344 runt
502 3287 786 3359 discipuli:
807 3287 1026 3356 Eamus,
1048 3298 1096 3345 et
1118 3306 1213 3344 nos
1233 3291 1518 3344 moriamur
1538 3284 1741 3359 cam—eo,
1758 3284 1933 3359 (Joan.

358 3375 436 3423 ιι,
465 3358 581 3427 i6).
602 3357 653 3413 0
675 3359 1029 3414 amicitiarum
1055 3360 1420 3415 indissolubile
1450 3358 1646 3414 foedus!
1673 3373 1706 3411 ι)
1732 3357 1940 3410 invicta:

359 3430 600 3489 caritatis
626 3427 882 3487 eﬂ'ectusl
914 3428 1186 3500 Optabant
1213 3427 1328 3483 ﬁeri
1352 3430 1404 3483 in
1435 3437 1611 3500 morte
1639 3436 1937 3500 consortes,

398 3518 498 3561 uos
524 3501 725 3558 fecerat
743 3495 1015 3557 caritasitt
1044 3500 1147 3554 hac
1167 3500 1273 3554 vita
1303 3499 1616 3554 concordes.
1648 3495 1783 3550 Cum
1812 3509 1942 3563 ergo

398 3518 498 3561 uos
524 3517 725 3558 iecerat
743 3517 943 3557 caritas
959 3517 1015 3555 m
1044 3517 1147 3554 nnc
1167 3517 1273 3554 Vita
1303 3517 1616 3554 concordes.
1648 3517 1783 3550 uuln
1812 3517 1941 3563 ergo

359 3517 518 3628 gestis
546 3571 751 3626 tumqu
778 3569 1106 3639 quiescentis
1131 3570 1429 3632 assisteret,
1476 3576 1640 3636 atque
1680 3580 1803 3621 cum
1820 3579 1941 3639 am-

364 3644 518 3714 biens
552 3634 874 3714 populorum
901 3650 1120 3714 caterva
1144 3634 1617 3714 circumstrepet-et
1643 3678 1659 3702 ,
1699 3644 1757 3689 et
1784 3634 1943 3714 uluirc

365 3713 518 3777 vocis
547 3704 771 3779 clangor
797 3711 1229 3779 clementissimis
1267 3704 1487 3765 auribus
1524 3704 1941 3779 maeroreme-

364 3774 595 3860 t_t_t_Iisset,
637 3772 937 3860 commotus
957 3778 1245 3860 ip_se_._lesu_s_
1267 3779 1533 3860 infremuit
1548 3772 1941 3860 spiritu-(ibim,

367 3852 482 3925 353),
518 3845 680 3925 attice
708 3845 1151 3925 lacrymas'fudit.
1177 3849 1310 3925 _Hic_
1318 3845 1429 3920 jam
1457 3848 1646 3925 omnis
1662 3845 1945 3925 religiosus

366 3914 609 3991 invigilei
650 3914 879 3992 sensus,
928 3920 1078 3992 quid»
1102 3914 1378 3992 doluerit,
1428 3919 1510 3992 vel
1556 3916 1686 3987 quid
1742 3914 1947 3992 lleverit

368 3985 632 4048 Christus.
678 3990 864 4061 Neque
891 3985 1035 4046 enim
1062 3991 1154 4060 qui
1195 3985 1372 4045 totum
1394 3989 1529 4061 vitai
1546 3985 1603 4043 et
1631 3985 1821 4040 mortis
1847 3985 1946 4037 ha-

369 4063 533 4118 bebat
558 4057 841 4134 imperium
868 4103 883 4130 ,
927 4057 1182 4134 plangere
1219 4067 1472 4134 potuerat
1507 4057 1771 4134 Lazarum
1788 4068 1975 4134 .morj

372 4140 565 4187 tuaac.
591 4122 880 4200 Piorabat,
924 4122 1017 4187 sed
1048 4122 1157 4186 non
1186 4122 1371 4200 utique
1400 4129 1666 4200 plorabat,
1692 4133 1753 4200 _u_t
1780 4122 1947 4200 Judaei

370 4202 661 4273 putabant,
684 4202 811 4272 quia
840 4195 1102 4255 Lazarum
1129 4202 1260 4273 satis
1280 4195 1522 4273 amabat.
1552 4196 1660 4273 Sed
1685 4196 1810 4273 ideo
1833 4195 1950 4268 plo-

362 4268 547 4340 rabat,
576 4268 924 4340 quiaiiterum
948 4285 1073 4326 eum
1108 4270 1175 4325 ad
1203 4270 1359 4339 hujus
1377 4271 1498 4325 vitae
1522 4268 1763 4340 miserias
1791 4280 1951 4340 revo-

370 4335 548 4413 cabat.
572 4335 746 4413 ﬂores,
764 4339 970 4413 fratres
994 4335 1594 4413 carissimi,'resumptio
1622 4350 1704 4392 est
1726 4335 1946 4413 doloris,

372 4411 619 4469 remissio
645 4410 1001 4481 captivitatis,
1044 4411 1409 4478 navigantium
1446 4405 1669 4481 portus,
1720 4405 1954 4481 peregri-

372 4482 620 4550 nantium
647 4475 843 4550 pairia,
875 4478 994 4536 linis
1021 4475 1386 4547 miseriarum,
1432 4475 1694 4534 terminus
1722 4475 1950 4550 delicto:

1964 3178 2012 3243 C

2018 515 2219 584 revolvi
2254 513 2536 584 praecepit;
2568 513 2675 583 quo
2697 513 2943 569 revoluto
2969 514 3162 568 coelum
3193 513 3511 584 suspiciens,
3543 521 3595 584 et

2012 583 2124 652 jam
2156 600 2221 654 se
2245 582 2552 638 exauditam
2590 582 2712 639 esse
2741 584 3184 654 protestansktali
3208 598 3390 637 coram
3419 582 3595 635 homi-

2019 644 2174 724 nibus
2209 653 2421 709 Patrem
2452 664 2700 724 precatus
2729 644 2811 724 est
2839 668 2973 707 voce
3004 671 3017 705 :
3052 644 3231 724 Pater,
3262 654 3462 724 gratias
3498 660 3598 724 ago

2020 721 2129 785 (ibi,
2155 724 2274 792 quia
2308 721 2564 777 exaudiui
2593 740 2692 778 me.
2726 723 2837 794 Ego
2866 732 3036 775 autem
3067 722 3289 775 sciebam
3315 723 3434 792 quia
3465 721 3598 794 sern-

2017 807 2110 875 per
2130 791 2410 875 me‘audis;
2433 794 2525 875 sed
2547 803 2753 863 propter
2776 791 3018 875 populum
3039 794 3124 862 qui
3147 791 3442 875 circumstat
3459 791 3596 873 odiai,

2018 870 2075 933 ut
2102 864 2317 933 credant
2359 864 2480 933 quia
2516 861 2569 915 tu
2610 861 2692 916 me
2721 861 2924 916 misisti.
2969 861 3189 933 Etcum
3222 861 3330 933 luet;
3359 861 3596 933 dixisset,

2019 932 2094 1003 ait
2119 948 2135 984 :
2158 928 2382 992 Lazare;
2410 936 2521 986 veni
2552 935 2693 1003 foras
2717 933 2898 1003 (Joan.
2926 947 2997 995 xl,
3028 930 3091 983 41
3125 942 3173 985 et
3198 928 3353 1003 δρψ).
3387 929 3598 1003 Quanta

2020 999 2119 1054 fuit
2162 1003 2414 1055 clamoris
2437 999 2624 1065 virtus,
2666 999 2737 1056 ut'
2757 1002 2822 1054 ad
2860 1003 3085 1055 miseros
3113 999 3417 1070 perveniret
3446 999 3599 1070 audi-

2020 1072 2152 1124 tus?
2179 1072 2363 1136 Qualis
2391 1071 2486 1126 fuit
2513 1073 2720 1125 timoris
2746 1073 2919 1138 vigor,
2954 1080 3012 1124 ut
3053 1068 3295 1124 mortuos
3320 1068 3601 1123 invaderet

2022 1139 2222 1195 timor?
2263 1141 2455 1194 Statim
2503 1151 2771 1211 prmcepto
2817 1141 3029 1194 Domini
3060 1156 3204 1194 mors
3244 1140 3599 1211 suam_iegem

2020 1222 2181 1280 quam
2206 1210 2438 1265 habebat
2458 1208 2895 1280 irrupit,'suaque
2917 1218 2998 1265 tot
3018 1211 3224 1265 sacculis
3248 1208 3365 1277 jura
3385 1208 3601 1280 Christo

2014 1275 2243 1350 jubente
2281 1281 2542 1341 dissolvit,
2575 1275 2985 1350 Cessere'regia:
3013 1280 3134 1335 eteli
3174 1275 3353 1350 claves
3383 1275 3597 1350 inferni,

2022 1347 2348 1416 obtrusaque
2369 1350 2645 1406 ftedissimi
2665 1346 3057 1405 carcerisvatria
3084 1349 3365 1418 imperium
3389 1346 3600 1401 Domini

2021 1418 2293 1545 patefecit.
2314 1419 2543 1473 Evanuit
2572 1421 2746 1475 omnis
2775 1420 3019 1474 custodia
3052 1428 3204 1473 eruta
3226 1419 3325 1472 sibi
3347 1432 3596 1486 persona.

2069 1503 2259 1542 azarus
2282 1506 2493 1544 rursum
2534 1491 2776 1544 redditur
2805 1490 2930 1545 luci.
2962 1490 3263 1545 iterumque
3285 1488 3596 1542 convivatur

2069 1503 2259 1542 azarus
2282 1506 2493 1544 rursum
2534 1491 2776 1544 redditur
2805 1490 2930 1551 luci,
2962 1490 3263 1559 iterumque
3285 1490 3603 1559 convivatur

2020 1558 2074 1681 in
2104 1573 2332 1627 corpore
2356 1559 2571 1615 Christo
2593 1602 2608 1625 ,
2659 1561 2784 1630 quia
2811 1560 2921 1628 jam
2950 1558 3124 1614 fuerat
3152 1558 3487 1627 mancipatus
3515 1558 3600 1611 in-

2041 1642 2197 1681 erno.
2632 1662 2637 1667 -

2041 1642 2197 1683 CI'IIO.
2632 1662 2637 1667 -

2588 1719 2819 1775 SERMO
2847 1718 3029 1773 XXIII.

2510 1809 2587 1864 De
2616 1811 2851 1865 lavandis
2882 1808 3111 1882 pedibus.

2093 1896 2278 1952 Omnis
2301 1912 2453 1952 error
2487 1899 2657 1963 stetit,
2689 1900 2811 1967 quia
2846 1897 3010 1967 pedes
3037 1914 3316 1951 servorum
3347 1896 3604 1952 Dominus

2026 1968 2172 2022 lavit.
2205 1968 2412 2022 Novum
2460 1968 2656 2022 direxit
2705 1966 2756 2021 in
2801 1966 3039 2033 cursum,
3067 1977 3125 2021 ut
3151 1966 3387 2021 firmaret
3417 1974 3604 2021 eorum

2025 2040 2249 2106 vestigia
2280 2038 2419 2092 sicut
2468 2053 2768 2093 cervorum.
2803 2036 2939 2103 Quid
2989 2039 3107 2106 plus
3137 2037 3442 2106 praedicem,
3472 2051 3601 2104 gau-

2027 2109 2202 2172 dium,
2224 2122 2291 2160 an
2341 2108 2656 2161 miraculum
2687 2110 2710 2161 ’ἐ
2751 2107 2863 2161 imo
2902 2107 3152 2175 gaudium
3182 2118 3232 2160 et
3263 2106 3601 2175 miraculum.

2028 2176 2290 2233 Gaudium
2319 2178 2463 2245 quod
2508 2177 2685 2231 oblata
2717 2186 2844 2230 sunt
2872 2174 3051 2233 uestra
3079 2177 3327 2243 vestigia,
3358 2184 3414 2231 et
3443 2174 3609 2245 pedes

2028 2262 2305 2303 servorum
2334 2247 2511 2316 attigit
2537 2246 2802 2301 dominica
2831 2246 3073 2302 dextera.
3107 2246 3212 2300 Sed
3239 2248 3416 2314 potius
3439 2246 3605 2298 mira-

2029 2317 2226 2381 culum,
2260 2326 2319 2369 ut
2343 2317 2429 2370 cui
2458 2316 2726 2370 excubant
2752 2332 2874 2370 cum
2920 2317 3113 2371 timore
3136 2317 3407 2371 exercitus
3436 2329 3605 2381 ange-

2031 2386 2230 2453 lorum,
2249 2386 2457 2440 lavaret
2477 2386 2744 2440 inclinatis
2760 2387 3004 2439 manibus
3015 2386 3236 2452 vestigia
3259 2386 3604 2453 piscatorum.

2030 2454 2258 2524 Expavit
2286 2456 2498 2520 caelum,
2531 2456 2747 2523 expavit
2778 2464 2917 2509 terra
2946 2455 3227 2524 Dominum
3262 2455 3330 2524 ita
3363 2454 3609 2524 humilia-3
3661 2488 3668 2495 ›

2031 2523 2184 2592 νὶίοι
2212 2525 2486 2580 hominem
2532 2540 2695 2594 super
2723 2525 2890 2580 Deum
2914 2524 3159 2594 exaltari.
3189 2523 3328 2594 Quid
3358 2523 3605 2594 estquod

2031 2595 2161 2649 dicit
2189 2594 2491 2659 haereticus,
2543 2592 2668 2662 quia
2695 2594 2794 2649 fuit
2847 2594 3063 2648 humilis
3091 2593 3240 2647 Patri
3295 2593 3485 2659 Filius,
3511 2592 3611 2645 hn-

2034 2680 2186 2728 nore,
2209 2680 2317 2718 non
2348 2665 2581 2719 timore?
2609 2663 2835 2731 Quando
2854 2663 3003 2718 vides
3024 2664 3307 2719 servilibus
3333 2671 3610 2717 curvatura

2032 2733 2318 2789 Dominum
2348 2750 2454 2790 non
2487 2734 2697 2797 timore,
2729 2734 2822 2789 sed
2843 2748 3050 2799 amore,
3079 2749 3182 2788 nec
3210 2736 3487 2791 servitute,
3518 2731 3614 2787 sed

2033 2802 2422 2859 dominatione.
2441 2802 2576 2869 Quia
2619 2812 2678 2858 ut
2701 2804 2953 2858 redderet
2978 2804 3148 2858 servis
3204 2803 3615 2871 ingenuitatem,

2034 2874 2283 2928 servilem
2307 2874 2410 2928 illis
2434 2873 2677 2945 exhibuit
2706 2875 2983 2945 pietatem.
3028 2872 3167 2940 Ergo
3186 2874 3291 2927 erit
3316 2872 3615 2945 servis‘mi-

2035 2959 2156 3008 nor,
2183 2945 2306 3013 quia
2357 2945 2522 3012 pedes
2568 2941 2725 3008 lavit;
2746 2944 2837 3012 qui
2864 2952 2947 2998 est
2967 2944 3203 2998 omnium
3234 2943 3451 3011 major?
3480 2941 3615 3007 Quia

2036 3013 2122 3085 qui
2166 3014 2301 3067 inter
2328 3030 2414 3085 eos
2455 3013 2746 3085 minores},
2777 3014 2841 3085 in
2876 3030 3033 3083 regno
3060 3015 3300 3067 calorum
3348 3014 3517 3083 major
3541 3020 3619 3065 est

2039 3081 2188 3154 (Luc.
2223 3099 2295 3147 ix,
2323 3082 2453 3154 48).,
2485 3082 2673 3149 Servit
2695 3081 2970 3146 Dominus,
3000 3090 3055 3137 et
3084 3092 3382 3137 murmurat
3407 3081 3614 3154 servus.

2039 3152 2292 3223 Magister
2332 3150 2405 3207 et'
2432 3153 2690 3223 Dominus
2730 3153 2974 3207 liberavit
3022 3162 3081 3223 e_t
3105 3154 3307 3213 docuit,
3341 3168 3463 3206 cum
3493 3150 3621 3206 facit

2040 3220 2183 3291 quod
2213 3223 2420 3278 docuit.
2469 3220 2594 3277 Non
2622 3225 2779 3282 enim.
2813 3223 3003 3291 inquit,
3038 3221 3206 3276 Filius
3234 3224 3457 3291 hominis
3485 3223 3620 3274 venit

2040 3289 2350 3356 ministrari,
2395 3292 2487 3347 sed
2515 3293 2811 3346 ministrare
2836 3289 3051 3358 (Matth.
3085 3308 3173 3355 xx,
3206 3291 3320 3358 28).
3352 3289 3467 3345 Hoc
3494 3291 3621 3345 fecit

2040 3362 2182 3431 quod
2208 3362 2407 3416 docuit.
2454 3361 2559 3417 Sed
2612 3365 2799 3432 beatus
2827 3361 3014 3415 Petrus
3038 3361 3347 3432 mysterium
3378 3376 3484 3413 non
3521 3376 3618 3414 co-

2041 3430 2257 3499 gnovit;
2304 3432 2479 3485 timuit
2525 3431 2705 3499 potius
2750 3445 2910 3499 quam
2956 3430 3260 3485 recusavit:
3297 3430 3535 3495 Domine,
3565 3439 3618 3482 tu

2042 3498 2169 3555 mihi
2222 3502 2365 3554 lavas
2393 3498 2545 3571 pedes
2582 3498 2904 3570 (Ιοαηζκιιι,
2932 3499 2986 3569 6)
3011 3503 3034 3554 ?
3064 3498 3162 3566 Tu,
3192 3499 3436 3571 Domine,
3470 3500 3623 3566 cujus

2044 3571 2268 3624 thronus
2290 3570 2485 3626 caelum
2507 3582 2608 3634 est,
2623 3579 2679 3624 et
2696 3579 2836 3625 terra
2851 3571 3141 3640 scaliellum
3167 3570 3360 3640 pedum
3383 3579 3618 3634 tuorum,

2044 3640 2152 3694 eris
2168 3640 2409 3695 minister
2432 3641 2630 3710 pedum
2653 3656 2894 3695 meorum
2909 3645 2933 3694 ζ’
2951 3639 3191 3695 Parvane
3209 3649 3293 3694 est
3312 3656 3443 3694 crux
3459 3654 3622 3708 quam

2044 3710 2347 3779 suscepisti,
2378 3714 2598 3779 vulnera
2646 3724 2767 3778 quae
2818 3710 3140 3775 sustinuisti,
3183 3710 3251 3764 fel
3299 3718 3357 3764 et
3408 3717 3621 3764 acetum

2045 3781 2188 3850 quod
2208 3778 2393 3834 bibisti
2418 3781 2440 3835 ἲ
2471 3778 2664 3833 Parum
2693 3787 2775 3834 est
2801 3780 2947 3849 quod
2978 3780 3031 3850 in
3056 3780 3304 3849 sepulcro
3324 3780 3622 3850 vivusimo-f

2047 3848 2192 3920 ﬂens
2219 3850 2415 3905 latuisti
2445 3868 2460 3902 :
2491 3852 2555 3903 ad
2604 3850 2780 3920 pedes
2815 3848 2986 3913 incos,
3011 3848 3256 3911 Domine.
3282 3848 3570 3920 pervenisti
3601 3848 3624 3900 7

2048 3918 2237 3975 Terret
2259 3935 2344 3974 me
2371 3921 2583 3989 species
2608 3918 2721 3973 tua.
2748 3918 3046 3989 Comm-bat
3070 3935 3155 3973 me
3181 3918 3370 3974 manus
3400 3928 3507 3989 tua.
3541 3918 3626 3971 ln-

2047 3991 2206 4059 digna
2234 3998 2363 4045 sunt
2389 3986 2612 4057 vestigia
2653 4004 2792 4043 mea.
2825 3986 2891 4041 Et
2919 3990 3214 4059 Dominus:
3262 3989 3413 4059 Sine,
3445 3988 3621 4059 Petro,

2048 4057 2185 4131 quod
2214 4061 2351 4130 facio
2377 4061 2564 4125 nescis,
2595 4061 2723 4114 scies
2748 4068 2923 4129 postea
2949 4058 3138 4133 (Ibid.,
3162 4059 3241 4183 72.
3271 4058 3432 4127 Quasi
3454 4057 3629 4112 infans

2050 4144 2130 4183 es.
2164 4138 2220 4183 et
2269 4146 2408 4183 unus
2435 4130 2504 4183 de
2552 4130 2786 4183 parvulis
2836 4130 2971 4183 istis.
3010 4131 3100 4183 nui
3131 4131 3184 4183 in
3209 4131 3444 4183 antiliter
3472 4130 3625 4183 ulan-

2050 4130 2130 4191 es,
2164 4138 2220 4183 et
2269 4146 2408 4185 unus
2435 4130 2504 4185 de
2552 4130 2786 4200 parvulis
2836 4130 2971 4195 istis,
3010 4131 3100 4200 qui
3131 4130 3444 4185 infantiliter
3472 4130 3625 4199 plan-

2050 4209 2181 4268 gunt
2203 4216 2323 4254 cum
2355 4201 2457 4255 illis
2479 4198 2643 4280 pedes
2672 4198 2932 4280 lavantur,
2966 4198 3266 4280 nescientes
3292 4200 3625 4280 mysterium,

2053 4285 2159 4324 non
2185 4268 2497 4339 recusantes
2519 4269 2854 4339 obsequium.
2882 4268 3033 4339 Talis
3053 4286 3131 4334 es,
3159 4280 3269 4324 tum
3295 4268 3403 4325 eris
3430 4284 3619 4339 parvu-

2051 4340 2154 4409 lus.
2172 4342 2298 4398 eris.
2313 4337 2491 4406 Petre,
2505 4336 2845 4409 novissimus.
2872 4336 2993 4392 Nisi
3017 4340 3188 4394 lavero
3214 4339 3304 4394 tibi
3328 4336 3503 4409 pedes,
3525 4355 3629 4393 non

2052 4407 2259 4464 habebis
2291 4418 2485 4468 partem
2514 4425 2726 4462 mecum.
2779 4406 3017 4472 Domine,
3052 4410 3244 4478 inquit,
3297 4406 3398 4464 non
3430 4418 3628 4462 tantum

2052 4480 2225 4559 pedes,
2255 4479 2343 4531 sed
2380 4488 2429 4531 et
2453 4495 2656 4559 manus,
2687 4487 2735 4533 et
2763 4491 2915 4559 caput
2944 4479 3132 4559 (lbid.,
3156 4479 3208 4540 8,
3352 4479 3630 4559 Accipiam

373 4554 515 4608 rum;
545 4544 677 4604 Nam
694 4544 764 4606 et
784 4544 899 4621 huic
933 4565 1053 4621 qua:
1072 4551 1269 4605 dicitur
1294 4544 1424 4613 vita,
1456 4563 1563 4602 non
1591 4555 1676 4621 est
1702 4545 1832 4610 vita,
1862 4544 1953 4621 ubi
1984 4551 2030 4609 ι)
2053 4544 2360 4621 Ιιίρᾲοιῃωθε
2388 4547 2714 4621 exemplum,
2735 4544 3391 4621 qui'coutrai'iasentiunt.
3412 4544 3631 4603 veniant

374 4636 476 4694 nec
503 4621 772 4694 requiesa
794 4613 1001 4694 labore,
1032 4636 1132 4694 nec
1152 4620 1412 4694 mactmus
1438 4625 1518 4673 est
1546 4633 1576 4671 a
1600 4617 1794 4694 timore
1818 4632 1831 4667 :
1861 4613 1952 4694 ubi

373 4686 625 4755 fraudes,
678 4690 768 4744 ubi
813 4686 1110 4745 calumnias.
1134 4689 1438 4745 'Tolluntur
1463 4702 1551 4742 res
1578 4686 1798 4748 alienae,
1837 4686 1954 4738 sine

374 4758 1059 4831 reapectumisericordire.
1089 4760 1246 4816 Dives
1265 4760 1506 4831 erigitur,
1548 4770 1752 4828 pauper
1778 4754 1955 4831 oppri-

374 4825 559 4886 mitur.
591 4828 689 4900 Sic,
709 4838 888 4900 totum
910 4830 964 4884 in
993 4829 1273 4900 iniquitate
1300 4825 1525 4900 geritur,
1549 4825 1610 4900 iit
1641 4840 1747 4900 non
1769 4825 1841 4900 sit
1867 4838 1957 4893 pe-

376 4902 522 4955 nitus
550 4898 697 4968 quod
719 4898 944 4968 justitiaa
971 4892 1479 4967 reseiveturfErgo
1511 4892 1750 4969 ploravit
1799 4892 1953 4949 JeSus

377 4966 639 5038 Laterum
662 5009 679 5036 ,
722 4966 1013 5038 nonquia
1055 4978 1299 5025 mortuus
1346 4966 1482 5033 erat,
1508 4966 1603 5024 sed
1622 4966 1747 5035 quia
1771 4980 1953 5038 resur-

377 5053 507 5109 gere
547 5033 800 5109 habebat.
842 5033 975 5093 Nam
996 5040 1273 5109 quomodo
1309 5033 1807 5109 posset_m_oifiuum
1836 5033 1954 5105 ploo

377 5106 518 5176 rare,
543 5123 706 5178 quem
730 5108 848 5178 ipse
867 5106 1091 5164 venerat
1112 5106 1465 5164 resuscitare?
1491 5106 1868 5178 Sedrdieturus
1895 5118 1954 5178 es

377 5173 513 5234 mihi
556 5173 578 5231 Ξ
606 5177 666 5234 Si
703 5173 905 5233 malum
953 5188 1035 5233 est
1087 5180 1279 5233 iterum
1319 5180 1373 5232 in
1427 5178 1526 5232 hac
1573 5177 1679 5229 vita
1713 5173 1909 5229 reverti
1936 5211 1952 5237 ,

378 5250 634 5318 quoniam
683 5246 841 5304 .lesus
893 5247 1136 5304 Christus
1172 5258 1415 5303 mortuus
1462 5256 1545 5301 est
1609 5255 1666 5301 et
1705 5259 1952 5318 iesurre-

380 5314 495 5374 iit?
542 5318 651 5385 Sed
679 5318 924 5374 Christus
968 5318 1048 5374 sic
1086 5318 1403 5383 resurrexit,
1439 5331 1547 5370 non
1577 5314 1805 5385 amplius
1837 5329 1953 5368 mo-

378 5389 609 5451 riturus;
637 5384 869 5443 Laurus
894 5396 1072 5442 autem
1104 5387 1393 5443 resurrexit
1418 5388 1610 5441 iterum
1642 5384 1949 5439 moriturus.

380 5457 532 5515 Sicut
572 5458 704 5513 dicit
741 5457 1019 5527 apostolus
1063 5456 1260 5513 Paulus
1296 5475 1309 5511 :
1342 5456 1575 5511 Christus
1614 5469 1883 5527 resurgens
1912 5471 1951 5527 ra

382 5530 597 5585 mortuis
615 5528 733 5599 jam
759 5525 864 5599 non
905 5529 1138 5592 moritur,
1165 5537 1215 5581 et
1264 5543 1402 5582 mors
1428 5526 1475 5581 ei
1508 5527 1623 5597 jam
1651 5525 1950 5579 non'domi-

384 5597 790 5663 ηαιήιιινζριωά
819 5598 957 5653 enim
984 5608 1211 5653 mortuus
1241 5608 1316 5668 gst
1354 5606 1585 5668 peccato,
1610 5605 1839 5668 mortuus
1876 5605 1952 5668 e_§t

382 5670 556 5734 semel,
587 5669 724 5740 quod
746 5675 918 5740 autem
937 5669 1075 5733 vivit,
1098 5668 1215 5723 vivit
1237 5663 1545 5740 Deo'(_fiom._
1570 5663 1720 5740 vr,_ii,
1746 5665 1856 5740 10).
1885 5663 1951 5720 Et

374 5740 504 5795 ideo
529 5735 719 5809 tpiarta
746 5737 835 5794 die
862 5736 1119 5793 Lazarum
1146 5737 1437 5809 suscitavit,
1458 5735 1583 5806 quia
1605 5736 1702 5790 sibi
1734 5739 1947 5794 tertium

382 5810 526 5868 diem
547 5806 671 5880 ἐιυο
697 5816 998 5882 resurgeret
1026 5807 1338 5868 reservavit.
1368 5806 1531 5878 Igitur
1556 5814 1838 5884 postquam
1872 5810 1948 5867 vi-

2058 4618 2124 4672 ad
2147 4617 2430 4687 judicium.
2455 4620 2557 4673 Alii
2604 4635 2711 4674 non
2741 4619 2999 4672 irrideant
3025 4618 3221 4674 Christi
3252 4620 3625 4682 humilitatem,

2058 4687 2157 4760 alii
2179 4704 2284 4760 non
2312 4697 2558 4758 repetant
2579 4689 2829 4760 baptismi
2857 4689 3273 4760 simplicitatem.
3291 4690 3426 4755 Quia
3452 4690 3536 4760 qui
3558 4706 3636 4743 se-

2058 4758 2158 4812 mel
2183 4757 2316 4812 lotus
2338 4757 2435 4821 est,
2452 4762 2563 4812 ‘non
2589 4758 2735 4813 habet
2758 4757 3110 4814 necessitatem
3133 4759 3369 4824 (arandi;
3393 4757 3473 4813 est
3495 4760 3634 4813 enim

2058 4828 2277 4900 mundus
2308 4839 2445 4882 totus
2476 4828 2663 4898 (Ibid.,
2698 4827 2997 4900 iii).Quare
3018 4844 3148 4900 ergo
3174 4830 3337 4900 pedes
3367 4831 3629 4894 lavantur,

2058 4898 2102 4953 si
2129 4907 2214 4971 est
2239 4900 2470 4971 mundus
2492 4900 2671 4955 totus?
2693 4898 2809 4954 Non
2836 4908 2918 4971 est
2945 4899 3085 4953 istud
3119 4898 3427 4971 mysterium
3458 4900 3634 4971 bapti-

2058 4969 2264 5032 smatis,
2296 4968 2391 5024 sed
2415 4969 2730 5039 obsequium
2757 4969 2997 5024 caritatis
3027 4987 3041 5024 :
3072 4978 3130 5022 ut
3166 4968 3374 5024 discant
3402 4969 3632 5025 infantes

2054 5038 2198 5109 quod
2232 5039 2536 5093 didicerunt
2558 5038 2613 5094 et
2638 5041 2959 5109 piscatores;
2987 5048 3039 5093 et
3073 5040 3180 5095 sint
3203 5056 3393 5095 omnes
3429 5042 3634 5109 paratis

2056 5106 2281 5178 pedibus
2322 5108 2521 5164 Christi
2566 5106 2857 5178 praecones,
2914 5118 2975 5164 ut
3017 5110 3084 5163 de
3112 5111 3362 5166 omnibus
3386 5106 3597 5165 dicatur
3634 5129 3646 5161 :

2058 5176 2227 5249 Quam
2248 5181 2465 5249 speciosi
2488 5176 2605 5232 sunt
2620 5179 2781 5249 pedes
2795 5178 3253 5249 evangglizqnlium
3275 5197 3471 5249 pacem,
3485 5197 3634 5234 cvan-

2057 5248 2388 5321 getisantium
2417 5248 2551 5321 bona
2607 5247 2784 5321 (Rom.
2817 5265 2872 5321 ξ,
2912 5247 2999 5321 {5)
3026 5249 3038 5301 ε
3070 5248 3151 5321 De
3184 5247 3375 5321 quibus
3422 5251 3631 5306 lattatur

2057 5317 2228 5372 mater
2268 5317 2525 5391 Ecclesia,
2564 5317 2683 5387 qua:
2715 5317 2890 5391 modo
2936 5317 2988 5391 in
3018 5320 3157 5389 pclvi
3184 5317 3484 5391 colligitur,
3510 5327 3630 5374 tan-

2056 5403 2218 5456 quam
2249 5404 2301 5441 ιη
2331 5388 2543 5459 tignlina
2571 5386 2841 5459 coquitur.
2873 5386 2928 5443 ln
2959 5386 3074 5444 toto
3100 5386 3302 5445 mundo
3316 5386 3626 5459 Vcomregan

2056 5466 2158 5529 tur,
2193 5466 2251 5512 ut
2281 5459 2331 5513 iu
2355 5456 2675 5529 pelviaqua.
2701 5456 2777 5529 lbi
2805 5474 3081 5514 servorum
3103 5459 3353 5521 mundata
3383 5456 3629 5529 vestigia,

2054 5536 2112 5580 ut
2136 5527 2190 5584 in
2214 5536 2327 5602 toto
2350 5527 2551 5582 mundo
2567 5527 2814 5602 baptismi
2836 5530 3098 5602 aspiceret
3111 5532 3305 5599 gratia,
3319 5540 3375 5586 et
3388 5527 3626 5602 omnium

2052 5597 2393 5671 sacerdotum
2424 5596 2741 5671 percurram
2774 5596 2986 5671 munda
3018 5596 3284 5671 prie'couia
3307 5639 3324 5664 ,
3355 5601 3479 5671 quia
3526 5617 3625 5656 eoa:

2054 5667 2269 5722 ronitrui
2298 5661 2491 5738 ejus'in
2522 5661 2635 5723 iota
2670 5666 2844 5793 SPsal.
2878 5661 3056 5734 Lxxvi,
3089 5669 3215 5740 I9):
3248 5661 3387 5740 quia"
3415 5670 3626 5726 Domini

2054 5746 2138 5793 est
2168 5746 2338 5793 terra.
2369 5745 2423 5791 et
2467 5745 2579 5792 tota
2608 5754 2667 5793 re
2704 5747 2885 5793 emota
2918 5737 3175 5793 Ecclesia.
3203 5740 3261 5793 in
3302 5756 3410 5793 uua
3436 5754 3626 5793 omnes

2048 5746 2138 5793 est
2168 5737 2338 5802 terra,
2368 5745 2431 5813 _e_t_
2467 5745 2579 5813 toga
2608 5737 2885 5811 redempta
2918 5737 3176 5808 Ecclesia,
3203 5737 3281 5799 in
3302 5756 3410 5813 qua
3436 5754 3626 5796 omnes

2045 5818 2325 5865 cantamus
2352 5806 2595 5866 Alleluia.
