4144 6354
511 318 608 378 891

1068 430 1299 490 εειιιιιι
1338 430 1518 487 XXIV.

1008 527 1152 581 Alius
1210 528 1345 578 unde
1409 542 1586 595 supra.

584 616 893 690 Mysteriunt
917 617 1232 690 hodiernum
1253 632 1440 690 cursus
1465 623 1565 690 est_
1583 615 1652 668 ad
1680 630 1898 690 regnum
1920 614 2089 690 custo-

513 685 655 753 ῐιιιιι,
687 690 775 743 ubi
821 689 1063 741 lavantur
1102 687 1325 754 vestigia
1381 685 1747 755 parvulorum,
1776 695 1830 737 ιιι
1865 685 1963 755 ipsi
1995 699 2091 736 va-

513 749 659 814 leant
682 757 946 811 mumlatis
977 757 1199 825 pedibus
1221 749 1459 821 currere,
1482 764 1535 809 et
1564 770 1777 825 venena
1800 749 1897 808 sua
1926 749 2092 807 draco

512 845 620 884 non
651 827 817 896 possit
855 824 1154 894 inserpere.
1193 825 1364 891 Quam
1412 825 1642 894 speciosi
1681 824 1847 896 pedes
1878 839 2089 888 eorum,

511 892 705 968 quibus
725 896 897 968 pedes
916 892 1057 949 lavat
1080 896 1336 968 Dominus
1352 892 1661 968 angelorum
1681 894 1694 946 !
1714 892 1966 968 Magnum
1978 907 2095 968 spe-

511 962 796 1029 ctaculum,
815 966 901 1019 ubi
924 966 1292 1020 contremiscit
1318 962 1487 1032 genus
1508 964 1823 1028 humanum,
1845 962 2091 1017 inclinari

512 1036 794 1090 Dominum
818 1035 883 1088 ad
907 1036 1126 1100 vestigia
1151 1033 1489 1088 famulorum.
1507 1032 1608 1100 Qui
1629 1034 1896 1087 inclinavit
1918 1032 2092 1097 calas,

474 1114 481 1123 ‘
512 1115 559 1159 et
581 1105 864 1168 descendit,
893 1114 943 1158 et
963 1105 1133 1175 caliga
1155 1104 1247 1159 sub
1275 1105 1486 1175 pedibus
1507 1105 1619 1227 agas
1648 1102 1961 1174 (Psal.xvu,
1979 1101 2089 1169 10):

510 1175 676 1227 modo
705 1174 927 1227 inclinat
954 1191 1013 1227 se
1062 1176 1128 1227 ad
1169 1176 1483 1227 obseuninm
1555 1174 1920 1227 iscinnlornm.
1953 1171 2089 1227 Gan-

510 1175 676 1231 modo
705 1174 927 1230 inclinat
954 1191 1013 1229 se
1062 1171 1128 1229 ad
1169 1171 1483 1240 obsequium
1514 1171 1920 1242 discipulorum.
1953 1171 2096 1242 Gan-

512 1245 635 1299 deat
661 1252 805 1299 totus
833 1245 1080 1300 mundus.
1106 1244 1382 1299 Inclinatio
1402 1244 1546 1299 enim
1573 1241 1770 1298 Christi
1797 1241 2095 1297 incnrvatio

513 1324 597 1369 est
642 1315 909 1383 superbire
944 1313 1301 1384 Antichristi;
1338 1322 1395 1367 nt
1431 1314 1544 1384 ipse
1573 1313 1734 1367 vadat
1764 1327 2001 1384 _curvns,_
2040 1321 2096 1365 et

513 1381 883 1453 apostolorum
909 1383 980 1438 sit
998 1384 1231 1439 directus
1251 1381 1525 1445 excursus,
1543 1392 1598 1437 et
1617 1381 1847 1437 mundos
1867 1381 2098 1448 gaudeat

516 1447 816 1508 universus.
866 1447 1040 1508 Pelvis
1086 1454 1228 1508 enim
1256 1455 1358 1507 ista
1401 1455 1648 1508 universa
1704 1460 1788 1506 est
1832 1447 1971 1505 terra
2009 1464 2097 1505 re-

514 1522 765 1594 dempta,
813 1525 866 1578 in
906 1539 1013 1593 qua
1042 1525 1202 1579 missa
1253 1532 1338 1579 est
1364 1539 1522 1593 aqua.
1549 1531 1607 1577 ιιι
1633 1522 1687 1577 hi
1734 1522 1827 1594 qni
1857 1521 2098 1594 habitant

515 1590 715 1648 terram
772 1590 1048 1649 transeant
1087 1594 1159 1648 ad
1184 1596 1345 1647 vitam
1402 1590 1499 1663 per
1524 1590 1991 1663 aquannFignlps
2010 1598 2100 1663 est

515 1664 608 1731 qui
658 1662 784 1718 fecit
828 1665 1046 1733 pelvim,
1091 1673 1147 1718 et
1173 1658 1633 1718 redemit'orbem.
1666 1660 1889 1733 Ornavit
1914 1658 2097 1733 ﬁctilia

516 1748 643 1787 vasa
671 1734 733 1804 in
754 1731 892 1803 pelvi
923 1734 1132 1797 limosa,
1160 1741 1213 1787 ut
1235 1733 1444 1804 possint
1469 1740 1684 1804 portare
1704 1732 2015 1804 thesaurum
2042 1731 2096 1785 in

1522 315 1859 372 APPENDlX
1899 317 1991 372 AD
2030 309 2086 372 Ξ.
2131 307 2507 373 ΙὋΒΟΕΝἸἮ
2536 307 2763 371 ΟΡΕΒΑ

2121 444 2163 490 Λ
2198 432 2343 497 gavit
2367 446 2535 492 inure,
2570 430 2812 500 implevit
2853 430 3046 499 pelvim
3081 449 3093 481 :
3130 446 3277 500 mare
3303 431 3556 500 piscibus,
3586 437 3783 500 pelvis"

3676 318 3781 378 832

2199 500 2573 568 piscatoribus.
2606 498 2679 553 lbi
2730 498 2891 557 Petro
2938 500 3091 562 dixit,
3126 499 3259 554 Vetti
3291 498 3414 567 post
3453 517 3557 566 me,
3588 498 3767 556 l'aeiau

2197 579 2251 622 te
2297 570 2570 622 hominum
2619 570 2941 639 piscatorem
2976 568 3168 638 (Marc.
3197 587 3233 636 ι,
3268 569 3373 639 l7).
3404 568 3501 625 l'lic
3528 572 3777 627 admonet

2195 646 2251 694 et
2282 649 2468 710 terret,
2500 640 2815 710 obsequitur
2848 648 2905 710 et
2934 640 3185 693 minatur.
3213 640 3322 695 Nisi
3352 642 3551 704 lavero,
3585 642 3780 710 inquit,

2197 710 2291 763 tibi
2323 708 2505 778 pedes,
2534 708 2887 778 nouhabehis
2915 718 3124 777 partem
3147 726 3357 765 mecum
3385 710 3438 765 in
3469 726 3637 778 regno
3662 708 3775 766 cm-

2198 777 2371 833 lornm
2402 778 2582 847 (Joan.
2618 788 2731 842 xm,
2755 777 2832 848 8).
2866 778 3054 834 Adhuc
3074 780 3226 848 quasi
3255 780 3519 835 delicatus
3543 777 3785 847 ingratas

2197 848 2412 917 repellis
2437 849 2630 904 medici
2661 850 2883 903 manus?
2912 847 3105 903 Curam
3135 850 3330 904 bonam
3380 850 3459 904 vis
3493 855 3783 905 recusare?

2197 916 2413 972 Partem
2445 933 2654 974 mecum
2679 935 2785 973 non
2815 918 2896 972 vis
2924 918 3156 988 habere?
3183 920 3239 973 Si
3270 920 3411 974 enim
3438 919 3655 988 repellis
3677 922 3781 974 lm-

2198 988 2477 1041 militatem
2510 1004 2708 1054 meam,
2750 1003 2855 1042 non
2887 987 3094 1043 videbis
3132 989 3473 1045 altitudinem
3496 987 3694 1044 meam.
3725 990 3787 1045 Si

2200 1073 2305 1110 non
2336 1058 2592 1129 lavabunt
2621 1067 2672 1112 te
2701 1073 2889 1129 atauus
2911 1073 3064 1120 meae,
3096 1075 3203 1114 non
3232 1068 3454 1129 tangent
3483 1076 3569 1115 me
3592 1076 3797 1116 manus

2199 1136 2320 1180 tum.
2352 1126 2408 1180 Si
2440 1136 2559 1182 tuos
2580 1143 2700 1198 Διιοιι
2749 1128 2930 1182 lavero
2967 1129 3151 1197 pedes,
3184 1145 3217 1183 o
3249 1126 3428 1197 Petre,
3453 1129 3504 1182 in
3563 1130 3782 1198 paradia

2197 1212 2314 1249 smn
2359 1196 2633 1279 quomodo
2679 1198 2881 1279 pote'ris
2909 1196 3169 1279 introire?
3191 1198 3307 1254 Non
3335 1196 3545 1279 carebis
3565 1196 3786 1279 veneno

2198 1266 2465 1336 serpentis
2490 1267 2715 1336 pedibus
2740 1266 2864 1334 tuis,
2904 1268 2949 1322 si
3004 1283 3271 1336 repugnas
3324 1269 3569 1324 manibus
3620 1270 3778 1325 meis.

2198 1335 2387 1390 Manus
2408 1334 2541 1390 mete
2560 1334 2805 1391 fecerunt
2825 1345 2897 1400 te,
2917 1334 3107 1392 manus
3134 1334 3268 1393 mea:
3293 1339 3475 1394 lavent
3496 1350 3566 1392 te.
3593 1338 3787 1394 Manus

2201 1415 2303 1459 tn:e
2331 1421 2438 1459 non
2452 1407 2864 1478 _repellaut_me,
2895 1423 2964 1478 ne
2991 1409 3109 1476 ejus
3153 1423 3358 1478 pugnes
3383 1408 3629 1464 manibus
3649 1424 3785 1464 con-

2200 1484 2283 1551 tra
2310 1489 2415 1551 me.
2523 1472 3300 1551 stupendnmmiracnlum‘fp
3343 1478 3547 1551 grande
3577 1488 3790 1551 specta-

2198 1544 2407 1617 culum!
2433 1544 2731 1617 Imperator
2749 1546 2871 1603 σαιιί
2901 1548 2968 1600 ad
2998 1549 3160 1617 pedes
3190 1544 3417 1603 militum
3445 1544 3670 1603 recubat
3696 1549 3781 1604 in-

2197 1616 2462 1681 clinatns;
2494 1623 2550 1685 et
2597 1616 2760 1671 homo
2788 1617 2962 1685 pulvis
3000 1616 3066 1671 et
3108 1618 3246 1674 cinis
3282 1628 3473 1674 contra
3493 1618 3785 1674 Dominum

2199 1694 2401 1754 pugnat
2443 1683 2677 1770 inllatus.
2696 1683 2874 1770 Dicit.
2894 1687 3025 1741 mihi
3052 1687 3269 1770 quidam
3297 1689 3569 1770 superbus
3594 1703 3662 1743 ex
3690 1688 3783 1770 ad:

2198 1771 2356 1828 verso
2382 1757 2667 1828 resistens,
2682 1756 2775 1824 qui
2804 1757 3083 1828 minorem,
3104 1758 3263 1828 Adicit_
3295 1756 3391 1819 Dei
3437 1757 3635 1828 Filium
3680 1759 3783 1828 qui

515 1799 2095 1898 ἴὲἓίὲ.λῐέἓιὲἯὲἐὶ-ἓέἔιέξὲξ.ηνεὲῒξὲυπξι.ἓξέυὶὶἕὲ.¹1ίῖεἰξὲ¹ἔίἓ.¹ἓι
2131 1826 2174 1883 B
2202 1826 2395 1898 missus
2435 1834 2521 1882 est
2556 1842 2586 1880 a
2617 1799 2802 1898 liaire.
2822 1834 2877 1881 ει
2898 1799 3635 1883 ιιοτῖοὲίηᾰίῬεῆἶὲηἷῖἱίιῖιῖ
3651 1799 3783 1898 vi;

518 1875 776 1942 apostolis
806 1870 1269 1928 tremescentibus.
1298 1872 1403 1927 Sed
1433 1870 1618 1925 Petrus
1646 1871 1945 1942 constantia
1970 1870 2096 1925 lldei

516 1941 627 1997 sum
645 1943 1212 2005 voluitcontradiccre,
1238 1958 1342 1994 non
1368 1941 1857 2004 inobedientia,sed
1880 1942 2093 1994 timore.

517 2012 761 2079 Domine,
793 2015 981 2082 inquit,
1014 2021 1070 2066 ιιι
1114 2013 1240 2066 mihi
1284 2013 1428 2066 lavas
1455 2012 1609 2082 pedes
1659 2010 1839 2082 (locu.
1860 2026 1985 2082 aut,
2017 2010 2092 2079 6),

517 2098 676 2205 gnem
719 2081 953 2165 tremunt
980 2085 1234 2153 angelice
1285 2081 1616 2164 potestates!
1649 2081 1749 2145 Qui
1776 2081 1920 2134 sedes
1947 2096 2099 2162 super

563 2152 792 2205 lierubmi
832 2153 1003 2205 (Psal.
1051 2169 1233 2205 ιιιιιιιι.
1264 2152 1344 2205 2i.
1392 2152 1616 2205 inclmas
1658 2160 1709 2205 te
1752 2144 1818 2204 ad
1866 2148 2091 2205 nelvtm!

563 2152 792 2207 herubim
832 2153 1003 2223 (Psal.
1051 2144 1233 2215 ἰιιιιιι,
1264 2144 1344 2221 2),
1392 2152 1616 2223 inclinas
1752 2144 1818 2204 ad
1866 2144 2091 2223 pelviiu!

518 2221 773 2278 Curvaris
818 2220 887 2277 ad
932 2238 1120 2277 servos
1149 2233 1290 2289 tuos,
1305 2220 1405 2287 qui
1446 2222 1608 2290 erigis
1632 2222 1813 2285 elisos,
1847 2229 1903 2275 et
1929 2220 2095 2273 solvis

516 2294 852 2366 compeditos
908 2293 1080 2366 (Psal.
1109 2309 1269 2366 CXLV,
1318 2292 1414 2362 8)!
1460 2291 1708 2366 Domine,
1756 2291 1969 2345 excedit
2011 2304 2098 2344 me

516 2308 852 2416 COmJJtBtIIIOS
908 2308 1080 2366 (mat.
1109 2309 1269 2359 CXLV,
1318 2308 1414 2362 ts):
1460 2308 1708 2359 uounne,
1756 2308 1969 2345 excedit
2011 2308 2098 2344 me

516 2361 622 2417 istn
683 2372 788 2416 tam
811 2362 1011 2431 grande
1034 2364 1370 2434 mysterium,
1386 2363 1532 2431 quod
1555 2370 1683 2430 puto
1707 2376 1915 2415 mecum
1941 2375 2099 2434 posse

515 2430 827 2487 tremiscere
853 2433 1069 2497 calum,
1092 2430 1198 2487 nec
1224 2430 1483 2499 angniite
1533 2434 1923 2499 permitterent,
1953 2430 2095 2498 quod

517 2515 620 2570 ego
640 2502 1426 2583 .excusqtretnenter.‘Sullicit
1450 2502 1577 2583 mihi
1608 2503 1752 2583 quod
1785 2510 1929 2554 tuam
1958 2514 2097 2569 prte-

515 2572 742 2626 sentiam
787 2573 1043 2640 tribuisti,
1069 2574 1295 2642 gratiam
1323 2573 1555 2636 donasti,
1586 2572 1839 2626 virtutem
1870 2585 2095 2626 conces-

516 2642 652 2705 sisti,
682 2651 741 2697 ut
766 2643 945 2697 lumen
975 2644 1229 2698 reddatur
1255 2644 1432 2708 cacis,
1456 2642 1667 2697 auditus
1692 2642 1887 2705 surdis,
1910 2655 2100 2695 cursus

515 2713 740 2774 claudis,
764 2713 870 2767 vita
916 2715 1179 2768 mortuis:
1212 2722 1267 2767 et
1296 2713 1520 2768 inclinas
1560 2721 1614 2767 te
1654 2711 1876 2779 pedibus
1922 2709 2094 2765 meis!

519 2781 636 2838 Non
666 2784 922 2838 convenit
953 2783 1094 2837 istud
1126 2784 1330 2838 meritis
1358 2785 1492 2837 meis
1518 2790 1574 2836 et
1595 2783 1813 2837 nostris.
1843 2781 1991 2843 Sine,
2017 2780 2099 2833 iu-

515 2854 651 2921 quit,
678 2852 855 2918 Petre,
888 2869 996 2908 non
1024 2854 1117 2908 tibi
1145 2869 1281 2923 opus
1305 2861 1388 2908 est
1415 2853 1707 2919 contraire,
1733 2867 1799 2906 ne
1826 2852 1918 2923 tibi
1967 2849 2102 2904 inci-

514 2920 632 2993 pias
655 2924 933 2992 impedire.
960 2922 1083 2978 Nisi
1111 2920 1282 2978 lacero
1307 2923 1396 2978 tibi
1418 2923 1589 2994 pedes,
1618 2938 1723 2976 non
1752 2920 1962 2994 habebis
1983 2936 2102 2994 par-

518 2990 617 3046 tem
638 2990 852 3059 merum,
882 3003 939 3048 et
966 3009 1195 3049 excusas
1224 2990 1542 3063 obsequium
1571 2993 1796 3063 meum?
1837 2990 2099 3063 Ideognti-

521 3078 627 3132 que
657 3063 880 3117 formam
919 3064 1061 3120 servi
1108 3065 1311 3132 accepi,
1340 3061 1565 3117 manens
1605 3063 1657 3115 in
1696 3061 1867 3115 ferina
1899 3061 2102 3132 Dei,nt

518 3130 607 3186 me
636 3132 906 3201 inclinem,
924 3143 979 3189 et
1008 3150 1102 3189 vos
1122 3130 1431 3198 sublimem;
1450 3141 1507 3186 ιιι
1532 3138 1747 3186 manum
1772 3144 1945 3185 meam
1976 3130 2099 3183 mit-

521 3209 631 3255 tam
660 3203 711 3256 in
742 3218 934 3272 aquam
961 3204 1027 3258 ad
1049 3213 1222 3259 vestra
1252 3205 1491 3272 vestigia,
1510 3209 1618 3271 q'uo
1642 3201 1861 3271 possitis
1890 3200 2098 3272 discere
2125 3204 2169 3263 C

519 3272 658 3345 viam
687 3270 898 3345 novam,
922 3282 978 3329 et
997 3276 1242 3345 specioso
1262 3270 1418 3327 cursu
1446 3270 1720 3345 ambulare
1746 3272 1798 3324 in
1826 3285 1908 3345 ea.
1934 3270 2100 3345 Andi-

519 3342 597 3411 vit
627 3342 729 3411 hoc
752 3341 958 3406 Petrus,
983 3340 1041 3399 et
1060 3344 1231 3399 factus
1257 3354 1570 3409 estavarus,
1595 3342 1685 3411 qui
1715 3349 1831 3395 erat
1860 3340 2096 3394 timidus.

517 3408 759 3483 Domine,
789 3413 982 3483 inquit,
1014 3432 1115 3469 non
1155 3424 1354 3483 tantum
1398 3408 1570 3482 pedes,
1599 3408 1689 3466 sed
1716 3420 1765 3466 et
1809 3427 2013 3483 melius,
2051 3419 2102 3464 et

516 3493 672 3553 caput
702 3481 881 3553 (Joan'.
913 3500 1026 3547 xm,
1060 3486 1138 3554 9).
1169 3484 1307 3551 Non,
1338 3481 1512 3538 Petre.
1548 3483 1659 3552 Ego
1688 3481 1914 3554 cognovi
1943 3495 2098 3554 men:

518 3550 720 3619 suram,
742 3554 832 3622 qui
857 3555 979 3608 dedi
1006 3550 1231 3623 gratiam
1261 3550 1452 3608 meam.
1485 3550 1611 3607 .lani
1652 3552 1830 3606 mundi
1858 3550 1980 3623 estis
2007 3550 2098 3623 qui

518 3623 687 3678 semel
709 3621 803 3678 loti
832 3626 989 3679 estis:
1016 3621 1113 3692 qui
1144 3625 1286 3679 enim
1309 3624 1477 3679 semel
1509 3625 1651 3677 lotus
1675 3629 1777 3684 est,
1803 3621 2100 3692 nophabet

517 3695 893 3749 necessitatem
924 3687 1158 3759 lavandi,
1179 3696 1272 3749 sel
1301 3702 1384 3748 est
1406 3694 1635 3747 mundus
1665 3701 1827 3746 totus.
1852 3687 2097 3745 Ol‘licium

516 3777 616 3834 vos
634 3763 805 3834 doceo
845 3764 1180 3832 humilitatis,
1206 3779 1311 3818 non
1336 3765 1710 3834 repetitionem
1738 3761 2096 3834 baptismatis.

516 3831 755 3888 Ostende
781 3835 933 3889 vobis
974 3834 1100 3903 quid
1128 3836 1179 3888 in
1205 3836 1310 3888 vita
1342 3831 1569 3887 faciatis.
1621 3832 1873 3903 Magister
1900 3840 2102 3903 sumet

517 3903 796 3968 Dominus,
851 3900 1006 3959 sicuti
1038 3904 1200 3959 habet
1251 3904 1518 3959 confessio
1547 3913 1743 3957 vestra.
1791 3901 1904 3955 Hoc
1946 3900 2099 3955 vobis

518 3974 697 4027 tradet
742 3974 1013 4028 humilitas
1061 3990 1199 4029 mea.
1244 3974 1395 4040 Quod
1445 3975 1699 4028 Dominus
1726 3988 1866 4035 sum,
1900 3969 2099 4023 mundo

518 4057 638 4108 vos,
682 4043 826 4111 quod
871 4044 922 4097 in
975 4043 1143 4098 forma
1175 4045 1335 4104 servi,
1371 4043 1541 4109 doceo
1572 4058 1686 4106 vos,
1745 4058 1811 4096 ne
1847 4040 2097 4111 superbia

518 4109 744 4181 extollat
771 4127 884 4166 vos.
936 4112 1226 4167 Didicimus
1280 4128 1410 4181 ergo
1459 4113 1810 4166 humilitatem
1864 4109 2093 4163 Domini.

516 4180 858 4236 Gaudeamus
886 4196 1015 4250 ergo
1047 4183 1097 4235 in
1120 4184 1208 4236 die
1234 4180 1427 4236 octavo
1453 4183 1711 4242 Patris,ct
1741 4181 1951 4246 Filii,et
1977 4180 2099 4248 Spi-

518 4251 656 4307 ritus
682 4252 874 4306 sancti.
902 4252 1118 4307 Discant
1147 4253 1391 4307 homines
1433 4251 1598 4306 semel
1642 4251 1841 4305 debere
1870 4250 2093 4311 renasci,

514 4328 573 4377 et
596 4321 817 4390 cupiant
844 4322 1086 4377 homines
1108 4339 1266 4376 manu
1296 4321 1489 4376 Christi
1534 4322 1798 4375 mundari.
1829 4320 1928 4387 Qui
1954 4320 2097 4373 enim

515 4407 625 4463 non
655 4392 944 4463 mundatnr
972 4393 1217 4447 manibus
1268 4391 1485 4454 Christi,
1541 4408 1646 4447 non
1675 4398 1854 4463 potest
1881 4404 2099 4463 currere

516 4462 621 4518 iter
644 4462 787 4519 cmli.
812 4461 903 4518 Sic
923 4472 1275 4518 cucurrerunt
1304 4464 1534 4533 apostoli
1564 4479 1660 4532 per
1676 4460 1824 4516 lotos
1852 4460 2098 4533 cardines

517 4533 721 4598 mundi,
753 4534 831 4588 sic
860 4543 1125 4603 martyres
1150 4531 1504 4589 occurrerunt
1526 4531 1750 4604 pedibus
1775 4531 2093 4604 emundatis,

513 4611 575 4658 ιιι
603 4591 719 4657 ιιοιί
740 4595 1277 4660 ιίιιιθτειιιίιίιιιιιηίιε
1301 4605 1509 4659 calcare
1526 4591 1805 4658 'craticnlae
1835 4591 2093 4666 ardentis,
2128 4591 2182 4650 D

513 4681 570 4727 et
594 4673 717 4728 ollre
745 4671 1020 4735 ferventis,
1067 4667 1262 4728 clibani
1312 4674 1601 4728 bullientis.
1653 4672 1914 4728 Solidavit
1956 4671 2099 4725 enim

513 4742 737 4815 plantas,
756 4758 1045 4815 servorum
1073 4760 1311 4807 suorum,
1346 4753 1403 4798 ut
1443 4758 1622 4815 sermo
1652 4741 1864 4815 Domini
1883 4749 2098 4815 currat,

515 4811 574 4868 et
610 4812 954 4881 clarilicetnr,
994 4823 1052 4869 et
1079 4815 1349 4868 humilitas
1380 4822 1541 4883 atque
1566 4813 1817 4868 divinitas
1846 4811 1964 4882 ejus
2011 4828 2097 4866 re-

514 4892 642 4952 gnet
669 4883 723 4937 in
750 4884 945 4938 saecula
972 4885 1313 4939 swculornm.
1344 4883 1537 4939 Amen.

1082 4992 1315 5049 SERMO
1351 4993 1512 5050 XXV.

942 5084 1073 5141 Item
1101 5087 1166 5140 de
1192 5087 1433 5141 lavandis
1459 5086 1680 5157 pedibus

585 5177 759 5246 Caput
793 5178 1047 5239 surrexit,
1078 5184 1247 5231 totum
1270 5192 1466 5246 corpus
1493 5174 1720 5239 refulsit,
1744 5175 2005 5230 lmsterno
2034 5175 2096 5228 il-

513 5245 770 5303 lustratus
797 5253 881 5301 est
901 5246 1229 5316 apostolicus
1255 5245 1452 5302 chorus
1475 5245 1657 5313 jannis
1683 5246 1877 5300 clausis
1904 5247 2099 5300 seJen-

514 5318 667 5371 tium.
702 5316 874 5371 Hodie
905 5318 1150 5371 lavantur
1198 5317 1360 5386 pedes
1389 5318 1704 5377 electorum,
1738 5317 2022 5386 praeparati
2047 5317 2100 5371 in

513 5403 728 5442 cursum
757 5402 910 5441 more
939 5402 1242 5442 cervorum.
1266 5387 1437 5451 Quam
1480 5387 1616 5441 bene
1672 5387 1986 5440 inclinatum
2019 5398 2102 5442 est

513 5465 690 5525 caput,
725 5465 781 5510 nt
811 5465 1116 5522 resurgeret
1140 5457 1373 5526 corpus!
1408 5457 1471 5511 Et
1492 5458 1614 5524 quia
1647 5455 1812 5526 pedes
1839 5455 1903 5509 ad
1940 5467 2103 5525 caput

512 5541 621 5596 non
656 5535 904 5596 poterant
945 5528 1256 5588 ascendere,
1288 5537 1451 5596 caput
1498 5541 1558 5580 se
1600 5526 1856 5596 dignetur
1876 5526 2100 5596 pedibus

513 5592 792 5668 inclinare.
828 5595 999 5652 Hodie
1030 5597 1269 5668 implevit
1298 5592 1515 5667 pélvim,
1545 5606 1602 5649 nt
1632 5592 1683 5650 in
1708 5612 1803 5668 sua
1826 5592 2098 5668 fTi-initatc

512 5666 812 5719 vocationis
858 5674 1053 5721 nostra:
1098 5666 1376 5737 colligeret
1425 5668 1704 5722 unitatem.
1734 5666 1835 5733 Qui
1875 5682 2099 5736 congre-

2180 5390 2306 5445 ‘rim
2333 5390 2508 5444 vobis?
2549 5390 2649 5444 Vos
2678 5392 2870 5444 vocatis
2916 5407 2998 5443 me
3044 5391 3351 5460 magistrum
3390 5399 3441 5441 et

2201 1903 2320 1967 pter
2367 1896 2625 1966 imparem
2664 1895 2997 1967 dignitatem,
3025 1897 3118 1952 sed
3171 1905 3393 1966 propter
3445 1895 3781 1967 individuam

2199 1964 2511 2034 caritatem,
2537 1966 2713 2020 minor
2751 1973 2836 2020 est
2877 1964 3056 2031 Patre,
3088 1964 3184 2034 qni
3225 1964 3482 2024 clarilicat
3524 1965 3811 2023 Patrem?”

2200 2033 2337 2109 Quid
2365 2035 2536 2089 dicis?
2557 2034 2692 2104 quid
2716 2035 3056 2109 taliter_sapis
3076 2033 3193 2109 ?’E_lt
3220 2038 3313 2109 ille
3334 2040 3428 2109 qui
3462 2037 3611 2103 dicit,
3644 2037 3811 2109 E90,.

2199 2115 2249 2177 et
2282 2105 2625 2177 l’ater_unum
2654 2122 2829 2177 sumus
2852 2105 3033 2177 (.loau2
3058 2106 3248 2177 L750).
3274 2105 3370 2171 Et,’
3392 2105 3493 2173 Qui
3512 2105 3808 2177 meiridetr

2198 2176 2332 2245 videt
2351 2184 2401 2245 et
2424 2173 2639 2245 Fratrem
2668 2173 2992 2243 (Joauﬁxtv,
3009 2174 3085 2245 9).
3116 2173 3240 2231 Ideo
3280 2179 3457 2232 minor
3476 2185 3561 2233 est
3594 2176 3804 2244 Patre;

2198 2243 2290 2312 qui
2321 2242 2578 2299 clariﬁeat
2618 2242 2868 2300 Patrem?
2897 2242 3145 2313 Nunquid
3174 2255 3228 2300 et
3271 2248 3441 2302 servis
3462 2248 3576 2303 suis
3604 2242 3789 2303 minor

2200 2322 2302 2376 est,
2327 2315 2521 2383 quibus
2541 2316 3013 2388 tantamgexhibnit
3035 2316 3421 2388 linmilitatem,
3435 2326 3495 2371 nt
3515 2332 3583 2388 se
3602 2318 3789 2385 digna-

2201 2394 2350 2457 retur
2368 2399 2554 2439 eorum
2577 2386 2818 2457 vestigiis
2832 2385 3157 2457 procurare?
3183 2385 3315 2441 Nam
3336 2387 3428 2456 qui
3451 2386 3654 2455 gratias
3674 2387 3789 2457 agit
3834 2418 3851 2429 ι

2203 2454 2495 2525 Ινιιιτίᾉειιο,
2527 2462 2584 2510 et
2608 2454 2890 2525 Lazarum
2919 2455 3133 2525 propria
3164 2454 3434 2525 potestate
3461 2454 3693 2511 suscitat
3715 2454 3791 2512 de

2203 2523 2412 2595 tumulo
2451 2540 2570 2595 suo,
2603 2524 2721 2595 ipse
2744 2525 2887 2579 lavat
2917 2523 3079 2594 pedes
3107 2523 3271 2581 Petro
3299 2528 3552 2595 piscatori
3579 2526 3790 2580 famulo

2200 2610 2318 2649 suo.
2351 2591 2489 2660 Quid
2518 2591 2699 2650 autem
2746 2591 2962 2664 mirum,
2993 2596 3037 2650 si
3082 2591 3316 2651 snrrexii
3342 2612 3372 2650 a
3402 2611 3578 2660 omna,
3601 2606 3658 2649 ct
3685 2612 3776 2664 po-

2200 2665 2307 2735 suit
2332 2664 2650 2719 vestimenta
2677 2680 2773 2735 sua
2803 2663 2983 2729 (Joan.
3013 2681 3127 2730 xui,
3155 2666 3230 2735 4),
3258 2667 3351 2734 qni
3379 2681 3502 2721 cum
3531 2667 3585 2719 in
3609 2663 3785 2720 forma

2202 2734 2296 2804 Dei
2319 2744 2482 2799 esset,
2514 2734 2864 2804 semetipsum
2892 2736 3188 2790 exinanivit
3207 2738 3229 2791 ?
3251 2735 3356 2791 Sed
3377 2750 3499 2790 cum
3529 2736 3584 2790 in
3612 2735 3788 2790 forma

2202 2803 2294 2859 Dei
2324 2812 2488 2869 esset,
2517 2818 2625 2859 non
2656 2803 2898 2873 rapinam
2923 2806 3213 2861 arbitratus
3241 2816 3325 2860 est
3349 2820 3470 2861 esse
3508 2822 3568 2860 se
3597 2821 3785 2873 requa-

2203 2878 2310 2929 lem
2337 2873 2467 2929 Deo.
2503 2873 2617 2930 Hoc
2644 2873 2749 2930 Vas
2777 2874 3059 2944 electionis
3079 2876 3148 2931 de
3182 2876 3343 2944 lignlo
3365 2876 3459 2930 Dei
3481 2877 3705 2939 clamat,
3730 2886 3791 2930 et

2200 2945 2331 2999 dicit
2362 2962 2375 2996 :
2410 2944 2513 3008 Qui
2537 2960 2651 2998 cum
2671 2946 2726 2998 in
2752 2947 2920 3013 forma
2948 2943 3041 3000 Dei
3066 2955 3221 3012 esset,
3246 2963 3345 3001 non
3376 2948 3617 3013 rapinam
3645 2947 3795 3000 arbi-

2202 3023 2593 3087 tratas‘estesse
2613 3015 2930 3087 sewqaalem
2946 3014 3056 3087 Deo
3079 3018 3298 3087 (l'liilip.
3319 3032 3375 3078 ιι,
3399 3015 3476 3082 6).
3501 3015 3675 3083 Rogo,
3700 3031 3805 3069 τοι

2200 3100 2269 3152 go
2298 3100 2329 3138 a
2353 3081 2521 3139 Paulo
2549 3081 2856 3155 apostolo,‘
2882 3086 2936 3139 in
2965 3081 3133 3140 forma
3157 3081 3257 3141 Dei
3275 3086 3388 3155 Deo
3412 3081 3638 3155 teqnalis
3665 3100 3807 3140 esse-

2202 3150 2558 3223 prtcdicatnr,
2583 3150 2883 3225 'qnomodo
2933 3155 3117 3225 minor
3157 3171 3279 3211 esse
3323 3150 3490 3210 Patre
3526 3156 3807 3223 sacrilega:

2204 3224 2641 3293 praesumptione
2667 3233 2914 3295 narratur
2933 3226 2958 3278 ?
2985 3224 3127 3291 Quid
3174 3240 3303 3295 ergo
3343 3227 3537 3280 mirum
3568 3227 3613 3279 si
3642 3240 3787 3295 prce-

2201 3292 2366 3348 einxit
2396 3311 2451 3366 se
2478 3296 2637 3366 linteo
2668 3292 2849 3366 (Joan.
2894 3311 3007 3358 xm,
3038 3295 3117 3365 4),
3148 3292 3255 3363 qni,
3268 3294 3495 3366 fortnam
3524 3292 3672 3349 servi
3697 3310 3793 3349 ac-

2204 3366 2410 3434 cipiens
2439 3365 2622 3419 habitu
2641 3364 2725 3420 est
2753 3365 3001 3420 inventus
3039 3364 3099 3419 ut
3128 3364 3491 3430 homo?Qnid
3516 3367 3714 3419 mirum
3743 3366 3791 3418 si

2203 3436 2342 3506 misit
2369 3450 2558 3506 aquam
2586 3435 2640 3489 in
2669 3434 2852 3506 peluim
2875 3434 3345 3506 (Ibid.,.5),nude
3372 3435 3594 3506 lavaret
3621 3434 3809 3503 pedes-

2201 3504 2608 3572 discipnlorum,
2638 3504 2731 3575 qui
2762 3505 2815 3558 in
2846 3504 2992 3560 terra
3019 3505 3330 3573 sanguinem
3361 3504 3520 3566 ludit,
3549 3520 3658 3573 quo
3684 3506 3789 3558 im-

2203 3575 2518 3629 munditiam
2562 3575 2794 3629 dilueret
2821 3577 3197 3644 peccatorum?
3228 3575 3394 3642 Quid,
3422 3575 3661 3644 inquam,
3689 3576 3797 3627 mi-

2201 3660 2345 3709 rum,
2368 3645 2412 3698 si
2432 3644 2598 3700 linteo
2619 3659 2728 3713 quo
2751 3653 2869 3699 erat
2898 3646 3219 3715 praecinctus
3234 3644 3403 3714 pedes
3422 3660 3558 3712 quos
3583 3644 3795 3698 laverat

2205 3716 2381 3778 tersit,
2410 3716 2505 3783 qni
2551 3730 2715 3784 carne
2757 3730 2889 3784 qua“
2907 3724 3028 3770 erat
3067 3715 3288 3769 indutus
3335 3714 3795 3780 evangelislarutn

2205 3785 2426 3852 vestigia
2451 3783 2828 3839 conﬁrmavit?
2853 3783 2919 3838 Et
2946 3785 3115 3840 linteo
3140 3784 3449 3854 quidemlnt
3475 3783 3798 3854 se-prazcin-

2202 3851 2373 3922 geret,
2398 3856 2578 3923 posuit
2598 3854 2917 3908 vestimenta
2941 3868 3063 3923 quae
3091 3851 3342 3909 habebat.
3371 3852 3441 3907 Ut
3465 3863 3648 3907 autem
3680 3851 3796 3923 for-

2205 3919 2345 3977 mam
2377 3919 2520 3980 servi
2543 3926 2834 3992 acciperet,
2862 3919 3078 3993 quando
3096 3925 3445 3992 semetipsum
3469 3922 3800 3993 exinanivit,
3900 3980 3903 3983 λ

2205 4009 2311 4047 non
2341 3994 2485 4064 quod
2518 3991 2754 4049 habebat
2779 3991 3060 4064 deposuit;
3101 3995 3195 4048 sed
3223 3991 3369 4064 quod
3418 4008 3525 4047 non
3556 3991 3801 4064 habebat

2204 4059 2430 4133 accepit.
2461 4062 2619 4118 Venit
2664 4077 2817 4133 ergo,
2840 4059 2907 4117 ad
2946 4062 3203 4133 Petrum,
3236 4059 3291 4117 et
3317 4071 3539 4133 excusat
3569 4059 3788 4116 Petrus.

2204 4134 2323 4187 Non
2336 4132 2478 4187 mihi
2501 4133 2704 4189 lavabis
2723 4132 2905 4203 pedes.
2932 4132 3178 4193 Domine,
3205 4132 3432 4202 posuisti
3462 4140 3692 4203 propter
3706 4146 3801 4185 me

2202 4205 2521 4258 vestimenta
2554 4212 2666 4271 tua,
2695 4199 2752 4258 et
2804 4203 3005 4257 lavabis
3034 4199 3256 4271 vestigia
3295 4199 3708 4257 mea‘lCinctus
3733 4216 3803 4255 es

2204 4273 2425 4343 renibus
2455 4280 2675 4343 propter
2694 4287 2799 4327 me.
2827 4271 2887 4328 in
2908 4273 3147 4328 moribus
3170 4273 3327 4340 cinge
3348 4287 3434 4326 me
3461 4279 3791 4343 propter__te.
3820 4328 3841 4339 ν

2203 4342 2273 4395 Et
2294 4342 2403 4395 noli
2427 4338 2634 4397 tantum
2663 4342 2948 4397 hnmiliare
2978 4352 3139 4406 te,.nt
3162 4338 3351 4406 iaceas
3386 4338 3512 4395 ante
3540 4338 3648 4395 me.
3682 4338 3796 4393 Ilu-

2204 4413 2405 4466 militas
2426 4422 2517 4466 tua
2548 4413 2835 4482 trepidatio
2863 4428 2982 4482 mea
3009 4422 3112 4467 est.
3138 4411 3218 4465 Tn
3239 4426 3298 4465 es
3322 4412 3376 4465 in
3399 4410 3578 4482 forma
3595 4410 3715 4471 Dei,
3734 4418 3792 4464 et

2204 4491 2427 4553 propter
2455 4498 2541 4539 me
2566 4479 3097 4553 faétuses.in._forma
3143 4482 3306 4537 servi.
3340 4481 3456 4535 Vidi
3477 4479 3645 4549 pedes
3666 4488 3798 4553 tuos

2211 4550 2376 4623 super
2415 4568 2562 4609 mare
2591 4553 2884 4607 ambulare.
2905 4551 3032 4623 you
3072 4566 3299 4623 possunt
3336 4566 3528 4623 manus
3570 4558 3693 4603 tuas
3742 4550 3809 4603 in

2208 4621 2342 4679 meis
2364 4622 2589 4692 pedibus
2618 4623 2871 4677 tolerare.
2902 4622 2989 4692 Tn
3010 4622 3209 4690 pateris
3230 4621 3503 4692 injuriam,
3527 4630 3585 4675 et
3613 4634 3796 4692 meam

2205 4688 2499 4748 succendis
2515 4693 2933 4747 cmuscientiam-
2955 4688 3022 4746 Et
3044 4688 3320 4757 Dominus,
3351 4688 3473 4744 Nisi
3499 4692 3676 4743 lavero
3704 4689 3809 4743 tibi

2205 4763 2377 4833 pedes,
2404 4778 2508 4817 non
2528 4761 2734 4817 habebis
2761 4773 2960 4830 partem
2989 4774 3182 4815 mecum
3214 4760 3403 4833 (lbid.,
3434 4760 3514 4827 8).
3546 4758 3665 4813 Non
3700 4759 3796 4812 tibi

2206 4830 2426 4900 prodest
2467 4847 2756 4896 excusare,
2819 4847 2887 4885 ne
2916 4841 3102 4900 postea
3134 4840 3188 4886 te
3236 4830 3465 4899 incipias
3509 4844 3803 4883 accusare.

2208 4900 2358 4973 Quod
2405 4903 2539 4973 enim
2591 4904 2729 4973 facio
2752 4943 2767 4966 ,
2810 4900 2971 4956 modo
3010 4903 3175 4973 nescis
3191 4943 3223 4973 ,ί
3254 4901 3385 4973 scies
3413 4907 3588 4953 autem
3616 4914 3805 4973 postea

2207 4971 2393 5096 flbidq
2418 4972 2495 5041 7.).
2521 4968 2626 5026 Ista
2654 4970 2753 5026 fuit
2779 4972 3146 5026 controversia
3193 4972 3263 5025 de
3300 4970 3504 5039 pietate
3532 4977 3589 5022 et
3617 4968 3802 5022 humi-

2231 5044 2358 5096 itate
2385 5043 2682 5096 Salvatoris
2710 5050 2766 5096 et
2794 5042 3110 5096 piscatoris.
3132 5040 3395 5096 redempti
3424 5048 3481 5093 et
3524 5037 3802 5096 Redemp-

2231 5044 2358 5096 itate
2385 5037 2682 5096 Salvatoris
2710 5050 2766 5096 et
2794 5042 3110 5111 piscatoris,
3125 5037 3395 5111 redempti
3424 5048 3481 5111 et
3524 5037 3802 5111 Redemp-

2209 5112 2371 5177 toris,
2386 5111 2734 5181 obsequentis
2759 5105 2819 5165 ei.
2836 5112 3101 5177 timentis,
3122 5105 3338 5181 Domini
3365 5118 3423 5164 et
3446 5107 3653 5181 famuli,
3687 5105 3803 5160 Ma-

2205 5181 2355 5250 gistri
2385 5189 2444 5235 et
2471 5179 2715 5250 discipuli
2748 5198 2769 5234 ι
2796 5191 2856 5235 ιιι
2888 5182 3093 5235 servire
3117 5180 3446 5236 docerentur
3470 5179 3797 5231 alterutrum

2206 5249 2434 5321 apostoli
2481 5249 2790 5305 venerandi.
2817 5250 2985 5317 llujns
3011 5250 3154 5321 enim
3181 5250 3362 5321 operis
3394 5249 3795 5321 rationemu-

2206 5317 2413 5397 ponens
2436 5321 2619 5397 taliter
2646 5321 2911 5397 allocutus
2938 5329 3023 5374 est
3049 5317 3232 5397 dicens
3266 5338 3278 5371 :
3312 5320 3469 5375 Scitis
3497 5317 3794 5397 quidfece-
3872 5379 3891 5388 _

3545 5402 3801 5444 omnium.

2205 5471 2254 5515 et
2277 5460 2402 5514 bene
2429 5461 2620 5520 dicitis,
2648 5476 2767 5514 sum
2806 5461 3013 5513 etenim.
3049 5460 3109 5514 Si
3134 5457 3278 5530 'ergo
3316 5476 3411 5526 ego
3463 5457 3727 5530 Dominus
3756 5464 3806 5508 et

2208 5532 2461 5601 magister
2503 5532 2606 5584 lavi
2655 5531 2809 5601 pedes
2853 5539 3065 5601 vestros,
3095 5527 3369 5601 ἀώρως
3392 5530 3645 5601 vosralter
3669 5527 3809 5578 alte-

2208 5596 2319 5654 riui
2342 5599 2517 5655 lavare
2536 5596 2709 5669 pedes.
2746 5599 3058 5668 Exemplum
3090 5596 3370 5669 dedi
3395 5596 3556 5669 vobis,
3589 5608 3805 5669 acquo-

2200 5671 2363 5726 νηιΜο
2389 5687 2483 5742 ego
2515 5664 2613 5741 feci
2643 5670 2802 5736 vobis,
2824 5664 2986 5723 ita'et
3008 5664 3336 5755 mincicem
3366 5668 3579 5739 faciatis
3611 5664 3804 5736 (lbid.,

587 5804 604 5822 ⁶
641 5795 966 5857 Addendum
999 5799 1213 5855 videtur
1236 5814 1531 5870 pronomen
1562 5801 1650 5871 qui
1676 5840 1691 5868 ,
1722 5802 1966 5872 quamvis
1998 5802 2099 5860 hoc
2131 5819 2235 5860 non
2266 5804 2485 5860 omnino
2517 5804 2747 5875 postulet
2769 5772 3032 5892 syntaxis.
3065 5801 3216 5860 Enn.
