4168 6348
396 409 502 476 893

1806 411 2035 479 SERMO
2076 410 2277 478 XXVII.

3562 429 3666 486 εειι

398 536 470 592 ιε
492 545 541 591 et
588 532 744 608 seq.).
769 528 924 603 Quod
956 537 1138 608 itaque
1168 537 1430 607 Dominus
1457 537 1571 593 suis
1597 538 1777 594 facere
1804 540 1992 608 digna-
2020 540 2069 601 Α
2096 554 2210 594 ram
2236 539 2387 663 quasi
2428 539 2600 593 adhuc
2629 540 2845 594 tenebat
2875 536 3109 604 infantis,
3159 557 3347 597 manus
3374 541 3670 599 dominicas

399 614 487 663 tus
514 614 599 661 est
636 607 826 663 servis.
855 608 960 663 hoc
1005 608 1171 662 etiam
1203 609 1303 663 insi
1347 609 1568 663 fet-imus
1607 609 1873 663 hodierno
1902 609 1988 663 die
2095 611 2242 663 renel
2266 610 2406 663 entis
2439 627 2451 662 :
2481 612 2623 663 sicut
2647 618 2704 663 et
2725 610 2880 663 nobis
2899 611 3061 663 modo
3090 612 3390 663 lavantibus
3409 613 3570 663 nedes
3596 615 3670 663 in-

399 614 487 663 tus
514 614 599 679 est
636 607 826 679 Servis,
855 608 960 679 huc
1005 607 1171 679 etiam
1203 609 1312 679 ipsi
1347 609 1568 664 fet-imus
1607 607 1877 679 hodierno
1902 609 1988 663 die

399 677 540 732 servi
560 677 860 732 conservis.
890 676 1169 733 Prmcincti
1211 676 1380 747 pedes
1425 679 1652 734 lavimus
1696 678 1989 733 infamibus

397 746 702 817 haptizatis,
728 755 788 801 ut
811 756 867 803 et
896 747 1088 802 itinera
1133 746 1323 803 eorum
1354 748 1655 817 dirigantur
1693 750 1747 803 in
1777 761 1986 817 praepa-

397 815 611 890 ratione
661 815 933 890 Evangelii
982 819 1131 890 pacis
1175 818 1393 890 (Ephes.
1424 815 1650 890 v1.15);
1678 830 1733 873 et
1771 815 1987 874 nomina

396 887 607 944 calamo
635 887 823 941 scriba:
843 887 1106 942 velociter
1133 887 1421 944 scribentis
1469 887 1726 943 adnotata
1766 899 1989 943 teneam

400 964 487 1013 tur
514 957 568 1011 in
595 956 720 1011 albo
749 957 900 1026 regni
922 958 1178 1012 caelestis.
1758 958 1769 965 ’

956 1044 1190 1100 SERMO
1228 1045 1412 1102 XXVI.

1015 1138 1166 1194 Unde
1193 1157 1372 1211 supra.

469 1227 611 1292 Ecce
640 1228 900 1300 Dominus
942 1228 1247 1300 majestatis
1286 1229 1526 1300 suscepit
1552 1228 1786 1284 officium
1814 1229 1986 1284 servi-

401 1300 549 1369 tutis,
581 1299 705 1368 quia
736 1313 849 1353 cum
878 1298 932 1353 in
973 1301 1144 1369 (arma
1173 1299 1270 1354 Dei
1298 1298 1459 1364 esset,
1483 1316 1587 1355 non
1622 1301 1860 1368 rapinam
1900 1316 1989 1352 ur-

400 1368 619 1424 bitrama
646 1378 722 1440 eu
748 1385 859 1423 esse
878 1385 934 1424 se
957 1368 1207 1440 requietem
1237 1369 1368 1433 Deo,
1402 1371 1493 1425 sed
1520 1372 1846 1440 semetipsum
1870 1370 1986 1423 exi-

400 1439 850 1511 naniritformam
873 1439 1293 1511 serviaccipiens
1324 1440 1545 1511 (Philip.
1577 1456 1652 1503 ιι,
1702 1439 1779 1510 6).
1816 1439 1989 1495 Bene-

400 1508 576 1579 dictus
604 1508 1153 1579 Dominus,dicamus
1180 1508 1390 1576 omnes,
1419 1508 1512 1579 qui
1539 1508 1986 1577 sumns'evange-

402 1577 518 1634 lica:
539 1578 785 1632 lectionis
803 1578 1097 1649 auditores,
1123 1588 1178 1634 et
1198 1577 1488 1635 ablutionis
1508 1580 1702 1649 pedum
1725 1579 1987 1649 carissimi

402 1651 759 1719 spectatores.
807 1646 946 1719 Ecce
991 1649 1279 1704 inclinatur
1326 1649 1393 1704 ad
1439 1646 1732 1705 scabellum
1785 1647 1986 1719 pedum

401 1717 645 1788 suorum,
677 1717 764 1788 cui
794 1718 1021 1788 thronus
1048 1727 1132 1774 est
1162 1720 1378 1774 cmlum.
1412 1720 1665 1788 Dignatus
1695 1717 1863 1775 estad
1888 1734 1980 1788 pe-

402 1780 498 1859 des
525 1780 652 1841 suos
679 1786 1028 1859 descendere.
1056 1790 1181 1857 quia
1213 1804 1312 1844 nos
1336 1789 1407 1843 ad
1427 1780 1591 1859 caput
1619 1789 1736 1856 ejus
1755 1804 1864 1859 non
1888 1780 1985 1842 'va-

402 1857 576 1930 le_mu_s
632 1857 917 1930 attingere.
980 1856 1108 1930 Quis
1146 1860 1396 1930 _loquetur
1452 1856 1715 1930 potentias
1774 1858 1986 1914 Domini

433 1925 580 1980 Psal.
615 1941 706 1994 ev,
751 1924 831 1997 2),
871 1942 1007 1996 quas
1035 1928 1088 1982 in
1135 1924 1304 1983 forina
1350 1924 1637 1985 exsecutus
1678 1937 1764 1983 est
1802 1930 1987 1984 servi?

501 2004 682 2050 tentur
711 1997 833 2053 ρο)ιὶ
856 2037 871 2060 ,
918 2006 975 2052 et
1003 1998 1237 2053 exsultet
1277 2007 1442 2067 terra,
1470 2006 1528 2054 et
1568 1997 1829 2053 infantum
1857 2013 1985 2053 con-

407 2067 719 2121 tremiscant
748 2080 871 2121 cara
899 2067 1152 2135 vestigia:
1171 2067 1307 2192 Quia
1337 2066 1596 2123 Dominus
1624 2068 1716 2138 qui
1746 2069 1988 2123 extendit

407 2136 599 2191 caelum
642 2137 783 2190 sicut
812 2137 1005 2192 uellem
1050 2137 1180 2192 (Psa
1208 2178 1223 2191 .
1254 2148 1364 2192 cm.
1403 2138 1484 2192 ει.
1514 2154 1640 2192 ecce
1662 2138 1905 2192 implevit
1932 2145 1988 2192 et

403 2136 599 2209 uelum
642 2137 783 2209 sicut
812 2137 1005 2209 pellem
1050 2136 1223 2208 (Psal.
1254 2148 1364 2198 cm.
1403 2138 1484 2209 2),
1514 2136 1905 2209 ecce'implevit
1932 2145 1989 2209 et

403 2181 621 2276 satis.
643 2181 794 2272 "dii;
812 2181 1096 2276 ⁸]ᾘὶὦέιυῖ
1121 2181 1987 2276 3366133?bEEnvﬁii'i'rifu'énié

404 2276 640 2346 faciebat
681 2276 857 2330 sidera
883 2310 900 2340 ,
938 2292 1074 2332 voce
1100 2290 1293 2345 magna
1333 2278 1623 2332 laudabant
1647 2293 1771 2333 eum
1811 2277 1986 2346 angeli

404 2345 539 2414 ejus.
574 2344 692 2416 Ipse
718 2346 826 2416 sibi
843 2347 996 2401 testis
1021 2356 1103 2401 est
1128 2344 1226 2416 per
1246 2346 1348 2402 Job
1376 2363 1590 2403 servum
1616 2362 1791 2412 suum,
1822 2347 1874 2400 in
1890 2344 1989 2402 illa

406 2416 673 2485 praeclara
695 2415 1003 2471 conditione
1030 2415 1326 2472 stellarum.
1351 2416 1577 2484 Quando
1601 2416 1883 2482 faciebam,
1912 2416 1989 2470 in-

405 2483 522 2556 quit
565 2483 685 2556 (Job
741 2498 960 2549 xxxvm,
994 2486 1071 2556 7),
1113 2486 1289 2541 sidera
1314 2528 1329 2553 ,
1379 2483 1468 2556 me
1494 2487 1783 2556 laudabant
1811 2486 1987 2554 angeli

406 2554 795 2625 meisQuando
830 2554 1130 2611 collocabat
1153 2556 1396 2623 thronos,
1433 2555 1678 2611 firmabat
1706 2554 1987 2625 Principa-

408 2630 514 2695 tus,
544 2623 781 2695 Virtutes
809 2632 865 2680 et
896 2626 1316 2690 Dominationes,
1347 2635 1465 2681 erat
1492 2634 1685 2695 potens
1732 2626 1786 2679 in
1816 2623 1986 2680 forma

408 2692 524 2766 Dei.
576 2694 747 2766 Modo
779 2695 1051 2766 collocatis
1093 2695 1286 2761 sedes,
1332 2704 1389 2751 et
1432 2692 1707 2766 apostolos
1740 2702 1991 2765 spectans

409 2764 619 2819 cinctus
656 2763 935 2832 sedentes,
983 2764 1160 2821 factus
1182 2775 1266 2820 est
1302 2763 1509 2832 patiens
1541 2765 1595 2821 in
1624 2763 1794 2820 forma
1823 2767 1985 2830 servi,

409 2834 502 2902 qui
527 2843 611 2889 est
644 2841 837 2904 potens
865 2835 921 2889 in
945 2834 1118 2890 forma
1158 2834 1274 2891 Dei.
1305 2834 1582 2890 Laetamur
1607 2836 1751 2899 caeli,
1782 2843 1993 2890 contre-

408 2913 564 2957 mnnt
610 2903 806 2976 angeli,
832 2906 1516 2976 strepidantﬂarchangeli,
1561 2914 1614 2962 et
1651 2921 1758 2961 non
1790 2905 1989 2976 audent

410 2988 677 3045 excusare
712 2973 978 3045 discipuli.
1024 2974 1080 3029 Si
1109 2975 1347 3045 dicamus
1375 2973 1595 3045 angelos
1640 2986 1769 3031 tunc
1796 2975 1849 3028 in
1895 2974 1991 3029 illo

410 3043 734 3123 spectaculo
750 3044 918 3113 pelvis
944 3044 1333 3123 descendentes
1359 3045 1426 3123 de
1453 3043 1606 3101 caelis
1634 3046 1830 3123 dixisse
1860 3059 1989 3123 ean-

412 3113 573 3183 ticum
613 3113 785 3183 pacis,
817 3129 924 3169 non
952 3115 1239 3169 absurdum
1265 3115 1609 3171 crederemur
1635 3117 1742 3171 hoc
1769 3115 1986 3169 dixisse.

408 3181 517 3238 Sed
540 3181 827 3255 adi—inpleta
849 3185 1107 3255 pelveiibi
1140 3187 1329 3255 pannis
1349 3185 1739 3251 involvebatur,
1773 3185 1858 3240 hic
1885 3185 1988 3238 lin-

2095 610 2406 682 sepellentis
2439 627 2451 662 :
2481 612 2704 682 sicutset
2725 610 2880 682 nobis
2896 611 3061 682 modo
3090 612 3390 668 lavantibus
3409 613 3570 682 pedes
3596 615 3673 668 in-

2088 678 2312 750 fantium
2361 680 2722 750 praeveniebat
2768 680 2908 735 dulci
2957 682 3266 750 spectaculo
3314 678 3671 740 contradictio

2088 751 2279 823 suavis
2299 749 2661 823 innocentium
2692 749 3032 823 puerorum.
3076 752 3445 823 repellebant,
3487 753 3670 823 plora-

2088 817 2236 884 bant,
2267 819 2558 885 cjnlabant,
2588 817 2891 887 vagit-bant,
2964 821 3012 874 ui
3042 817 3183 889 quod
3215 817 3439 878 facimus
3466 817 3673 879 nescied

2088 885 2234 942 bant.
2267 888 2356 943 Sic
2372 897 2489 943 erat
2508 896 2565 943 et
2585 886 2795 943 Petrus.
2817 890 2902 943 cui
2923 835 3139 943 dicitur.
3170 889 3324 943 Ouod
3352 891 3487 943 facio
3509 892 3671 943 modo

2087 885 2234 942 bant.
2267 888 2356 944 Sic
2372 897 2489 943 erat
2508 896 2565 943 et
2585 885 2795 954 Petrus,
2817 890 2902 945 cui
2928 885 3139 957 dicitur,
3170 889 3324 958 Quod
3352 891 3487 947 facio
3509 892 3671 948 modo

2088 958 2287 1030 nescis,
2309 959 2447 1014 scies
2472 966 2648 1012 autem
2672 966 2880 1030 postea.
2905 958 3126 1015 Ostensa
3151 970 3231 1015 est
3257 961 3490 1016 etelestis
3516 962 3670 1030 regni

2089 1028 2278 1099 uotitia
2305 1068 2321 1094 ,
2366 1030 2535 1099 crevit
2564 1030 2616 1082 in
2648 1028 2850 1082 infante
2881 1031 3089 1099 peritia.
3118 1030 3327 1084 Clamat
3353 1047 3412 1085 se
3439 1028 3672 1087 offerens

2089 1096 2349 1170 Domino,
2382 1096 2507 1170 No_n
2545 1108 2742 1152 tantum
2783 1096 2957 1170 pedes,
3002 1101 3093 1153 sed
3118 1110 3167 1154 et
3194 1117 3410 1165 manus,
3447 1111 3497 1155 et
3517 1110 3670 1170 caput

2091 1165 2279 1241 (lbid.,
2326 1168 2405 1225 9).
2450 1167 2644 1241 Totam
2686 1184 2771 1241 me
2821 1168 2955 1241 lava,
2985 1179 3043 1224 ut
3083 1180 3226 1224 totus
3254 1165 3671 1241 perveniam'ad

2088 1237 2317 1305 gratiam
2358 1246 2524 1292 tuam.
2571 1237 2686 1293 Hoc
2725 1238 2769 1292 si
2801 1239 2993 1294 scirem
3017 1280 3031 1305 ,
3077 1256 3183 1294 non
3221 1237 3668 1303 cbntradicerem,

2088 1306 2186 1379 sed
2212 1304 2451 1379 propter
2495 1316 2639 1361 tuam
2680 1304 3066 1379 hazreditatem,
3116 1309 3277 1379 imple
3324 1318 3467 1363 tuam
3506 1322 3668 1379 quam

2089 1375 2344 1433 volueris'
2366 1377 2721 1432 voluntatem.
2770 1383 2814 1432 υ
2859 1375 3074 1432 beatum
3124 1375 3354 1434 dictum!
3402 1379 3446 1433 0
3486 1375 3671 1435 carum

2090 1448 2404 1519 mysterium
2427 1447 2439 1500 !
2463 1445 2509 1501 0
2527 1447 2684 1502 dulce
2703 1447 3006 1519 servitium!
3038 1447 3158 1502 Nisi
3182 1451 3353 1503 lat-ero
3383 1450 3473 1503 tibi
3495 1450 3669 1519 pedes,

2090 1517 2195 1571 non
2224 1517 2433 1571 habebis
2460 1526 2664 1587 partem
2690 1533 2904 1571 mecum.
2948 1518 3127 1585 Quare
3164 1519 3329 1587 pedes
3376 1519 3470 1584 tui,
3496 1517 3557 1573 id
3588 1526 3673 1574 est

2089 1587 2256 1643 totius
2297 1587 2517 1655 generis
2558 1587 2775 1641 humani
2822 1588 2995 1643 adhuc
3036 1589 3090 1643 in
3128 1587 3401 1643 oblivione
3450 1590 3672 1644 terroris

2089 1666 2215 1725 sunt
2243 1654 2564 1712 constituti?
2608 1657 2687 1711 Ad
2734 1657 2884 1725 regni
2923 1659 3063 1712 viam
3098 1674 3201 1713 non
3232 1666 3357 1714 sunt
3395 1659 3671 1713 mundati?

2088 1724 2216 1782 Ideo
2246 1727 2367 1798 lavo
2392 1728 2556 1796 pedes
2579 1735 2716 1791 tuos,
2743 1736 2801 1781 ut
2825 1728 3067 1798 ambules
3090 1728 3194 1783 iter
3215 1737 3443 1791 rectum,
3466 1738 3522 1783 et
3548 1744 3672 1798 per-

2089 1798 2275 1851 venias
2302 1796 2366 1850 ad
2398 1810 2619 1864 regnum
2642 1813 2842 1852 meum.
2875 1796 2932 1851 In
2957 1799 3043 1854 via
3073 1797 3228 1853 multi
3256 1807 3380 1854 sunt
3408 1796 3668 1865 latrones,

2092 1874 2148 1939 et
2175 1867 2638 1939 multi_dracones_,
2671 1867 2877 1939 copiosi
2915 1878 3214 1939 serpentes,
3251 1868 3447 1939 scorpii
3477 1883 3666 1939 specu-

2091 1936 2282 1991 lantes.
2316 1936 2371 1991 Si
2401 1937 2481 1993 vis
2506 1937 2715 2006 impleri
2748 1937 2844 1992 tibi
2881 1936 3025 2007 quod
3070 1938 3214 2003 dixi,
3257 1938 3488 1992 calcabis
3506 1936 3671 2007 super

2089 2017 2368 2076 serpentes
2396 2014 2450 2061 et
2475 2008 2808 2077 scorpiones,
2853 2017 2910 2062 ct
2938 2008 3068 2062 nihil
3098 2008 3191 2062 tibi
3222 2008 3511 2077 nocebunt.
3542 2007 3673 2063 Sine

2089 2075 2193 2146 me
2223 2077 2385 2146 pedes
2417 2085 2537 2131 tuos
2568 2075 2768 2141 lavare,
2804 2076 3182 2131 calceamentis
3220 2075 3495 2145 Evangelii
3526 2079 3673 2146 pacis

2089 2143 2331 2207 induere,
2362 2155 2422 2201 ut
2442 2148 2514 2202 sis
2541 2146 2715 2200 bonus
2744 2161 2953 2216 cursor,
3000 2148 3275 2216 speciosus
3304 2143 3670 2212 annuntiator,

2090 2223 2146 2270 et
2174 2222 2430 2285 tanquam
2474 2216 2777 2284 margaritis
2826 2215 3046 2285 indutus
3094 2217 3420 2282 evangelicis
3461 2217 3672 2272 calcea-

2088 2282 2307 2353 mentis,
2353 2285 2564 2340 dicatur
2591 2282 2659 2340 de
2700 2295 2754 2340 te
2786 2303 2799 2337 :
2835 2282 3005 2349 Quum
3045 2288 3262 2355 speciosi
3287 2289 3441 2355 pedes
3470 2303 3673 2355 annum

2091 2356 2340 2427 gantiam,
2363 2358 2497 2427 bona
2520 2392 2536 2421 ,
2579 2356 3001 2427 annuntiaptinm
3038 2354 3215 2426 pacem
3248 2354 3424 2427 (Rom.
3460 2372 3511 2419 χ,
3534 2354 3670 2427 715)!

2089 2423 2231 2492 Ergo
2260 2425 2524 2480 ablnimus
2569 2426 2732 2495 pedes
2762 2423 3064 2496 infantium,
3098 2423 3423 2496 acceperunt
3464 2423 3672 2480 calcea-

2088 2503 2327 2564 mentum
2358 2494 2587 2560 nov'um,’
2609 2501 2660 2548 et
2685 2494 2914 2564 speciosi
2954 2494 3079 2549 facti
3114 2494 3243 2549 sunt
3267 2494 3430 2564 pedes
3458 2509 3667 2558 eorum,

2088 2564 2265 2634 utubi
2297 2562 2494 2618 fuerint
2520 2562 2856 2634 introgressi,
2881 2562 3453 2634 sitkspeciosus‘super
3473 2565 3671 2632 regalia

2089 2632 2455 2704 calceamenta
2502 2635 2649 2688 visus
2672 2630 3076 2704 'pedum.Cu'm
3098 2634 3303 2689 ~dicent
3325 2630 3371 2696 ,⁷
3393 2632 3500 2687 Pax
3544 2630 3672 2690 huic

2088 2703 2293 2773 domui,
2323 2704 2629 2773 requiescet
2669 2718 2774 2773 pax
2802 2704 2855 2758 in
2897 2703 3059 2758 domo
3089 2712 3267 2759 vestra
3299 2704 3458 2773 digna
3505 2704 3671 2773 :quia

2090 2771 2368 2827 infantium
2403 2771 2721 2828 'vestroruin
2769 2774 3098 2829 solemnitati
3147 2788 3273 2829 cara
3325 2771 3451 2829 sunt
3494 2771 3673 2829 abluta

2087 2843 2312 2912 vestigia
2340 2843 2390 2897 in
2423 2844 2584 2898 vitam
2607 2852 2884 2898 :cternam.

2640 2934 2873 2991 SERMO
2925 2932 3137 2991 XXVII.

2162 3024 2241 3079 De
2285 3026 2498 3080 muliere
2541 3042 2657 3097 quo:
2688 3026 2917 3097 perfudit
2955 3034 3219 3096 unguento
3260 3036 3414 3096 caput
3455 3021 3600 3082 Iesu.

2162 3114 2442 3171 Discubuit
2470 3115 2728 3171 Dominus
2767 3117 2819 3170 in
2845 3118 3026 3182 domo,
3058 3117 3149 3186 qui
3179 3116 3491 3172 continetur
3512 3116 3672 3172 cmlo.

2093 3184 2377 3258 Unguento
2406 3185 2761 3258 perfunditur.
2794 3188 2883 3255 Qui
2920 3187 2987 3258 de
3015 3184 3230 3258 nomine
3250 3202 3349 3258 suo
3376 3188 3677 3242 chrismatis

411 3261 501 3328 teo
529 3253 976 3328 prmeingeba_tur.
1006 3254 1085 3308 lbi
1127 3253 1192 3309 ad
1220 3255 1396 3328 pedes
1430 3256 1547 3324 ejus
1578 3255 1764 3328 jaceat
1798 3255 1937 3328 magi
1972 3272 1984 3307 :
2015 3267 2060 3328 ο
2093 3256 2314 3328 donavit
2334 3253 2688 3325 unguentum,
2719 3253 3008 3328 qni—nutrit
3036 3257 3215 3328 omnia
3260 3256 3399 3324 ligna
3430 3258 3672 3328 liquoris.

410 3322 499 3378 hic
527 3324 641 3392 ipse
680 3324 746 3377 ad
778 3324 942 3392 pedes
968 3322 1246 3381 servorum
1289 3326 1342 3379 in
1373 3322 1542 3388 forma
1572 3322 1733 3389 servi,
1773 3326 1868 3380 sed
1896 3322 1990 3380 ac-

409 3393 614 3466 cinctus
654 3396 953 3466 ροιριιιίιιἈ
971 3394 1064 3466 qui
1113 3397 1402 3466 conturbat
1449 3394 1771 3466 profundum
1823 3394 1991 3466 maris

409 3463 587 3535 (Paul.
618 3462 762 3531 thv,
806 3463 881 3535 ἶ).
915 3462 1124 3519 Gaudet
1167 3465 1234 3520 ad
1279 3462 1747 3521 suum'modicum
1794 3465 1987 3535 pelvis,

409 3531 562 3605 cujus
591 3549 780 3590 sonum
802 3531 1057 3605 fluctuum
1088 3550 1247 3590 nemo
1276 3537 1521 3601 sustinet,
1547 3536 1661 3605 ipse
1689 3531 1858 3605 servis
1879 3535 1990 3589 suis

409 3604 633 3658 exhibet
671 3604 1007 3658 servitutem.
1036 3605 1143 3659 Sed
1188 3605 1458 3674 inquietus
1488 3602 1605 3660 vult
1647 3620 1768 3660 esse
1798 3602 1990 3658 Petrus

407 3674 713 3744 apostolus,
756 3689 862 3728 non
906 3684 1260 3744 repugnante,
1288 3676 1381 3730 sed
1412 3683 1677 3730 tremente
1705 3675 1986 3730 conscien-

409 3742 501 3796 tia.
534 3741 689 3797 Prius
733 3744 876 3797 enim
926 3741 1070 3799 venit
1097 3744 1167 3799 ad
1214 3744 1461 3809 Petrum,
1505 3746 1605 3800 hac
1634 3746 1882 3809 ratione,
1931 3751 1991 3797 ut

408 3815 571 3868 credo
600 3813 944 3869 novissimum
971 3815 1167 3883 pedum
1208 3816 1485 3871 ablatione
1511 3824 1768 3881 taxasset,
1794 3830 1863 3869 ne
1889 3828 1988 3868 sua

408 3884 753 3938 excusatione
783 3899 972 3939 omnes
998 3883 1202 3940 faceret
1241 3901 1522 3940 excusare.
1554 3885 1669 3940 Non
1706 3885 1847 3938 enim
1888 3899 1991 3939 caa-

408 3961 646 4024 terorum
674 3957 850 4023 potuit
877 3969 1137 4010 excusare
1165 3969 1443 4009 servorum
1462 3996 1477 4020 ,
1522 3971 1629 4009 non
1656 3955 1780 4024 quia
1809 3954 1989 4009 securi

407 4023 745 4095 accipiebant
772 4025 989 4095 quando
1015 4040 1074 4080 se
1103 4025 1168 4079 ad
1204 4025 1367 4095 pedes
1406 4040 1593 4080 eorum
1623 4023 1879 4078 Duminus
1909 4024 1991 4077 in-

406 4092 665 4160 clinabat,
691 4092 1050 4149 sed'tremore
1088 4092 1334 4150 concussi
1363 4095 1736 4149 contradicere
1765 4108 1871 4148 non
1895 4110 1985 4147 au-

409 4161 628 4234 debant.
660 4163 942 4219 Ceciderat
983 4180 1147 4234 super
1184 4180 1280 4220 eos
1318 4166 1595 4234 cujusdam
1645 4163 1997 4219 formidolosa

407 4233 615 4287 sarcina
649 4250 661 4287 :
695 4234 819 4302 quia
849 4234 1031 4288 mundi
1054 4233 1090 4289 ιι
1116 4244 1282 4289 ’11115ῑῦ
1311 4234 1375 4289 ad
1401 4235 1612 4289 servilia
1630 4234 1879 4302 dignatus
1908 4243 2007 4288 est'

407 4318 465 4357 se
511 4303 770 4358 inclinare
808 4300 1051 4361 vesﬁttia.
1092 4251 1249 4361 Solus
1288 4303 1480 4359 Petrus
1520 4305 1732 4361 legione
1764 4304 1986 4361 nrimuS.

406 4318 473 4374 se
511 4300 770 4358 inclinare
808 4300 1051 4372 vestigia.
1092 4300 1249 4361 Solus
1288 4303 1480 4359 Petrus
1520 4300 1732 4374 legione
1764 4304 1986 4374 primus,

406 4372 599 4429 fiducia
628 4375 1093 4430 constantissimus
1115 4376 1286 4430 tenuit
1307 4391 1497 4429 manus
1520 4372 1838 4440 dominicas,
1868 4388 1992 4429 suas

406 4458 526 4497 cum
564 4445 766 4514 pietate
810 4444 1004 4512 ingerit
1041 4445 1318 4516 lacrymas.
1351 4445 1643 4516 Inclinatus
1671 4460 1793 4499 cum
1838 4444 1991 4516 incli-

406 4522 534 4569 nato
569 4532 582 4567 :
627 4522 879 4570 curvatus
904 4529 1094 4569 servus
1135 4514 1257 4570 eum
1288 4515 1532 4569 Domino.
1579 4515 1719 4568 Deus
1747 4514 1991 4568 extendit

404 4597 618 4651 manus,
647 4591 704 4637 ut
733 4584 895 4652 pedes
920 4585 1082 4650 lavet,
1116 4593 1172 4640 et
1193 4586 1281 4639 ille
1308 4585 1545 4639 extendit
1576 4599 1766 4637 manus
1786 4585 1990 4653 suppli-

404 4668 519 4720 ces,
546 4663 609 4727 ιιι
643 4664 888 4727 excuset.
915 4653 1155 4727 Domine,
1189 4663 1240 4708 tu
1270 4655 1396 4709 mihi
1433 4655 1587 4726 pedes
1610 4655 1776 4727 Δμιυιιε
1804 4653 1984 4727 (J-oan.
2022 4671 2067 4727 υ

405 4739 517 4788 xm,
567 4723 664 4794 6)?
694 4722 750 4778 Si
778 4724 969 4793 angelo
999 4727 1348 4794 praeciperes,
1394 4722 1514 4779 erat
1550 4724 1680 4778 mihi
1717 4723 1984 4792 quodam-

403 4794 568 4848 modo
614 4793 1007 4864 ponderosum.
1046 4793 1216 4849 Lavas
1244 4796 1410 4863 pedes
1452 4809 1622 4855 meos,
1667 4794 1759 4864 qui
1789 4803 1986 4847 terram

402 4864 600 4919 creasti
629 4872 685 4918 et
704 4864 934 4919 coelum?
965 4864 1152 4920 Nonne
1183 4874 1238 4919 tu
1254 4866 1591 4933 congregasti
1613 4865 1666 4917 in
1696 4878 1859 4918 unum
1883 4878 1989 4917 ma-

403 4935 498 4988 re?
528 4944 582 4988 et
608 4943 831 5004 prepter
856 4950 942 4989 me
969 4935 1217 5004 implebis
1242 4935 1488 5004 pelvem?
1514 4934 1827 5005 lniquitatcs
1855 4948 1987 4987 mem

404 5013 753 5059 excesserunt
780 5015 942 5074 caput
965 5021 1165 5069 meum,
1191 5014 1245 5058 et
1273 5013 1327 5058 tu
1358 5004 1631 5060 inclinaris
1659 5004 1725 5058 ad
1757 5004 1988 5058 immun-

404 5073 590 5143 ditiam
620 5075 814 5143 pedum
844 5073 1128 5129 meorum?
1156 5075 1212 5129 Si
1242 5075 1433 5131 cmlum
1463 5090 1647 5131 coram
1678 5081 1733 5130 ι)
1770 5090 1874 5129 ιιοιι
1906 5080 1989 5130 est

404 5142 701 5209 mutidufn,
756 5147 984 5213 mundus
1030 5152 1209 5213 potest
1257 5160 1377 5199 esse
1420 5160 1660 5201 mearum
1706 5152 1989 5199 contactus

402 5214 748 5336 plantarum?
770 5212 894 5296 an
920 5212 1118 5268 favebis
1139 5216 1261 5296 mihi
1279 5216 1430 5285 pedes
1451 5216 1506 5268 in
1527 5223 1774 5296 (uernum
1800 5213 1852 5283 (1
1859 5213 1991 5295 bid.,

446 5284 483 5336 l.
514 5281 661 5336 Bene
687 5283 889 5336 dixisti.
922 5283 1098 5336 Petre.
1127 5300 1249 5336 uuta
1273 5298 1377 5336 non
1409 5285 1599 5336 lavabo
1626 5286 1720 5336 ιιὺι
1747 5284 1908 5336 nedes
1938 5299 1991 5336 tu

444 5284 483 5352 ).
514 5281 661 5338 Bene
687 5283 889 5353 dixisti,
922 5283 1098 5347 Pctre,
1127 5281 1377 5353 quianon
1409 5285 1599 5340 lavabo
1626 5284 1720 5338 tibi
1747 5281 1908 5353 pedes
1938 5282 1991 5336 in

402 5346 690 5408 aitcrnum.
723 5346 894 5409 Unum
916 5346 1115 5409 etenim
1143 5346 1197 5409 et
1222 5355 1493 5422 singulare
1519 5370 1627 5409 non
1650 5346 1772 5408 amo
1798 5354 1994 5407 iterare

364 5452 369 5455 »
406 5423 777 5494 mysterium;
841 5439 943 5479 nec
988 5424 1241 5479 mandavi
1285 5425 1456 5494 repeti
1496 5425 1767 5492 geminum
1810 5437 1992 5494 sacra-

407 5491 673 5547 mentum.
706 5492 822 5548 Non
856 5494 951 5548 tibi
980 5494 1173 5549 lavabo
1202 5491 1367 5564 pedes
1414 5494 1467 5548 in
1507 5491 1798 5564 internum.
1838 5491 1992 5564 Atta-

406 5577 530 5616 men
561 5577 724 5616 unum
755 5572 838 5619 est
878 5562 1238 5619 necessarium
1274 5582 1286 5616 :
1311 5563 1356 5619 si
1384 5579 1611 5620 excusas
1638 5563 1800 5617 modo
1828 5562 1992 5617 servi-

409 5633 537 5686 tutis
564 5634 905 5703 obsequium,
939 5649 1043 5688 non
1063 5633 1269 5688 habebis
1297 5642 1499 5703 partem
1531 5649 1725 5688 mecum
1754 5634 1808 5687 in
1831 5648 1990 5703 regno

407 5703 651 5773 {telorum
675 5701 941 5773 (Ibidem).
967 5702 1093 5759 Sine
1108 5719 1202 5773 inte
1226 5701 1447 5773 implere
1468 5720 1682 5759 omnem
1705 5701 1985 5773 justitiam.

409 5770 497 5829 Sic
527 5780 582 5828 et
607 5770 911 5828 conservus
936 5783 1056 5830 tuus
1096 5770 1332 5829 Joannes
1368 5776 1662 5830 excusabat
1698 5770 1766 5827 ad
1794 5771 1989 5826 Jorda-

409 5858 552 5909 nem,
584 5844 662 5898 sic
691 5852 746 5899 et
776 5849 829 5899 tu
861 5860 1088 5901 excusas
1116 5844 1182 5899 ad
1212 5846 1442 5913 pelvem.
1473 5844 1602 5899 Siue
1626 5845 1812 5906 modo;
1854 5842 1990 5912 quod

409 5914 544 5982 iacio
574 5915 758 5985 nescis,
789 5917 917 5972 scies
961 5926 1131 5971 autent
1159 5926 1359 5987 postea.
1394 5915 1589 5971 Beatus
1618 5913 1807 5972 Petrus
1851 5917 1988 5984 ligu-

2094 3334 2149 3381 et
2186 3327 2323 3396 intra
2356 3327 2557 3381 viscera
2598 3327 2839 3381 olearum
2878 3327 3255 3396 pinguedinem
3293 3326 3543 3395 coagulat
3569 3326 3674 3380 olei

2130 3392 2495 3464 erfragrantis,
2529 3396 2619 3466 qui
2664 3396 2817 3466 oliva:
2862 3392 3127 3466 famulum
3183 3392 3417 3465 pendere
3437 3397 3597 3464 jussit
3622 3397 3675 3450 in

2112 3466 2248 3519 abiis
2294 3464 2559 3521 columbae
2607 3465 2857 3519 volantis.
2905 3464 3242 3534 Unguentum
3305 3481 3413 3520 non
3472 3467 3676 3534 respuit

2091 3536 2355 3602 mulieris,
2376 3536 2468 3604 qui
2512 3536 2711 3590 creavit
2756 3536 3172 3599 cinnamomum,
3204 3535 3520 3604 balsamum,
3548 3551 3671 3604 aro-

2091 3613 2254 3676 mata,
2287 3602 2832 3676 myrrbamselectam,
2858 3613 3081 3675 guttam,
3112 3612 3168 3660 et
3195 3605 3413 3659 casiam.
3446 3602 3683 3659 Perfun-

2090 3675 2233 3746 ditur
2254 3675 2526 3743 unguento
2568 3675 2621 3729 in
2671 3689 2853 3746 mensa
2884 3689 3043 3746 nova,
3072 3676 3195 3746 quia
3234 3690 3441 3746 _novum
3473 3680 3590 3746 erat
3619 3684 3676 3728 nt

2091 3745 2452 3816 discumberet
2504 3760 2628 3800 cum
2662 3744 3039 3814 piscatoribus
3087 3743 3177 3816 qui
3224 3744 3350 3816 fecit
3393 3743 3588 3800 coelum
3620 3755 3675 3799 et

2092 3823 2311 3869 terram.
2347 3813 2648 3885 Pretiosum
2679 3813 2795 3885 erat
2826 3813 3155 3883 unguentum
3193 3833 3204 3868 :
3237 3815 3360 3885 quia
3400 3816 3675 3885 speciosus

2092 3831 2311 3869 terram.
2347 3831 2648 3871 rreuosum
2679 3831 2795 3869 erat
2826 3831 3155 3883 unguentum
3193 3833 3204 3868 :
3277 3831 3360 3868 uta
3400 3831 3673 3885 speciosus

2091 3893 2209 3939 erat
2231 3885 2353 3953 ipse
2378 3884 2554 3939 forma
2596 3900 2705 3954 pm
2744 3884 2866 3939 filiis
2901 3887 3177 3940 hominum
3210 3831 3382 3952 (iisut.
3415 3901 3557 3952 xmv,
3592 3883 3673 3954 5),

2091 3956 2180 4024 qui
2211 3955 2657 4025 discumbebatin
2685 3954 2862 4009 medio
2892 3954 3214 4024 lapillorum.
3243 3953 3424 4009 Passio
3452 3953 3675 4025 propin-

2091 4026 2312 4094 quabat,
2341 4025 2533 4080 mulier
2562 4024 2800 4081 Ecclesia
2845 4039 2965 4094 cum
3018 4032 3288 4093 unguento
3325 4024 3595 4080 currebat.
3629 4024 3675 4078 A

2094 4092 2246 4162 tergo
2269 4095 2437 4158 stetit,
2460 4096 2584 4163 quia
2615 4093 2888 4149 Christum
2910 4092 3037 4149 dum
3058 4092 3366 4164 resurgeret
3387 4094 3672 4150 intellexit.

2092 4163 2230 4235 Ante
2255 4165 2485 4235 tingebat
2503 4164 2888 4232 sepeliendum,
2912 4175 3097 4235 postea
3114 4163 3372 4235 adorabat
3395 4164 3675 4235 internun-

2092 4234 2166 4289 tia
2193 4232 2528 4302 angelorum.
2558 4235 2837 4304 Fragravit
2856 4232 3129 4305 unguento
3151 4234 3361 4300 domus,
3380 4235 3526 4290 dedit
3544 4232 3676 4305 odo-

2091 4320 2205 4377 rem
2230 4306 2480 4377 mundus,
2510 4308 2635 4375 quia
2674 4312 2959 4377 mundatus
2986 4322 3068 4362 est
3094 4305 3183 4377 qui
3206 4304 3672 4377 eratsimmundus.

2093 4373 2303 4446 invidet
2335 4373 2605 4441 Judas,'et
2633 4377 2781 4439 dicit,
2807 4375 2917 4431 Cur
2942 4373 3175 4446 perditio
3204 4376 3345 4430 ista?
3364 4391 3471 4446 non
3498 4382 3678 4443 potest

2093 4444 2199 4500 hoc
2262 4454 2588 4512 unguentum
2646 4447 2900 4501 trecentis
2942 4444 3180 4501 denariis
3231 4445 3525 4512 venundari
3555 4483 3568 4508 ,
3622 4452 3678 4497 et

2093 4511 2424 4585 pauperibus
2452 4515 2565 4569 dari
2600 4513 2791 4585 (Marc.
2824 4530 2933 4579 xlv,
2957 4515 3009 4579 4,
3043 4516 3123 4585 5)?
3148 4514 3285 4580 Quid
3314 4514 3471 4585 dicis,
3503 4511 3676 4585 {udai

2099 4582 2418 4651 Intelligeris
2440 4603 2462 4653 γε
2490 4582 2701 4638 nonest
2730 4586 2828 4638 ista
2860 4585 3051 4653 pietas,
3078 4582 3176 4637 sed
3204 4584 3487 4652 cupiditas.
3520 4582 3675 4637 Nrtlla

2098 4663 2178 4723 est
2207 4656 2257 4708 in
2291 4654 2383 4723 tali
2426 4652 2568 4709 facto
2610 4655 2840 4723 perditio
2861 4652 2885 4706 7:
2920 4662 3007 4708 tua
3039 4654 3143 4708 erit
3173 4653 3386 4706 inimica
3417 4652 3672 4723 proditio.

2093 4721 2196 4777 Ista
2215 4722 2486 4794 profundit
2505 4721 2834 4794 unguentum
2856 4737 2953 4794 per
2964 4723 3164 4794 bonum
3185 4726 3382 4777 mentis
3401 4721 3675 4788 allectum,

2094 4801 2151 4848 tu
2195 4792 2453 4848 distrahis
2499 4793 2782 4848 Dominum
2819 4792 2989 4854 tuum,
3034 4793 3158 4848 dum
3194 4807 3343 4847 amas
3374 4801 3675 4860 argentum.

2094 4862 2230 4929 Quid
2269 4863 2420 4928 dicis,
2471 4861 2653 4917 Potuit
2693 4864 2983 4918 venundari
3041 4863 3295 4916 trecentis
3341 4862 3590 4924 denariis,
3622 4870 3678 4917 et

2095 4933 2380 5005 Dominum
2430 4941 2580 4989 tuum
2624 4933 2879 5005 propinas
2914 4934 3148 5005 triginta
3176 4934 3504 5005 argenteis?
3553 4931 3679 4987 Plus

2093 5003 2236 5059 valet
2260 5013 2586 5072 unguentum
2612 5003 2772 5073 quam
2800 5003 3044 5058 Christus
3072 5004 3414 5073 cbristorum,
3446 5003 3679 5057 Sanctus

2094 5083 2423 5139 sanctorum,
2456 5073 2571 5129 Rex
2622 5072 2831 5141 regum,
2884 5082 2939 5128 et
2983 5073 3241 5128 Dominus
3292 5072 3685 5127 dominorum?

2101 5143 2245 5199 Bene
2270 5146 2506 5199 testimas
2532 5145 2765 5200 chrisma
2796 5145 3090 5213 pretiosum
3125 5160 3138 5196 :
3168 5158 3337 5211 quare
3365 5144 3431 5198 de
3458 5141 3683 5197 Christo

2096 5214 2203 5268 vile
2241 5217 2481 5283 postulas
2531 5212 2809 5284 pretium?
2844 5212 2977 5269 Illud
3028 5223 3359 5283 unguentum
3404 5212 3682 5284 pigmenta

2096 5285 2281 5338 suavia
2324 5285 2673 5353 coagularunt
2707 5302 2719 5336 :
2750 5283 2994 5339 Christus
3021 5292 3246 5353 paterno
3287 5283 3449 5337 corde
3491 5290 3676 5336 ructa-

2097 5362 2185 5407 tus
2207 5361 2314 5418 est,
2340 5354 2408 5408 de
2449 5370 2556 5423 quo
2596 5355 2745 5409 dedit
2770 5354 3015 5417 odorem.
3042 5353 3360 5407 illuminatio
3387 5366 3680 5423 cmcorum,
3706 5418 3707 5421 η

2095 5423 2310 5477 auditus
2353 5421 2657 5491 surdorum,
2687 5426 2890 5479 erectio
2917 5423 3253 5489 claudorum,
3275 5431 3331 5478 et
3354 5421 3679 5481 resurrectio

2097 5503 2456 5548 mortuorum.
2482 5493 2546 5547 Et
2569 5503 2625 5547 tu
2654 5495 2723 5548 de
2752 5495 2846 5550 illo
2870 5496 2975 5549 vile
3006 5494 3292 5562 pacisceris
3329 5493 3564 5562 pretium
3596 5493 3680 5545 in-

2097 5509 2456 5548 morluorum.
2483 5509 2546 5547 nt
2569 5509 2625 5547 tu
2654 5509 2723 5548 ue
2752 5509 2846 5550 ιιιο
2870 5509 2975 5549 vnc
3041 5509 3292 5551 acnscerts
3329 5509 3564 5562 pretium
3596 5509 3680 5545 m-

2095 5572 2179 5617 ter
2199 5564 2519 5619 commercia
2547 5562 2887 5619 Judzcorum?
2916 5509 3036 5618 Socr
3051 5564 3306 5618 Dominus
3332 5563 3422 5633 qui
3451 5564 3680 5630 libenter

2093 5634 2304 5714 accepit
2351 5634 2858 5714 unguentumhipse
2905 5633 3178 5714 redarguit
3208 5640 3681 5714 murmurantem.

2095 5701 2199 5757 Pro
2227 5701 2328 5758 ista
2352 5701 2637 5774 causaris?
2663 5704 2800 5757 Nihil
2821 5705 2981 5774 periit
3000 5704 3258 5773 obsequio
3280 5703 3545 5759 mulieris.
3569 5701 3680 5774 Cur

2094 5774 2304 5839 anget-is
2330 5772 2396 5846 de
2421 5773 2786 5846 pauperibus?
2814 5772 2977 5846 habes
3022 5772 3236 5844 semper
3262 5781 3604 5846 potesmtem,
3633 5772 3713 5843 si”

2093 5852 2270 5927 tamen
2309 5843 2549 5927 disponis
2576 5843 2753 5926 facere
2772 5844 3035 5927 pietatem
3055 5860 3070 5911 ;
3089 5843 3278 5927 ρι’-ςειῶ
3305 5860 3509 5927 pauper
3536 5858 3713 5927 sum“

2093 5922 2217 5970 ante
2246 5923 2298 5970 te
2327 5912 2465 5984 sum,
2497 5922 2551 5970 ct
2576 5929 2684 5971 non
2712 5912 2962 5987 intelligis
2989 5916 3112 5978 tne?
3152 5912 3352 5972 Tecum
3378 5912 3681 5978 discumbo,
