4168 6348
296 369 479 457 δεῖ

1769 363 1998 421 ΒΕΠΜΟ
2037 356 2245 421 XXXVI

3535 369 3639 431 898
3664 364 3669 369 ’

381 486 566 553 ﬁgere,
596 482 916 562 Apostolum
945 477 1462 562 audilcldifeentcmg
1476 478 1577 562 Vas
1616 488 1791 562 furem
1837 480 1958 534 estis
1989 488 2027 540 Α
2059 476 2463 562 que-sidebant,
2493 475 3480 562 sednon-agnoscebant,feriebantur
3499 488 3643 542 enim

382 547 564 622 corpus
588 547 778 622 Cliristi
798 561 847 605 et
866 552 1092 622 membra
1120 547 1173 619 (1
1197 548 1315 622 Cor.
1346 566 1397 614 x,
1427 549 1480 611 2,
1516 549 1588 622 7)_.
1616 547 1671 604 Si
1700 563 1829 615 ergo
1858 564 1955 605 vos

380 619 507 678 estis
536 620 946 691 corpus_Christi
986 628 1043 674 et
1071 620 1328 691 membra,
1363 619 1672 691 mysterium
1720 628 1955 672 vestrum

328 698 331 705 ‘
381 693 434 748 in
482 688 666 747 mensa
724 689 934 757 Domini
990 688 1222 758 positum
1248 699 1351 751 est,
1378 688 1686 758 mysterium
1722 697 1956 743 vestrqu

383 710 434 748 m
482 707 666 747 mensa
726 706 934 757 Donum
1026 706 1222 743 usuum
1248 706 1351 751 est,
1378 706 1686 758 mysterium
1722 706 1956 743 vesuqu

382 761 644 830 accipitis,
677 760 745 815 ad
775 760 827 814 id
872 706 1024 830 quod}
1044 759 1198 830 estis.
1214 759 1383 830 Amen
1413 759 1863 830 respondeiis,et‘
1881 773 1960 811 re-

382 826 695 899 spondendo
714 826 1066 899 subscfibitis.
1092 826 1255 882 Audis
1274 829 1436 891 enim,
1460 826 1657 895 Corpus
1670 826 1884 899 Cligisti,
1905 834 1960 899 et

382 896 693 971 respondes,
724 900 903 952 Amen.
944 897 1072 971 Esto
1112 898 1410 971 membrum
1456 898 1699 971 corporis
1727 896 1957 971 Christi.

384 981 442 1025 ut
463 966 646 1024 verum
674 970 744 1023 sit
770 970 952 1022 Amen.
983 967 1161 1033 Quare
1186 982 1316 1036 ergo
1345 968 1397 1020 in
1422 967 1759 1037 pane?°Nihil
1787 966 1872 1020 hic
1891 969 1960 1020 de

381 1048 569 1095 nostro
611 1040 916 1107 all'eramus.
958 1038 1135 1107 Ipsum
1182 1037 1497 1105 Apostolum
1546 1037 1832 1091 identidem
1860 1051 1959 1107 au-

380 1112 608 1164 diamus.
647 1106 783 1162 Cmn
826 1108 895 1162 de
937 1105 1040 1161 isto
1088 1114 1427 1161 sacramento
1475 1106 1803 1167 loqueretur,
1837 1105 1953 1157 ait:

387 1178 532 1234 Unus
558 1179 732 1247 panis,
760 1193 919 1230 unum
937 1193 1123 1247 ροζρυε
1145 1177 1293 1247 multi
1313 1191 1487 1229 sumus
1508 1173 1696 1247 (lbid.,
1729 1175 1839 1247 Π).
1868 1173 1957 1227 In-

383 1243 623 1316 telligite,
648 1257 702 1300 et
732 1247 979 1312 gaudete.
1009 1243 1215 1311 Unitas,
1240 1245 1430 1316 pietas,
1456 1243 1688 1316 veritas.
1713 1246 1912 1300 caritas
1942 1261 1955 1296 :

381 1314 517 1371 unus
536 1317 709 1386 panis,
740 1332 896 1368 unum
927 1331 1110 1385 corpus
1137 1315 1286 1386 multi
1302 1330 1496 1386 sumus.
1532 1314 1770 1386 Recolite
1814 1316 1957 1386 enim

379 1388 503 1455 quia
533 1383 684 1454 panis
705 1402 810 1439 non
832 1387 900 1439 de
923 1383 1029 1439 uno
1048 1397 1219 1455 grano
1238 1384 1314 1446 lit,
1329 1385 1421 1455 sed
1434 1384 1502 1438 de
1516 1384 1713 1455 multis.
1734 1383 1959 1455 Quando

384 1452 858 1519 exorcizabamini,
885 1455 1039 1523 quasi
1066 1454 1406 1508 molebamini
1427 1470 1440 1517 ;
1465 1453 1684 1521 quando
1705 1452 1959 1523 baptizati

381 1527 532 1589 estis,
582 1526 733 1592 quasi
777 1525 1051 1593 conspersi
1100 1525 1261 1584 estis;
1294 1525 1507 1593 quando
1531 1523 1959 1593 Spiritusszmcti

383 1596 559 1661 ignem
584 1591 883 1662 accepistis,
913 1591 1062 1663 quasi
1092 1594 1229 1648 cocti
1256 1595 1406 1663 estis.
1430 1591 1627 1663 ,Estote
1644 1592 1787 1661 quod
1814 1592 1960 1646 vide-

377 1660 468 1726 tis,
500 1671 567 1732 et,
601 1660 832 1732 accipite
874 1660 1020 1732 quod
1066 1663 1214 1717 estis.
1270 1660 1383 1717 Hoc
1412 1660 1698 1730 Apostolus
1725 1663 1793 1732 de
1821 1676 1960 1730 pane

382 1733 534 1787 dixit.
560 1731 637 1787 De
648 1731 823 1787 calice
842 1731 968 1802 quid
992 1732 1406 1798 intelligeremus
1421 1735 1580 1785 etiam
1605 1747 1710 1787 non
1733 1731 1957 1798 dictum,

382 1803 513 1856 satis
540 1802 800 1857 ostendit.
830 1801 980 1857 Sicut
995 1802 1140 1855 enim
1170 1809 1227 1854 ut
1250 1802 1321 1856 sit
1338 1802 1545 1870 species
1567 1802 1787 1856 visibilis
1806 1802 1958 1871 panis

385 1874 549 1926 multa
578 1886 743 1941 grana
772 1873 824 1941 in
856 1886 1017 1926 unum
1042 1882 1491 1941 consparguutur,
1523 1881 1773 1941 tanquam
1810 1870 1954 1941 illud

386 1941 477 1995 ﬁat
495 1939 638 2011 quod
666 1941 732 1995 de
762 1939 1005 1994 ﬁdelibus
1033 1942 1110 1993 ait
1136 1940 1410 2011 Scriptura
1439 1939 1645 2011 sancta,
1695 1940 1824 2011 Erat
1852 1939 1956 1993 illis

382 2009 561 2064 auinia
579 2026 703 2079 una,
727 2020 776 2063 et
795 2026 978 2078 corpus
1017 2026 1172 2079 unum
1200 2011 1253 2063 in
1298 2009 1406 2063 Deo
1430 2009 1567 2079 (ᾼτι.
1600 2025 1672 2073 tv,
1704 2009 1834 2079 52);:
1881 2012 1958 2065 sic

382 2090 440 2134 et
476 2081 543 2134 dc
592 2076 738 2143 vino,
780 2076 989 2133 fratres.
1021 2077 1261 2133 Recolite
1286 2079 1424 2133 unde
1441 2076 1510 2133 ﬁt
1548 2078 1748 2133 vinum.
1780 2077 1958 2132 Grana

385 2150 549 2203 multa
597 2150 828 2218 pendent
857 2148 922 2201 ad
951 2149 1185 2218 botrum,
1218 2148 1327 2218 "sed
1373 2147 1550 2218 liquor
1586 2149 1958 2218 granorumin

385 2215 974 2273 unitate—confunditur.
1008 2217 1084 2271 lta
1130 2227 1186 2271 et
1213 2215 1467 2271 Dominus
1492 2218 1734 2272 Christus
1760 2215 1953 2287 signiﬁ-

379 2304 512 2342 cans
539 2303 637 2343 nos
658 2290 724 2341 ad
753 2303 813 2341 se
835 2289 1123 2356 pertinere,
1156 2287 1325 2342 voluit
1353 2289 1674 2358 mysterium
1712 2291 1875 2358 pacis,
1905 2295 1962 2342 et

387 2358 605 2412 unitatis
633 2355 904 2412 nostrm'in
935 2372 1030 2413 sua
1060 2372 1241 2412 mensa
1261 2355 1604 2416 consecrare.
1646 2355 1748 2422 Qui
1768 2357 1963 2426 accipit

382 2427 697 2497 mysterium
728 2426 968 2485 unitatis.
991 2435 1049 2480 et
1071 2442 1176 2480 non
1200 2436 1348 2480 tenet
1373 2427 1642 2482 vinculum
1667 2428 1831 2495 pacis,
1854 2442 1960 2480 non

377 2496 696 2566 mysterium
744 2498 938 2566 accipit
982 2511 1080 2564 pro
1124 2512 1220 2562 se,
1278 2496 1371 2550 sed
1420 2497 1782 2551 testimonium
1831 2513 1962 2550 eon-

379 2575 467 2620 tra
509 2582 589 2621 se.

893 2653 1124 2707 SERMO
1163 2654 1346 2707 XXXV
1381 2656 1419 2708 '.

827 2744 904 2799 De
929 2746 1152 2800 secundo
1179 2746 1261 2799 die
1288 2745 1529 2799 Pascha.

448 2837 724 2894 llesterno
773 2838 860 2894 die
888 2839 1046 2907 lecta
1089 2846 1258 2893 estex
1284 2836 1571 2907 Evangelio
1603 2835 1965 2907 Resurrectio,

387 2910 525 2965 lecta
556 2919 736 2964 autem
765 2924 832 2963 ex
861 2906 1150 2977 Evangelio
1170 2905 1462 2964 secundum
1493 2907 1750 2961 Marcum.
1794 2905 1964 2961 llodie

388 2995 537 3042 vero,
568 2979 707 3035 sicut
726 2979 949 3034 audistis
972 2978 1319 3047 pronuntiare
1351 2979 1625 3042 lectorem,
1649 2979 1871 3047 recitata
1884 2985 1968 3031 est

390 3051 546 3117 nobis
575 3065 642 3103 ex
666 3047 955 3118 Evangelio
973 3045 1193 3102 Domini
1224 3047 1585 3118 Resurrectio,
1615 3048 1756 3118 sicut
1795 3045 1966 3118 Lucas

388 3119 714 3190 evangelista
740 3116 1054 3190 conscripsit
1079 3134 1096 3190 ξ
1120 3118 1433 3190 quod_s_:epe
1455 3116 1774 3190 admouenji
1813 3117 1962 3179 eatis.

389 3197 446 3243 et
472 3185 784 3262 memoriter
811 3185 996 3262 tencfe
1014 3187 1241 3262 debetis.
1273 3185 1389 3262 Non
1428 3185 1720 3262 vos‘debet
1748 3201 1966 3262 movere
1993 3201 2037 3262 ρ

388 3260 533 3327 quod
562 3258 700 3313 alius
725 3258 1052 3325 evangelista
1081 3257 1231 3320 dicit,
1258 3258 1301 3312 si
1350 3258 1478 3325 quid
1507 3257 1641 3310 alius
1664 3257 1965 3327 prmtrrmig

390 3325 566 3382 serit:
623 3328 748 3395 quia
794 3338 850 3382 et
894 3328 1014 3396 (aL,
1036 3328 1159 3390 etsi)
1213 3328 1301 3381 ille
1321 3328 1410 3394 qui
1435 3325 1795 3395 prmteruiittit
1820 3325 1965 3394 quod

391 3399 525 3451 alius
551 3397 706 3462 dixit,
730 3396 863 3451 dixit
889 3397 1089 3464 aliquid
1118 3398 1261 3465 quod
1286 3398 1371 3450 ille
1395 3398 1829 3465 prietermiserat.
1863 3396 1968 3449 Ali-

392 3482 493 3536 qua
526 3483 653 3521 vero
692 3467 931 3535 singulus
978 3465 1128 3530 dicit,
1161 3475 1217 3520 ct
1243 3467 1330 3520 alii
1352 3474 1462 3536 tres
1482 3480 1589 3520 non
1616 3465 1818 3536 dicunt.
1850 3465 1966 3518 Ali-

391 3534 496 3605 qua
522 3538 589 3591 de
617 3534 843 3592 Domino
858 3536 1056 3599 dicunt,
1080 3544 1135 3589 et
1163 3536 1254 3589 alii
1277 3551 1382 3589 non
1411 3535 1613 3590 dicunt.
1647 3534 1835 3603 Aliqua
1858 3544 1969 3590 tres

391 3608 595 3669 dicunt,
623 3616 678 3662 et
706 3624 842 3661 unus
863 3622 970 3660 non
995 3605 1142 3660 dicit.
1166 3606 1469 3660 Auctoritas
1509 3613 1687 3658 autem
1716 3613 1864 3658 tanta
1887 3613 1969 3659 est

393 3675 667 3745 Evangelii
713 3676 903 3741 sancti,
959 3682 1017 3729 ut
1059 3674 1183 3744 quia
1212 3677 1263 3729 in
1291 3675 1368 3730 eis
1397 3673 1722 3745 loquebatur
1739 3671 1969 3742 Spiritus

396 3741 762 3810 unusfverum
801 3748 870 3800 sit
912 3741 1239 3813 etiamquod
1266 3741 1645 3813 dixerit—unus.
1679 3741 1794 3798 Hoc
1838 3758 1968 3811 ergo

394 3819 538 3884 quod
562 3816 721 3872 modo
742 3817 984 3879 audistis,
1009 3812 1133 3884 quia
1166 3813 1423 3869 Dominus
1440 3812 1596 3868 Jesus
1618 3823 1967 3884 posteaquam

393 3883 683 3940 resurrexit
711 3902 740 3940 a
772 3883 1251 3948 mortuis,iuvenit
1277 3888 1413 3938 duos
1441 3884 1496 3951 i_n
1552 3883 1635 3937 via
1675 3898 1739 3936 ex
1801 3883 1968 3938 disci-

395 3956 534 4024 pulis
558 3956 668 4011 suis
689 3955 1056 4024 colloquentes
1080 3956 1304 4008 invicem
1327 3956 1394 4008 de
1442 3954 1523 4008 his
1570 3968 1689 4021 quae
1726 3954 1969 4022 conlige-

394 4021 538 4087 raut,
558 4034 615 4079 et
635 4025 765 4085 dixit
792 4021 914 4091 illis,
945 4021 1045 4088 Qui
1072 4033 1192 4078 sunt
1211 4040 1471 4078 sermones
1490 4025 1597 4086 isti,
1648 4039 1774 4091 quos
1800 4021 1969 4091 loqui-

397 4097 524 4150 mini
548 4095 820 4157 vobiscum,
844 4104 893 4147 et
921 4095 1043 4147 estis
1074 4096 1243 4149 tristes
1274 4093 1422 4158 (Luc.
1457 4110 1600 4156 xxtv,
1650 4092 1779 4159 i7)?
1824 4095 1971 4146 solus

394 4166 527 4218 dixit
552 4163 727 4219 Lucas
755 4165 1101 4232 evangelista.
1138 4163 1376 4218 Breviter
1403 4164 1507 4218 hoc
1535 4163 1710 4228 attigit
1762 4162 1972 4217 Marcus

396 4232 546 4304 (Cap.
579 4249 688 4300 xv1,
718 4233 829 4304 12),
852 4234 977 4302 quia
1005 4235 1253 4304 apparuit
1280 4233 1487 4288 duobus
1509 4234 1560 4286 in
1585 4234 1666 4304 via
1692 4250 1711 4304 ἓ
1736 4232 1973 4304 sedquid

396 4302 468 4357 illi
494 4302 750 4358 dixerunt
776 4302 1026 4367 Domino,
1044 4302 1286 4372 'velquid
1314 4305 1392 4358 eis
1448 4303 1645 4357 dixerit
1693 4302 1968 4365 Dominus,

396 4373 752 4442 pnetermisit.
785 4372 922 4440 Quid
951 4386 1079 4439 ergo
1114 4373 1233 4442 ista
1288 4373 1447 4428 lectio
1501 4372 1728 4442 contulit
1774 4372 1972 4426 nobis?

396 4439 643 4510 Magnum
671 4439 892 4510 aliquid,
925 4443 968 4497 si
998 4441 1374 4510 intelligamus.
1402 4442 1658 4510 Apparuit
1681 4439 1859 4507 Jesus,
1888 4442 1970 4494 vi-

395 4511 618 4566 debatur
647 4513 835 4574 oculis,
867 4513 959 4568 sed
990 4528 1095 4566 non
1126 4513 1535 4581 agnoscebatur.
1562 4510 1818 4581 ilagister
1846 4526 1968 4565 cum

1987 1845 2036 1904 B

2061 549 2418 625 oguiieoruin,
2442 548 2598 622 .sicut
2626 548 2942 625 audivimus,
2979 567 3059 605 me
3098 553 3255 625 illum
3304 567 3644 625 agnoscerent

2061 617 2247 688 (Ibid,
2304 617 2390 685 lli)
2416 617 2456 667 ε’
2482 630 2586 670 non
2618 619 2938 688 tenebantur
2965 635 3035 674 ne
3061 617 3456 688 viderentfsed
3484 632 3638 679 tene-

2059 685 2254 740 bantur
2280 701 2346 740 ne
2367 695 2738 754 agnoscerent.
2772 687 2885 754 Eia,
2913 688 3124 753 fratres,
3158 693 3245 745 ubi
3270 685 3437 747 voluit
3461 694 3641 748 Domi-

2058 772 2160 811 nus
2183 756 2435 823 aguosci?
2491 753 2557 833 [η
2600 753 3050 833 [rectione'panis
3085 758 3271 833 _(Ibid.,
3306 762 3418 833 55).
3451 761 3642 818 Securi

2057 840 2259 899 sumus,
2274 840 2481 899 panem
2506 824 2812 899 frangimus,
2837 824 2909 882 et'
2946 824 3225 885 Dominum
3259 824 3639 899 agnoscimus.

2060 895 2241 975 Noluit
2266 895 2484 975 agnosci
2508 896 2609 948 nisi
2633 897 2725 961 ibi,
2756 907 2977 966 propter
3006 915 3104 955 nos
3132 900 3224 975 qui
3254 895 3369 975 non
3392 918 3511 975 eum
3560 904 3641 955 vi-
3692 948 3707 962 ,

2059 971 2170 1018 suri
2198 980 2412 1044 eramus
2433 971 2485 1044 in
2513 976 2779 1044 earumne}
2802 975 2978 1044 iumen
3002 971 3370 1044 manducaturi
3400 971 3516 1044 ejus
3531 988 3644 1044 car-

2059 1049 2205 1107 nem.
2237 1033 2488 1107 Quisquis
2536 1047 2665 1107 ergo
2695 1034 2862 1107 ﬁdelis
2885 1051 2964 1107 es,
2994 1040 3233 1107 quisquis
3260 1056 3364 1095 non
3414 1033 3644 1095 inaniter

2058 1104 2394 1174 Christianus
2413 1104 2640 1165 vocaris,
2655 1106 2897 1174 quisquis
2917 1104 3212 1164 Ecclesiam
3233 1125 3338 1163 non
3364 1110 3480 1164 sine
3519 1126 3644 1165 cau-

2058 1188 2120 1227 sa
2179 1172 2491 1240 ingrederis,
2543 1172 3033 1242 quimuisverbum
3084 1179 3177 1231 Dei
3206 1180 3541 1233 cumtimore
3584 1188 3643 1232 et

2056 1256 2154 1316 spe
2175 1244 2347 1316 audis,
2376 1243 2701 1316 consoletur
2726 1252 2778 1298 te
2794 1243 2995 1316 [ractio
3024 1248 3193 1316 panis.
3250 1249 3500 1302 Absentia
3531 1248 3639 1304 Do-

2059 1311 2189 1365 mini
2235 1328 2344 1366 non
2390 1319 2472 1365 est
2500 1312 2760 1368 absentia.
2793 1313 3000 1369 Habeto
3027 1311 3206 1376 ﬁdem.
3240 1327 3296 1371 et
3325 1326 3500 1372 tecum
3557 1325 3641 1372 est

2058 1396 2216 1456 quem
2249 1396 2355 1456 non
2380 1379 2547 1435 vides.
2573 1380 2661 1456 illi
2682 1384 2894 1456 quando
2914 1400 3036 1439 cum
3063 1386 3142 1440 eis
3165 1386 3423 1442 Dominus
3446 1388 3639 1456 loque-

2060 1448 2237 1514 batur,
2266 1448 2420 1527 ﬁdem
2445 1465 2550 1504 non
2577 1448 2846 1507 habebant
2874 1472 2886 1506 :
2930 1456 3053 1522 quia
3084 1471 3203 1509 cum
3230 1448 3639 1527 resurrexisset,

2061 1535 2170 1594 non
2200 1520 2509 1594 credebant,
2544 1520 2960 1594 neciresurgere‘
2980 1540 3138 1594 posse
3166 1527 3473 1594 Sperabam.
3508 1520 3639 1581 Per;

2058 1588 2307 1661 diderant
2336 1590 2510 1661 Iidem,
2535 1588 2876 1661 perdiderant
2904 1588 3073 1661 spem.
3106 1588 3461 1649 Anibulabant
3489 1612 3640 1651 mor-

2061 1659 2137 1711 tui
2191 1674 2311 1714 cum
2355 1659 2467 1731 ipsa
2519 1660 2647 1713 vita.
2675 1660 2822 1731 Cum
2848 1659 2954 1718 illis
2974 1663 3283 1718 ambulabat
3303 1666 3431 1731 vita,
3461 1666 3556 1721 sed
3584 1667 3640 1720 in

2059 1743 2247 1803 eorum
2276 1727 2921 1803 cordibusnondumcrat
2950 1734 3078 1788 vita.
3104 1732 3167 1787 Et
3196 1743 3251 1788 tu
3301 1727 3430 1803 ergo
3455 1737 3502 1789 si
3557 1735 3638 1790 vis

2062 1797 2259 1871 habere
2288 1799 2473 1864 vitam,
2513 1796 2593 1853 lac
2612 1799 2765 1871 quod
2777 1800 3048 1855 fecerunt:
3075 1796 3636 1871 utagnosca'ntDeum,

2064 1867 2296 1942 hospitio
2335 1878 2703 1936 susceperunt.
2735 1868 2935 1942 Similis
2964 1880 3079 1925 erat
3108 1867 3361 1927 Dobtinus
3388 1867 3639 1942 tanquam

2062 1937 2116 1990 in
2146 1936 2490 2005 longinquum
2516 1938 2778 2006 pergenti.
2807 1939 2886 1993 llli
2914 1956 3044 1995 vero
3093 1951 3382 1997 tenuerunt
3408 1936 3553 2007 eum,
3584 1951 3642 1998 et

2057 2014 2343 2073 antequam
2373 2006 2619 2060 venirent
2646 2008 2710 2061 ad
2743 2008 2940 2074 locum,
2973 2010 3372 2066 contendebant
3399 2006 3641 2067 dicentes

2138 2093 2152 2128 :
2187 2075 2283 2151 lli_c
2305 2074 2415 2151 jam
2446 2076 2721 2151 nobiscum
2742 2092 2928 2151 inane.
2957 2080 3246 2134 declinavit
3276 2082 3327 2151 iu
3358 2097 3640 2151 vesperum

2057 2144 2368 2217 dies._Teue
2394 2144 2680 2217 hospitem,
2710 2146 2754 2200 si
2799 2151 2878 2201 vis
2915 2163 3242 2217 cognoscere
3286 2144 3639 2206 Salvatorem.

2060 2213 2213 2281 Quod
2244 2214 2441 2268 tulerat
2471 2213 2776 2287 inﬁdelitas,
2805 2213 3033 2271 reddidit
3059 2220 3415 2287 hospitalitas.
3461 2221 3643 2275 Domi-

2060 2299 2160 2358 nus
2208 2297 2339 2358 ergo
2392 2286 2731 2358 prmsentavit
2773 2288 3005 2358 seipsum
3059 2290 3111 2358 in
3159 2286 3421 2345 fractione
3462 2293 3638 2358 panis.

2062 2352 2398 2428 ii‘raciioncm
2427 2353 2640 2428 ignotus
2662 2352 3043 2428 loquiturcum
3060 2357 3385 2426 hominibus,
3408 2352 3643 2428 in'panis

2065 2422 2712 2497 fract_ione_cognosc_itur,
2743 2426 2868 2497 quia
2900 2426 2970 2497 ibi
3000 2427 3105 2479 vita
3160 2422 3381 2481 :etvrna’
3410 2422 3641 2497 percipi-

2062 2500 2168 2565 tur.
2185 2489 2428 2565 Hospitio
2452 2492 2737 2560 suscipitur
2763 2489 2854 2565 qui
2882 2493 3099 2549 domum
3128 2506 3281 2565 parat
3301 2498 3352 2551 in
3380 2489 3537 2553 cielo.
3558 2489 3642 2551 hit

2062 2562 2228 2633 enim,
2283 2560 2461 2633 Multa:
2509 2570 2637 2633 _s_u.it
2676 2560 2986 2619 mansiones
3025 2560 3166 2633 apud
3217 2564 3429 2620 Patrem
3458 2582 3639 2621 meum

2065 2629 2246 2698 (Joan.
2276 2630 2714 2699 xtv,2).llospes
2762 2633 2964 2687 interea
3006 2629 3126 2689 esse
3164 2635 3334 2688 voluit
3386 2636 3643 2690 Dominus

2064 2700 2216 2764 creti;
2246 2699 2439 2768 hospes
2484 2715 2604 2755 esse
2630 2701 2879 2768 dignatus
2903 2711 3004 2767 est,
3034 2712 3090 2758 ut
3116 2712 3171 2757 tu
3201 2704 3423 2760 haberes
3472 2707 3643 2760 susci-

2066 2770 2286 2842 piendoi
2318 2770 2767 2842 benedictionem.
2824 2771 2993 2842 Nemo
3031 2773 3324 2842 superbiat,
3378 2775 3503 2842 quia
3550 2775 3643 2828 dat

2068 2838 2310 2908 pauperi.
2340 2838 2583 2895 Christus
2612 2854 2814 2910 pauper
2843 2842 2930 2897 hic
2952 2841 3052 2895 fuit
3077 2838 3312 2898 {discite
3340 2838 3429 2897 ubi
3459 2845 3645 2899 Domi-

2070 2924 2197 2961 num
2242 2909 2514 2981 quieratis,
2564 2910 2753 2981 discite
2800 2911 2889 2981 ubi
2943 2912 3203 2981 habeatis,
3258 2913 3448 2969 discite
3502 2914 3646 2968 unde

2069 2980 2392 3045 agnoscatis,
2420 2980 2633 3045 quando
2660 2980 3013 3035 manducatis.
3064 2981 3270 3036 Nurunt
3294 2984 3435 3037 enim
3466 2983 3646 3038 ﬁdeles

2067 3048 2265 3114 aliquid
2294 3048 2440 3116 quod
2471 3048 2663 3102 melius
2710 3050 3031 3119 intelligunt.
3091 3050 3346 3107 Dominus
3373 3051 3527 3106 Jesus
3553 3068 3647 3107 eo-

2070 3119 2247 3192 gnitus
2266 3125 2368 3192 est,
2394 3127 2450 3172 et
2490 3126 2837 3192 posteaquam
2868 3122 3113 3188 cognitus
3139 3129 3243 3188 est,
3273 3137 3537 3192 nusquam
3554 3137 3652 3192 apo

2069 3188 2265 3309 paruit.
2296 3187 2568 3242 Abscessit
2587 3189 2654 3242 ab
2675 3190 2753 3243 eis
2774 3187 3001 3271 corpore
3020 3192 3110 3259 qui
3140 3187 3423 3274 tenebatur
3445 3193 3496 3245 in
3518 3187 3644 3273 ﬁde.

2093 3257 2193 3309 deo
2244 3265 2326 3309 cst
2354 3260 2565 3309 absens.
2594 3266 2649 3309 ut
2678 3257 2810 3309 ﬁdes
2853 3257 3162 3309 aediﬁcetur.
3211 3267 3266 3309 hi
3310 3277 3450 3309 enim
3481 3262 3644 3309 Vides.

2093 3257 2193 3311 deo
2244 3265 2326 3310 cst
2354 3260 2565 3319 absens,
2594 3266 2649 3311 ut
2678 3257 2810 3313 ﬁdes
2853 3257 3162 3315 aediﬁcetur.
3211 3261 3267 3313 Si
3310 3262 3450 3315 enim
3481 3262 3648 3326 vides,

2068 3327 2155 3398 ubi
2180 3334 2264 3398 est
2293 3325 2463 3398 ﬁdes?
2484 3326 2541 3398 ‘Si
2564 3336 2743 3398 autem
2767 3328 2947 3383 credis
2973 3338 3025 3382 et
3044 3328 3189 3398 quod
3212 3345 3318 3383 non
3340 3330 3509 3397 vides,
3527 3325 3650 3386 cum

2068 3395 2266 3450 videris
2305 3396 2584 3462 gaudebis.
2616 3395 2697 3449 Ad
2726 3399 2869 3464 quod
2918 3395 3079 3453 modo
3108 3399 3303 3462 credis,
3350 3395 3649 3455 :cdilicetur
3714 3426 3723 3435 -

2068 3465 2217 3527 ﬁdes,
2264 3466 2388 3540 quia
2435 3465 2692 3540 reddeiur
2718 3466 3166 3540 species.‘Veniet
3205 3470 3349 3537 quod
3378 3470 3647 3540 nonividi-

2067 3551 2206 3607 inus,
2240 3535 2658 3607 vide_quomodo
2704 3542 2756 3589 te
2784 3536 3042 3607 inveniat.
3092 3535 3237 3591 Nam
3270 3540 3414 3607 quod
3464 3535 3650 3594 dicunt

2068 3605 2332 3664 homines.
2368 3603 2466 3658 Ubi
2487 3604 2608 3658 est?
2631 3606 2846 3672 quando
2866 3607 3001 3660 erit?
3020 3608 3233 3674 quando
3257 3603 3511 3663 venturus
3530 3610 3649 3662 est!

2065 3674 2258 3729 Certus
2306 3681 2447 3739 esto,
2497 3674 2694 3728 veniet.
2744 3674 2881 3729 Etsi
2926 3676 3066 3730 nolis
3111 3679 3309 3731 veniet.
3343 3676 3458 3731 Erit
3503 3680 3649 3732 enim

2068 3758 2292 3817 magnus
2315 3752 2518 3817 tremor
2542 3744 2741 3817 bisqui
2773 3760 2885 3817 non
2905 3745 3268 3817 crediderunt,
3299 3755 3353 3801 et
3395 3763 3647 3817 magnum

2068 3816 2318 3881 gaudium
2346 3814 2437 3881 qui
2460 3814 2818 3882 crediderunt.
2847 3813 3165 3869 Gaudebunt
3194 3816 3395 3882 ﬁdeles,
3421 3813 3649 3872 confun-

2069 3885 2264 3938 dentur
2291 3883 2551 3938 inﬁdeles.
2595 3881 2804 3938 Fideles
2831 3885 3032 3951 gratias
3058 3886 3226 3940 acturi
3255 3896 3381 3941 sunt
3401 3886 3647 3949 Domino.

2069 3955 2192 4021 quia
2219 3967 2347 4006 vera
2376 3962 2500 4006 sunt
2527 3967 2645 4021 qua:
2697 3954 3077 4008 crediderunt:
3134 3956 3375 4010 inﬁdeles
3421 3956 3649 4011 confun-

2072 4023 2289 4085 dcntur,
2309 4022 2436 4094 quia
2465 4021 2593 4076 falsa
2618 4030 2957 4090 putaverunt.
2983 4022 3164 4078 Laudo
3191 4039 3287 4079 eos
3309 4027 3401 4094 qui
3430 4042 3537 4081 non
3566 4028 3648 4090 vi-_

2071 4093 2200 4147 dent
2219 4101 2274 4145 et
2292 4092 2537 4155 credunt,
2560 4094 2685 4161 quia
2728 4108 2849 4147 cum
2881 4094 3109 4147 viderint
3129 4092 3453 4162 gaudebunt.
3477 4095 3652 4150 Causa

2072 4163 2258 4234 salutis
2278 4169 2475 4217 nostra:
2497 4162 2732 4234 suscepit
2762 4162 3018 4234 Dominus
3045 4178 3284 4229 carnem,
3317 4166 3370 4219 in
3397 4180 3503 4234 qua
3542 4180 3655 4219 sua;

2072 4232 2215 4301 cepit
2242 4240 2299 4286 et
2326 4240 2574 4286 mortem.
2609 4231 2922 4287 Resurrexit
2947 4234 3034 4288 die
3064 4235 3241 4296 tertia,
3270 4235 3381 4303 jam
3410 4231 3516 4290 non
3572 4237 3654 4288 ul~

2075 4303 2242 4373 terius
2268 4303 2576 4373 moriturus,
2610 4310 2664 4356 et
2690 4311 2903 4371 recepta
2933 4318 3093 4370 quam
3123 4304 3450 4373 deposuerat
3476 4308 3654 4359 carnis

2075 4371 2372 4444 substantia
2398 4374 2606 4444 primus
2623 4373 2786 4444 nobis
2801 4371 3210 4444 resurrectionis
3238 4374 3658 4444 incorruptibilis

2076 4439 2202 4494 fecit
2227 4441 2554 4508 exemplum.
2581 4441 2890 4496 Ascendens
2912 4442 2962 4495 in
2984 4443 3173 4495 eodem
3201 4457 3433 4563 corBore
3457 4439 3529 4495 ad
3556 4442 3656 4496 Pa-

2077 4518 2232 4563 trem.
2265 4510 2417 4563 sedet
2444 4510 2512 4563 ad
2536 4510 2814 4563 dexteram
2865 4510 2980 4563 Dei.
3011 4510 3263 4563 iudicium
3335 4512 3467 4563 atris
3506 4526 3655 4563 com-

2077 4518 2232 4575 trem,
2265 4510 2417 4564 sedet
2444 4510 2512 4563 ad
2536 4510 2814 4564 dexteram
2865 4510 2980 4577 Dei,
3005 4510 3263 4579 judicium
3292 4510 3467 4564 Patris
3506 4526 3655 4566 com-

396 4582 497 4635 illis
518 4582 824 4637 ambulabat
844 4582 900 4636 in
932 4584 1037 4647 via,
1064 4589 1119 4636 et
1144 4574 1263 4651 ipse
1290 4591 1406 4635 erat
1432 4582 1536 4634 via.
1561 4579 1633 4651 Et
1650 4574 1969 4651 nondumiili
2001 4574 2048 4633 Ι)
2075 4574 2354 4651 municans
2382 4578 2602 4646 pietate,
2627 4593 2787 4646 quem
2816 4574 3099 4633 venturum
3129 4576 3196 4632 ad
3239 4580 3500 4646 judicium
3529 4596 3658 4649 spe-

392 4652 737 4706 anibulabant
763 4653 815 4705 in
844 4654 948 4715 via,
980 4653 1074 4706 sed
1115 4652 1317 4705 invenit
1344 4652 1465 4706 illos
1490 4650 1853 4704 exorbitantes
1904 4650 1972 4704 de

397 4723 498 4775 via.
558 4720 784 4787 Quando
831 4723 971 4776 enim
998 4737 1118 4776 cum
1166 4722 1269 4775 illis
1291 4720 1485 4786 fuerat,
1516 4728 1641 4774 ante
1670 4720 1969 4788 passionem

394 4792 572 4843 oiunia
604 4792 941 4858 praedixerat,
964 4807 1241 4859 passurum
1263 4806 1322 4859 se
1349 4790 1532 4853 fuisse,
1555 4800 1611 4844 et
1631 4790 1968 4851 moriturum,

394 4869 450 4913 et
477 4861 635 4914 tertia
658 4859 745 4914 die
772 4858 1217 4915 resurrecturum.
1250 4858 1435 4914 Omnia
1459 4861 1686 4922 dixerat,
1712 4860 1805 4912 sed
1829 4873 1974 4913 mors

397 4931 538 4985 illius
563 4931 776 4983 illorum
800 4930 1001 4984 oblivio
1023 4930 1139 4984 fuit.
1173 4929 1263 4984 Sic
1284 4929 1580 4998 perturbati
1608 4937 1732 4981 sunt
1758 4930 1974 4998 quando

400 5016 516 5053 sum
539 5000 784 5054 viderunt
814 5000 867 5054 in
899 5001 1044 5068 ligno
1074 5001 1413 5069 pendentem,
1448 5009 1504 5053 ut
1533 4998 1978 5053 obliviscerentur

398 5069 699 5133 docentem,
723 5085 830 5124 non
858 5078 1233 5139 exspectarent
1260 5077 1645 5139 resurgentem,
1673 5084 1770 5123 nec
1822 5076 1975 5122 tene-

396 5147 516 5193 rent
543 5138 969 5208 promittentem.
995 5138 1126 5203 Nos,
1154 5138 1429 5207 inquiunt,
1469 5140 1802 5208 sperabamus
1849 5140 1972 5207 quia

394 5209 504 5278 ipse
522 5206 650 5263 esset
676 5209 1029 5278 redempturus
1060 5206 1237 5263 Israel
1258 5208 1408 5278 (Luc.
1437 5206 1583 5271 xxiv,
1614 5207 1727 5277 2|).
1751 5206 1795 5259 0
1821 5206 1975 5261 disci-

394 5277 528 5349 puli,
558 5277 886 5348 sperabatis?
912 5278 1051 5346 Ergo
1074 5279 1185 5346 jam
1209 5277 1314 5332 non
1336 5279 1562 5349 speratis
1575 5277 1872 5349 {Christus
1894 5277 1973 5330 vi-

397 5346 489 5409 vit.
518 5357 577 5403 et
590 5346 719 5409 spes
746 5356 956 5403 mortua
976 5358 1063 5403 est
1085 5350 1135 5401 in
1160 5349 1349 5402 vobis?
1375 5348 1565 5402 Vivens
1579 5346 1822 5401 Christus
1838 5362 1977 5399 mor-

395 5425 485 5471 tua
514 5417 679 5491 corda
707 5417 1090 5491 discipulorum
1121 5418 1322 5491 invenit
1346 5437 1359 5471 :
1391 5433 1635 5491 quorum
1652 5425 1781 5471 tunc
1803 5417 1975 5491 oculis

396 5490 667 5557 apparuit,
695 5496 751 5541 et
776 5484 884 5541 non
911 5484 1182 5557 apparuit,
1207 5496 1261 5542 et
1289 5484 1469 5542 tamen
1498 5487 1798 5540 videbatur.
1843 5484 1975 5539 Nam

404 5559 438 5627 si
462 5573 570 5611 non
611 5558 913 5621 videbatur,
941 5559 1214 5627 quomodo
1254 5558 1401 5611 illum
1431 5558 1852 5627 interrogantem
1881 5571 1977 5627 au-

395 5626 634 5696 diebant,
663 5636 721 5682 et
740 5625 1091 5695 interroganti
1121 5627 1552 5696 respondebant?
1570 5625 1628 5696 In
1653 5625 1734 5677 via
1765 5625 1974 5696 cunnil-

398 5695 459 5748 lis
479 5705 733 5765 tanquam
764 5692 1295 5761 ('OIIICSVMDDIIL'IDM,
1327 5705 1382 5751 et
1411 5697 1525 5765 ipse
1570 5694 1675 5748 dux
1701 5702 1835 5748 erat.
1868 5692 1977 5747 Uti-

471 5862 486 5877 ‘
514 5857 608 5915 Est
633 5859 908 5928 Augustini
944 5875 1121 5914 sermo
1159 5858 1272 5925 HO,
1304 5859 1369 5913 de
1392 5857 1677 5927 Tempore.

2073 4663 2255 4702 ramus
2296 4649 2541 4701 vivorum
2590 4663 2656 4702 ac
2706 4658 3062 4712 mortuorum,
3102 4656 3243 4703 utet
3276 4664 3374 4702 nos
3405 4652 3472 4704 de
3503 4651 3658 4705 nobis

2073 4716 2355 4789 credamus
2374 4717 2441 4772 de
2460 4718 2576 4786 ipso
2624 4717 2843 4787 pulvere
2872 4720 3114 4773 eamdem
3142 4734 3362 4773 carnem
3389 4720 3656 4789 accipere,

2074 4788 2264 4841 eadem
2309 4802 2469 4853 ossa,,
2492 4797 2738 4857 eamdem
2780 4803 2997 4857 semper
3042 4802 3346 4843 mansuram
3390 4788 3659 4844 membroa

2074 4872 2194 4911 rum
2228 4858 2643 4925 reparationem.
2667 4855 2864 4912 Omnes
2903 4855 3093 4912 sumus
3122 4860 3477 4914 resurrecturi
3510 4876 3535 4912 ει
3563 4860 3660 4914 sed

2077 4943 2185 4982 non
2209 4942 2399 4981 omnes
2425 4928 2671 4980 laztaturi.
2712 4925 2889 4981 Veniet
2918 4928 3047 4992 dies,
3078 4928 3270 4996 inquit,
3315 4930 3523 4998 quando
3545 4946 3652 4983 om-

2078 5013 2168 5051 nes
2189 4998 2273 5068 qui
2298 4998 2353 5051 in
2379 4998 2719 5068 monumentis
2747 5008 2864 5051 sunt
2886 4998 3097 5068 audient
3120 5014 3292 5051 vocem
3322 4997 3447 5052 Filii
3475 4997 3595 5063 Dei,
3612 5007 3662 5050 et

2080 5066 2353 5137 precedent
2381 5069 2464 5136 qui
2487 5066 2621 5120 bona
2650 5077 2860 5136 egerunt
2887 5067 2942 5120 in
2971 5069 3393 5137 resurrectionem
3415 5069 3550 5130 vim,
3575 5070 3663 5137 qui

2081 5136 2224 5199 mata
2252 5146 2486 5207 egerunt
2530 5137 2583 5190 in
2634 5138 3052 5207 resurrectionem
3071 5137 3259 5207 judicii
3284 5136 3335 5207 (1
3342 5155 3463 5191 oua.
3489 5154 3542 5199 v,
3572 5136 3664 5202 28,

2078 5207 2191 5274 ‘29).
2251 5203 2327 5259 Ita
2379 5207 2554 5267 faciet,
2608 5215 2666 5260 ut
2715 5203 3014 5261 confusioni
3036 5203 3300 5261 reddatur
3318 5222 3382 5261 su
3422 5207 3664 5274 plicium,

2079 5276 2273 5328 lzetitia:
2299 5274 2554 5328 reddatur
2578 5275 2875 5328 nmmium.
2911 5274 3068 5328 Ibunt
3095 5278 3172 5328 illi
3193 5279 3245 5328 in
3266 5224 3664 5328 comgustionem

2079 5276 2273 5329 lzetitia:
2299 5274 2554 5329 reddatur
2578 5275 2875 5345 praemium.
2911 5274 3068 5328 Ibunt
3095 5278 3172 5330 illi
3193 5279 3245 5329 in
3266 5274 3665 5330 combustionem

2079 5357 2345 5467 ﬁerinam,
2391 5344 2523 5413 j'csli
2575 5344 2691 5398 vero
2736 5348 2791 5398 in
2820 5345 2981 5398 vitam
3018 5356 3263 5399 internum
3295 5345 3508 5415 (Matth.
3543 5361 3665 5405 xxv.
3710 5374 3713 5379 ι

2176 5425 2211 5467 l.

2176 5425 2211 5477 l.

2508 5492 2513 5499 ’
2574 5502 2806 5559 SERMO
2833 5504 3053 5560 XXXVI
3102 5509 3140 5529 "
3188 5568 3195 5577 ί

2298 5596 2374 5649 De
2403 5596 2641 5661 laitdibus
2668 5595 2853 5652 Maria?
2872 5614 2936 5651 ea:
2958 5607 3110 5668 partu
3140 5598 3452 5657 Saluatoris.

2154 5690 2411 5745 Nativitas
2456 5689 2670 5742 Domini
2714 5686 2881 5744 nostri
2922 5688 3049 5745 Jesu
3077 5690 3275 5745 Christi
3306 5699 3479 5746 totum
3511 5688 3667 5747 muri-

2142 5856 2181 5876 "
2208 5854 2550 5925 Subsequens
2577 5868 2756 5909 sermo
2786 5871 2885 5912 nec
2910 5853 3172 5925 Fulgentii
3212 5854 3323 5925 est,
3358 5872 3456 5912 nec
3494 5858 3665 5925 Augu-
