4168 6348
512 371 619 428 899

1533 368 1871 425 APPENDIX
1907 372 1999 425 AD
2030 371 2091 426 Β.
2120 370 2485 429 FULGI-J‘l'l'll
2520 371 2767 429 WA.

516 487 639 558 dum
670 499 805 558 nova
837 484 1098 558 adventus
1120 483 1210 558 sui
1233 481 1389 558 hodie
1414 481 1533 537 luce
1561 479 1818 558 perfudit._
1836 481 2006 558 Hodie
2020 482 2092 558 de
2125 488 2166 544 Α
2194 498 2356 540 omne
2379 498 2548 558 genus
2567 487 2802 558 virorum
2829 485 2994 558 Adam
3026 501 3198 558 novus
3215 498 3496 558 recuperat
3518 488 3784 549 Dominus

517 555 653 610 uelo
678 555 818 609 Deus
845 554 1118 609 descendit
1145 551 1212 606 ad
1241 552 1607 617 hominem,ut
1637 551 1704 618 in,
1719 552 1857 606 coelo
1887 552 2090 606 homini

555 632 842 693 repararet
869 638 1164 678 ascensum.
1213 620 1382 693 Hodie
1410 621 1715 693 accepimus
1744 629 1945 693 natum_
1970 622 2087 690 Dei,

555 640 842 693 κηρυκι-ει
869 640 1164 678 ascensum.
1213 640 1382 675 ηοιιιθ
1410 640 1715 689 accepimus
1744 640 1924 674 natum
1970 640 2087 690 U8],

517 640 748 760 gingiuis
762 692 944 755 lilium,
958 693 1193 746 omnium
1209 690 1539 745 credentium
1555 690 1905 754 Salvatorem,
1925 691 2090 745 Deum

515 763 584 818 de
606 763 785 826 Patre,
809 763 1080 816 hominem
1110 761 1178 815 de
1200 769 1391 825 matre,
1425 761 1589 814 Deum
1612 760 1902 824 occultum,
1926 761 2088 814 homi-

512 848 639 887 nem
670 832 1029 885 manifestum.
1076 829 1140 884 Et
1166 832 1420 896 quoniam
1463 829 1706 884 diabolus
1735 845 1831 899 per
1851 845 2092 899 “serpen-

516 912 627 957 tem
657 900 780 955 Eva:
807 902 1035 963 locutus,
1064 916 1161 970 per
1187 892 1306 953 Eva:
1330 915 1489 970 aures
1511 899 1707 953 mundo
1733 892 1910 953 intulit
1943 892 2090 952 mor-

519 980 659 1033 tem,
691 970 831 1024 Deus
858 986 956 1038 per
985 968 1230 1038 angelum
1257 971 1322 1022 ad
1352 968 1571 1023 Mariam
1601 970 1821 1038 pertulit
1850 969 2088 1032 verbum,

516 1049 573 1094 et
601 1040 805 1095 cunctis
830 1039 1040 1094 saeculis
1069 1040 1230 1093 vitam
1260 1038 1461 1094 effudit.
1511 1038 1744 1105 Angelus
1785 1052 2092 1092 sermonem

512 1108 697 1176 ejecit,
724 1116 782 1163 ει
801 1109 1070 1165 Christum
1100 1110 1250 1176 virgo
1279 1109 1542 1178 concepit.
1567 1104 1611 1160 Ο
1639 1107 1950 1175 conjunctio
1978 1110 2093 1162 sine

515 1179 766 1233 sordibus
800 1179 961 1244 facta,
992 1179 1080 1232 ubi
1108 1178 1329 1232 maritus
1366 1193 1546 1233 sermo
1575 1187 1676 1237 est.
1704 1185 1759 1230 et
1788 1193 1924 1230 uxor
1951 1179 2095 1231 auri-

470 1306 473 1307 ν
516 1249 671 1303 cuia!
701 1246 815 1303 Hoc
842 1249 1130 1316 splendore
1157 1248 1463 1316 concipitur
1484 1248 1576 1300 Dei
1603 1246 1782 1310 Filius,
1818 1247 1915 1299 hac
1940 1262 2097 1300 mun-

509 1317 648 1371 ditia
670 1325 977 1385 generatur.
1003 1318 1152 1371 Nulla
1172 1316 1284 1370 fieri
1308 1317 1540 1385 gravedo
1556 1318 1726 1385 potuit
1746 1316 2092 1384 concipienti,

521 1387 665 1440 nulla
713 1388 922 1441 tristitia
963 1387 1294 1454 parturienti.
1345 1385 1444 1452 Qui
1494 1387 1636 1439 enim
1675 1394 1897 1439 venerat
1943 1386 2095 1441 triste

512 1454 790 1511 laetificari:
804 1457 1075 1520 saeculum,
1091 1457 1289 1511 ventris
1309 1471 1413 1510 non
1429 1455 1765 1510 contristavit
1781 1455 2089 1524 hospitium.

522 1524 600 1606 De
619 1527 769 1581 cmlis
792 1526 1030 1606 medicus
1053 1528 1442 1606 transiens’per
1466 1525 1747 1593 virginem,
1772 1535 1894 1594 post
1918 1533 2094 1606 tratus:

523 1596 655 1649 itum
697 1611 851 1650 suum
895 1596 1115 1649 illzcsam
1149 1595 1272 1649 fecit
1303 1594 1568 1662 Virginem
1611 1609 1945 1664 permanere.
1993 1594 2093 1661 Qui

520 1666 666 1735 enim
696 1665 935 1735 disrupta
962 1680 1247 1734 corporum
1276 1664 1512 1718 membra
1545 1666 1607 1735 in
1627 1664 1743 1735 aliis
1769 1673 1980 1732 poterat
2007 1680 2092 1717 re-

512 1733 1176 1802 dintegrare'tangendo,
1224 1744 1425 1802 quanto
1450 1734 1641 1801 .magis
1686 1734 1735 1786 in
1767 1748 1861 1786 sua
1902 1742 2092 1799 matre,

516 1805 664 1927 good
695 1805 898 1859 invenit
928 1805 1216 1872 integrum.
1237 1805 1409 1873 potuit
1434 1819 1542 1856 non
1570 1802 1771 1856 violare
1793 1802 2087 1857 nascendo!

566 1875 704 1927 revit
716 1875 858 1927 enim
882 1874 999 1927 eius
1012 1883 1167 1927 partu
1193 1874 1468 1927 integritas
1483 1873 1722 1927 corporis
1743 1872 1919 1927 notius
1935 1886 2087 1927 uuam

566 1875 704 1928 revit
716 1875 858 1927 enim
882 1874 999 1941 ejus
1012 1883 1167 1943 partu
1193 1872 1468 1941 integritas
1483 1873 1722 1941 corporis
1743 1872 1919 1939 potius
1935 1886 2092 1939 quam

520 1943 761 1998 decrevit
790 1962 801 1995 :
834 1952 888 1998 et
919 1942 1192 2011 virginitas
1219 1942 1468 2011 ampliata
1499 1952 1581 1996 est
1606 1942 1783 2011 potius
1806 1957 1965 2011 quam
2009 1943 2092 1994 l‘u-

520 2020 663 2082 gata.
697 2012 751 2065 ln
779 2028 827 2067 at
851 2015 985 2081 gusti
1006 2010 1253 2082 corporis
1281 2010 1533 2066 membris
1558 2010 1809 2082 sustinuit
1833 2010 2095 2080 quidquid

518 2081 782 2136 sustinent
811 2083 952 2137 cmli.
997 2082 1158 2135 Plena
1187 2090 1311 2136 sunt
1337 2084 1572 2146 viscera,
1620 2090 1674 2135 et
1702 2081 1905 2134 nullum
1947 2082 2095 2134 novit

518 2151 824 2219 contagium
865 2152 1081 2220 virginis
1124 2151 1474 2206 conscientia.
1523 2157 1655 2203 tLum
1685 2159 1827 2204 esset
1853 2151 2088 2220 gravida,

518 2221 717 2275 salubri
750 2219 967 2276 levitate
1008 2221 1295 2290 plaudebat
1325 2238 1337 2272 :
1374 2220 1551 2273 lumen
1581 2220 1722 2274 enim
1769 2219 1911 2290 (ιιιρὰ
1954 2220 2091 2272 intra

518 2306 581 2360 se
627 2291 876 2360 habebat,
925 2288 1132 2360 pondus
1161 2291 1359 2345 habere
1407 2306 1513 2342 non
1544 2297 1777 2360 poterat.
1820 2288 1983 2343 Facta
2011 2296 2093 2342 est

517 2358 682 2428 Maria
714 2358 945 2414 fenestra
993 2360 1151 2425 omli,
1193 2361 1315 2428 quia
1364 2374 1461 2428 per
1503 2361 1669 2427 ipsam
1725 2358 1867 2412 Deus
1905 2374 2090 2411 verum

517 2427 649 2483 fudit
689 2432 895 2485 smculis
935 2430 1148 2495 lumen;
1176 2427 1314 2483 facta
1343 2427 1426 2482 est
1466 2429 1628 2482 Maria
1661 2428 1805 2482 scala
1838 2429 2091 2491 cmlestis,

516 2498 644 2570 quia
684 2514 781 2568 per
833 2501 1002 2570 ipsam
1051 2499 1191 2553 Deus
1236 2499 1512 2570 descendit
1548 2500 1613 2551 ad
1644 2507 1855 2570 terras,
1913 2506 1965 2551 ut
1993 2512 2094 2570 per

500 2566 698 2636 'ipsam’
755 2566 998 2624 homines
1062 2569 1354 2624 ascendere
1420 2577 1725 2621 mereantur
1779 2566 1848 2619 ad
1903 2568 2090 2621 cmlos.

513 2636 649 2706 .lpsis
677 2639 819 2693 enim
851 2639 1031 2694 licebit
1057 2638 1346 2693 ascendere
1375 2638 1518 2701 illuc,
1539 2638 1630 2706 qui
1658 2638 1823 2706 Deum
1852 2636 2095 2690 credide-

514 2704 627 2761 rint
645 2708 710 2761 ad
732 2717 903 2763 terras
920 2723 1014 2777 per
1026 2708 1293 2777 Virginem
1307 2707 1528 2760 Mariam
1549 2704 1911 2777 descendisse.
1930 2705 2091 2760 Facta

514 2785 599 2831 est
640 2777 801 2832 Maria
831 2776 1152 2833 restauratio
1182 2778 1526 2843 feminarum,
1566 2778 1692 2845 quia
1730 2790 1827 2845 per
1864 2776 2029 2843 ipsam
2059 2792 2090 2829 a

514 2848 666 2917 ruina
692 2849 876 2917 prima:
906 2848 1294 2917 maleiictionis
1322 2849 1618 2917 probantur
1640 2859 1759 2917 esse
1780 2848 2086 2917 subtractae.

514 2915 639 2970 Tria
661 2914 891 2986 denique
914 2916 1205 2986 mala_Ev:e
1230 2934 1258 2970 a
1290 2914 1460 2971 tribus
1488 2916 1645 2986 bonis
1664 2914 2095 2986 hiat-improban—

511 2995 604 3040 tur
624 2984 858 3040 exclusa.
892 2984 1023 3039 Nam
1053 2984 1173 3040 Eva:
1201 2987 1399 3040 dictum
1420 2993 1501 3039 est
1526 3003 1539 3037 :
1575 2984 1640 3039 In
1669 2984 1930 3038 doloribus
1955 2986 2088 3039 etin

516 3056 723 3109 tristitia
756 3058 1038 3124 paries,et
1066 3056 1135 3107 ad
1163 3056 1326 3109 rirunt
1349 3055 1608 3124 conversio
1640 3065 1748 3120 tua,
1780 3062 1831 3124 et
1868 3055 1977 3123 ipse
2004 3055 2092 3108 do-

513 3126 794 3195 minabitur
820 3128 895 3178 tui
929 3123 1139 3195 (Lenes.
1172 3141 1247 3186 ut,
1281 3124 1390 3195 lii).
1445 3123 1637 3195 Tribus
1663 3136 1792 3190 ergo
1818 3123 1903 3177 his
1934 3125 2089 3179 malis

513 3209 572 3248 se
613 3194 900 3263 subjugaut
939 3192 1151 3249 femina:
1178 3209 1299 3262 qua:
1338 3193 1563 3263 blariam
1613 3209 1717 3246 non
1767 3201 2086 3261 sequuntur,

513 3262 721 3327 dolori,
744 3262 1280 3329 tristitim,.servituti.
1333 3262 1494 3315 Maria
1536 3271 1715 3316 autem
1760 3263 2085 3329 econtrario,

511 3348 674 3404 quam
704 3333 1124 3403 praeclarissimis
1172 3332 1343 3404 tribus
1380 3332 1937 3404 bouis__sublimet_ur,
1989 3346 2088 3384 au-

511 3401 1063 3466 sonitm—salutationis
1090 3402 1365 3467 angelicas,
1390 3401 1778 3455 benedictionis
1802 3401 1994 3454 divina!
2033 3410 2088 3455 et

511 3473 853 3543 plenitudinis
898 3473 1101 3543 gratige.
1151 3470 1241 3527 Sic
1269 3473 1411 3543 enim
1457 3485 1576 3524 eam
1623 3471 1844 3543 angelus
1879 3470 2087 3543 legitur

510 3533 816 3597 salutasse:
857 3533 992 3611 Aie,
1026 3541 1229 3611 Narin.
1273 3542 1442 3611 gratia
1469 3543 1623 3610 plena
1667 3533 1994 3611 {benedicta
2034 3548 2087 3592 tu

511 3613 904 3666 intermlieres
927 3610 1076 3682 (Luc.
1102 3627 1137 3673 ι,
1164 3610 1287 3681 28).
1307 3610 1440 3664 Cum
1469 3610 1635 3682 dicit:
1668 3612 1790 3682 Age,
1817 3610 2090 3682 salutatio-

511 3696 637 3737 nem
660 3683 735 3737 illi
762 3678 1036 3737 coelestem
1066 3678 1322 3744 exhibuit;
1351 3696 1473 3734 cum
1501 3679 1636 3734 dixit
1660 3698 1671 3732 :
1707 3678 1891 3733 Gratia
1910 3680 2083 3747 plena,

510 3752 745 3806 ostendit
769 3768 837 3807 ex
868 3752 1076 3820 integro
1105 3752 1235 3804 iram
1265 3750 1535 3805 exclusam
1563 3750 1764 3818 prima:
1809 3750 2088 3804 sententias

510 3829 566 3875 et
593 3822 765 3891 plenae
793 3822 911 3894 (u_l.,
930 3821 1173 3894 epten_am)
1196 3820 1585 3894 benedictionis
1610 3820 1835 3894 gratiam
1866 3820 2085 3894 restitu-

510 3889 620 3944 tam
645 3907 659 3949 :
688 3889 812 3945 cuni
830 3889 966 3945 dixit
996 3908 1009 3944 :
1043 3889 1320 3944 Benedicta
1350 3899 1401 3942 tu
1421 3891 1556 3942 inter
1581 3890 1837 3952 mulieres,
1870 3889 2088 3955 virgini-

510 3961 637 4013 tatis
662 3961 777 4027 ejus
804 3960 1142 4016 benedictum
1167 3960 1393 4014 fructum
1416 3961 1699 4028 expressit,
1729 3967 1788 4012 ut
1811 3974 1876 4012 ex
1904 3975 1970 4012 eo
1993 3960 2088 4013 be—

508 4030 718 4094 nedicta
746 4031 953 4098 dicatur
974 4030 1115 4083 inter
1142 4029 1399 4098 mulieres
1418 4043 1748 4097 qumcunque
1773 4042 2087 4098 persevera-

508 4098 647 4168 verit
673 4099 837 4165 vitgo.
874 4097 1153 4168 Maledicta
1182 4099 1324 4151 enim
1365 4096 1703 4168 Evafuerat,
1752 4096 1912 4168 quam
1942 4113 2086 4153 nunc

507 4167 774 4221 credimus
803 4182 899 4236 per
940 4165 1158 4236 Mariam
1189 4167 1257 4220 ad
1303 4166 1724 4236 benedictionem
1769 4165 1952 4233 gloria:
1994 4182 2084 4221 re-

508 4249 737 4290 measse.
765 4234 972 4302 venite,
1002 4235 1253 4303 virgines,
1285 4235 1350 4289 ad
1375 4234 1667 4302 Virginem,
1710 4246 1762 4290 et
1785 4236 2036 4290 imtamini
2066 4253 2080 4302 ;

507 4303 761 4375 deponite
804 4304 1231 4375 maledictionem
1272 4305 1765 4375 pratvaricationis.
1811 4314 1867 4359 et
1918 4305 2086 4361 bene.

506 4372 796 4430 dictionem
826 4374 1233 4430 restaurationis
1261 4372 1536 4429 assumite.
1584 4372 1840 4443 Projicite
1868 4375 2083 4431 dolores

504 4458 644 4515 quos
661 4444 780 4515 AEva
806 4459 902 4514 per
923 4451 1230 4515 serpentem
1260 4445 1497 4514 accepit,
1547 4452 1767 4515 etAquos
1794 4452 1892 4515 per
1917 4460 2084 4513 ange-

506 4512 614 4569 lum
631 4513 791 4568 Maria
809 4512 1047 4585 suscepit
1063 4513 1295 4569 honores
1309 4512 1583 4585 ass‘umrite.
1601 4512 2079 4585 Pellite—tristitiam

502 4584 875 4654 concipientis,
920 4584 1150 4654 gemitus
1179 4584 1526 4654 parturientis
1553 4584 1793 4652 abjicite,
1828 4595 1888 4640 ut
1932 4587 2080 4639 solus

505 4653 657 4724 vobis
676 4655 775 4709 iste
807 4653 1033 4722 Virginis
1056 4653 1195 4711 filius
1222 4653 1543 4709 dominetur.
1576 4654 1788 4724 Venite,
1819 4656 2075 4724 virgines,

501 4722 570 4777 ad
601 4723 901 4795 Virginem.
920 4725 1119 4788 venite,
1144 4724 1535 4795 concipientes,
1567 4723 1632 4776 ad
1663 4722 2076 4795 concipientem,

501 4794 679 4863 venite
707 4794 1063 4863 parturientes
1089 4794 1155 4847 ad
1186 4793 1588 4863 parturientem.
1620 4793 1831 4860 venite,
1852 4804 2071 4858 matres,

500 4861 570 4915 sd
591 4861 850 4926 litati-em,
881 4865 1079 4928 venite,
1108 4861 1387 4924 lactantes,
1421 4862 1487 4914 ad
1527 4862 1842 4925 laetantem,
1878 4865 2078 4930 venite,

496 4931 815 5000 juveuculae,
832 4933 900 4987 ad
913 4932 1273 5001 juvenculam.
1288 4931 1412 4986 Ideo
1434 4946 1621 5001 omnes
1635 4933 1765 4988 istos
1777 4948 1965 4989 cursus
1982 4950 2077 4987 na-

498 4999 632 5056 tura:
661 5004 809 5072 virgo
836 4999 997 5056 Maria
1025 5004 1079 5057 in
1102 5000 1330 5057 Domino
1358 5007 1542 5072 nostro
1566 4999 1920 5059 JesuChristo
1947 5018 2072 5059 sus-

498 5073 660 5139 cepit.
694 5070 764 5125 ut
778 5073 1026 5126 omnibus
1076 5071 1143 5126 ad
1169 5087 1228 5126 se
1260 5070 1691 5139 confugientibus
1719 5072 1927 5127 feminis
1954 5072 2077 5127 sub-

498 5142 722 5205 veniret,
746 5150 810 5197 et
836 5143 913 5196 sic
936 5150 1262 5196 restanraret
1283 5156 1443 5195 omne
1466 5154 1636 5208 genus
1666 5141 1980 5196 feminarum
2003 5142 2070 5195 ad

496 5224 556 5264 se
583 5212 908 5267 venientium
932 5226 1069 5266 nova
1100 5210 1209 5265 Eva
1234 5210 1499 5265 servando
1528 5212 1908 5279 virginitatem,
1933 5213 2073 5267 sicut

498 5408 622 5481 stini
657 5426 669 5461 :
699 5426 728 5462 a
753 5408 1016 5481 theologis
1050 5407 1469 5481 Lovauteusibus
1492 5411 1602 5479 jam
1648 5411 1940 5481 Augustino
1972 5411 2072 5465 ab-

494 5478 777 5545 judicatus.
813 5480 1135 5534 Alterutrius
1164 5478 1350 5548 herum
1382 5494 1481 5532 nec
1498 5478 1751 5535 mentem
1770 5483 1928 5548 sapit,
1972 5496 2072 5535 nec

497 5548 692 5620 stylum
721 5549 922 5618 implet.
949 5548 1004 5603 In
1025 5549 1168 5603 edito
1190 5545 1570 5620 Basilue,_cum
1592 5550 1721 5620 dicit
1748 5545 1901 5620 infra,
1926 5549 2070 5620 quod

497 5616 610 5690 ideo
636 5616 813 5690 omnes
835 5621 958 5673 istos
972 5634 1151 5672 cursus
1176 5627 1377 5690 natura;
1409 5617 1751 5690 VirgoMoria
1769 5621 1821 5673 in
1848 5616 2070 5690 Domino

494 5685 623 5760 Iesu
643 5686 846 5760 Christo
865 5692 1104 5757 suscepit.
1135 5698 1190 5760 ut
1218 5686 1450 5741 omnibus
1479 5685 1548 5742 (id
1576 5706 1631 5744 se
1657 5689 2069 5760 confugientibus

497 5758 701 5826 feminis
720 5757 1034 5841 subveniret,
1058 5768 1107 5841 et
1130 5759 1203 5810 sic
1230 5766 1539 5841 restauraret
1561 5757 1897 5841 omne_geuus
1920 5759 2071 5841 [crni-

496 5825 679 5880 uarunt
708 5826 777 5880 ad
804 5844 858 5883 sc
886 5828 1189 5883 venientium
1217 5842 1345 5881 nova
1374 5825 1486 5882 Eva
1514 5825 1764 5886 servando
1806 5825 2070 5902 rirginita-

2192 554 2541 629 nosterlesns
2564 555 2827 629 Christus,
2852 556 2942 625 qui
2965 570 3083 609 cum
3101 556 3258 629 Patre
3290 554 3566 629 et'Spiritu
3587 573 3782 619 sancto

2191 625 2321 748 Xivit
2358 634 2413 678 et
2441 638 2628 694 regnat
2656 626 2827 693 Deus,
2858 641 2955 695 per
2981 628 3164 681 omnia
3209 625 3776 687 smcula'szcculorum.

2243 709 2384 749 men.

2698 782 2929 837 διεκιιο
2957 756 3200 867 xxxvu
3226 788 3266 841 ο.

2661 874 2739 929 De
2768 877 2851 930 die
2877 879 3028 932 tertio
3055 878 3296 933 Pascitur.

2262 966 2528 1042 Hodierna
2556 968 2642 1042 die
2672 968 2833 1023 Marci
2875 968 3234 1042 Evangelinm
3254 971 3448 1042 lectum
3488 979 3601 1039 est,
3633 988 3778 1042 qm-

2192 1037 2354 1109 modo
2378 1052 2503 1109 cum
2528 1041 2845 1109 recitaretur
2864 1037 3106 1109 audistis.
3139 1040 3276 1106 Quid
3316 1054 3444 1109 ergo
3473 1037 3781 1101 audivimus

2192 1106 2426 1179 Marcum
2457 1105 2765 1179 dicentem?
2810 1108 2965 1179 Quod
2990 1105 3578 1179 apparueritDominns
3604 1113 3657 1166 in
3688 1115 3775 1168 via

2192 1176 2438 1249 duobus:
2470 1177 2609 1249 sicut
2636 1178 2770 1230 dixit
2803 1187 2859 1232 et
2885 1176 3076 1249 Lucas,
3109 1178 3259 1248 cujus
3286 1178 3636 1249 Evangelium
3659 1182 3777 1237 heri
3814 1238 3824 1248 ,

2193 1246 2491 1316 audivimus
2522 1264 2535 1298 :
2572 1247 2824 1316 Apparuit
2849 1249 2941 1311 eis,
2974 1246 3391 1316 inquit,‘duobus
3406 1246 3465 1302 in
3488 1252 3570 1302 uia
3589 1253 3644 1304 in
3666 1252 3779 1307 alia

2193 1317 2358 1387 ejﬁgie
2382 1314 2572 1387 (Herc.
2607 1314 2710 1387 xw,
2742 1316 2849 1383 12).
2886 1314 3062 1387 Lucas
3082 1328 3261 1372 autem
3291 1319 3395 1373 hoc
3436 1319 3608 1387 ipsum
3655 1322 3777 1377 aliis

2192 1385 2371 1440 verbis
2414 1386 2565 1447 dixit,
2616 1386 2710 1439 sed
2760 1387 2826 1438 ab
2856 1386 3045 1441 eadem
3083 1389 3348 1442 sententia
3380 1385 3487 1442 non
3515 1390 3774 1445 deviavit.

2194 1454 2367 1508 Lucas
2387 1463 2565 1507 autem
2592 1456 2718 1523 quid
2748 1456 2924 1509 dixit?
2969 1455 3294 1511 Tenebantur
3313 1458 3451 1512 oculi
3477 1474 3675 1521 eorum,
3709 1476 3779 1514 ne

2191 1540 2306 1597 eunt
2337 1532 2666 1597 agnoscerent
2693 1523 2843 1597 (Luc.
2876 1526 3164 1597 ιιιιινηίβ).
3196 1526 3407 1597 Marcus
3436 1530 3773 1597 autem-quid

2193 1594 2638 1665 dixitidpparuit
2660 1595 2731 1648 eis
2758 1596 2811 1646 in
2839 1596 2945 1647 alia
2965 1595 3148 1665 epigie.
3181 1595 3335 1661 Quod
3357 1597 3445 1651 ille
3472 1598 3605 1658 dixit
3630 1594 3777 1650 ςτε-

2196 1662 2447 1716 tuebantur
2470 1662 2609 1716 oculi
2636 1680 2839 1727 eorum,
2888 1680 2951 1725 ne
2978 1662 3095 1718 enin
3123 1675 3457 1729 agnoscerent
3489 1683 3508 1719 :
3539 1669 3643 1720 hoc
3671 1668 3778 1722 iste

2195 1732 2348 1804 dixit,
2374 1734 2429 1804 in
2454 1734 2560 1786 alia
2599 1735 2777 1804 efﬁgie.
2813 1723 2933 1804 Alia
2950 1736 3090 1787 enim
3116 1723 3319 1804 effigies
3339 1736 3450 1789 visa
3479 1744 3565 1789 est
3591 1742 3777 1791 reten-

2199 1803 2267 1874 tis
2297 1803 2492 1874 oculis,
2518 1818 2624 1857 non
2654 1803 2871 1874 apertis.
2904 1803 3038 1869 Quid
3080 1803 3230 1874 ergo,
3262 1804 3482 1865 fratres,
3513 1807 3773 1874 quoniam

2188 1871 2369 1926 Lucas
2391 1872 2542 1936 dixit,
2574 1872 2717 1942 quod
2747 1872 2909 1927 credo
2936 1889 3033 1927 vos
3069 1873 3137 1927 de
3161 1874 3389 1927 lectione
3411 1871 3657 1928 hesterna
3684 1891 3774 1928 re-

2196 1942 2513 1996 centissime.
2547 1941 2871 1996 meminisse.
2914 1942 3174 2008 Quoniam
3222 1956 3351 2010 ergo
3397 1944 3568 1997 Lucas
3610 1944 3772 2007 dixit,

2194 2012 2336 2080 quod
2366 2026 2487 2065 cum
2518 2011 2854 2065 benedictum
2898 2010 3165 2079 frangeret
3191 2026 3380 2081 panem
3400 2053 3413 2076 ,
3445 2021 3619 2080 aperti
3644 2021 3777 2067 sunt

2195 2081 2339 2135 oculi
2382 2095 2599 2151 eorum,
2641 2089 2695 2134 et
2722 2089 3054 2151 agnoverunt
3083 2080 3223 2134 eum.
3256 2080 3391 2147 Quid
3421 2090 3694 2151 putamus,
3724 2085 3774 2137 si

2195 2157 2321 2203 tunc
2347 2150 2516 2219 aperti
2545 2158 2670 2204 sunt
2688 2150 2830 2204 oculi
2851 2164 3057 2214 eorutn,
3080 2163 3209 2217 ergo
3228 2150 3427 2204 clausis
3448 2152 3617 2205 oculis
3645 2168 3773 2206 cum

2195 2219 2287 2274 illo
2317 2220 2369 2272 in
2398 2219 2485 2272 via
2513 2220 2938 2284 comitabantur,
2975 2227 3030 2273 et
3058 2228 3306 2288 poterant
3332 2220 3471 2274 seire
3499 2220 3589 2273 ubi
3620 2233 3774 2287 gres-

2193 2302 2283 2342 sus
2309 2297 2585 2357 ponerent,
2612 2290 2655 2341 si
2673 2289 2888 2344 clausos
2908 2290 3091 2344 oculos
3117 2290 3413 2343 haberent?
3439 2289 3623 2358 Apertt
3645 2298 3775 2345 sunt

2191 2372 2323 2426 ergo
2351 2359 2417 2411 ad
2463 2359 2857 2424 cognitionem.
2912 2373 3020 2411 non
3068 2357 3134 2412 ad
3180 2357 3776 2414 visionem.’Dominus

2194 2428 2374 2509 itaque
2390 2436 2588 2509 “noster
2631 2426 2785 2509 {esus
2812 2426 3054 2509 Christus
3083 2436 3209 2509 ante
3254 2430 3409 2509 panis
3444 2427 3773 2509 .fractionem

2193 2496 2492 2565 incognitus
2513 2496 2749 2567 loquitur
2763 2513 2882 2551 cum
2898 2496 3230 2567 hominibus,
3255 2496 3307 2552 in
3334 2498 3487 2567 panis
3509 2498 3774 2553 fractione

2192 2568 2531 2634 cognoscitur
2553 2584 2565 2619 :
2586 2566 2717 2635 quia
2742 2567 2812 2621 ibi
2838 2566 3123 2636 percipitur
3144 2567 3251 2621 vita
3271 2566 3491 2620 aeterna.
3519 2567 3771 2635 Hospitio

2191 2637 2507 2706 suscipitur,
2537 2638 2626 2705 qui
2653 2636 3051 2706 domum_parat
3079 2637 3131 2690 in
3160 2636 3320 2706 coelo.
3346 2638 3433 2689 Ait
3460 2638 3601 2690 enim
3627 2637 3775 2706 apud

2191 2704 2433 2759 sanctum
2460 2706 2839 2768 evangelistam
2869 2704 3129 2759 Jbannetn
3155 2724 3168 2757 :
3204 2705 3386 2759 Multa.-
3407 2715 3525 2758 sunt
3547 2704 3776 2760 mansit»

2192 2791 2282 2828 nes
2311 2775 2451 2846 apud
2481 2776 2687 2828 Patrem
2714 2792 2898 2846 nteant.
2919 2775 3120 2846 Alioqui
3149 2775 3369 2829 dicerem
3390 2774 3549 2841 robis,
3573 2775 3655 2829 ibo
3685 2795 3778 2846 pa-

2191 2862 2310 2898 rare
2328 2845 2465 2898 vobis
2492 2847 2678 2898 locum.
2714 2845 2822 2914 Sed
2847 2846 2891 2897 si
2914 2845 3039 2906 iero,
3071 2853 3137 2914 et;
3156 2860 3426 2914 poravero,
3472 2845 3660 2897 iterum
3684 2863 3776 2899 re-

2191 2915 2336 2968 niens
2360 2929 2618 2968 assumant
2646 2931 2732 2968 ros
2775 2913 2955 2983 (Joan.
2987 2930 3094 2980 xw,
3115 2912 3167 2976 2,
3195 2913 3273 2983 5).
3308 2913 3515 2983 Hospes
3541 2914 3594 2967 in
3626 2924 3776 2970 terra

2190 2998 2309 3038 esse
2330 2985 2496 3038 voluit
2524 2984 2781 3039 Dominus
2808 2984 2929 3038 caeli
2958 3001 2971 3034 :
3003 2983 3317 3053 peregrinus
3344 2985 3396 3037 in
3418 2983 3641 3050 mundo,
3674 3000 3777 3053 per

2190 3000 2309 3038 esse
2330 3000 2496 3038 votun
2525 3000 2781 3039 uommus
2808 3000 2929 3038 ccen
2958 3001 2971 3034 :
2996 3000 3317 3106 ﬁeregrmus
3344 3000 3396 3037 ιιι
3418 3000 3641 3050 munoo,
3674 3000 3772 3053 per

2189 3067 2357 3121 quem
2380 3053 2551 3108 factus
2579 3062 2662 3108 est
2702 3055 2951 3109 mundus.
3044 3068 3202 3122 ospes
3231 3067 3352 3107 esse
3388 3053 3634 3121 dignatus
3663 3062 3772 3118 est,

2192 3131 2250 3192 ut
2279 3131 2335 3176 tu
2366 3123 2595 3177 haberes
2622 3123 2961 3192 suscipiendo
2990 3121 3445 3192 benedictionem.
3493 3121 3612 3175 Non
3641 3124 3773 3192 quia

2118 3204 2161 3264 ρ
2194 3191 2283 3245 ille
2327 3192 2633 3264 indigebat,
2682 3190 2802 3247 cum
2846 3191 3043 3262 hospes
3094 3192 3360 3264 intrabat.
3408 3190 3577 3245 Eliatn
3626 3190 3775 3264 sem-

2191 3276 2312 3332 per_
2334 3260 2487 3332 f:_imis
2517 3270 2758 3332 tempore
2801 3277 2899 3332 per
2946 3260 3167 3316 corvum
3212 3261 3468 3332 Dominus
3513 3263 3776 3331 pascebat

2190 3329 2465 3402 (Illjieg.
2492 3329 2694 3396 xvn,'6)
2723 3350 2736 3385 :
2761 3329 2816 3385 et
2840 3346 2999 3402 quem
3022 3331 3480 3402 persequebantur
3499 3329 3771 3394 homines,

2188 3401 2239 3454 ei
2267 3400 2574 3457 serviebant
2602 3416 2750 3456 aves.
2784 3400 3056 3454 Alferebat
3078 3415 3274 3455 corvus
3304 3401 3462 3454 mine
3486 3415 3642 3454 servo
3672 3403 3771 3455 Dei

2189 3470 2464 3541 panes,rad
2488 3486 2763 3541 vesperam
2790 3484 2999 3524 carnes.
3037 3470 3154 3541 Non
3194 3470 3601 3541 indigebatjile
3629 3483 3767 3538 ergo

2187 3536 2345 3610 quem
2377 3536 2634 3610 Dominus
2674 3541 2930 3610 ministris
2960 3540 3147 3594 avibus
3173 3536 3450 3608 pascebat.
3490 3536 3552 3610 Et
3580 3536 3768 3610 tamen

2186 3607 2431 3676 quamvis
2479 3609 2623 3666 Elias
2656 3625 2762 3665 non
2819 3609 3114 3678 indigeret,
3163 3607 3394 3663 mittitur
3435 3608 3501 3662 ad
3546 3607 3769 3664 viduam

2187 3678 2562 3747 Sareptanam,
2588 3695 2693 3734 non
2717 3679 2958 3747 indigens
2977 3679 3043 3733 ad
3074 3679 3398 3745 indigentem
3427 3695 3442 3731 :
3466 3693 3573 3732 non
3602 3678 3773 3734 utille

2186 3757 2597 3810 sustentaretur,
2647 3749 2739 3802 sed
2772 3758 2830 3803 ut
2874 3749 2961 3802 illa
2991 3749 3292 3805 satiaretur.
3346 3747 3436 3801 illa
3484 3762 3617 3801 vero
3641 3762 3772 3817 qua

2187 3820 2461 3889 suscipere
2484 3834 2589 3873 non
2611 3819 2890 3881 dubitavit,
2915 3816 3147 3873 ollerens
3167 3817 3540 3880 refectionem,
3568 3816 3773 3871 meruit

2186 3889 2632 3959 benedictionem.
2663 3887 2831 3959 Nemo
2848 3887 3131 3959 superbiat
3157 3889 3279 3959 quia
3304 3888 3396 3959 dat
3417 3886 3767 3959 pauperibus,

2186 3929 3137 4029 ἱέῐὲἷᾷἱῖἔῦξῖᾦέἐἰῆἓίῗμῖιῖνῇἕιῖιῖὀ
3159 3929 3770 4029 ἒῖιίἶεῖἶιῖηξὶῖᾶιῖᾗξᾷἇί

2185 4030 2422 4098 suscepit
2450 4023 2745 4098 hospitem,
2776 4027 3021 4098 Christus
3066 4023 3261 4098 hospes
3288 4028 3375 4098 hic
3411 4023 3527 4078 fuit.
3574 4023 3773 4098 Melior

2184 4107 2270 4153 est
2327 4094 2606 4167 susceptus
2666 4111 2825 4167 quam
2882 4094 3216 4167 suscipiens,
3281 4096 3445 4151 ditior
3496 4094 3773 4167 accipiens

2184 4113 2270 4153 est
2327 4113 2606 4167 susceptus
2703 4113 2825 4151 uam
2882 4113 3216 4166 suscipiens,
3281 4113 3445 4151 (ιιιιοι⁵
3496 4113 3767 4163 accipiens

2184 4182 2345 4236 quam
2396 4169 2633 4222 tradens.
2660 4113 2759 4234 Qui
2804 4166 3120 4235 accipiebat,
3168 4174 3358 4221 cuncta
3406 4164 3767 4236 possidebat;

2184 4238 2275 4360 qui
2354 4237 2564 4300 dabat,
2631 4239 2698 4291 ab
2748 4237 2841 4291 illo
2895 4236 2993 4319 cui.
3034 4236 3199 4290 dabat
3270 4241 3555 4316 acceperat
3619 4235 3772 4304 quod

2223 4309 2364 4360 abat.
2396 4306 2565 4360 Nemo
2609 4320 2737 4360 erae
2778 4306 3082 4360 superbiat.
3132 4304 3325 4360 fratres
3360 4320 3494 4360 met.
3545 4303 3772 4360 quando

2223 4309 2364 4362 abat.
2396 4306 2565 4361 Nemo
2609 4320 2737 4375 ergo
2778 4306 3082 4376 superbiat,
3132 4304 3325 4361 fratres
3360 4303 3772 4376 mei._qua’ndo

2184 4376 2275 4430 dat
2323 4377 2563 4447 pauperi.
2616 4371 2734 4430 Non
2776 4371 2919 4447 dicat
2970 4376 3255 4447 inhanimo‘
3270 4390 3389 4447 suo
3439 4391 3453 4427 :
3509 4371 3642 4447 Ego
3669 4374 3769 4438 do,

2185 4447 2275 4501 ille
2302 4441 2537 4515 accipit;
2583 4459 2685 4513 ego
2713 4445 2947 4515 suscipio
2971 4487 2986 4509 ,
3035 4444 3126 4499 ille
3171 4444 3372 4512 indiget
3400 4453 3564 4515 tecto.
3598 4441 3773 4515 Forte

2185 4518 2235 4570 ei
2262 4533 2370 4587 quo
2401 4512 2456 4569 tu
2477 4512 2717 4593 __i_udi_ges_
2743 4512 2873 4585 plus
2906 4523 3008 4576 est.
3038 4515 3175 4569 forte
3214 4528 3375 4593 quem
3416 4512 3773 4593 suscipisnjuf

2109 4571 2162 4630 Β
2183 4571 2299 4641 ειιιέ
2325 4594 2427 4640 est.
2477 4585 2570 4640 Ille
2612 4571 2814 4655 ivndig'et
2841 4571 3017 4655 pane,
3060 4594 3116 4637 tu
3143 4571 3387 4639 veritate.
3424 4583 3539 4655 Allle
3561 4571 3772 4655 indiget

2184 4664 2361 4717 tecto.
2392 4664 2447 4708 tu
2479 4656 2637 4710 creto.
2678 4650 2770 4708 Ille
2810 4650 3013 4723 indiget
3052 4654 3306 4723 pecunia,
3337 4663 3393 4707 tu
3416 4652 3644 4723 justitia.
3670 4650 3775 4705 ltle

2181 4739 2311 4794 ergo
2356 4740 2561 4793 pauper
2601 4734 2883 4794 susceptus
2928 4722 3013 4777 est
3056 4722 3293 4792 hospitio
3336 4722 3487 4794 quasi
3532 4735 3769 4794 pauper.

2181 4791 2425 4861 Dignatio
2470 4791 2575 4848 'fuit
2613 4791 2988 4861 suscipientis,
3043 4791 3409 4848 non’miseria
3455 4791 3769 4859 indigentis.

2183 4863 2344 4919 Forte
2371 4865 2505 4918 dicis
2533 4865 2627 4919 tibi
2679 4881 2692 4917 :
2740 4861 2787 4917 0
2822 4864 2965 4918 beati
3011 4864 3103 4931 qui
3145 4870 3458 4918 meruerunt
3486 4861 3772 4931 suscipere

2180 4934 2475 4987 Christum!
2507 4931 2552 4985 0
2570 4936 2613 4989 si
2635 4943 2690 4988 et
2717 4948 2819 5002 ego
2840 4942 2968 4987 tunc
2992 4930 3194 4987 essem!
3220 4932 3267 4985 0
3284 4934 3498 5002 εἰίιιιιιις
3527 4930 3765 5002 deduc-

2179 5002 2279 5057 bus
2307 5003 2522 5077 fuissem
2554 5004 2654 5057 illis
2683 4999 2820 5077 quos
2843 5004 3060 5077 invenit
3081 5003 3133 5055 in
3154 5003 3240 5055 via
3264 5001 3397 5077 !_'I‘u_
3416 5009 3540 5055 esto
3566 4999 3770 5077 viatet

2175 5088 2282 5126 non
2306 5074 2479 5127 deerit
2504 5067 3189 5142 ltospes'Christus.Putas
3210 5073 3352 5125 enim
3377 5071 3487 5142 jam
3519 5084 3627 5142 non
3646 5067 3764 5142 tibi

2174 5142 2333 5196 licere
2360 5134 2632 5216 suscipere
2647 5142 2965 5216 _Christum?
2998 5141 3173 5216 Uode,
3206 5134 3571 5216 inquis',-licet
3589 5140 3615 5189 Ἰ
3638 5134 3766 5216 lato

2178 5226 2463 5280 resurgens
2494 5207 2864 5267 manifestatus
2895 5221 2978 5267 cst
3014 5207 3291 5280 discipulis
3326 5212 3456 5265 suis.
3507 5207 3768 5262 Ascendit

2177 5422 2292 5474 teut,
2316 5412 2445 5464 sicut
2467 5428 2619 5465 omne
2639 5428 2796 5482 genus
2820 5412 3041 5465 virorum
3062 5411 3230 5464 Adoni
3250 5425 3423 5482 nouus
3453 5422 3729 5482 resumat
3744 5430 3765 5473 ,-

2167 5481 2188 5550 j
2213 5490 2320 5534 ista
2351 5491 2619 5548 postrema
2641 5478 2754 5535 haec
2774 5482 2936 5535 verba
2967 5483 3018 5534 in
3041 5496 3137 5535 ora
3162 5481 3281 5534 libri
3303 5478 3596 5550 scribitur:
3628 5478 3764 5550 [tce

2174 5548 2289 5603 cum
2309 5552 2514 5619 pietatis
2543 5551 2653 5602 sate
2696 5551 3028 5619 temperanda
3065 5561 3114 5603 et
3139 5548 3447 5619 corrigenda
3472 5559 3614 5619 sunt.
3651 5548 3761 5603 Nec

2172 5635 2268 5692 que
2294 5615 2431 5692 enim
2475 5622 2729 5692 sincerum
2772 5615 3001 5692 ueritatis
3043 5621 3124 5673 lac
3163 5615 3508 5692 sapidnt.__—-
3537 5615 3765 5692 Legitur

2174 5686 2317 5759 apud,
2336 5690 2704 5758 Augustinum.
2730 5690 2982 5759 editionis
3004 5686 3359 5759 ttostnetoui.
3381 5686 3445 5751 V,
3468 5687 3574 5742 col.
3596 5686 3758 5759 1990.

2247 5763 2263 5779 '
2294 5758 2444 5827 Apud
2491 5761 2623 5830 Aug.
2669 5774 2848 5815 sermo
2880 5758 3014 5823 H6,
3066 5760 3134 5814 de
3181 5757 3489 5828 Tempore,
3535 5759 3628 5813 sed
3670 5758 3763 5815 hic

2174 5835 2411 5883 U‘UDCUS.
