4144 6354
378 397 490 454 ’9111

1798 401 2031 458 SERMO
2070 400 2300 458 XXXlX.

3542 407 3648 466 902

393 515 446 567 in
474 508 692 581 omium,
714 508 796 582 ibi
823 517 908 582 est
928 510 995 565 ad
1017 510 1294 566 dexteram
1324 508 1521 582 Patris,
1535 526 1653 567 non
1674 522 1766 567 est
1788 523 1966 568 autem
2004 520 2046 577 Α
2075 514 2175 567 iste
2196 515 2346 567 dives
2366 512 2484 574 fuit,
2508 510 2575 582 de
2594 512 2856 569 mercibus
2875 515 3264 582 resurgentium
3287 513 3639 576 mortuorum.

392 590 648 638 venturus
676 580 774 636 nisi
816 581 870 634 in
912 582 1100 635 ultimo
1138 582 1334 637 sasculo
1365 580 1432 636 ad
1463 581 1787 650 iudicandos
1816 586 1969 638 vivos

390 661 446 707 et
473 660 734 706 mortuos.
767 649 1033 705 Venturos
1070 660 1248 705 autem
1277 652 1331 705 in
1357 649 1633 716 claritate,
1666 668 1771 706 non
1804 653 1855 706 in
1889 655 1969 707 in-

392 721 664 777 ﬁrmitate.
690 720 918 792 Daturus
934 728 1021 792 est
1041 722 1768 792 regnumLuonpqutesitgrus
1791 723 1958 792 hospi-

389 792 552 870 tium,
579 790 796 870 quando
824 789 972 870 dabit
985 802 1235 870 regnum.
1270 789 1544 870 Hocdicis
1567 790 1589 841 ?
1634 789 1845 870 Excidit
1871 789 1967 870 tibi

391 859 534 931 quod
561 858 904 931 dicturusest
933 876 948 931 :_
978 858 1104 912 Cum
1132 860 1221 931 uni
1238 859 1566 931 rethinigmis
1594 861 1720 913 meis
1746 861 1964 931 fecistis,

390 926 515 982 mihi
545 929 738 1000 fecistis
765 926 1131 1000 (Matthixxv,
1160 927 1275 997 i0).
1307 928 1400 982 Ille
1425 928 1573 983 dives
1593 926 1757 1000 egens
1777 938 1859 983 est
1882 945 1969 983 us-

391 1012 497 1065 que
526 996 593 1051 ad
637 996 796 1067 linem
825 998 1023 1067 seculi,
1055 1005 1111 1050 et
1138 996 1259 1064 eget
1296 1012 1519 1066 prorsus
1549 1013 1655 1052 non
1687 999 1738 1051 in
1767 1000 1964 1067 capite,

391 1068 485 1121 sed
502 1068 552 1120 in
570 1066 964 1137 membrissuis.
984 1065 1081 1119 Ubi
1104 1069 1258 1133 eget?
1278 1065 1334 1121 In
1355 1067 1548 1137 quibus
1568 1067 1738 1121 doluit
1754 1065 1969 1137 quando

391 1137 526 1207 dixit
556 1153 569 1188 :
599 1134 775 1194 Sauie.
808 1134 988 1207 Saule,
1020 1137 1141 1207 quid
1162 1153 1240 1190 me
1259 1136 1575 1207 persequeris
1600 1138 1734 1206 (Act.
1761 1134 1834 1200 fx,
1865 1137 1967 1204 4)?

376 1204 763 1274 Obsequanmr
788 1219 918 1272 ergo
940 1204 1153 1259 Christo
1173 1247 1187 1272 ,
1235 1204 1291 1260 et
1328 1204 1616 1260 uobiscum
1636 1214 1719 1260 est
1749 1206 1801 1259 in
1830 1208 1964 1274 suis,

388 1275 668 1346 nobiscum
698 1280 782 1327 est
810 1274 864 1327 in
889 1275 1081 1346 nobis.»
1113 1274 1222 1329 Nec
1251 1275 1443 1346 frustra
1484 1274 1621 1328 dixit
1652 1292 1664 1328 :
1699 1274 1965 1346 Ereeego

390 1344 646 1415 uobiscum
686 1359 801 1396 sum
827 1360 985 1415 usque
1011 1344 1082 1415 a_d
1102 1345 1594 1415 consummationem
1622 1346 1815 1398 steculi.
1840 1344 1967 1400 Haec

379 1413 637 1469 ‘facieudo
658 1412 995 1484 agnoscimus
1013 1412 1282 1468 Christum
1302 1415 1356 1467 in
1384 1414 1542 1469 bonis
1566 1414 1837 1484 operibus,
1857 1430 1964 1468 non

393 1498 658 1549 corpore,
706 1482 801 1537 sed
831 1485 1014 1549 corde,
1063 1499 1169 1537 non
1199 1483 1368 1538 oculis
1415 1482 1628 1546 carnis,
1672 1484 1766 1537 sed
1795 1485 1966 1538 oculis

390 1548 515 1607 Iidei
541 1570 553 1605 :
583 1548 716 1616 Quia
737 1552 931 1613 vidisti,
949 1552 1236 1621 credidisti,
1260 1553 1335 1605 ait
1358 1552 1565 1606 cuidam
1587 1553 1847 1621 discipulo
1868 1569 1966 1608 suo

393 1622 688 1691 incredula,
718 1622 809 1691 qui
838 1622 1047 1675 dixerat
1077 1640 1089 1674 ε
1124 1619 1244 1676 Non
1274 1622 1447 1682 credo,
1498 1623 1599 1675 nisi
1636 1619 1864 1691 tetigero.
1898 1622 1967 1676 Et

377 1690 648 1761 .Dominus
674 1708 687 1742 :
717 1690 862 1751 Veni,
878 1700 1127 1761 taugeLet
1147 1691 1254 1744 noli
1273 1707 1383 1744 esse
1403 1691 1717 1757 incredulus,
1730 1690 1831 1761 sed
1844 1694 1968 1761 ﬁde-

372 1762 460 1814 .Iis
506 1759 706 1829 (Joan.
737 1776 840 1823 xx,
868 1759 936 1812 27
958 1759 998 1829 )ζ
1049 1760 1245 1829 Tetigit
1286 1770 1344 1814 et
1382 1761 1635 1829 clamavit
1667 1779 1680 1812 :
1714 1759 1964 1815 Dominus

368 1847 553 1890 .metts.
577 1839 626 1883 et
658 1828 791 1882 Deus
822 1846 985 1900 meus
1013 1829 1185 1900 (Ibid.
1206 1872 1222 1896 ,
1253 1830 1378 1900 28).
1410 1828 1474 1882 Et
1502 1830 1755 1884 Dominus
1787 1848 1799 1882 :
1831 1828 1964 1894 Quia

2073 584 2181 636 Nisi
2211 583 2419 637 dederit
2442 581 2588 656 vocis
2609 582 2764 656 dulce
2791 581 3121 656 responsum,
3150 601 3305 641 nemo
3334 595 3510 656 potest
3528 589 3645 656 ejus

2070 662 2366 706 retractare
2393 649 2793 723 colmnercium,
2822 649 2904 705 vel
2930 654 3200 721 possidere
3229 649 3521 723 negotium,
3551 649 3645 713 aut

2069 719 2734 793 coinparareonysterlum
2755 761 2768 785 ,
2801 731 2892 793 aut
2921 719 3163 776 obtinere
3188 719 3437 790 gaudium
3458 768 3473 793 ,
3508 719 3646 781 cum

2069 792 2228 863 solvit
2274 789 2639 863 ιιίιιιΐισιιέέὶιιιιι,Δ
2675 797 2729 863 et
2768 790 2904 863 redit
2947 794 3012 845 ad
3036 789 3265 863 portum.
3301 789 3646 863 Respondeat

2070 860 2325 933 libenter.
2347 862 2394 912 ei
2425 860 2567 912 dicat
2597 857 2773 911 Maria!
2805 877 2817 911 :
2849 857 3047 933 Maria.
3073 861 3332 932 Loquitur
3359 857 3445 933 pie
3475 880 3642 932 uego-

2072 931 2251 981 tiator.
2276 928 2451 999 μίξιηο
2481 942 2688 981 merces
2726 932 3130 984 resurrectionis
3158 928 3319 999 gratis
3340 928 3519 987 euwre
3542 928 3642 989 du-

2067 999 2220 1051 bitat.
2271 998 2518 1050 Fortasse
2562 1007 2847 1054 mercator.
2898 1000 3143 1056 Dicamus
3170 998 3220 1053 ei
3267 1017 3385 1055 cum
3424 1003 3587 1057 Maria
3622 1022 3638 1057 :

2072 1066 2259 1132 Rabbi,
2300 1067 2443 1134 quod
2475 1067 2873 1134 interpretatur,
2910 1068 3151 1130 Domine,
3182 1069 3271 1123 ubi
3312 1079 3395 1123 est
3436 1087 3641 1125 merces

2069 1140 2192 1190 tua?
2219 1136 2508 1209 Quousque
2535 1136 2898 1209 extenduntur
2920 1140 3135 1207 negotia
3167 1140 3296 1192 tua?
3318 1140 3509 1204 Quanti
3542 1157 3639 1209 pa-

2067 1215 2255 1259 rantur
2282 1206 2452 1278 pretia
2482 1206 2609 1278 tua?
2639 1204 2780 1258 Data
2807 1214 2880 1278 e_s_t
2910 1204 3052 1269 mihi,
3087 1210 3275 1275 inquit,
3305 1211 3469 1263 omnis
3497 1204 3641 1278 pote-

2067 1284 2175 1328 stas
2199 1278 2255 1328 in
2283 1275 2410 1328 caelo
2444 1286 2503 1345 et
2533 1276 2587 1327 in
2618 1283 2753 1327 terra
2794 1275 3003 1343 (Matth.
3034 1292 3213 1339 xxvm,
3247 1278 3355 1345 I8).
3386 1275 3642 1334 Emamus

2066 1346 2134 1415 ab
2153 1360 2220 1398 eo
2248 1345 2414 1415 gratis
2439 1344 2490 1397 in
2522 1353 2673 1415 terra;
2691 1360 2904 1411 pacem,
2940 1355 2996 1397 ut
3019 1348 3385 1415 possideamus
3417 1350 3469 1403 in
3499 1351 3637 1404 cmlo

2067 1413 2303 1467 laetitiam
2327 1414 2635 1467 salutarem.
2657 1413 3224 1469 Dominunrcrcdimus
3250 1430 3638 1484 resurgentem,

2065 1492 2121 1536 et
2163 1484 2448 1555 aspicimus
2489 1484 2896 1548 ascendentem,
2928 1492 2984 1538 et
3024 1486 3319 1541 salotaums
3360 1486 3409 1539 in
3436 1487 3639 1555 judicio

2065 1552 2390 1615 venientem,
2421 1567 2525 1605 non
2554 1559 2609 1622 ut
2639 1567 2846 1605 merces
2877 1562 3161 1622 proponat,
3190 1557 3281 1608 sed
3309 1566 3366 1608 ut
3392 1552 3597 1621 spectet
3621 1576 3636 1622 ;

2067 1638 2173 1675 non
2197 1631 2254 1675 ut
2276 1623 2490 1682 vendat,
2510 1621 2606 1675 sed
2625 1630 2681 1674 ut
2704 1623 2902 1688 exigat.
2921 1621 3173 1677 Paremus
3196 1625 3268 1677 illi
3296 1627 3638 1681 mercimonia

2068 1700 2272 1744 nostra.
2311 1690 2482 1764 Qua}?
2513 1707 2618 1764 non
2647 1706 2854 1764 aurum,
2875 1709 2990 1764 non
3021 1702 3319 1761 argentum,
3354 1711 3458 1748 non
3485 1710 3636 1764 gem-

2065 1776 2272 1831 marum
2304 1761 2390 1813 Iila
2420 1759 2670 1831 lucentia,
2703 1760 2796 1814 sed
2822 1762 2996 1826 Iidem,
3027 1758 3196 1831 spem,
3222 1758 3636 1828 caritatetnIua-

2067 1830 2348 1890 tivitatem,
2364 1830 2684 1897 passionem,
2700 1830 3144 1886 resurrectoaem
3171 1842 3225 1885 et
3245 1835 3633 1889 ascensionem.

376 1883 587 1954 ridi—sti.
619 1899 883 1970 credidisti
912 1883 1097 1970 (Ibid,
1128 1883 1242 1970 Sili.
1290 1883 1408 1970 Ipsa
1438 1907 1520 1954 est
1551 1883 1662 1953 tota
1694 1900 1823 1954 fides
1848 1883 1964 1963 ina,
1998 1883 2043 1943 Β
2068 1898 2178 1953 Ista
2198 1883 2692 1970 suntinercimonia
2717 1883 3637 1970 nostra.NnnquidVipse—iiianis‘est

387 1971 514 2037 quia
536 1968 809 2023 credidisti
829 1969 972 2038 quod
994 1970 1177 2023 vides?
1208 1967 1392 2022 Laudo
1413 1984 1509 2039 eos
1535 1970 1625 2039 qui
1654 1984 1759 2023 non
1781 1970 1968 2025 vident

389 2048 444 2092 et
469 2040 692 2093 crelont
727 2056 739 2091 :
769 2039 894 2108 quia
923 2053 1044 2093 cum
1066 2039 1296 2092 viderint
1325 2038 1654 2105 gaudebunt.

904 2145 1133 2203 SERMO
1160 2146 1441 2202 XXXVIII.

931 2236 1061 2291 Item
1088 2238 1223 2290 unde
1248 2254 1428 2307 supra.

462 2328 629 2394 Quam
659 2326 939 2396 pulchrum
956 2334 1182 2395 apparet
1206 2326 1383 2396 littus,
1402 2325 1529 2381 dum
1559 2331 1802 2396 repletur
1830 2344 1969 2384 mer-

366 2415 404 2452 οι
422 2399 554 2461 ibus,
577 2405 632 2449 et
654 2395 889 2465 trepidat
907 2396 1321 2450 mercatoribus!
1349 2395 1703 2465 Expouuntur
1721 2398 1789 2452 de
1817 2399 1967 2452 navi-

389 2468 486 2521 bus
508 2467 729 2521 sareina:
761 2467 989 2519 vestium
1014 2466 1378 2525 diversarum',
1422 2466 1671 2520 Imtantur
1698 2468 1963 2522 innumeri

370 2537 716 2591 -'cantantium
754 2536 807 2589 in
829 2534 1167 2603 jucunditate
1197 2543 1478 2588 nautarum
1498 2576 1513 2601 ,
1544 2544 1600 2589 et
1638 2536 1789 2589 dives
1815 2537 1966 2593 sinus

387 2606 643 2676 tripudiat
670 2619 971 2676 arenarum.
1005 2603 1142 2676 Quid
1170 2612 1254 2676 est
1275 2604 1453 2676 illud?
1499 2612 1556 2658 et
1583 2612 1842 2676 quantum
1869 2607 1965 2661 de-

368 2674 548 2731 dectat
592 2674 1060 2729 attendere‘littus
1086 2674 1367 2728 dominicae
1414 2674 1819 2733 resurrectionis
1844 2712 1859 2737 ,
1909 2684 1965 2729 et

372 2754 605 2814 portum
634 2744 847 2798 Domini
884 2743 1211 2814 resurgentis
1240 2743 1437 2814 micare
1467 2744 1732 2814 mercibus
1759 2744 1962 2813 pretio-

386 2812 503 2870 sis?
529 2814 631 2879 Qui
658 2822 785 2867 sunt
811 2812 973 2881 bajuli
994 2813 1018 2865 ?
1041 2812 1215 2880 angeli
1241 2820 1297 2866 et
1319 2812 1646 2879 archangeli,
1672 2814 1762 2881 qui
1790 2814 1962 2868 sarci-

387 2900 483 2939 nas
510 2883 808 2937 animarum
831 2882 900 2936 de
921 2881 1112 2935 inferni
1129 2881 1355 2936 vinculis
1375 2881 1670 2935 soluturum
1693 2882 1963 2936 deducunt

364 2953 585 3008 .lactitize
622 2953 814 3021 palmis
855 2952 923 3005 ad
950 2959 1167 3021 portum
1197 2969 1209 3003 :
1256 2960 1311 3005 et
1335 2950 1539 3021 gerulis
1567 2951 1865 3005 cervicibus
1894 2953 1961 3006 ad

368 3024 536 3077 diuus
563 3018 862 3092 perducunt
887 3018 1043 3075 terrae
1084 3021 1363 3092 vivorum._
1396 3018 1484 3092 Sic
1512 3020 1740 3092 Domino
1784 3036 1963 3075 resur-

364 3102 544 3163 ;gente
564 3088 685 3163 ripa
711 3090 964 3163 fulgebat,
987 3089 1205 3157 quando
1221 3088 1562 3163 naufragium
1578 3090 1845 3163 gehenna-
1876 3091 1960 3144 lu-

364 3157 564 3230 gebat.
613 3157 671 3214 In
698 3157 993 3215 illa'carins
1022 3160 1264 3229 corporis
1301 3158 1500 3230 Christi
1543 3160 1610 3213 ab
1652 3157 1835 3215 inferis
1871 3175 1960 3215 re-

385 3229 598 3311 deuntis
616 3232 962 3311 imponuntur
974 3244 1187 3311 merces
1195 3229 1603 3311 piratica_nuper
1619 3230 1963 3311 usurpatione

384 3302 609 3355 sublata:
631 3341 647 3366 ,
690 3298 933 3354 omnium
956 3298 1305 3369 gementium
1342 3299 1533 3369 anima:
1575 3300 1725 3369 apud,
1756 3298 1963 3354 inferos

364 3372 717 3439 captivorum
747 3386 764 3422 :
790 3368 1193 3439 quandosoluti
1223 3375 1349 3424 sunt
1373 3367 1624 3439 gemitus
1645 3368 1958 3434 inferorum,

368 3436 633 3494 .Iaalantur
660 3440 713 3494 in
741 3436 853 3508 ripa
882 3437 1045 3493 Petri.
1081 3437 1398 3508 Laeteturet
1426 3437 1516 3491 illa
1548 3436 1711 3491 Maria
1743 3446 1963 3506 portans

384 3510 452 3564 de
482 3509 763 3579 pigmentis
790 3507 1047 3579 aromata,
1071 3507 1373 3563 necessaria
1404 3524 1418 3560 :
1467 3514 1525 3561 et
1568 3508 1963 3579 reportansde

368 3576 634 3649 'sepnICro
679 3577 869 3649 gaudia
912 3578 1146 3649 pretiosa
1181 3585 1237 3631 et
1265 3583 1597 3649 mortuorum
1622 3577 1743 3649 viva
1772 3576 1839 3649 de
1861 3576 1962 3649 lit-

370 3644 504 3703 .tore
531 3644 1110 3715 mercimoniafAngeli
1136 3654 1289 3701 erant
1314 3644 1497 3713 bajuli,
1528 3653 1582 3715 et
1610 3644 1956 3700 delectabiles

386 3719 616 3781 latores,
664 3718 757 3785 qui
804 3714 1087 3771 Dominum
1116 3716 1184 3770 ad
1215 3715 1515 3785 gehennam
1545 3714 1960 3785 descendentem

371 3784 757 3857 potentissime
803 3786 1173 3857 deducebant,
1217 3794 1281 3857 et
1309 3784 1640 3857 redeuntem
1690 3784 1962 3857 laetissime

388 3852 776 3926 praecedebant.
831 3854 974 3909 Unus
1008 3870 1174 3926 super
1216 3852 1449 3926 lapidem
1485 3855 1856 3926 monumenti,
1905 3864 1963 3907 ut

368 3922 594 3981 .inerces
620 3932 948 4006 proponeret
973 3922 1161 3979 mortis
1184 3922 1343 4005 simul
1370 3931 1428 3977 et
1446 3922 1587 4004 vitzc,
1613 3938 1748 3991 quas
1748 3937 1961 4046 (propo-

370 4003 541 4046 meret
580 3995 925 4046 mulieribus.
970 4005 1027 4046 et
1056 3994 1340 4046 ventitaret
1367 3993 1698 4046 pastoribus.
1786 4008 1876 4046 um
1906 4007 1959 4046 In

370 4003 541 4051 aleret
580 3993 925 4061 mulieribus,
970 4005 1027 4049 et.
1056 3994 1340 4047 ventitaret
1367 3993 1698 4061 pastoribus,
1748 3993 1876 4061 dum
1906 3993 1959 4046 in

376 4080 580 4119 aurora
609 4063 841 4134 paradisi
867 4063 1129 4134 matutina
1156 4062 1321 4134 fulget
1359 4060 1477 4134 ipse
1514 4061 1770 4134 Dominus
1802 4060 1961 4117 Jesus

370 4131 627 4189 ’Christus
669 4132 847 4203 (Joan.
877 4148 981 4203 xx,
1014 4131 1124 4201 12).
1149 4132 1252 4185 Alii
1280 4131 1474 4203 angeli,
1507 4146 1641 4185 unus
1669 4132 1736 4185 ad
1775 4140 1958 4203 caput,

372 4204 525 4257 .alter
552 4203 621 4273 ad
647 4201 812 4273 pedes
839 4202 993 4273 illius
1018 4203 1144 4273 novi
1172 4201 1460 4270 pnnsident
1473 4202 1886 4273 _monumenti,__
1900 4210 1958 4255 ut

387 4287 594 4328 merces
614 4269 981 4328 linteaminum
1005 4269 1202 4327 Christi
1223 4286 1329 4327 non
1350 4269 1670 4338 venderent,
1691 4271 1786 4326 sed
1806 4270 1962 4326 oll'er-

370 4350 528 4401 ιιι-ειη.
575 4342 769 4412 Dicunt
794 4341 1095 4412 ementibus
1120 4340 1432 4412 mulieribus
1456 4355 1556 4410 pro
1584 4341 1769 4412 pretio
1787 4339 1962 4412 lacry-

377 4427 595 4467 ouarom
624 4429 638 4463 :
673 4411 829 4479 Quid,
860 4411 1047 4480 inquit,
1081 4410 1337 4481 pluralis?
1360 4407 1541 4465 Jesum
1563 4407 1822 4481 quaeritis,
1853 4407 1958 4465 non

370 4490 471 4547 ,est
492 4482 600 4549 hic,
620 4481 855 4537 surrexit
872 4496 904 4536 a
926 4480 1172 4546 mortuis,
1185 4480 1325 4536 sicut
1344 4481 1554 4534 dixerat
1571 4480 1745 4534 vobis.
1760 4480 1961 4534 Ascen-

374 4550 464 4604 dit
493 4551 795 4619 negotiator
817 4550 885 4604 ab
913 4550 1095 4606 inferis
1130 4564 1254 4605 cum
1298 4549 1523 4604 sarcinis
1565 4549 1958 4619 pietatisaNon

2071 1977 2323 2023 venturus
2353 1969 2404 2021 in
2434 1968 2609 2021 nube?
2653 1968 2794 2023 Ecce
2824 1968 3301 2032 Dominus'vcuict,
3349 1982 3402 2025 et
3430 1988 3636 2027 merces

2065 2038 2184 2109 ejus
2210 2054 2330 2091 cum
2359 2053 2464 2102 eo;
2512 2040 2648 2109 sicut
2674 2038 2867 2109 dicitur
2894 2056 2906 2089 :
2938 2038 3103 2091 Dicite
3132 2042 3259 2109 ﬁlia:
3285 2040 3413 2094 Sion
3440 2059 3457 2095 :
3507 2041 3637 2094 Ecce

2067 2105 2310 2179 salvator
2338 2115 2453 2161 tuus
2481 2108 2713 2179 adveniet
2731 2108 2962 2179 ,‘ltabens
2990 2105 3203 2179 mercem
3230 2126 3396 2174 suam,
3436 2121 3485 2164 et
3513 2128 3638 2179 opus

2067 2177 2180 2245 ejus
2208 2188 2329 2230 aute
2358 2179 2540 2246 faciem
2581 2177 2690 2246 ejus
2711 2176 2848 2245 (Isa.
2880 2193 3008 2243 un,
3040 2178 3143 2244 Il),
3175 2182 3258 2231 cui
3293 2195 3400 2232 non
3429 2189 3513 2234 est
3537 2176 3637 2232 do-

2067 2247 2299 2299 minatus
2324 2246 2582 2310 iul'ernus,
2608 2255 2663 2299 et
2684 2262 2879 2315 corpus
2907 2246 3022 2312 ejus
3044 2248 3287 2301 ascendit
3311 2250 3363 2301 in
3389 2250 3637 2315 nubibus,

2067 2324 2123 2368 et
2155 2318 2222 2388 de
2250 2316 2473 2369 mortuis
2494 2317 2717 2388 etvivis
2752 2332 2884 2368 unus
2912 2325 3125 2388 resonet
3151 2328 3340 2371 cantus
3368 2337 3379 2368 :
3409 2320 3532 2388 quia
3556 2320 3636 2371 lu'c

2065 2392 2142 2437 est
2172 2384 2281 2457 dies
2308 2401 2454 2457 quem
2477 2386 2596 2457 fecit
2632 2384 2880 2457 Dominus
2900 2387 3255 2457 Lexsultemus
3293 2397 3340 2440 et
3379 2384 3638 2457 jucunde-

2066 2469 2180 2525 mur
2202 2454 2255 2506 in
2279 2470 2350 2525 eo
2369 2452 2539 2525 (Psal.
2563 2469 2724 2517 cxvn,
2753 2452 2865 2525 ‘24).
2902 2452 3041 2525 Ecce
3069 2458 3210 2508 enim
3242 2452 3436 2509 martni
3464 2458 3636 2525 tripu-

2064 2523 2214 2575 diant
2241 2523 2310 2575 ab
2340 2522 2567 2582 inferno.
2597 2533 2655 2576 et
2691 2523 2866 2589 angeli
2916 2523 3161 2577 Iactantur
3201 2526 3252 2577 iu
3278 2526 3416 2579 cmlo
3449 2543 3461 2577 :
3497 2522 3553 2579 ut
3580 2534 3635 2578 et

2065 2607 2166 2647 nos
2192 2592 2243 2645 in
2273 2592 2377 2646 isto
2410 2592 2609 2660 templo
2629 2597 2977 2657 gaudeamus.

2569 2698 2802 2755 SERMO
2834 2700 3053 2754 XXXIX
3086 2704 3122 2758 ⁵.

2531 2790 2591 2857 lu
2620 2801 2801 2859 quarto
2829 2792 2912 2843 die
2939 2791 3168 2845 I’ascltw.

2135 2878 2201 2931 Et
2225 2879 2382 2933 hodie
2407 2878 2749 2932 Resurrectio
2774 2879 2979 2932 Domini
3006 2880 3227 2933 recitata
3258 2890 3341 2934 est
3364 2881 3432 2935 dc
3452 2892 3635 2939 sancto

2062 2947 2372 3016 Evangelio.
2406 2947 2625 3001 Lectum
2653 2958 2735 3002 est
2764 2963 2940 3001 autem
2971 2948 3316 3015 Evangelium
3344 2956 3635 3007 secundum

2060 3018 2343 3073 Joannem.
2368 3017 2679 3088 Audivimus
2706 3032 2824 3086 qua:
2851 3019 2902 3071 in
2933 3019 3048 3071 aliis
3072 3019 3220 3072 libris
3242 3020 3513 3088 Evangelii
3531 3039 3636 3078 non

2064 3089 2442 3160 audieramus.
2472 3084 2735 3160 Omnibus
2756 3088 2971 3160 quidem
3000 3091 3301 3143 communis
3334 3084 3417 3142 esi
3445 3092 3637 3160 praedi-

2063 3158 2206 3212 catio
2234 3158 2504 3221 veritatis,
2536 3166 2591 3210 et
2629 3156 2695 3210 de
2725 3173 2830 3211 uno
2861 3157 3008 3211 fonte
3032 3174 3220 3212 ontucs
3246 3156 3514 3223 biberunt,
3546 3161 3637 3216 sed

2066 3230 2119 3281 in
2142 3225 2520 3296 praedicatione
2540 3225 2811 3294 Evangelii
2838 3226 2998 3295 (sicut
3014 3243 3154 3296 sarpe
3180 3230 3486 3283 commonui
3508 3231 3637 3283 cari-

2067 3306 2231 3351 tatem
2259 3300 2517 3365 vestram)
2548 3296 2650 3349 alia
2680 3311 2889 3365 omnes,
2932 3296 3032 3349 alia
3075 3306 3210 3360 tres,
3244 3299 3346 3351 alia
3378 3305 3505 3362 duo,
3537 3301 3638 3354 alia

2061 3366 2259 3434 singuli
2281 3364 2594 3434 posuerunt.
2619 3364 2779 3434 Modo
2804 3381 2931 3432 ergo
2957 3367 3101 3432 quod
3128 3368 3425 3421 audivimus
3446 3384 3638 3422 secun-

2065 3435 2192 3490 dum
2220 3433 2502 3497 Joannem,
2523 3434 2648 3502 quia
2676 3433 2837 3487 Maria
2866 3434 2999 3502 vidit
3019 3434 3325 3499 Dominum,
3353 3446 3408 3489 et
3430 3438 3566 3489 dixit
3587 3437 3636 3490 ei

2062 3502 2322 3558 Dominus
2349 3522 2360 3554 :
2392 3502 2519 3557 Noli
2545 3501 2626 3556 me
2651 3512 2878 3571 tangere.
2904 3501 3149 3557 Nondum
3172 3506 3305 3559 enim
3333 3507 3541 3559 ostendi
3569 3506 3635 3559 ad

2061 3572 2278 3626 Patrem
2300 3589 2467 3626 meum
2496 3572 2674 3643 (Joan.
2691 3588 2780 3633 xx,
2803 3572 2888 3639 l7)
2915 3590 2928 3643 ς
2958 3574 3106 3627 solus
3128 3576 3453 3640 evangelista
3483 3573 3635 3628 luam

2063 3657 2160 3697 nes
2180 3640 2583 3711 commemorat.
2612 3640 2746 3695 Hinc
2766 3656 2893 3708 ergo
2917 3642 3236 3711 loquendum
3260 3652 3343 3697 est
3364 3645 3635 3701 sanctitati

2062 3720 2274 3767 vestrm.
2292 3710 2430 3767 Visis
2445 3710 3027 3771 etiamJintcaminibus
3045 3712 3097 3766 in
3118 3713 3383 3781 sepulcro,
3401 3714 3636 3769 nondum

2060 3781 2421 3852 resurrexisse
2431 3781 2790 3852 crediderant,
2805 3783 2896 3834 seJ
2915 3782 3150 3852 ablatum
3163 3798 3283 3837 esse
3304 3799 3502 3852 corpus
3520 3784 3636 3851 ejus

2062 3851 2129 3905 de
2156 3859 2523 3905 monumento.
2552 3851 2686 3921 Nam
2716 3857 2770 3903 et
2799 3852 2913 3921 ipse
2937 3850 3174 3921 Joanties
3205 3850 3460 3921 (seipsuin
3489 3850 3632 3908 enim

3291 2638 3327 2670 ο

2060 3921 2209 3992 dicit,
2223 3936 2369 3991 quem
2384 3918 2791 3992 diligebatlesas
2802 3919 2852 3992 [1
2860 3919 2988 3992 bid.,
3004 3919 3106 3992 2]),
3119 3918 3239 3975 cum
3250 3918 3485 3977 audisset
3499 3940 3637 3980 nun-
3709 3920 3731 3940 '

2062 3987 2316 4045 tiantilius
2336 3987 2647 4045 mulieribus
2671 3998 2727 4043 et
2744 3987 3340 4057 diéentibus,"l‘olerunt
3358 3993 3637 4050 Dominum

2061 4076 2241 4117 meum
2261 4060 2329 4114 de
2354 4069 2724 4125 monumento,
2755 4059 2984 4113 cucurrit
3018 4078 3140 4115 cum
3169 4060 3353 4129 Petro,
3382 4070 3439 4115 et
3467 4070 3638 4117 atten—

2062 4129 2196 4185 dens
2223 4130 2275 4183 in
2303 4137 2705 4184 monumentum
2746 4130 2877 4183 vidit
2897 4130 3010 4184 sola
3057 4131 3386 4198 linteamina,
3420 4141 3478 4186 et
3517 4148 3636 4187 cre-

2062 4200 2216 4272 didit.
2240 4198 2379 4267 Quid
2404 4200 2665 4272 credidit?
2694 4199 2954 4272 Nonquia
2982 4211 3371 4265 resurrexerat,
3401 4203 3496 4256 scd
3511 4204 3637 4272 quia

2063 4269 2132 4324 de
2160 4279 2508 4341 monumento
2530 4269 2784 4341 perierat.
2812 4269 2925 4324 Hoc
2950 4273 3228 4341 sequentia
3252 4273 3411 4326 verba
3435 4269 3637 4326 testan-

2064 4348 2186 4395 tur:
2218 4340 2297 4394 sic
2321 4337 2464 4393 enim
2493 4337 2749 4408 scriptum
2780 4347 2880 4400 est,
2908 4337 3050 4408 quod
3097 4342 3258 4397 modo
3294 4343 3595 4396 audivimus
3622 4361 3636 4397 :

2060 4410 2312 4475 Attendit,
2343 4409 2486 4473 uidit,
2518 4419 2565 4462 et
2585 4407 2820 4462 credidit.
2846 4407 3092 4463 Nondum
3109 4414 3249 4465 enim
3274 4412 3466 4464 sciebat
3490 4412 3607 4466 Scri
3623 4442 3640 4453 -

2059 4487 2260 4549 ρειαί-αδ,
2287 4480 2406 4549 quia
2427 4480 2649 4548 oportuit
2669 4495 2782 4549 eum
2803 4496 2835 4530 a
2851 4481 3066 4549 mortuis
3088 4496 3353 4549 resurgere
3367 4480 3569 4548 (1034.,
3615 4521 3632 4542 ,

2062 4547 2140 4617 9).
2185 4547 2599 4617 App—aruitergo
2625 4547 2752 4615 quid
2779 4547 3002 4617 credidit
3029 4567 3040 4599 :
3063 4550 3206 4616 quod
3233 4547 3354 4603 fidei
3378 4547 3488 4604 nou
3518 4561 3636 4606 erat

382 4615 605 4675 creditis
617 4619 687 4674 de
707 4620 1041 4688 negotiatore
1064 4626 1333 4687 surgente,
1360 4619 1536 4673 videte
1555 4615 1788 4673 mercem
1810 4618 1862 4671 in
1883 4635 1963 4673 se-
1990 4623 2036 4682 u
2062 4616 2167 4672 hoc
2184 4615 2425 4688 credidit.
2445 4615 2705 4679 Credidit,
2722 4618 2814 4688 sed
2838 4616 3026 4688 falsum
3048 4615 3292 4672 credidit.
3310 4620 3570 4688 Apparuit
3586 4624 3637 4675 ei

386 4691 574 4758 pulcro
598 4688 908 4755 fulgentem.
958 4687 1095 4746 Ecce
1121 4688 1434 4745 linteamina
1472 4688 1796 4758 sepulturae,
1839 4704 1959 4757 quae

365 4756 496 4815 .non
541 4760 773 4829 delectet
815 4760 930 4815 sine
976 4760 1153 4829 pretio
1180 4758 1474 4829 possidere.
1518 4756 1655 4811 Ecce
1671 4756 1955 4829 sudarium

384 4830 596 4898 capitis.
629 4828 768 4884 Ecce
795 4826 1003 4885 sarcina
1030 4826 1360 4887 mercatoris.
1393 4827 1470 4880 Ite
1487 4866 1504 4891 ,
1533 4827 1774 4898 nuntiate
1801 4826 1960 4882 disci-

372 4897 544 4967 pulis,
578 4909 636 4952 ut
659 4906 902 4967 patescat
927 4899 1136 4953 sarcina
1164 4898 1377 4968 pietatis
1406 4897 1827 4968 negotiatoribus
1849 4899 1960 4951 uni-

386 4966 576 5032 versis,
609 4966 776 5023 linteo
796 4968 1122 5032 resurrexit,
1149 4966 1238 5036 qui
1268 4966 1454 5022 Lazari
1482 4967 1651 5021 linteo
1671 4967 1958 5034 sepultura:

356 5047 608 5106 tcatenas
645 5037 879 5106 abrupit,
906 5037 1037 5092 fecit
1059 5037 1388 5106 sepulturam
1417 5036 1485 5106 de
1513 5036 1677 5090 linteo
1706 5044 1959 5104 peccato-

355 5104 527 5174 ’ξι-ιιιη,
557 5115 615 5161 ιιι
638 5103 802 5161 vitam
825 5107 1072 5170 redderet
1095 5103 1423 5174 angelorum.
1447 5103 1641 5160 Factus
1660 5105 1821 5175 estin
1844 5106 1959 5175 ripa

387 5177 573 5230 hortus
609 5191 887 5237 antinous;
943 5178 1067 5245 quia
1118 5183 1465 5232 cessaverunt
1510 5175 1697 5245 tumidi
1748 5174 1954 5245 fluctus.

385 5246 677 5315 Cmperuut
704 5254 855 5316 prata
886 5243 1100 5316 Ilorere,
1125 5254 1180 5300 et
1203 5249 1433 5301 cessavit
1461 5244 1600 5316 unda
1616 5243 1840 5316 latrare.
1874 5243 1959 5316 Si-

388 5312 499 5368 luit'
520 5312 779 5383 strepitus
816 5316 869 5369 in
911 5313 1152 5378 inferno,
1195 5322 1252 5370 et
1275 5313 1582 5381 agnoscitur
1606 5312 1861 5383 Christus
1900 5315 1954 5367 in

386 5384 565 5438 horto.
597 5381 662 5438 Et
686 5386 816 5440 dicit
841 5384 1003 5439 Maria
1035 5402 1048 5437 :
1082 5383 1329 5447 Domine,
1359 5384 1403 5437 si
1434 5392 1485 5436 tu
1510 5383 1654 5436 illum
1682 5382 1955 5446 sustulisti,

384 5454 468 5507 die
490 5454 615 5525 mihi
634 5453 736 5525 Διιὸὶ
757 5455 972 5525 posuisti
994 5453 1274 5508 Dominum
1299 5468 1465 5525 meum
1482 5451 1669 5525 (tua,
1690 5451 1797 5525 I5).
1823 5451 1959 5525 Spo-

386 5524 544 5577 liator
570 5522 767 5579 inferni
785 5525 1079 5579 aestimatur
1106 5525 1191 5578 for
1211 5524 1451 5589 corporis
1478 5522 1559 5577 sui
1592 5539 1603 5573 :
1634 5530 1692 5575 ut
1728 5522 1843 5591 ipse
1871 5522 1957 5576 in-

386 5595 593 5647 volaret
621 5595 861 5649 memhra
886 5609 999 5659 sua,
1041 5594 1132 5663 qui
1160 5592 1435 5650 suscitavit
1461 5591 1698 5663 membra
1724 5591 1953 5663 sepulta,

384 5675 438 5716 et
464 5664 676 5731 aperuit
702 5664 818 5719 sine
853 5658 1076 5720 numero
1116 5670 1481 5722 monumenta.
1510 5658 1617 5717 Sed
1657 5658 1957 5729 negotiator

2102 4695 2255 4741 ostea
2279 4685 2572 4741 Dominus:
2605 4685 2804 4753 fugavit
2834 4686 3042 4748 falsum,
3075 4696 3128 4742 et
3172 4685 3406 4743 inseruit
3428 4706 3636 4746 verum.

2112 4771 2267 4810 amen
2297 4756 2426 4811 illud
2453 4757 2705 4823 quoniam
2747 4757 2955 4815 solebat
2995 4772 3212 4813 movere
3255 4758 3534 4822 lectorem,
3586 4770 3638 4815 et

2063 4825 2362 4906 auditorem
2395 4841 2499 4906 non
2522 4825 2866 4889 incuriosum,
2897 4842 3070 4896 neque
3101 4829 3477 4951 negligentem,
3500 4846 3638 4898 qun-

2063 4896 2223 4950 modo
2273 4904 2344 4950 snt
2381 4896 2600 4951 dictum.
2645 4893 2771 4949 Noli
2818 4913 2901 4949 me
2935 4905 3166 4951 tanaere.
3269 4899 3458 4951 audam
3504 4901 3638 4951 enim

2062 4896 2223 4950 modo
2273 4898 2344 4950 sit
2381 4896 2600 4966 dictum,
2645 4893 2771 4949 Noli
2818 4913 2901 4949 me
2935 4893 3458 4966 ta'ngere.‘Noudum
3504 4893 3639 4953 etaim

2061 4967 2295 5036 ascendi
2323 4967 2390 5019 ad
2444 4964 2656 5036 Patrem
2680 4982 2698 5019 :
2748 4968 2870 5019 hinc
2890 4964 3167 5033 vileamus
3201 4970 3350 5036 quid,
3412 4968 3638 5022 Domino

2060 5034 2517 5106 ipso_adjuvante,
2553 5035 2831 5106 decutiunt
2862 5037 2948 5090 sit.
2985 5037 3166 5091 Monet
3202 5034 3346 5093 enim
3379 5039 3480 5092 hoc
3506 5038 3638 5106 quid

2058 5103 2146 5169 sit,
2180 5103 2307 5176 Noli
2336 5123 2426 5176 me
2443 5116 2671 5176 tangere.
2702 5104 2949 5160 Nondum
2977 5108 3112 5162 enim
3156 5110 3365 5163 escendi
3414 5108 3483 5161 ad
3526 5103 3640 5162 Pa-

2060 5182 2209 5228 trem.
2244 5175 2468 5241 Quando
2498 5175 2641 5229 enim
2667 5178 2908 5240 ascendit
2929 5179 2993 5237 ad
3028 5177 3280 5233 Patrem?
3316 5179 3466 5234 Sicut
3503 5179 3641 5234 iudi-

2059 5252 2185 5317 cant
2224 5244 2390 5301 Actus
2421 5246 2786 5317 apostolorum
2819 5244 2968 5316 (Cap.
3020 5263 3056 5308 ι,
3103 5249 3191 5317 5),ί
3228 5249 3640 5317 quadragesimo

2059 5313 2146 5386 die
2173 5322 2292 5386 post
2320 5313 2767 5386 resurrectionem
2788 5313 2959 5380 suam,
2983 5313 3148 5386 quem
3165 5313 3305 5372 diem
3336 5319 3388 5373 iu
3420 5313 3640 5373 tiouiine

2060 5381 2271 5457 Domini
2300 5384 2828 5457 celebraturisonms
2840 5381 3245 5456 quadragesima
3268 5399 3388 5457 post
3411 5389 3632 5443 Pascha.

2061 5451 2212 5525 Tunc
2241 5454 2383 5508 enim
2414 5453 2658 5525 discipuli
2698 5456 2788 5524 qui
2837 5451 3082 5510 inanibus
3114 5451 3425 5525 tetigerunt,
3467 5458 3641 5512 oculis

2058 5523 2416 5594 deduxerunt.
2446 5522 2595 5579 Tunc
2614 5522 2794 5579 sount
2822 5540 2924 5579 vox
2948 5528 3186 5594 angelica
3209 5522 3236 5579 τ’
3267 5526 3377 5581 Viri
3408 5527 3635 5594 Galiltci,

2057 5593 2179 5662 quid
2207 5596 2353 5648 statis
2383 5594 2634 5669 intuentes
2656 5594 2708 5669 in
2737 5594 2957 5669 caelum?
2996 5597 3097 5669 Hie
3132 5594 3286 5651 Jesus
3306 5599 3391 5669 qui
3433 5593 3641 5652 assum?-

2059 5672 2175 5732 ptus
2204 5673 2279 5717 est
2301 5679 2332 5716 a
2355 5663 2492 5718 vobis
2519 5667 2575 5718 in
2604 5666 2803 5730 emtum,
2835 5666 2911 5717 sic
2941 5667 3104 5721 ueniet
3131 5663 3384 5739 quamdiu
3421 5685 3539 5723 eum
3567 5671 3641 5722 ei.

462 5846 476 5863 ⁶
507 5842 599 5899 Est
624 5843 897 5911 Augustini
926 5857 1104 5909 sermo
1132 5837 1250 5906 153,
1283 5838 1348 5894 de
1369 5838 1665 5909 Tempore;
1692 5851 1868 5899 exstat
1896 5849 2076 5899 autem
2107 5842 2355 5900 editionis
2384 5853 2575 5901 nostm
2606 5854 2737 5901 tom.
2769 5847 2834 5917 Υ,
2865 5851 2972 5907 col.
3004 5847 3152 5904 ll5l.
