4168 6348
514 342 623 400 903

1540 337 1875 407 APPENDIX
1914 337 2003 392 AD
2037 338 2096 394 S.
2139 334 2500 394 FULGENTII
2537 335 2780 393 GPERA.

3668 339 3776 398 ωε

464 480 475 487 ·
514 457 665 517 distis
707 466 909 511 euntem
937 457 993 511 in
1020 456 1197 511 ca:th
1241 453 1389 519 (Act.
1420 467 1457 515 ι,
1488 450 1608 517 tt).
1662 450 1723 507 Si
1768 465 1899 519 ergo
1956 442 2084 505 tunc
2115 458 2158 514 Α
2193 448 2538 519 Resurrectio
2565 449 2862 506 secundum
2882 451 3216 516 Matthaeum,
3242 450 3420 508 altera
3442 451 3550 509 die
3580 468 3780 510 secuti-

513 526 753 582 ascendit
780 527 847 581 ad
868 526 1101 584 Patrem.
1131 519 1261 591 quid
1280 520 1524 591 dicimus,
1566 519 1760 576 fratres
1789 521 1933 575 mei?
1968 519 2083 573 Ma-

515 597 593 650 ria
615 613 738 652 eum
768 612 876 653 non
903 601 1126 664 poterat_
1140 590 1357 658 tangere
1385 590 1439 644 in
1461 598 1606 664 terra
1618 600 1886 664 stantem,
1912 598 1968 644 et
1995 604 2084 658 po-

516 674 657 723 tcrat
687 659 931 733 tangere,
949 664 1002 716 in
1024 662 1166 717 ‘ctelo
1195 664 1469 733 sedentem
1482 660 1511 733 ἲ,
1530 659 1638 733 Sed
1661 662 1748 717 hic
1792 675 1905 733 non
1928 667 2084 733 pote-

515 745 617 800 rat,
645 727 846 805 quanio
867 732 1040 805 minus
1059 738 1271 805 poterat
1290 729 1662 805 ibi?__Qui_d_est
1684 744 1835 798 ergo,
1852 727 1905 782 Ν
1910 727 1981 805 ol_i
1998 743 2085 805 me

516 798 742 876 tangere.
769 801 1017 876 Nondum
1043 798 1181 854 enim
1208 799 1516 876 ascendit"!
1539 799 1751 876 Patrem
1771 800 1975 853 meum?
1994 798 2085 853 Sic

514 868 655 928 enim
684 881 875 927 sonant
896 871 1079 937 verba,
1104 879 1358 940 tanquam
1384 869 1619 925 diceret:
1638 868 1789 925 Tunc
1816 884 1903 924 me
1925 878 2085 937 tange

512 959 633 997 cum
661 941 981 996 ascendero:
1016 949 1303 1008 antequam
1340 941 1650 1007 ascendam,
1678 940 1790 994 noli
1832 953 1920 993 me
1960 947 2084 992 tan-

511 1027 657 1080 gere.
687 1009 731 1064 0
763 1010 1006 1080 Domine,
1032 1011 1118 1065 hic
1137 1025 1216 1071 es,
1249 1015 1301 1063 et
1330 1024 1434 1063 non
1467 1010 1715 1080 tangam?
1743 1024 1863 1064 cum
1893 1023 2085 1063 ascena

509 1078 654 1137 deris
682 1080 929 1148 tangam?
957 1079 1159 1135 Deinde
1186 1079 1229 1133 si
1251 1086 1540 1147 antequam
1557 1080 1626 1133 ad
1652 1078 1866 1134 Patrem
1893 1093 2087 1133 ascen-

509 1150 678 1215 deret,
712 1158 912 1204 tactum
928 1150 1184 1204 horrebat
1205 1149 1518 1212 humanum,
1543 1149 1816 1217 quomodo
1845 1164 1904 1203 se
1923 1148 2085 1203 disci-

510 1217 665 1286 pulis,
698 1236 803 1273 non
847 1218 1020 1273 solum
1052 1219 1358 1284 videndum,
1405 1218 1501 1273 sed
1536 1219 1698 1273 etiam
1742 1226 2086 1273 contrectan-

507 1287 633 1342 dum
664 1289 909 1357 przebuit,
951 1290 1165 1357 quando
1209 1288 1343 1341 dixit
1374 1306 1388 1341 :
1430 1288 1607 1342 Videte
1633 1305 1814 1342 manus
1851 1305 1991 1342 meas
2040 1295 2090 1342 et

506 1359 659 1427 pedes
687 1375 842 1413 meos.
876 1357 1011 1412 Ecce
1048 1359 1260 1430 tangite,
1289 1368 1338 1411 et
1388 1358 1569 1430 videte
1587 1361 1708 1430 quia
1734 1360 1943 1430 spiritus
1969 1374 2089 1430 gar-

507 1426 624 1480 uem
646 1436 695 1484 et
716 1446 833 1483 ossa
867 1445 969 1482 non
996 1426 1165 1491 habet,
1202 1428 1332 1481 sicut
1377 1444 1457 1482 me
1486 1426 1665 1482 videtis
1708 1426 1893 1482 habere
1934 1426 2086 1497 (Luc.

508 1512 653 1561 xxiv,
684 1497 796 1565 59).
841 1498 1149 1568 lncrcdnlus
1186 1499 1348 1551 etiam
1395 1499 1485 1553 ille
1524 1497 1814 1568 discipulus
1850 1498 2090 1568 Thomas

508 1568 684 1635 tetigit
730 1568 870 1623 latus
919 1567 1281 1637 perforatum,
1326 1577 1381 1621 et
1428 1567 1784 1634 exclamavit,
1840 1567 2088 1622 Dominus

508 1653 650 1708 meus
671 1646 721 1691 et
748 1637 887 1691 Deus
917 1636 1057 1692 meus
1088 1636 1265 1708 (Joan.
1292 1637 1522 1708 xxLQS).
1573 1637 1797 1704 Quando
1820 1639 2086 1707 tetigerat,

507 1707 742 1763 nondum
772 1705 1263 1762 ascenderat'Jesus
1288 1708 1353 1761 ad
1376 1705 1607 1761 Patrem.
1634 1708 1714 1763 An
1736 1709 1875 1763 forte
1894 1705 2089 1775 aliquis

506 1776 762 1847 insipiens
800 1777 1017 1841 dixerit,
1051 1788 1341 1846 antequam
1375 1777 1444 1832 ad
1485 1776 1697 1832 Patrem
1747 1778 2083 1845 ascenderet,

507 1847 609 1901 viri
640 1855 863 1918 tangere
905 1863 1025 1918 eum
1054 1856 1334 1918 poterant;
1366 1848 1621 1902 mulieres
1663 1864 1770 1903 non
1810 1855 2084 1916 poterant,

507 1918 606 1971 nisi
652 1932 771 1972 cum
803 1917 869 1971 ad
910 1917 1123 1972 Patrem
1164 1917 1533 1972 ascendisset?
1574 1919 1817 1973 Absurda
1864 1925 1947 1972 est
1985 1918 2087 1971 ista

505 1987 764 2056 cogitatio
789 1988 846 2042 et
870 2002 1125 2056 perversa
1148 1988 1436 2056 sententia.
1458 1986 1686 2043 Prorsus
1713 1987 1857 2056 quod
1886 1987 2091 2042 audivit

507 2052 694 2120 Maria,
719 2052 903 2111 audiat
928 2056 1187 2112 Ecclesia.
1218 2052 1416 2111 Omnes
1460 2057 1562 2111 hoc
1599 2052 1849 2120 audiant,
1898 2072 2089 2111 omnes

508 2125 828 2193 intelligant,
871 2142 1061 2183 omnes
1108 2126 1325 2181 faciant.
1354 2125 1492 2191 Quid
1524 2141 1664 2196 ergo
1702 2136 1802 2188 est,
1837 2125 1965 2180 Noli
2007 2143 2090 2180 me

508 2203 735 2268 tetigere,
766 2198 993 2251 nondum
1010 2198 1151 2268 enim
1191 2197 1400 2268 ascendi
1420 2196 1491 2249 ad
1513 2195 1723 2251 Patrem
1740 2197 1935 2268 illud,
1963 2196 2090 2268 i7)?

507 2263 667 2337 Quod
696 2282 782 2320 me
808 2268 978 2331 vides,
1008 2266 1280 2337 hominem
1302 2266 1477 2319 solum
1500 2274 1657 2333 putas
1682 2284 1695 2320 :
1735 2263 1878 2321 Patri
1906 2263 2089 2337 aequa-

508 2334 612 2408 lem
640 2351 760 2408 esse
800 2338 974 2408 adhuc
1003 2337 1194 2408 nescis.
1225 2332 1367 2408 Noli
1395 2351 1476 2408 me
1502 2332 1743 2408 tangere,
1776 2337 1938 2408 talem
1972 2332 2089 2392 noli

504 2403 777 2459 hominem
798 2407 971 2460 solum
1001 2406 1242 2466 credere,
1276 2405 1371 2475 sed
1404 2403 1633 2460 Verbum
1676 2406 1883 2475 mquale
1920 2420 2089 2474 gene-

506 2477 672 2547 raturi
696 2475 951 2547 intellige.
976 2475 1112 2542 Quid
1136 2484 1237 2540 est,
1262 2473 1392 2529 Noli
1420 2473 1777 2547 mertangere?
1806 2473 1941 2530 Noli
1965 2491 2089 2547 cre-g

503 2543 633 2614 dere
653 2546 778 2614 quia
805 2546 907 2614 hoc
940 2548 1113 2600 solum
1151 2560 1268 2600 sum
1298 2545 1443 2612 quod
1469 2543 1641 2601 vides:
1680 2546 1980 2602 Ascendam
2017 2546 2089 2601 ad

504 2609 742 2685 Patrem,
774 2609 976 2671 et'tunc
1000 2625 1202 2684 tange:
1241 2609 1335 2668 tibi
1375 2616 1633 2685 escendo,
1669 2618 1886 2685 quando
1931 2618 2091 2673 intel-

504 2682 702 2740 lexeris
729 2687 1007 2753 mqualem.
1045 2682 1270 2755 Quando
1299 2684 1442 2739 enim
1483 2700 1568 2739 me
1609 2682 1764 2755 putas
1802 2688 2085 2752 minorem,

503 2756 739 2809 nondum
780 2756 875 2809 tibi
905 2756 1144 2811 ascendi.
1189 2754 1432 2824 Tangere
1472 2754 1655 2810 autem
1698 2758 1921 2813 credere
1965 2773 2086 2813 esse

544 2833 675 2880 uto:
706 2826 851 2895 quod
886 2824 1041 2880 facile
1084 2840 1367 2895 possumus
1408 2825 1708 2894 intelligere
1755 2828 1821 2882 de
1846 2828 1932 2881 illa
1970 2844 2091 2882 mu-

503 2839 675 2946 puto:
706 2839 851 2895 quod
886 2839 1041 2880 tacite
1084 2840 1367 2895 possumus
1408 2839 1708 2894 intelligere
1755 2839 1821 2882 de
1846 2839 1932 2881 tua
1970 2844 2090 2882 mu-

523 2894 636 2977 ie_re
685 2910 804 2977 quae
859 2894 1361 2977 tetigitnlimbriam
1394 2897 1714 2977 reitinienti
1758 2896 1976 2977 Christi,
2033 2905 2090 2977 et

501 2964 650 3034 salva
696 2964 836 3034 facta
884 2973 988 3019 est.
1043 2964 1423 3019 Recordamini
1465 2964 1829 3033 Evangelium.
1863 2967 2088 3034 Quando

503 3030 761 3108 Dominus
779 3033 935 3090 Jesus
960 3033 1206 3108 Christus
1254 3036 1364 3108 ibat
1383 3030 1815 3108 ivisitare'ﬁliam
1849 3030 2091 3108 δῖοι-Μεγ-

503 3103 716 3173 ttagogi,
740 3112 796 3157 et
834 3120 956 3158 eum
1009 3105 1183 3171 tetigit
1220 3105 1414 3157 mulier
1443 3118 1565 3172 quae
1618 3104 1764 3173 ﬂuxu
1811 3103 2089 3173 sanguinis

2186 517 2311 571 dum
2355 517 2572 585 Lucam,
2620 520 2779 575 tertio
2814 521 3111 589 secundum
3148 520 3410 578 Marcum.
3450 520 3677 589 Quarto,
3722 524 3778 578 id

2186 596 2269 642 est
2299 588 2574 664 hesterno,
2606 589 2903 664 secundum
2929 588 3216 664 Joannem.
3248 590 3354 647 Sed
3382 588 3635 664 quoniam
3661 594 3775 647 Lu-

2185 672 2278 712 cas
2299 665 2353 711 et
2375 655 2613 714 Joannes
2640 659 2710 714 de
2739 660 2854 731 ipsa
2882 662 3300 727 resurrectione,
3343 655 3417 716 et'
3436 677 3555 731 qua:
3591 664 3775 719 conti-

2184 736 2380 795 gerunt
2414 736 2536 795 post
2562 730 3017 803 resurrectionem
3062 730 3613 803 plura‘scripserunt,
3650 750 3777 803 qua:

2186 811 2295 866 non
2339 806 2564 866 possunt
2607 813 2714 852 una
2752 799 2988 855 lectione
3034 799 3271 866 recitari,
3316 799 3447 856 heri
3472 799 3777 858 audivimus

2185 865 2387 937 aliquid
2439 868 3071 937 secunduthoannem,
3129 879 3187 925 et
3225 865 3385 926 hOdie
3433 873 3608 927 adhuc
3653 873 3777 928 alia:

2187 934 2452 1010 lectiones
2481 946 2707 991 restant.
2743 935 2915 1010 Hodie
2941 934 3073 1008 ergo
3107 940 3235 1009 quid
3260 942 3599 997 audivimus?
3635 941 3775 1010 Quia

2187 1005 2305 1127 irpso
2326 1006 2415 1060 die
2440 1021 2548 1075 quo
2575 1008 2829 1076 surrexit,
2861 1010 2911 1063 id
2940 1005 3041 1072 est,
3074 1005 3344 1065 dominico
3365 1011 3471 1076 die,
3503 1026 3624 1067 cum
3645 1005 3776 1068 sero

2209 1083 2389 1127 actum
2418 1085 2586 1127 esset.
2609 1085 2664 1127 et
2692 1086 2873 1127 essent
2896 1079 3141 1127 discinnli
3170 1080 3222 1127 in
3249 1096 3356 1127 uno
3378 1081 3529 1127 lam-
3556 1092 3612 1127 et
3633 1084 3771 1127 netia

2209 1079 2389 1149 actum
2418 1085 2586 1140 esset,
2609 1085 2664 1131 et
2692 1086 2873 1133 essent
2896 1079 3142 1149 discipuli
3169 1080 3222 1134 in
3249 1096 3356 1135 uno
3378 1081 3530 1148 loco,
3556 1092 3612 1138 et
3633 1084 3773 1137 ostia

2186 1144 2371 1221 elausa
2417 1155 2599 1221 essent
2636 1156 2857 1221 propter
2893 1144 3096 1221 metdrn
3150 1149 3475 1216 Judaaornm,
3502 1144 3778 1221 apparuit

2188 1214 2447 1291 Dominus
2474 1214 2529 1269 in
2569 1214 2751 1291 medie
2791 1233 2980 1291 eorum
3016 1217 3196 1289 (Joan.
3224 1236 3314 1283 xx,
3352 1214 3469 1287 l9).
3494 1214 3616 1291 Ipso
3642 1235 3777 1289 ergo

2188 1283 2467 1360 dim-sient
2490 1287 2819 1353 evangelista
2839 1283 3077 1360 Joannes
3112 1291 3262 1345 testis
3284 1299 3385 1353 est,
3416 1283 3497 1344 his
3520 1283 3779 1360 apparuit

2188 1353 2483 1430 discipulis,
2516 1370 2674 1430 mane
2702 1366 2758 1430 et
2781 1373 2924 1430 sero.
2958 1357 3037 1412 Ex
3057 1373 3125 1413 eo
3151 1360 3296 1428 quod
3318 1375 3488 1430 mane,
3504 1353 3776 1430 apparuit,

2182 1421 2297 1496 jam
2327 1421 2446 1496 (aL,
2487 1426 2672 1494 etiam)
2720 1428 2832 1495 ipsa
2861 1428 3023 1482 lectio
3052 1421 3279 1484 recitata
3313 1438 3413 1484 est.
3458 1421 3615 1496 Quod
3644 1421 3776 1485 vero

2188 1493 2381 1548 eodem
2411 1494 2500 1569 di_e
2526 1493 2660 1569 sero
2672 1493 2861 1569 rursus
2886 1500 3214 1569 apparuerit,
3245 1500 3408 1554 modo
3435 1493 3555 1555 cum
3586 1502 3779 1554 recita-

2188 1570 2339 1615 retur
2365 1564 2683 1636 audivimus.
2711 1565 2828 1620 Non
2853 1564 2992 1636 opus
3011 1577 3130 1622 erat
3152 1577 3262 1622 uta
3293 1584 3379 1623 me
3405 1570 3504 1623 ista
3534 1585 3779 1625 contines

2190 1642 2551 1709 morarentur,
2594 1634 2691 1709 sed
2729 1644 2792 1709 _ut
2818 1652 2848 1689 a
2881 1634 3034 1709 vobis
3069 1639 3513 1709 ,adverterentur,
3552 1648 3782 1709 propter

2187 1703 2543 1778 quorumdam
2565 1704 2650 1758 vel
2671 1704 2932 1778 minorem
2952 1706 3378 1775 intelligentiam,
3402 1710 3489 1764 vel
3509 1703 3777 1778 majorem

2190 1771 2611 1848 negligentiam:
2653 1782 2712 1827 ut
2732 1777 2929 1848 sciatis
2967 1792 3076 1831 non
3108 1771 3301 1848 solum
3348 1780 3475 1848 quid
3522 1771 3778 1843 audistis,

2190 1843 2286 1916 sed
2315 1840 2476 1916 etiam
2499 1841 2568 1898 de
2596 1856 2701 1912 qua
2727 1844 3004 1914 Scriptura
3034 1846 3186 1901 vobis
3208 1840 3402 1911 legitur
3435 1850 3578 1916 quod
3621 1840 3781 1903 audi;

2189 1911 2307 1987 s_t_is.
2336 1909 2627 1987 Videamus
2652 1927 2781 1982 ergo
2818 1909 2965 1987 quod
2999 1916 3155 1987 nobis
3202 1909 3284 1971 ad
3310 1909 3635 1987 loquendum
3672 1921 3780 1973 ho-

2190 1980 2377 2034 dierna
2409 1980 2641 2037 lectione
2669 1980 3006 2056 proponitur.
3030 1986 3150 2053 Ipsa
3172 1980 3564 2056 quippe'lectio
3593 1989 3782 2043 admo-

2189 2058 2282 2127 net
2304 2066 2425 2117 nos,
2458 2058 2514 2105 et
2537 2055 2937 2127 quodaminodo
2964 2055 3205 2127 loquitur
3243 2055 3419 2119 nobis,
3468 2067 3528 2112 ut
3570 2057 3779 2127 aliquid

2188 2118 2462 2198 dicamns_._
2480 2118 2932 2198 quemadmodum
2961 2118 3239 2191 Dominus,
3278 2131 3369 2198 qui
3401 2118 3455 2181 in
3484 2143 3548 2198 ea
3578 2118 3779 2197 corpo-

2188 2188 2264 2261 ris
2308 2188 2578 2261 soliditate
2614 2194 2925 2261 resurrexit,
2969 2204 3029 2248 ut
3075 2211 3183 2251 non
3226 2188 3405 2251 solum
3446 2188 3720 2252 videretur
3746 2213 3780 2252 a

2189 2258 2486 2338 discipulis,
2515 2262 2612 2338 sed
2638 2264 2813 2338 etiam
2830 2258 3162 2338 tangeretur,
3201 2267 3441 2338 potuerit
3468 2266 3574 2321 illis
3601 2282 3778 2338 appa-

2189 2344 2312 2383 rere
2341 2330 2494 2384 ostiis
2520 2332 2737 2388 clausis.
2770 2330 3019 2388 Nonnulli
3049 2330 3294 2392 eniin'de
3334 2338 3444 2392 hac
3469 2352 3529 2391 re
3557 2330 3782 2392 ita-tito-

2192 2406 2403 2471 ventur,
2418 2408 2497 2471 Aut,
2517 2415 2656 2469 pene
2683 2404 3071 2471 periclitentur,
3111 2404 3399 2461 atterentes
3442 2415 3633 2462 contra
3673 2409 3781 2462 ιιιί⁴

2188 2469 2384 2540 racula
2399 2469 2575 2525 divina
2597 2469 2900 2540 pnejudicia
2930 2475 3401 2531 ratiocinationem
3421 2492 3662 2531 suarum.
3686 2477 3781 2533 Sic

2191 2539 2337 2613 enim
2359 2539 2667 2613 disputant:
2693 2543 2750 2597 Si
2770 2557 2969 2613 corpus
2994 2552 3132 2607 erat,
3158 2546 3202 2599 si
3224 2560 3354 2600 caro
3376 2554 3434 2600 et
3454 2561 3576 2600 ossa
3599 2557 3781 2613 erant,

2191 2609 2236 2663 si
2260 2607 2367 2663 hoc
2393 2607 2691 2685 resurrexit
2714 2613 2781 2667 de
2805 2607 3055 2685 sepulcro
3074 2616 3219 2683 quod
3240 2615 3498 2685 pependit
3524 2618 3578 2670 in
3607 2607 3779 2684 ligno,

2188 2680 2463 2755 quomon
2483 2694 2579 2748 per
2593 2681 2773 2755 clansa
2791 2680 3144 2755 ostiajntrare
3157 2680 3331 2754 potuit
3345 2686 3368 2739 ’ἒ
3380 2684 3437 2739 Si
3454 2700 3562 2740 non
3578 2680 3781 2755 poiuit,

2189 2750 2392 2838 dicunt,
2413 2749 2649 2838 Ιιβοιινεξδι
2676 2751 2896 2838 laetum.
2909 2752 2965 2807 Si
2982 2749 3664 2838 potuitiquomodOpotnit
3678 2760 3703 2836 ’ζ
3719 2749 3782 2810 Si

2189 2818 2599 2889 comprehendis
2619 2818 2742 2875 mod
2754 2836 2859 2889 .zm,
2878 2818 2997 2878 non'
3012 2832 3095 2877 est
3118 2818 3456 2879 miraculum.
3475 2818 3541 2878 Et
3561 2826 3607 2880 si
3625 2827 3784 2880 mira-

2189 2886 2370 2966 culum
2388 2889 2480 2942 tibi
2498 2905 2607 2943 non
2622 2886 2854 2966 videtur,
2871 2894 3200 2966 propinquas
3222 2901 3466 2966 utneges
3487 2896 3616 2966 quia
3629 2906 3688 2949 et
3710 2896 3784 2951 de

2189 2959 2441 3030 sepulcro
2470 2961 2785 3030 resurrexit.
2818 2959 3049 3030 Respice
3080 2959 3158 3017 ab
3186 2964 3343 3019 initio
3375 2959 3645 3020 miracula
3675 2966 3787 3021 Do-

2188 3028 2321 3080 mini
2353 3028 2447 3100 tni,
2470 3036 2525 3081 et
2553 3029 2715 3100 redde
2742 3031 2875 3087 mihi
2895 3028 2963 3086 de
2988 3032 3210 3100 singulis
3234 3035 3522 3089 rationem.
3547 3034 3645 3089 Vir
3669 3050 3784 3093 mn

2189 3098 2436 3173 aecessit,
2463 3106 2531 3173 et_
2546 3098 2697 3173 virgo
2716 3102 2982 3170 concepit.
3010 3098 3478 3173 Redderationem
3502 3106 3783 3173 quomodo

503 3167 802 3250 laborabat,
835 3183 889 3227 et
917 3189 1039 3250 cum
1061 3167 1604 3250 Adix_i_sset__l)ominus,
1632 3172 1759 3238 Quis
1781 3192 1862 3250 me
1881 3167 2088 3246 tEIigit?
2112 3188 2158 3250 ς
2191 3167 2309 3250 give
2330 3167 2570 3250 meseulo
2596 3172 2748 3250 vir-go
2773 3167 3130 3250 conceperit?
3151 3171 3276 3250 _Uhi
3314 3167 3593 3250 defecerit‘
3612 3176 3779 3250 ratio,

501 3242 899 3315 responderunt
939 3243 1251 3315 discipuli},
1282 3241 1468 3315 Turba:
1510 3254 1572 3315 re
1612 3241 1991 3315 comprimunt,
2035 3254 2086 3300 et

499 3311 648 3387 eicis,
692 3312 821 3387 Quir
844 3331 925 3368 me
957 3311 1155 3387 tetigit?
1190 3313 1324 3387 Dicit
1367 3314 1469 3387 eis,
1507 3312 1696 3385 Tetigit
1874 3311 2082 3387 ntiquis.

500 3381 614 3454 Ego
645 3384 752 3437 scio
774 3383 1011 3438 virtutem
1032 3381 1096 3437 de
1123 3400 1204 3437 me
1228 3385 1396 3437 exisse
1416 3382 1568 3453 (Luc.
1596 3381 1709 3450 vi",
1743 3384 1856 3454 45).
1886 3381 2084 3454 ΕιῚΙΙί,

504 3449 1004 3523 Tantaminquiunt,
1036 3454 1203 3508 turba:
1228 3464 1280 3508 te
1305 3449 1688 3523 comprimunt,
1720 3464 1775 3509 et
1793 3449 1953 3509 unam
1970 3449 2090 3511 seni-

499 3522 651 3578 sisti?
706 3522 892 3595 Tetigit
937 3541 1016 3578 me
1064 3525 1269 3596 aliquis.
1320 3522 1607 3596 Quidvest,
1648 3526 1812 3596 tetigit
1856 3527 1972 3580 me?
2005 3526 2086 3581 Illi

500 3602 768 3661 premunt,
794 3591 894 3649 iSta
933 3595 1125 3663 tetigit.
1150 3591 1337 3647 'Judmi
1386 3591 1650 3662 allligunt,
1682 3591 1921 3651 Ecclesia
1966 3611 2088 3653 crc-

497 3665 650 3734 didit.
682 3663 987 3720 Secundum
1010 3666 1152 3719 hunc
1182 3664 1521 3718 intellectum.
1554 3680 1663 3734 quo
1711 3667 1942 3722 vidimus
1970 3683 2087 3721 mu-

499 3733 686 3789 lierem
739 3744 796 3789 ut
841 3747 1122 3790 sanaretur
1171 3734 1427 3802 tetigisse.
1461 3733 1606 3802 quod
1647 3743 1731 3791 est
1768 3737 2082 3801 credidisse,

496 3805 789 3859 secundum
821 3806 925 3860 hoc
952 3806 1150 3860 dictum
1179 3814 1267 3860 est
1311 3805 1377 3858 ad
1406 3804 1646 3869 Mariam,
1693 3804 1822 3861 Noli
1861 3824 1943 3861 me
1972 3819 2088 3861 tan-

410 3873 427 3890 '
496 3892 635 3945 gere.
669 3876 985 3942 Ascendam,
1007 3884 1064 3929 et
1092 3883 1268 3944 tange.
1311 3873 1638 3945 Tuncenim
1681 3882 1843 3945 tange
1870 3879 2086 3945 quando

495 3944 836 4012 cognoveris,
888 3946 952 4000 In
1009 3947 1263 4016 principio
1309 3954 1419 3999 erat
1478 3944 1718 4016 Yerbum,
1765 3944 1815 4001 et
1865 3944 2087 4003 Verbum

495 4022 610 4089 erat
646 4016 784 4089 apud
806 4014 1016 4089 Deum,
1039 4025 1087 4069 et
1130 4014 1270 4089 Deus
1307 4025 1420 4089 ernt
1477 4014 1903 4089 Verbnm_t.lonn.
1937 4034 1971 4079 ι,
2006 4019 2083 4089 1).

496 4082 602 4138 Sed
633 4085 761 4151 quia
804 4085 1075 4139 hominem
1114 4087 1289 4140 solum
1330 4085 1503 4151 vides,
1535 4087 1660 4154 quia
1702 4087 1923 4141 Verbum
1964 4082 2085 4143 caro

521 4156 694 4225 notum
731 4163 809 4225 est
857 4154 1045 4225 (lbid.,
1088 4153 1199 4221 14),
1247 4154 1475 4225 Verbum
1523 4153 1698 4225 selum
1756 4172 1861 4211 non
1913 4159 2083 4214 vides.

543 4223 633 4277 olo
672 4222 876 4277 credas
903 4224 955 4277 in
989 4238 1173 4289 carne,
1211 4231 1267 4277 et
1308 4222 1582 4290 relinquas
1632 4224 1885 4280 Verbum.
1918 4226 2086 4284 Totus

498 4292 593 4347 tibi
619 4291 868 4347 Christus
895 4301 1171 4375 appareat.
1220 4292 1360 4374 lioli,
1407 4295 1602 4415 incipit,
1636 4295 1797 4377 modo
1842 4306 2083 4378 tangere,

498 4363 622 4415 uuia
668 4363 904 4415 nondum
951 4364 1102 4415 Vides
1148 4379 1269 4415 atus
1309 4378 1450 4415 sum.
1528 4366 1877 4415 cclesna‘ertm
1909 4371 2083 4415 (cunni

494 4363 622 4484 quia
668 4363 904 4417 nomium
932 4362 1102 4418 vides
1148 4363 1269 4433 quis
1309 4378 1450 4418 sum.
1481 4362 1729 4419 Ecclesia
1748 4379 1877 4434 ergo
1909 4362 2087 4434 (cujus

531 4448 715 4484 auram
756 4432 920 4484 Maria
956 4435 1199 4484 nerehati
1234 4433 1417 4484 audiat
1454 4434 1849 4484 nuodandivit
1895 4436 2080 4484 Maria-

531 4448 715 4504 guram
756 4432 920 4489 Maria
956 4432 1199 4504 gerebat)
1234 4433 1417 4488 audiat
1454 4432 1849 4504 quodtaudivit
1894 4432 2080 4492 Maria.

496 4502 799 4573 Tangamus
825 4502 1032 4569 omnes,
1058 4506 1102 4559 si
1125 4502 1430 4559 credamus.
1461 4503 1581 4558 Jam
1622 4502 1861 4561 ascendit
1881 4510 1951 4561 ad
1981 4510 2083 4561 l’a-

496 4553 1451 4639 {rasissetsalignas};sane,
1465 4553 2082 4633 ἒᾘὶἱηῐὲῑιῖιῗῐιόἱῖιόάἷθ
2112 4553 2160 4612 Ι)

495 4654 606 4699 tota
636 4644 892 4700 Ecclesia.
924 4645 1037 4701 lloc
1059 4646 1280 4700 audiant
1307 4646 1773 4715 quibaptizantur
1799 4665 1811 4701 :
1845 4648 1950 4703 hoc
1983 4663 2080 4701 au-

493 4715 640 4787 diant
671 4724 958 4787 antequam
992 4716 1352 4787 haptizentur.
1389 4714 1615 4783 Quando
1653 4732 1783 4786 ergo
1828 4717 2079 4783 credunt,

497 4784 671 4856 Maria
689 4784 858 4855 tangit
882 4784 1173 4843 Christum.
1206 4786 1519 4842 Intellectus
1548 4784 1828 4856 obscurus,
1866 4790 1961 4843 sed
1991 4804 2081 4843 sa-

492 4870 613 4926 nus,
646 4854 746 4926 fide
776 4857 1008 4925 pulsanti
1036 4865 1274 4926 apertus.
1301 4856 1419 4926 Ipse
1445 4869 1575 4925 ergo
1596 4854 1855 4912 Dominus
1895 4868 2080 4914 noster

491 4922 648 4995 {esus
672 4922 936 4991 Christus,
970 4936 1026 4981 et
1049 4922 1121 4981 ibi
1149 4939 1254 4995 est,
1289 4922 1346 4982 ei
1392 4922 1670 4981 nobiscum
1717 4936 1819 4993 est,
1863 4938 1917 4983 et
1955 4944 2077 4984 cum

495 4992 654 5051 Patre
683 5004 784 5061 est,
813 5006 868 5050 et
895 4999 949 5052 in
981 4998 1136 5053 nobis
1163 4992 1265 5062 est,
1307 5005 1362 5051 et
1388 4997 1457 5051 ab
1486 4996 1580 5051 illo
1624 5012 1732 5051 non
1773 4998 1993 5059 recedit,
2025 5005 2081 5053 et

391 5130 397 5136 _
495 5080 602 5119 non
633 5082 732 5121 nos
758 5067 976 5131 deserit,
1009 5076 1064 5122 et
1089 5083 1247 5123 orare
1271 5083 1370 5121 nos
1393 5066 1583 5131 docet,
1631 5075 1694 5120 ut
1722 5069 1998 5136 magister.
2026 5077 2083 5123 et

492 5150 615 5190 eum
640 5136 798 5192 Patre
820 5139 1064 5205 exaudit,
1096 5146 1156 5192 ut
1184 5137 1369 5192 Filius.

1077 5274 1307 5330 SERMO
1344 5276 1478 5333 XL‘.

965 5363 1039 5421 De
1064 5366 1151 5420 die
1176 5369 1352 5440 quinto
1376 5367 1615 5424 Pascha.

567 5471 1035 5532 Resurrectionem
1063 5477 1274 5535 Domini
1304 5480 1474 5535 nostri
1503 5478 1632 5535 Iesu
1659 5478 1858 5534 Christi
1891 5493 2080 5533 secuno

495 5540 622 5619 dum
650 5546 933 5603 veritatem
953 5557 1188 5617 quatuor
1214 5551 1666 5619 evangelistarum
1696 5551 1950 5606 hesterno
1990 5548 2081 5602 die

496 5611 736 5667 videmus
761 5631 881 5673 esse
918 5611 1266 5690 completam.
1298 5611 1480 5675 Primo
1522 5622 1666 5676 enim
1694 5620 1783 5675 die
1819 5620 1957 5674 lecta
1995 5627 2079 5703 est

569 5745 909 5823 .j‘usttslinq
943 5752 1203 5823 ascriptus
1239 5752 1291 5806 in
1340 5768 1439 5823 ius.
1495 5752 1595 5808 PP.
1641 5752 2074 5809 Cisterciensium

495 5813 554 5873 S.
588 5813 775 5872 Crucis
802 5819 853 5873 in
882 5813 1176 5876 Jerusalem
1201 5824 1254 5876 in
1278 5822 1431 5879 urbe.

2190 3235 2264 3289 ibi
2287 3243 2368 3290 est
2398 3235 2520 3290 liiei
2558 3235 2862 3294 tedilicatio.
2894 3235 3034 3296 Ecce
3076 3242 3245 3297 habes
3267 3259 3430 3305 unum
3471 3246 3525 3299 in
3559 3235 3782 3299 Domini

2188 3313 2453 3384 conceptu
2477 3306 2674 3384 (alain
2705 3326 2812 3365 uno
2833 3308 2947 3384 Deo
2975 3316 3262 3384 concepto)
3294 3314 3628 3382 miraculum,
3651 3316 3782 3370 audi

2188 3383 2244 3455 et
2265 3375 2318 3430 in
2348 3375 2524 3455 partu.
2557 3377 2720 3447 Virgo
2750 3383 2976 3450 peperit,
3025 3390 3082 3436 et
3108 3375 3260 3451 virgo
3307 3375 3624 3455 permansit.
3652 3385 3782 3440 Jam

2188 3453 2315 3501 tunc
2344 3447 2601 3523 Dominus
2629 3447 2919 3523 antequam
2951 3447 3254 3523 resurgeret
3281 3447 3381 3523 p'er
3422 3456 3594 3509 clausa
3627 3457 3776 3510 ostia

2190 3526 2345 3593 natus
2370 3526 2475 3593 est.
2500 3517 2710 3593 Quaeris
2732 3517 2899 3583 aine,
2931 3532 2986 3576 et
3011 3517 3181 3593 dicis:
3205 3522 3261 3593 Si
3282 3517 3389 3593 'per
3419 3525 3594 3580 clausa
3625 3526 3777 3580 ostia

2189 3584 2428 3665 hrtravit,
2461 3588 2550 3665 ubi
2580 3597 2661 3643 est
2688 3594 2933 3665 corporis
2959 3591 3183 3665 modus?
3205 3592 3272 3665 Et
3294 3584 3405 3665 ego
3426 3596 3728 3665 respondeo
3755 3613 3773 3650 :

2188 3654 2245 3710 Si
2270 3672 2432 3734 super
2460 3654 2932 3734 g_al,,_pe‘r)_l_nare_
2953 3662 3269 3730 ambulavit,
3300 3654 3389 3719 ubi
3410 3674 3491 3719 est
3514 3654 3783 3734 corporis

2224 3728 2433 3781 ondus?
2456 3728 2563 3783 Sed
2594 3729 2721 3783 fecit
2748 3730 2875 3784 illud
2903 3731 3162 3786 Dominus
3193 3728 3448 3792 tanquam
3488 3728 3778 3792 Dominus.

2220 3796 2437 3869 iunquid
2463 3812 2594 3869 ergo
2619 3798 2743 3866 quia
2775 3803 3088 3863 resurrexit,
3119 3803 3277 3856 desiit
3295 3796 3435 3869 (ms.,
3462 3821 3653 3858 cum...
3680 3807 3783 3862 de-

2187 3868 2345 3942 s_titit)
2381 3882 2500 3942 es_se
2525 3868 2822 3942 Dominus,
2869 3872 2961 3938 qui
2991 3874 3117 3939 (eL,
3148 3868 3493 3942 Quid'quOd,
3542 3883 3676 3937 etc.)
3722 3890 3784 3931 et

2188 3936 2407 4008 Petrum
2436 3938 2564 3992 fecit
2605 3954 2769 4007 super
2796 3936 2949 3995 mare
2974 3936 3285 3996 ambulare?
3313 3936 3464 4008 Quod
3481 3936 3543 3998 in
3575 3936 3667 3999 illo
3695 3947 3785 4001 di-

2186 4007 2385 4085 vinitas
2411 4009 2608 4085 potuit“,
2656 4009 2708 4062 in
2743 4010 2846 4064 isto
2877 4008 3028 4085 fidis
3050 4012 3456 4085 implevit.HSel
3503 4014 3782 4085 Christus,

2187 4077 2311 4147 quia
2343 4076 2539 4156 potuit,
2562 4076 2773 4144 Petrus,
2811 4081 2943 4156 quia
2970 4076 3217 4136 Christus
3263 4083 3488 4156 adjuvit.
3533 4083 3590 4139 Si
3642 4076 3782 4156 ει·εό

2189 4147 2420 4219 carperis
2461 4148 2581 4219 (ms.
2639 4147 2875 4218 coneris)
2919 4152 3157 4207 humano
3195 4147 3356 4208 sensu
3392 4147 3795 4215 miraculoru'm

2186 4217 2772 4291 discutere‘rationem,
2810 4217 2976 4275 timeo
3012 4227 3081 4275 ne
3121 4226 3316 4291 perdas
3361 4225 3542 4279 tidem.
3589 4225 3781 4283 Nescis

2188 4286 2698 4363 nihilimpossibile
2727 4305 2870 4363 esse
2915 4291 3064 4363 Deo?
3123 4286 3439 4363 Quicunque
3493 4309 3623 4363 ergo
3680 4299 3781 4353 tibi

2185 4355 2407 4422 dixerit,
2457 4356 2513 4411 Si
2544 4358 2766 4429 intravit
2793 4374 2889 4429 per
2914 4362 3052 4416 ostia
3101 4355 3307 4429 clausa,
3340 4355 3446 4418 non
3485 4355 3603 4418 erat
3646 4383 3779 4422 cor-

2189 4442 2310 4496 pus,
2361 4428 2629 4496 responde
2643 4429 2734 4505 _illi
2761 4428 2818 4485 et
2840 4439 2895 4505 tu
2918 4434 3247 4505 econtrario,
3280 4428 3389 4488 imo
3416 4435 3462 4489 si
3480 4443 3653 4490 tactus
3666 4446 3779 4505 est,

2187 4506 2566 4571 certius-erat;
2612 4499 2679 4571 si
2692 4500 3060 4571 mtgnducavit,
3117 4517 3316 4571 corpus
3360 4514 3505 4570 erat;
3553 4516 3611 4560 et
3645 4499 3782 4563 fecit

2187 4567 2319 4621 illud
2347 4568 2626 4633 miraculo,
2653 4569 2781 4624 illud
2813 4580 3022 4625 natura.
3063 4567 3256 4626 Nonne
3301 4567 3645 4630 admirandus
3694 4587 3784 4633 est

2186 4638 2529 4711 quotidianus
2543 4643 2784 4711 cursusf'
2801 4642 2824 4694 ’ἒ
2844 4639 2976 4711 Ipsm
3005 4651 3211 4697 natm-te
3232 4644 3482 4699 omnibus
3503 4647 3782 4702 miraculis

2185 4709 2363 4778 plena:
2382 4718 2525 4771 sunt,
2540 4710 2633 4763 sed
2648 4709 2962 4766 assiduitate
2974 4712 3455 4769 viluerunt.Redde
3467 4717 3596 4769 mihi
3618 4720 3785 4774 ratio-

2186 4794 2339 4841 nem;
2373 4778 2573 4848 aliquid
2608 4780 2879 4848 interrogo
2900 4781 2967 4836 de
2987 4785 3262 4838 consuetis
3288 4792 3345 4838 et
3370 4785 3558 4840 solitis.
3591 4785 3782 4843 Redde

2183 4849 2783 4921 mihirationem,quare
2797 4860 2905 4904 tam
2923 4866 3128 4921 magnae
3142 4854 3351 4910 arboris
3365 4854 3449 4910 ﬁci
3465 4871 3650 4911 semen
3664 4868 3781 4913 tam

2183 4920 2457 4992 modicum
2481 4929 2581 4985 est,
2614 4929 2672 4992 ut
2691 4921 2858 4974 videri
2882 4920 3053 4992 possit
3080 4924 3198 4985 vix;
3246 4934 3303 4979 et
3331 4925 3548 4980 humilis
3570 4942 3779 4984 cucur-

2184 4990 2297 5044 bita
2322 4998 2454 5065 _tam
2502 4991 2707 5065 grande
2746 4990 2931 5065 semen
2978 4995 3158 5064 parit?
3194 4994 3252 5065 in
3291 4994 3384 5050 illo
3414 5003 3593 5051 tamen
3626 5003 3777 5065 (tum,

2186 5060 2339 5127 ergo)
2368 5073 2537 5128 grano
2566 5061 2787 5115 seminis
2815 5060 3009 5129 exiguo
3042 5066 3128 5117 vix
3158 5063 3353 5119 visibili
3387 5066 3433 5119 si
3462 5060 3782 5123 consideres

2186 5134 2386 5204 animo,
2414 5145 2520 5183 non
2542 5132 2722 5204 oculo,
2756 5130 2921 5204 inilla
2943 5133 3257 5201 exiguitate,
3288 5135 3393 5190 illis
3414 5138 3699 5204 angustiis,
3724 5147 3783 5192 et

2186 5200 2333 5254 radix
2361 5202 2512 5263 latet,
2536 5209 2592 5254 et
2616 5201 2784 5254 robur
2810 5202 3073 5256 inccrtmn
3103 5212 3205 5267 est,
3237 5200 3293 5259 et
3321 5205 3446 5259 folia
3477 5200 3655 5261 futura
3680 5200 3782 5262 oc-

2194 5270 2496 5347 ~‘Jta_sunt,_
2520 5278 2576 5323 et
2604 5268 2804 5339 fructus
2830 5272 2922 5347 qui
2953 5274 3231 5347 apparebit
3259 5279 3406 5345 (ms.,
3435 5276 3560 5344 quia
3596 5279 3782 5347 paret)

2183 5340 2460 5414 iesrbore
2478 5340 2588 5407 jam
2618 5351 2699 5395 est
2728 5340 3041 5414 praemissus
3063 5345 3182 5411 (aL,
3218 5340 3536 5414 promissus)
3581 5340 3637 5401 in
3689 5340 3785 5403 sel

2189 5410 2350 5486 mine.
2384 5409 2501 5464 Non
2527 5409 2772 5486 opusest
2799 5413 2965 5486 multa
2988 5409 3325 5486 percurrere.
3352 5416 3424 5470 De
3452 5409 3784 5486 quotidianis

2189 5481 2352 5553 rebus
2371 5494 2530 5553 nemo
2556 5480 2746 5553 reddet
2764 5480 3067 5553 rationein;
3107 5491 3163 5537 et
3189 5484 3363 5553 exigis
3400 5500 3429 5539 a
3457 5480 3545 5539 [ne
3580 5486 3649 5540 de
3677 5490 3795 5553 mi-,

2191 5551 2384 5605 raculis
2431 5550 2726 5623 rationem?
2763 5546 3112 5623 Erangelium
3159 5546 3461 5623 ergo'lege,
3510 5564 3566 5610 et
3609 5546 3799 5611 σεὐεῖ

2188 5622 2327 5675 tacta
2352 5634 2470 5689 qua:
2498 5622 2631 5675 mira
2662 5630 2804 5675 sunt.
2824 5620 2950 5676 Plus
2968 5632 3053 5677 est
3076 5620 3555 5694 quod—fecit'Deus,
3583 5633 3641 5678 et
3666 5640 3783 5680 non

2262 5751 2298 5767 “
2324 5749 2444 5815 Ms.,
2477 5766 2652 5805 rursus
2690 5752 2799 5820 ipse
2828 5760 3047 5805 natura.
3085 5751 3277 5807 Omnia
3320 5753 3583 5808 miraculis
3611 5754 3775 5825 plen

2188 5837 2277 5874 ιωι
2285 5830 2319 5872 Ι.
