4168 6348
342 404 455 460 969

1777 399 2009 464 Smne
2048 393 2203 463 XLV.

3525 409 3629 465 910

346 524 670 598 hlagdaleiuc
698 525 994 598 surrexisse
1022 539 1052 579 a
1082 506 1307 598 nlortui‘s
1332 515 1739 598 monstraretur.
1774 523 1929 598 Quod
1960 534 2008 589 Α
2034 529 2304 597 conspicis
2330 529 2659 598 gradientem
2690 573 2704 596 ,
2748 532 2840 585 sed
2873 534 3030 598 tange
3062 544 3146 584 me
3174 546 3296 586 cum
3329 531 3627 585 ascendero

345 591 474 650 vero
496 593 711 661 utrique
734 592 907 662 angeli
928 594 993 648 ad
1014 603 1175 664 caput
1194 591 1467 662 pedesque
1490 594 1769 660 sedebant,
1794 596 1933 649 unde

343 667 449 733 jam
476 665 735 719 Dominus
755 672 1063 718 surrexerat
1082 666 1342 719 suscitato
1366 680 1593 733 corpore
1615 666 1765 718 vi‘vus
1784 708 1797 729 ,
1830 666 1933 719 hoc

344 735 532 805 procul
559 734 1071 805 dubio_ligurabant
1091 773 1108 798 ,
1159 735 1283 803 quia
1320 736 1388 787 ab
1418 735 1638 789 Uriente
1666 751 1834 804 usque
1865 736 1933 789 ad

342 802 689 862 Occidentem
719 802 917 858 Christi
957 802 1282 858 resurrectio
1311 806 1597 873 pncdicata
1623 844 1636 867 ,
1678 802 1933 873 tauquam

344 893 374 931 a
402 876 777 945 capite_usque
798 874 865 928 ad
887 875 1051 942 pedes
1080 876 1383 945 universum
1416 874 1601 945 orbem
1633 873 1806 945 fuerat
1835 875 1935 928 im-

383 942 569 999 letura.
587 943 777 998 Dicunt
793 954 972 998 autem
985 946 1033 999 ei
1054 962 1065 996 :
1085 942 1292 1010 Mulier,
1314 943 1437 1013 quid
1450 946 1627 1013 ploras
1643 943 1695 1012 (1
1702 962 1818 996 nari.
1843 961 1933 1011 xv,

378 1015 415 1069 5
434 1016 493 1083 )?
540 1015 615 1068 De
642 1013 782 1068 malo
820 1014 1207 1069 descendentes
1236 1017 1460 1068 stolatos
1489 1015 1708 1082 angelos
1736 1017 1931 1078 cernis,

345 1095 401 1141 et
420 1084 594 1140 adhuc
616 1083 858 1138 femineis
881 1085 1129 1154 lacrvmis
1149 1084 1467 1154 occuparis?
1492 1084 1697 1147 Statue,
1723 1085 1934 1150 mulier,

344 1163 522 1209 statue
543 1154 726 1225 vacuis
747 1154 969 1225 limitem
998 1152 1228 1209 lletilms.
1259 1152 1376 1225 Jam
1404 1153 1592 1225 delete
1616 1164 1741 1225 sunt
1765 1155 1937 1225 lacry-

346 1239 448 1279 ma:
474 1224 541 1279 ab
569 1224 738 1279 oculis
767 1224 1103 1285 miscrorum,
1133 1224 1255 1293 quia
1285 1224 1473 1277 solutis
1500 1224 1789 1290 gemitibus
1820 1224 1937 1278 vin-

346 1296 589 1350 culorum
618 1336 634 1361 ,
683 1294 1042 1362 triumphator
1086 1294 1324 1347 a~ccndit
1373 1294 1425 1346 iu
1474 1294 1638 1347 altum
1678 1293 1936 1349 Dominus

346 1365 661 1431 angelorum
697 1380 711 1416 :
743 1364 988 1417 Ascendit
1017 1365 1159 1417 enim
1192 1365 1244 1416 in
1275 1364 1436 1416 altum
1455 1405 1469 1427 ,
1502 1365 1757 1433 captivum
1788 1364 1935 1418 duxit

347 1436 691 1503 captivitatem
716 1475 732 1501 ,
778 1435 918 1486 dedit
962 1434 1096 1487 dona
1137 1433 1427 1486 horninibus
1478 1432 1706 1502 (Ephes.
1740 1450 1808 1494 tv,
1844 1434 1932 1497 8).

348 1505 518 1559 Dicite
547 1504 695 1561 mihi.
728 1520 763 1556 o
793 1504 953 1565 beati,
985 1519 1121 1574 quos
1140 1519 1340 1574 cerno,
1368 1513 1422 1574 et
1450 1504 1537 1571 qui
1570 1519 1689 1559 esse
1718 1504 1936 1574 possitis

347 1575 555 1643 ignoro.
572 1574 753 1644 Dicite
776 1573 1037 1643 (inquam)
1061 1573 1213 1639 mihi,
1243 1573 1612 1644 consolatores
1634 1573 1777 1638 boni,
1803 1590 1937 1644 quo-

346 1643 507 1698 modo
527 1643 741 1713 plorare
762 1660 868 1697 non
893 1642 1084 1712 potero
1111 1651 1258 1697 tanto
1280 1642 1406 1696 mihi
1434 1643 1613 1697 ablato
1638 1642 1894 1713 magistro
1918 1686 1933 1711 ,

348 1714 501 1782 cujus
527 1723 807 1782 aspectum
838 1713 1016 1765 videre
1045 1713 1289 1767 desidero
1308 1754 1322 1778 ,
1356 1721 1412 1766 et
1451 1728 1551 1767 nec
1586 1714 1817 1768 cadaver
1845 1730 1933 1767 se-

349 1785 557 1865 pultum
581 1784 843 1865 invenio?
889 1782 1145 1865 Quisnam
1172 1783 1401 1865 isteoest
1441 1783 1810 1865 adversarius,
1842 1783 1934 1853 qui

348 1852 421 1907 ita
453 1854 654 1907 invidet
683 1852 840 1915 mihi,
870 1862 929 1907 ut
953 1852 1141 1922 jacens
1172 1852 1377 1922 Domini
1404 1854 1712 1908 venerabile
1740 1852 1936 1922 corpus

349 1923 491 1977 furto
536 1934 826 1993 conaretur
872 1921 1141 1993 auferre?_
1175 1921 1290 1975 Non
1339 1923 1534 1993 sufficit
1581 1924 1725 1993 quod
1772 1921 1937 1979 Judas

348 1993 624 2056 vendidit,
662 1991 874 2046 Iudaeus
899 1992 1029 2047 emit
1057 2033 1072 2058 ,
1114 1990 1316 2046 Pilatus
1344 1990 1653 2058 damnavit,
1702 1994 1855 2049 miles
1885 1996 1939 2049 in

349 2063 495 2133 ligno
518 2062 811 2133 trabalibus
831 2063 1142 2133 perforavit,
1165 2070 1432 2133 mortuum
1453 2065 1681 2133 aspexit,
1703 2073 1758 2118 et
1779 2073 1938 2119 acuto

348 2130 607 2188 niuerone
628 2130 930 2186 transﬁxit?
961 2131 1202 2203 Parvane
1224 2133 1321 2186 ista
1348 2130 1580 2196 fuerunt,
1602 2150 1721 2203 quae
1742 2136 1793 2188 in
1817 2149 1937 2188 meo

350 2203 581 2259 Domino
602 2245 616 2268 ,
654 2203 779 2256 dum
810 2203 983 2256 adhuc
1011 2202 1316 2272 perviveret
1337 2244 1351 2265 ,
1390 2212 1446 2256 et
1471 2202 1718 2271 spiritum
1748 2205 1940 2258 volun-

350 2275 485 2327 tarie
512 2282 700 2344 postea
731 2272 1022 2344 emitteret,
1054 2287 1083 2324 a
1109 2273 1382 2344 sacrilegis
1408 2272 1615 2344 funesta
1652 2274 1936 2329 commissa

349 2352 493 2398 sunt.
518 2342 748 2410 'Figitur
794 2343 1035 2411 patibulo
1081 2342 1265 2401 vivus,
1297 2350 1352 2397 et
1389 2342 1595 2410 rapitur
1624 2345 1692 2400 de
1730 2345 1937 2397 tumulo

356 2414 638 2484 mortuus?
696 2410 1071 2484 Ad_’solatium
1120 2421 1360 2484 nostrum
1406 2412 1694 2484 divesille
1737 2410 1937 2484 Joseph

351 2483 675 2553 pustulatum
707 2498 738 2536 a
768 2479 939 2553 Pilato
985 2481 1682 2553 sepultumsmandandum
1741 2479 1932 2553 corpus

350 2550 576 2622 accepit.
600 2551 906 2622 diligentius
928 2552 980 2605 in
1002 2550 1103 2605 hac
1126 2550 1313 2605 tumuli
1344 2551 1500 2606 theca
1519 2553 1755 2608 condivit
1785 2550 1927 2621 (Luc.

351 2619 512 2688 xxni,
543 2619 653 2692 55).
697 2619 903 2692 Sepulti
942 2622 1185 2692 corporis
1227 2623 1526 2692 notavimus
1555 2622 1731 2677 locum
1757 2664 1771 2687 ,
1796 2619 1938 2677 Varo.‘

350 2703 495 2746 mata
525 2690 963 2763 prcharaVimus,
997 2700 1051 2745 ut
1083 2690 1330 2746 Doctoris
1359 2692 1526 2745 noStri
1579 2694 1662 2763 vel
1691 2694 1940 2748 exanime

349 2759 547 2832 corpus
568 2759 851 2830 augentes,
869 2761 1119 2816 ardorem
1129 2763 1407 2816 aestuantis
1427 2762 1588 2815 animi
1616 2759 1935 2817 foveremus.

351 2831 417 2886 Et
448 2831 576 2888 ecce
603 2833 782 2887 subito
810 2848 932 2886 cum
962 2833 1107 2885 omni
1145 2832 1354 2887 cautela
1373 2870 1387 2893 ,
1421 2832 1644 2899 vigilans
1680 2841 1735 2886 et
1764 2833 1939 2901 inqui-

349 2918 495 2967 rens,
524 2903 779 2957 festinans
806 2901 1053 2969 advenio,
1077 2910 1132 2956 et
1159 2909 1565 2972 monumentum
1597 2917 1754 2957 mane
1780 2919 1938 2972 repe-

350 2972 452 3027 rio.
509 2972 601 3027 l-ke
644 2980 771 3027 sunt
811 2987 1053 3027 mearum
1103 2986 1223 3026 cum
1267 2971 1623 3026 amaritudine
1650 2971 1934 3037 viscerum,

350 3042 752 3098 decurrentium
772 3042 1123 3112 querimonia:
1144 3041 1520 3112 lacrymarum.
1548 3042 1819 3096 Attendite
1842 3043 1937 3096 do-

350 3112 520 3168 lorem
543 3128 744 3177 meum,
763 3111 1080 3181 perpendite
1104 3111 1365 3165 vulnerati
1395 3111 1573 3166 cordis
1593 3112 1860 3177 aculeum;
1884 3121 1940 3168 et

352 3182 554 3238 donate
580 3182 899 3263 lacrymansi
927 3181 1291 3263 dulcissimum
1343 3182 1811 3263 sermocinationis
1842 3199 1937 3236 no-

349 3264 475 3307 str-.2
504 3250 820 3320 remedium.
853 3251 1106 3306 'l‘ractate
1132 3250 1456 3319 diligentius,
1486 3266 1693 3320 quzcso,
1712 3260 1937 3308 tractale

349 3324 506 3393 quasi
543 3324 756 3392 patroni
795 3319 978 3393 ﬁdeles
1004 3321 1210 3393 serenis
1247 3321 1470 3393 auribus
1494 3319 1791 3393 intimatum
1820 3339 1938 3378 sus-

349 3391 521 3463 cepta:
541 3391 732 3463 vestra:
756 3392 945 3447 salutis
972 3392 1266 3463 negotium,
1290 3399 1345 3445 et
1373 3391 1440 3445 de
1460 3391 1778 3463 inveniendo
1801 3395 1936 3447 tanti
1965 3400 1984 3416 '

350 3461 589 3529 thesauri
628 3463 852 3533 pignore
883 3462 1334 3533 sapientissimum
1363 3461 1595 3533 praebete
1629 3462 1933 3533 tonsilium.

352 3533 498 3589 Bene
526 3531 902 3601 petis,Maria,
929 3533 1066 3587 bene
1095 3532 1307 3601 qumris,
1336 3533 1472 3586 bene
1502 3531 1700 3601 pulsas.
1750 3531 1937 3588 Nullus

352 3603 447 3659 tibi
497 3601 717 3658 abstulit
754 3602 1167 3673 quentquucris,
1200 3601 1315 3670 ipse
1340 3616 1400 3673 se
1423 3609 1692 3673 potestate
1719 3605 1935 3673 propria

351 3674 652 3728 suscitavit;
685 3669 818 3727 Dum
847 3669 1121 3742 nobiscum
1151 3669 1547 3742 loQucris,:cito
1575 3672 1679 3725 tuis
1706 3669 1935 3742 conspe-

352 3743 527 3798 ctibns
555 3743 835 3813 apparebit
866 3760 878 3794 :
912 3740 1013 3813 erit
1037 3741 1180 3795 enim
1212 3749 1385 3795 tecum
1418 3741 1673 3813 Dominus
1700 3740 1933 3811 semper,

351 3823 408 3869 et
434 3811 715 3869 satiaberis
742 3812 1030 3867 secundum
1060 3826 1178 3880 qua:
1201 3812 1509 3880 concupivit
1536 3811 1711 3865 anima
1743 3820 1853 3877 tua,
1882 3823 1938 3868 et

353 3900 474 3937 ossa
510 3893 597 3938 tua
630 3883 842 3953 pinguia
875 3880 1120 3953 liant,et
1145 3883 1247 3936 erit
1283 3897 1387 3953 c_or_
1409 3890 1555 3935 tuum
1585 3882 1723 3936 sicut
1748 3881 1936 3938 hortus

352 3953 552 4018 ebrius,
580 3949 644 4007 et'
661 3949 799 4008 sicut
824 3952 939 4006 fons
969 3951 1123 4020 cujus
1152 3967 1259 4020 non
1287 3949 1460 4006 delicit
1488 3966 1623 4020 aqua
1663 3967 1675 4003 :
1708 3953 1833 4020 quia
1863 3954 1935 4008 ita

352 4024 631 4078 oculorum
662 4031 873 4077 tuorum
916 4019 1059 4075 velut
1088 4019 1327 4076 candens
1368 4019 1547 4076 facula
1567 4019 1938 4090 vigilatJumi-

352 4108 485 4148 nosa
514 4093 743 4164 pupilla.)
769 4091 1046 4164 Recelunt
1073 4091 1243 4164 nuntii
1271 4091 1528 4164 divinitus
1556 4090 1845 4164 destinati,
1881 4101 1938 4148 et

354 4164 497 4218 illico
517 4160 1065 4233 'ap'paruitsDominus
1095 4162 1422 4233 uitiitiorum.
1472 4160 1657 4233 Cernit
1682 4171 1935 4233 stantem,

353 4244 410 4288 et
449 4228 745 4303 interrogat
777 4231 992 4303 ﬂentem
1035 4250 1049 4285 :
1092 4228 1318 4303 Mulier,
1357 4232 1479 4303 quid
1516 4232 1732 4302 ploras?
1776 4230 1937 4297 Quem

352 4304 578 4374 quieris?
637 4301 741 4357 Illa
779 4301 1082 4374 existimans
1119 4302 1239 4374 quia
1280 4301 1586 4374 hortulanus
1618 4313 1780 4374 esset,
1809 4304 1936 4357 dicit

351 4372 399 4427 ei
425 4390 442 4425 :
476 4373 722 4437 Domine,
752 4374 796 4425 si
826 4381 878 4424 tu
909 4372 1160 4442 sustulisti
1186 4387 1334 4442 eum,
1374 4372 1528 4428 dicito
1564 4374 1691 4427 mihi
1727 4372 1812 4427 ubi
1840 4391 1936 4442 po—

354 4445 499 4496 suisti
528 4460 665 4509 eum,
694 4452 741 4495 et
770 4459 863 4512 ego
891 4459 1005 4494 eum
1034 4441 1210 4496 tollam
1246 4440 1425 4510 (Joan.
1456 4458 1556 4507 xx,
1592 4442 1701 4512 15).
1743 4440 1936 4498 Consi-

349 4514 501 4574 dera,
534 4514 780 4572 ancero,
815 4512 897 4566 vel
929 4521 985 4565 tu
1014 4512 1244 4579 lugentis
1276 4512 1621 4565 conscientia!
1658 4514 1935 4581 gemitum,

349 4592 405 4636 et
437 4583 545 4637 noli
574 4582 853 4651 despicere
883 4582 987 4635 mei
1018 4582 1251 4651 pectoris
1271 4582 1585 4635 cruciatum.
1616 4581 1774 4636 Istius
1798 4584 1936 4636 horti

351 4663 403 4706 te
433 4653 700 4707 cultorem
729 4652 970 4705 adverto.
1020 4652 1303 4705 Dominum
1344 4666 1522 4705 meum
1551 4652 1604 4705 in
1635 4652 1737 4707 hoc
1776 4653 1935 4706 horto

347 4724 618 4790 sepultum
648 4721 880 4792 inquiro.
925 4720 1076 4775 Horti
1105 4721 1261 4790 hujus
1287 4728 1342 4792 tu
1372 4722 1518 4774 solus
1543 4735 1621 4783 es,
1654 4729 1709 4775 et
1736 4723 1931 4786 cultor,

349 4800 406 4846 et
431 4802 610 4847 custos
642 4811 655 4844 :
690 4790 803 4846 fieri
842 4806 947 4846 non
977 4799 1171 4860 potest,
1202 4790 1299 4845 nisi
1329 4800 1385 4843 ut
1414 4792 1527 4860 ipse
1556 4791 1686 4846 mihi
1713 4791 1936 4847 demon-

347 4871 489 4917 stres
535 4862 751 4917 ubinam
780 4861 1045 4915 inveniam
1068 4870 1229 4929 quem
1253 4860 1440 4914 dilexit
1463 4862 1641 4915 anima
1661 4876 1800 4916 mea.
1832 4862 1938 4916 Aut

349 4948 380 4986 a
404 4940 458 4986 te
483 4947 606 4986 eum
632 4932 867 4993 invenio,
893 4940 984 4985 aut
1016 4930 1131 4999 ipse
1157 4946 1219 4986 es
1258 4930 1477 5000 forsitan
1506 4946 1668 5000 quem
1697 4933 1932 4999 requiro.

348 5000 592 5071 lntuetur
636 5011 689 5057 te
734 4988 921 5056 oculus
966 4988 1150 5064 meus,
1203 5009 1260 5055 et
1296 4988 1656 5055 inflammatur
1690 4988 1937 5071 aspectus

350 5087 520 5153 meus.
544 5070 791 5153 Nunquid
812 5082 867 5125 tu
887 5086 948 5153 es
968 5071 1224 5153 Dominus
1244 5078 1299 5125 ct
1324 5071 1468 5153 Deus.
1487 5087 1658 5153 meus,
1689 5070 1763 5125 ad
1777 5087 1935 5153 quem

348 5141 615 5211 deruoete
659 5140 849 5197 sitiens
890 5143 1027 5196 sicut
1063 5156 1253 5197 cervus
1293 5140 1475 5208 vigilat
1502 5143 1719 5211 spiritus
1749 5146 1936 5196 mens?

350 5210 397 5264 υ
426 5210 590 5266 Maria
614 5252 629 5275 ,
666 5227 786 5281 qua:
822 5211 877 5265 in
906 5226 991 5265 me
1020 5211 1232 5279 plenam
1264 5210 1612 5266 intentionem
1645 5212 1766 5265 fidei
1795 5212 1937 5266 dirc-

353 5282 479 5337 xisti
497 5319 514 5345 ,
542 5283 801 5337 velociter
830 5282 1078 5351 invenisti
1122 5295 1281 5349 quem
1334 5295 1469 5350 puro
1499 5281 1777 5351 proposito
1806 5296 1937 5335 cou-

352 5352 564 5421 cupisti.
597 5351 712 5406 Non
743 5360 827 5407 est
855 5350 992 5406 ultra
1035 5351 1198 5405 dilata
1217 5392 1232 5417 ,
1267 5352 1475 5420 accepit
1504 5350 1779 5420 petitionis
1806 5366 1934 5421 pro-

349 5423 482 5492 priae
504 5437 613 5476 sua:
632 5436 771 5476 vene
790 5437 1128 5492 responsum,
1152 5429 1207 5491 et
1230 5421 1296 5492 de
1312 5421 1688 5492 appellatione
1706 5422 1939 5492 nominis

350 5488 712 5558 ceguitionem
752 5488 1039 5562 impetrare
1084 5488 1629 5562 tneruit_Salvatoris._
1666 5490 1782 5544 lam
1812 5490 1935 5545 bre-

349 5562 491 5616 viter
515 5560 849 5632 requiramus
893 5577 1083 5631 quare,
1125 5576 1245 5616 cum
1289 5560 1545 5632 Dominus
1582 5560 1802 5614 Mariam
1832 5577 1932 5614 vo-

350 5634 530 5697 caret,
550 5631 605 5685 et
631 5632 698 5686 ab
726 5632 816 5685 illo
850 5636 1037 5686 menta
1082 5632 1360 5699 Dominum
1399 5631 1814 5699 magistrumque
1843 5646 1934 5685 co-

351 5711 653 5769 gnosceret,
686 5701 887 5755 audivit
917 5702 983 5755 ab
1013 5717 1078 5756 co
1112 5720 1124 5753 :
1161 5698 1285 5754 Noli
1325 5714 1405 5771 nte
1434 5710 1662 5771 tangere,
1699 5698 1932 5771 nondum

350 5768 486 5826 énim
518 5772 730 5826 asceudi
757 5772 828 5825 ad
866 5771 1072 5825 Putrem
1104 5776 1266 5825 meum
1320 5768 1646 5840 (Ibid.,'l7).
1699 5768 1811 5824 lloc
1850 5781 1934 5825 est

353 5844 538 5911 utique
575 5843 752 5897 dice:e
784 5862 796 5895 :
834 5841 946 5897 Noli
978 5841 1347 5895 tantummodo
1371 5881 1386 5905 ,
1421 5840 1581 5894 Maria
1609 5885 1622 5908 ,
1656 5841 1930 5896 hominem

356 5927 441 5967 me
478 5922 705 5981 puta'e,
742 5926 900 5980 quem
936 5928 965 5965 a
1006 5913 1228 5966 mortuis
1266 5920 1629 5981 resurgentem
1674 5911 1726 5965 in
1770 5911 1931 5965 horto

2038 600 2104 654 ad
2129 598 2364 665 Patrem,
2388 608 2443 654 ut
2472 601 2614 655 Patri
2638 603 2827 657 credas
2853 603 3111 670 :cqualcm
3143 617 3157 654 :
3198 600 3342 659 Vade
3368 611 3535 654 autem
3560 603 3630 654 ad

2039 672 2230 740 fratres
2259 686 2417 734 meos,
2446 681 2495 723 et
2522 670 2605 725 dic
2632 673 2708 725 eis
2729 690 2746 726 :
2770 673 3005 726 Ascendit
3031 671 3100 724 ad
3134 671 3343 725 Patrem
3369 688 3534 724 meum
3577 681 3628 725 et

2037 740 2251 793 Patrem
2290 750 2507 793 rastrum
2533 783 2547 806 ,
2605 743 2675 795 ad
2707 741 2869 796 Deut'n
2899 746 3063 808 meum
3116 749 3165 793 et
3205 740 3369 795 Deum
3407 753 3628 795 vestrum

2039 808 2307 881 (Ibidem).
2361 809 2533 881 Pater
2562 828 2713 866 meus
2754 822 2836 867 cst
2879 814 3118 881 origine.
3152 827 3257 881 non
3294 812 3623 879 adoptione:

2038 878 2401 953 natura,_non
2429 878 2619 953 gratia.
2666 883 2786 953 [pre
2813 883 2955 937 enim
2970 878 3122 937 dixit
3152 880 3371 953 :__Filius_
3399 878 3543 953 meus
3571 894 3630 935 es

2040 959 2111 1024 tn,
2142 967 2234 1018 ego
2263 950 2416 1003 ltOdie
2444 952 2597 1024 genui
2627 964 2674 1007 te
2693 950 2884 1024 '(Psal.
2913 969 2968 1013 Il,
3018 954 3093 1020 7).
3159 950 3333 1024 Hodie
3360 951 3453 1004 Dei
3483 968 3627 1024 sem-

2037 1021 2305 1089 pitcmmn
2334 1020 2458 1074 est.‘
2479 1020 2593 1076 Non
2627 1020 2788 1077 habet
2826 1024 3067 1085 initium,
3111 1037 3216 1077 neu
3250 1021 3414 1075 habet
3443 1023 3630 1075 termi-

2039 1105 2189 1149 num,
2237 1106 2342 1143 non
2371 1103 2568 1156 ortum,
2604 1108 2710 1147 non
2737 1109 3009 1149 occasum.
3053 1092 3163 1148 Nec
3187 1100 3460 1161 Spectatur
3488 1092 3631 1161 apud

2041 1161 2206 1214 Deum
2233 1162 2520 1229 aliquando
2547 1166 2839 1229 crastinus,
2873 1164 2961 1217 ubi
2991 1160 3261 1231 nunquam
3294 1160 3393 1216 fuit
3418 1160 3627 1216 hester-

2038 1246 2155 1284 nus.
2186 1231 2388 1286 Taliter
2407 1246 2536 1299 ergo
2562 1231 2721 1288 Pater
2750 1250 2900 1289 meus
2921 1241 3021 1287 est.
3056 1234 3215 1286 Pater
3244 1241 3422 1285 autem
3450 1240 3632 1286 vester

2038 1310 2140 1366 est,
2165 1302 2248 1356 cui
2274 1311 2496 1372 accepto
2519 1304 2622 1357 mei
2650 1320 2872 1359 munere
2895 1303 3187 1372 magisterii
3208 1309 3427 1372 orantes
3449 1302 3631 1372 dicere

2041 1373 2313 1445 meruistis
2337 1390 2349 1424 :
2376 1371 2537 1425 Pater
2556 1384 2730 1445 noster
2747 1376 2834 1445 qui
2858 1392 2911 1428 es
2934 1370 3006 1427 in'
3029 1371 3405 1445 cmlist'Matth.
3422 1388 3532 1439 vin,
3548 1370 3627 1441 9).

2041 1439 2182 1496 Deus
2208 1457 2361 1513 meus
2390 1451 2489 1505 est,
2523 1444 2606 1513 cui
2640 1439 2861 1513 propter
2890 1458 2986 1497 vos
3015 1439 3289 1512 assumpto
3321 1441 3542 1513 homine
3572 1439 3632 1499 ut

2038 1526 2212 1566 essent
2247 1512 2511 1566 mediator
2539 1510 2717 1567 Dei’et
2743 1510 3029 1568 hominum
3057 1553 3073 1576 ,
3119 1513 3170 1566 in
3198 1510 3383 1565 ‘erncc
3422 1511 3632 1580 positus

2037 1582 2144 1652 disi
2184 1599 2196 1633 :
2231 1582 2368 1635 Deus
2398 1599 2578 1648 meus,
2622 1583 2760 1637 Deus
2790 1587 2969 1648 meus,
3009 1588 3167 1652 quare
3195 1598 3274 1635 me
3311 1581 3631 1652 dereliquistl

2041 1650 2252 1719 (Matth.
2285 1668 2445 1716 xxvu,
2474 1653 2564 1723 46)
2586 1656 2611 1706 τ
2637 1654 2753 1708 Non
2791 1655 2915 1722 quia
2950 1670 2979 1707 a
3012 1650 3185 1707 Patris
3222 1650 3496 1707 consortio
3527 1652 3630 1705 ali-

2038 1723 2253 1788 quando
2281 1722 2562 1790 separatus
2588 1740 2708 1778 sum
2735 1767 2750 1789 ,
2783 1733 2873 1778 aut
2899 1723 3058 1779 Pater
3086 1724 3154 1776 ab
3185 1722 3325 1776 unici
3358 1723 3630 1776 individua

2037 1793 2261 1863 caritate
2288 1794 2461 1863 potuit
2490 1794 2598 1848 ullo
2629 1796 2789 1849 modo
2811 1793 3104 1857 discedere,
3129 1793 3218 1862 qui
3248 1808 3341 1863 ego
3362 1792 3415 1845 in
3445 1791 3625 1863 Patre,

2039 1869 2095 1935 et
2118 1861 2277 1916 Pater
2290 1861 2355 1917 in
2383 1879 2465 1917 me
2504 1863 2683 1935 (Joan.
2713 1880 2818 1928 xtv,
2852 1864 2977 1935 10);
3019 1863 3113 1920 sed
3143 1861 3201 1917 ut
3231 1861 3293 1916 in'
3313 1863 3426 1935 veri
3450 1862 3631 1935 hami:-

2043 1932 2127 1987 nis
2169 1948 2332 1987 carne
2372 1948 2471 2002 pro
2513 1932 2818 2002 expiatione
2848 1932 3052 2002 peCeati
3082 1940 3309 2002 mortem
3340 1932 3632 2001 subjiciam

2042 2003 2311 2072 supplicii,
2335 2000 2435 2057 hac
2454 2000 2802 2072 vice'possem
2831 2000 3006 2059 dubiis
3035 2004 3118 2058 vel
3150 2000 3396 2064 infirmis,
3420 2000 3474 2056 et
3495 2012 3630 2070 pra:-

2041 2070 2198 2142 gipue
2251 2073 2557 2127 manichaeis
2594 2070 2898 2128 incredulis
2956 2074 3196 2142 apertius
3247 2072 3625 2126 demonstrari.

2039 2139 2180 2197 Ecce
2208 2142 2441 2211 qualiter
2469 2143 2607 2198 Deus
2636 2158 2786 2198 meus
2811 2151 2912 2197 est.
2945 2139 3087 2199 Dens
3112 2152 3290 2197 autem
3323 2151 3501 2197 vester
3525 2151 3628 2207 est,

2039 2212 2164 2280 quia
2193 2228 2291 2267 vos
2328 2213 2381 2267 in
2424 2212 2597 2281 primo
2642 2214 2861 2268 homine
2906 2229 3027 2268 mea
3078 2220 3261 2269 secum
3303 2222 3632 2281 cooperante

2040 2281 2320 2350 majestate
2348 2283 2571 2351 creavit,
2599 2294 2653 2339 et
2680 2300 2821 2339 nunc
2841 2282 3010 2338 effuso
3032 2284 3136 2338 mei
3165 2283 3438 2351 sanguinis
3459 2283 3631 2351 pretio

2039 2351 2107 2405 ad
2134 2353 2453 2422 possidenda
2485 2367 2647 2421 regna
2675 2354 2935 2417 coelestia,
2970 2352 3231 2423 profunda
3265 2352 3630 2407 misericordia

2040 2424 2323 2476 recreavit.

2622 2554 2855 2608 SERMU
2892 2554 3048 2609 XLV.

2544 2644 2621 2697 De
2659 2645 2810 2699 unico
2851 2646 3121 2714 baptismo:

2115 2757 2353 2812 l‘s‘almus
2381 2757 2536 2812 nobis
2561 2760 2816 2826 cantavit,
2842 2769 2899 2814 et
2927 2775 3064 2831 aqua
3095 2759 3354 2832 resanuit,
3377 2763 3500 2832 quia
3525 2762 3630 2820 Dos

2040 2829 2217 2884 minus
2244 2833 2409 2898 super
2435 2843 2601 2897 aquas
2630 2831 2879 2895 intonuit,
2916 2829 3039 2886 et'si
3071 2831 3272 2887 tonit‘ru
3302 2832 3371 2887 de
3396 2829 3629 2890 nubibus

2039 2898 2356 2977 voceterra
2403 2901 2746 2977 concutitur,
2787 2908 2842 2954 et
2878 2908 2980 2955 rex
3020 2900 3230 2957 Domini
3269 2911 3422 2973 super
3468 2921 3629 2977 aquas

2078 2967 2224 3022 l’sal.
2264 2984 2469 3039 smn,
2527 2970 2591 3038 3)
2620 2987 2634 3032 ;
2683 2985 2803 3039 quzc
2831 2982 3077 3025 creatura
3106 2988 3213 3027 non
3245 2967 3494 3028 monetur
3516 2967 3626 3032 'nisi

2076 3038 2313 3109 (cretici,
2352 3040 2442 3107 qui
2480 3038 2737 3109 aquarum
2779 3042 2982 3095 violant
3022 3053 3416 3098 sacramentum
3441 3085 3455 3108 ,
3502 3045 3628 3099 dum

2038 3108 2291 3175 repetunt
2337 3108 2646 3182 mysterium
2687 3118 2809 3180 post
2849 3110 3114 3182 Spiritum
3152 3115 3445 3169 sanctum?
3491 3112 3628 3182 Quid

2039 3191 2168 3246 ergo
2198 3187 2403 3255 tantum
2429 3188 2532 3255 est,
2556 3180 2681 3249 quia
2710 3186 2806 3234 νοτ
2838 3180 3046 3255 Domini
3076 3200 3227 3255 super
3252 3188 3432 3255 aquas,
3456 3180 3631 3253 qualis

2041 3258 2198 3321 estet
2220 3249 2333 3321 ipse
2353 3250 2442 3318 qui
2467 3265 2559 3321 eas
2579 3253 2921 3320 congregavit
2946 3249 3279 3321 aquas,'dum
3299 3249 3407 3308 illis
3431 3249 3628 3310 nomen

2040 3318 2187 3373 dedit
2210 3318 2265 3374 et
2295 3320 2485 3387 legem,
2515 3320 2640 3373 dum
2673 3318 2837 3377 talem
2869 3318 3052 3376 ederet
3079 3318 3265 3376 vocem
3300 3342 3313 3376 :
3347 3322 3446 3387 Qui
3473 3333 3628 3380 semet

2036 3389 2171 3443 lotus
2192 3399 2290 3461 est,
2322 3406 2425 3443 non
2451 3388 2601 3461 habet
2614 3390 2729 3461 jam
2758 3392 3108 3446 necessitatem
3129 3393 3338 3447 lavandi
3359 3411 3375 3447 :
3394 3406 3472 3447 est
3490 3397 3627 3448 enim

2038 3460 2258 3513 mundus
2289 3467 2422 3513 totus
2471 3459 2651 3529 (Joan.
2685 3477 2808 3526 χιιι,
2849 3461 2955 3532 10).
3000 3461 3056 3515 Si
3096 3466 3161 3515 ad
3191 3466 3383 3532 vocem
3417 3464 3625 3519 Domini

2037 3544 2199 3596 super
2226 3544 2392 3597 aquas
2422 3538 2565 3586 lotus
2599 3540 2681 3583 est
2720 3531 3010 3586 concuSsus
3047 3531 3291 3594 mundus,
3332 3534 3400 3588 ad
3441 3548 3625 3589 saera-

2037 3607 2277 3670 mentum
2318 3600 2489 3654 sancti
2528 3600 2757 3668 Spiritus
2784 3616 2948 3667 super
2975 3617 3173 3670 aquas,
3212 3619 3317 3657 non
3360 3613 3442 3657 est
3481 3614 3626 3659 totus

2038 3668 2200 3722 homo
2230 3670 2460 3743 mundus
2486 3685 2644 3743 quem
2676 3670 2818 3743 lavat
2842 3671 3007 3743 Pater
3029 3668 3088 3725 ct
3116 3671 3284 3726 Filius
3312 3681 3367 3726 et
3394 3673 3626 3743 Spiritus

2037 3740 2292 3813 sanctus?
2348 3738 2463 3793 Vox
2509 3739 2653 3793 cutim
2700 3740 2923 3813 Domini
2947 3741 3066 3810 qua:
3106 3743 3275 3811 repeti
3304 3758 3412 3797 non
3436 3738 3625 3813 potest

2038 3808 2217 3881 audiri
2238 3823 2358 3881 eum
2386 3817 2624 3881 tremore
2652 3818 2848 3880 potest.
2891 3808 3026 3877 Quia
3067 3808 3338 3881 qui'semel
3365 3808 3498 3867 lotus
3525 3827 3620 3878 est,

2038 3879 2142 3933 hoc
2169 3878 2303 3951 disit
2331 3880 2397 3932 aJ
2438 3878 2687 3951 pelvem,
2727 3896 2848 3935 cum
2891 3878 3164 3951 discipulis
3199 3883 3363 3950 pedes
3392 3883 3626 3949 lavabat,

2039 3956 2096 4004 et
2125 3949 2280 4003 nobis
2316 3950 2555 4020 mysterii
2584 3951 2796 4018 signum
2835 3949 3103 4020 singulare
3134 3949 3398 4007 tradebat.
3452 3952 3626 4009 Pelvis

2039 4027 2185 4073 totus
2212 4027 2295 4073 est
2319 4019 2569 4092 mundus,
2595 4029 2649 4074 et
2677 4028 2912 4076 rotatum
2941 4038 3034 4077 vas
3061 4023 3201 4076 illius
3230 4024 3400 4092 pelvis
3427 4024 3623 4080 circui—

2040 4098 2126 4143 tus
2151 4098 2231 4163 est
2252 4089 2532 4163 orbis,ubi
2554 4106 2855 4163 sumusnos
2879 4101 3129 4163 tauqnarn
3160 4089 3283 4147 vasa
3314 4094 3455 4161 figuli
3487 4095 3626 4150 facta

2039 4160 2285 4235 manibus
2314 4157 2543 4235 Christi,
2575 4161 2696 4235 quia
2736 4159 2890 4217 lesus
2918 4157 3004 4235 esi
3028 4162 3121 4235 qui
3157 4157 3394 4235 baptizat
3423 4164 3475 4218 in
3504 4164 3627 4235 Spi-

2040 4230 2146 4284 ritu
2175 4238 2362 4297 sancto
2391 4239 2447 4284 ct
2486 4229 2605 4298 igni
2632 4229 2780 4285 tLttc.
2815 4247 2889 4295 Ill,
2930 4229 3057 4296 16)(
3081 4229 3467 4289 νυωῑιυωυω
3494 4229 3623 4290 δί’ἱιι

2040 4301 2306 4355 caminum
2357 4310 2731 4366 revertantur,
2781 4303 3036 4357 continuo
3078 4304 3194 4356 sine
3241 4304 3623 4360 emendatione

2042 4371 2375 4438 franguntur,
2397 4379 2451 4425 et
2477 4371 2592 4425 leve
2613 4380 2696 4428 est
2724 4373 2987 4427 bzcreticis
3013 4388 3136 4426 vasa
3164 4373 3384 4428 decocta
3415 4375 3625 4429 animas

2041 4446 2161 4493 rum
2190 4442 2242 4493 in
2272 4441 2539 4509 baptismo
2576 4442 2869 4507 gratiarum
2889 4483 2904 4505 ,
2943 4452 3001 4496 ut
3035 4442 3100 4495 ad
3140 4445 3432 4497 secundum
3464 4458 3623 4498 revoa

2042 4519 2167 4564 cent
2202 4525 2326 4580 suae,
2354 4512 2671 4563 temeritatis
2712 4511 3020 4577 lavacrum,
3066 4513 3232 4580 pluris
3267 4526 3327 4566 se
3369 4512 3625 4569 facientes

1969 4616 2014 4676 υ
2040 4595 2216 4703 ﬂuam.
2240 4578 2495 4660 Spiritum
2536 4589 2800 4633 sanctum.
2852 4580 2945 4635 Dic
2984 4578 3111 4659 mihi
3136 4623 3150 4644 ,
3194 4582 3473 4664 hzeretiee,
3504 4584 3625 4652 quis

2080 4658 2175 4703 txlt
2204 4666 2255 4702 ιιι
2286 4647 2479 4703 GeueSt
2519 4666 2531 4700 :
2568 4647 2868 4703 Producant
2903 4666 3051 4703 anum
3089 4652 3291 4703 rentum
3330 4667 3623 4703 animarum

2080 4651 2175 4703 ixit
2204 4651 2255 4702 in
2286 4647 2479 4721 Genesi
2519 4666 2531 4700 :
2568 4647 2868 4721 Producant
2903 4652 3051 4721 aqum
3089 4652 3291 4721 reptilia
3330 4647 3623 4707 animarum

2038 4721 2266 4773 vivarum
2298 4718 2503 4785 (Cenes.
2540 4734 2576 4784 t-,
2609 4719 2730 4788 90);
2763 4730 2816 4773 ct
2840 4718 3108 4789 producta:
3130 4718 3254 4774 sunt
3280 4736 3469 4777 omnes
3497 4738 3624 4778 aves

2039 4791 2279 4842 viventes
2300 4789 2365 4841 de
2388 4798 2539 4843 utero
2568 4798 2849 4861 aquarum,
2875 4792 2972 4844 nisi
2998 4792 3088 4859 qui
3118 4792 3251 4845 dixit
3282 4808 3294 4843 :
3328 4790 3426 4856 Ite,
3455 4792 3625 4861 baptif

2042 4871 2153 4931 zite
2181 4868 2352 4931 gentes
2381 4862 2432 4911 in
2459 4860 2666 4931 nomine
2686 4860 2874 4931 _I_’atris
2900 4872 2949 4915 et
2980 4861 3103 4915 Filii
3128 4870 3174 4914 et
3204 4861 3433 4931 Spiritus
3459 4860 3620 4915 sanct'

2042 4928 2254 5004 (Matth.
2288 4944 2469 5004 xxvnl,
2504 4929 2641 5004 l9)?
2686 4928 2799 4984 Una
2846 4947 2950 4985 vox
2995 4940 3077 5004 est
3109 4949 3121 4984 :
3152 4928 3451 5004 ‘Producant
3479 4948 3577 5004 aqu

2041 4999 2246 5073 reptilia
2277 5001 2566 5073 animarum
2599 5002 2854 5062 vivarum;
2882 5010 2938 5055 et
2969 5020 2982 5055 :
3016 5002 3114 5067 Ite,
3145 5001 3402 5071 baptimte
3428 4999 3601 5073 gentes

2030 5069 2164 5123 ideo
2192 5070 2445 5142 quoniam
2476 5070 2585 5139 ipsa
2615 5086 2718 5142 vox
2747 5080 2828 5125 est
2854 5073 2905 5124 in
2936 5074 3108 5142 aquis,
3136 5069 3351 5142 quando
3380 5069 3596 5126 homine

2031 5139 2212 5214 renati
2241 5139 2307 5192 ad
2336 5139 2530 5214 cmlum
2561 5141 2705 5194 velut
2720 5157 2867 5214 _aves
2904 5139 3166 5197 vol—antes
3188 5141 3257 5214 de
3285 5144 3592 5214 aquisspit‘i

2042 5209 2234 5283 talibus
2271 5209 2658 5283 producuntur.
2714 5210 2944 5280 Spiritus
2988 5214 3168 5283 itaque
3215 5213 3268 5266 iu
3310 5209 3508 5283 specie
3534 5231 3600 5267 co

2039 5279 2230 5354 lumbi}?
2258 5280 2506 5347 dignatus
2534 5288 2614 5334 est
2642 5279 2803 5348 super
2829 5297 2996 5354 aquas
3022 5279 3355 5340 descendere
3394 5281 3599 5354 (Matth

2036 5365 2114 5411 ιιι,
2148 5348 2266 5417 16),
2305 5357 2389 5423 _ct_
2415 5362 2580 5423 super
2621 5348 2899 5423 auctorem
2938 5353 3188 5423 baptismi
3228 5354 3375 5406 unita
3402 5348 3628 5423 'pietate

2040 5433 2266 5492 manere
2305 5419 2595 5473 habitantis
2622 5462 2637 5486 ,
2678 5428 2736 5473 ut
2780 5419 3045 5491 intelligas
3091 5434 3312 5492 regnum
3359 5419 3620 5478 etclorum

2038 5504 2158 5562 esse
2177 5489 2269 5562 qui
2289 5498 2644 5562 renascuntur
2665 5506 2758 5561 per
2776 5489 2973 5560 aquam
3001 5501 3056 5547 et
3076 5489 3331 5562 Spiritum
3355 5502 3620 5547 sanctum.

2038 5557 2261 5632 Damibi
2287 5559 2339 5612 in
2363 5558 2533 5613 altero
2560 5557 2685 5632 loco,
2711 5562 2761 5614 in
2791 5557 2969 5632 specie
2996 5557 3257 5617 columba:
3283 5561 3625 5618 descendisse

2037 5627 2293 5701 Spiritum
2323 5637 2571 5701 sanctum
2593 5669 2607 5693 ,
2641 5631 2737 5684 nisi
2769 5627 2937 5686 semel
2976 5633 3190 5701 quando
3220 5634 3517 5701 baptizatus
3542 5643 3627 5689 est

2037 5698 2299 5773 Christus,
2331 5707 2386 5773 et
2411 5700 2578 5773 semel
2608 5701 2822 5773 quando
2851 5698 3108 5773 diluvium
3138 5698 3329 5773 passus
3356 5714 3437 5758 cst
3462 5716 3623 5759 mun-

2038 5768 2163 5845 dus.
2193 5768 2265 5822 Da
2297 5769 2424 5845 mihi
2459 5769 2751 5845 secundum
2792 5771 3046 5827 diluvium
3091 5768 3179 5827 aut
3208 5774 3500 5829 secundam
3532 5791 3624 5830 θοι

2040 5839 2291 5892 lumbam.
2326 5837 2499 5893 Unum
2530 5838 2805 5904 diluvium,
2833 5858 2935 5897 una
2964 5845 3231 5908 colmnha,
3258 5858 3397 5899 unus
3419 5860 3621 5909 ramus,

2040 5922 2200 5963 unum
2231 5909 2494 5979 baptisma
2520 5952 2533 5976 ,
2568 5925 2703 5966 unus
2733 5910 2960 5982 Spiritus
2985 5948 2997 5979 ,
3040 5923 3094 5969 et
3125 5930 3287 5969 unum
3317 5914 3622 5970 chrismatis
