4168 6348
393 363 493 422 οη

1821 364 2048 421 5511(Μο
2089 366 2193 422 Lll.

3562 356 3687 422 9t's'

392 460 534 542 sent,
560 478 809 547 omnibus
837 478 1030 547 linguis
1060 479 1426 549 loquerentur.
1463 480 1615 534 Prius
1645 481 1826 549 itaque
1849 480 1970 535 bre-
2004 491 2046 546 Α
2075 479 2192 536 bus.
2221 479 2567 536 Celebramus
2595 476 2794 549 quippe
2828 492 2948 532 eum
2977 476 3119 532 diem
3144 492 3251 547 quo
3291 476 3548 549 Dominus
3574 474 3665 531 Je-

394 551 536 604 Jriter
560 548 840 619 videamus
867 564 1035 619 quare
1068 548 1226 613 Deus,
1262 552 1491 619 quando
1533 566 1655 605 eum
1703 548 1968 619 promisit,

393 619 554 687 dixit,
584 617 702 673 Non
729 617 909 689 potest
936 621 1048 688 ipse
1070 622 1272 682 venire,
1296 617 1403 675 uiri
1425 635 1525 689 ego
1555 617 1757 674 abiero.
1790 617 1974 687 Neque

396 691 541 745 enim
567 688 884 758 separabilis
909 699 992 743 est
1033 690 1266 758 Spiritus
1290 700 1529 757 sanctus,
1580 700 1674 745 aut
1704 692 1975 758 impotens

395 768 517 830 erat
540 774 609 813 eo
634 767 898 830 praesente
922 761 1125 825 venire,
1156 776 1185 815 a
1206 776 1314 829 quo
1335 776 1441 830 non
1471 770 1651 830 potest
1674 758 1971 830 discedere.

397 829 508 898 Sed
535 827 790 898 queniam
812 828 1087 898 discipuli;
1115 827 1290 885 adhuc
1314 827 1538 885 iutirniis
1563 828 1791 884 formam
1834 827 1975 882 servi

400 897 655 970 Dominus
674 897 1108 970 demonstrabat,
1154 901 1205 954 in
1234 916 1338 970 qua
1366 900 1593 970 Verbum
1622 898 1975 970 carnufactum

396 976 570 1037 est,et
595 968 858 1022 habitavit
885 970 937 1022 in
959 971 1114 1024 nobis
1134 988 1147 1034 ;
1171 968 1388 1025 carnem
1405 986 1535 1025 vero
1562 968 1772 1022 Domini
1812 969 1976 1022 etiam

397 1038 643 1094 carnales
667 1046 918 1106 poterant
946 1040 1138 1094 intueri
1172 1059 1184 1094 :
1220 1042 1390 1094 forma
1413 1051 1593 1094 autem
1628 1037 1743 1102 Dei,
1776 1038 1830 1091 in
1870 1053 1974 1106 qua

400 1123 510 1162 non
549 1105 794 1176 rapinam
831 1108 1121 1164 arbitratus
1163 1118 1245 1164 est
1290 1125 1411 1165 esse
1452 1125 1510 1163 se
1557 1109 1819 1176 aequalem
1867 1105 1979 1160 Deo

400 1176 623 1249 (Philip.
642 1192 713 1241 .n,
744 1177 823 1246 6),
869 1194 974 1232 non
1005 1188 1181 1247 potest
1212 1179 1314 1233 nisi
1341 1180 1408 1233 ab
1452 1178 1781 1249 spiritalibus
1827 1177 1977 1249 cogif

406 1247 531 1312 tari,
568 1256 876 1319 propterea
927 1249 1082 1313 dixit,
1117 1250 1231 1304 Non
1279 1258 1458 1319 potest
1486 1247 1588 1302 ille
1628 1248 1830 1319 venire,
1879 1247 1980 1300 "lsi

394 1332 503 1384 ego
531 1317 716 1371 abiero
748 1334 762 1369 :
794 1326 1049 1386 tanquam
1079 1317 1302 1383 diceret,
1332 1319 1578 1385 Quaudiu
1607 1318 1700 1373 cir.
1720 1333 1751 1370 a
1803 1330 1981 1371 meam

397 1402 619 1442 carnem
640 1397 936 1456 occupatus
960 1399 1044 1442 est
1060 1398 1237 1444 vester
1264 1390 1496 1443 carnalis
1517 1388 1761 1451 allectus,
1795 1386 1977 1440 tandiu

394 1472 579 1511 meam
600 1456 1100 1529 divinitatemunon
1135 1459 1363 1527 suscipit
1397 1458 1654 1529 spiritalis
1681 1466 1858 1512 vester
1886 1456 1985 1529 ob-

406 1536 569 1598 tutus.
598 1526 919 1598 Dono-euim
955 1525 1188 1597 Spiritus
1215 1525 1385 1583 sancti
1427 1525 1751 1598 promiserat
1779 1542 1874 1581 eos
1901 1525 1983 1578 in-

398 1594 765 1666 .troducendos
788 1597 840 1650 in
863 1594 1078 1652 omnem
1096 1599 1376 1653 veritatem
1390 1639 1405 1663 ,
1419 1594 1558 1653 sicut
1578 1599 1837 1666 scriptum
1858 1603 1941 1649 est
1966 1613 1979 1647 :

394 1663 450 1718 Γ
454 1665 538 1719 ide
558 1665 823 1737 mundana
850 1668 1008 1721 corda
1035 1685 1211 1722 eorum
1244 1670 1376 1735 (Act.
1415 1685 1501 1733 xv,
1524 1669 1602 1737 9).
1630 1663 1776 1721 Beati
1801 1673 1981 1719 autem

402 1736 595 1806 [nuntio
622 1737 795 1799 corde,
821 1738 1063 1806 quoniam
1087 1740 1186 1802 ipsi
1212 1738 1371 1792 Deum
1388 1739 1623 1793 ridebunt
1657 1736 1871 1805 (Matth.
1908 1750 1980 1801 vt,

390 1803 479 1870 .8).
510 1805 780 1877 Abscessit
808 1803 990 1877 itaque
1016 1809 1313 1877 corporalis
1346 1810 1513 1862 forma
1547 1803 1752 1861 Domini
1801 1823 1830 1859 a
1860 1819 1980 1877 cor-

2074 566 2172 605 sus
2193 546 2870 610 Christus,resurrectioue
2893 557 2948 601 et
2972 546 3286 602 ascensione
3315 546 3662 615 glorificalus,

2079 621 2223 674 misit
2255 619 2511 687 Spiritum
2539 626 2805 674 sanctum.
2829 615 2989 687 Sicut
3033 619 3179 672 enim
3214 619 3469 687 scriptum
3500 627 3583 672 est
3610 619 3663 673 iu

2079 637 2223 674 "HS"
2255 637 2511 675 attritum
2539 637 2805 674 εξὶηειυιη.
2838 637 2989 671 διοιιι
3033 637 3179 672 Cllllll
3214 637 3469 687 scriptum
3500 637 3583 672 εει
3610 637 3663 673 ΙΙΙ

2079 637 2372 759 Evangelia
2399 704 2521 743 cum
2551 688 2757 759 diceret
2781 705 2808 759 ιγ
2826 686 2885 741 Si
2911 689 3024 756 quis
3048 688 3177 750 sitit,
3212 690 3408 752 reniat,
3430 700 3476 740 et
3502 687 3663 755 bibat,

2079 758 2297 828 [lautitia
2334 760 2396 812 de
2436 767 2612 813 ventre
2631 758 2744 827 ejus
2773 758 2939 828 ﬂuent
2971 774 3116 827 aqna'
3154 760 3305 817 vivaz;
3338 760 3664 824 evangelista

2080 825 2386 883 Sertttonetn
2410 825 2665 898 exponit.
2687 836 2741 880 ct
2764 829 2858 890 ait,
2884 825 2939 898 711
2948 825 3203 881 υσάιιιεηι
3227 828 3423 880 dicebat
3452 830 3514 881 de
3537 828 3665 897 Spi-

2070 900 2207 970 ritu,
2229 915 2378 970 quem
2403 899 2673 970 accepturi
2692 908 2839 951 erant
2871 897 2921 950 lii
2962 898 3050 970 qni
3074 898 3141 970 in)
3171 914 3286 970 enm
3319 900 3525 970 {nerant
3555 914 3663 950 cre—

2074 967 2260 1022 dituri.
2314 967 2562 1022 Nondum
2593 969 2731 1021 enim
2769 976 2879 1020 erat
2925 968 2998 1020 eis
3048 968 3276 1037 Spiritus
3322 969 3497 1031 dat-ts,
3549 970 3669 1037 quia

2083 1040 2309 1109 nondum
2340 1041 2507 1109 fuerat
2544 1036 2696 1091 Iesus
2743 1037 3061 1109 gloriﬁcatus
3105 1035 3285 1109 (Jottn.
3319 1053 3409 1101 vn,
3456 1035 3665 1103 57,58,

2082 1107 2207 1177 39).
2243 1105 2500 1163 Restabat
2551 1120 2680 1173 ergo
2725 1105 2801 1173 ut,
2833 1105 3126 1162 clarificato
3154 1105 3299 1172 Jesu,
3332 1122 3454 1177 cum
3487 1120 3665 1160 resur-

2080 1179 2313 1232 rexissct
2333 1193 2362 1230 a
2396 1178 2620 1232 mortuis
2639 1187 2694 1230 et
2719 1178 3048 1240 ascendisset
3073 1177 3126 1231 in
3171 1178 3365 1241 cados,
3381 1176 3493 1245 jam
3515 1177 3669 1230 dare-

2086 1257 2172 1301 tur
2196 1248 2427 1316 Spiritus
2454 1257 2689 1310 sanctus,
2714 1247 2789 1317 ab
2818 1263 2884 1317 eo
2910 1248 3102 1301 missus
3129 1261 3159 1300 a
3181 1263 3288 1317 quu
3345 1246 3665 1317 promissus,

2087 1318 2225 1372 sicut
2242 1315 2308 1371 et
2340 1317 2538 1373 factum
2569 1325 2669 1371 est.
2698 1315 3060 1384 Quadraginta
3091 1315 3232 1371 enim
3261 1315 3517 1372 Doiuinus
3549 1324 3669 1385 post

2089 1389 2537 1442 resurrectionem
2565 1385 2754 1440 diebus
2790 1402 2909 1440 cum
2940 1386 3215 1456 discipulis
3244 1387 3354 1442 suis
3380 1402 3669 1442 conversa-

2088 1465 2173 1510 tus
2201 1458 2444 1513 ascendit
2490 1459 2542 1511 iu
2583 1456 2797 1519 cadum,
2824 1464 2878 1508 et
2903 1456 2990 1510 die
3018 1457 3481 1526 quinquagesimo.
3507 1471 3667 1525 quem

2088 1527 2248 1581 hodie
2289 1528 2655 1591 celebramus,
2716 1528 2861 1581 misit
2911 1526 3167 1596 Spiritum
3208 1535 3474 1592 sanctum,
3531 1527 3669 1581 sicut

2086 1597 2351 1666 scriptum
2383 1607 2465 1657 est
2495 1598 2630 1665 (Act.
2664 1613 2729 1662 u,
2758 1597 2793 1650 2
2822 1608 2866 1651 et
2896 1597 3031 1664 req.)
3055 1638 3072 1663 ,
3101 1596 3236 1663 Quia
3269 1596 3439 1652 factus
3468 1606 3551 1652 cst
3576 1612 3670 1651 su—

2088 1665 2394 1723 bito’souus
2422 1667 2488 1722 de
2534 1668 2672 1722 cmlo
2701 1668 2852 1736 quasi
2883 1665 3114 1722 ferretur
3159 1666 3316 1721 flatus
3357 1666 3666 1729 vehemens,

2066 1744 2144 1806 .et
2181 1738 2306 1791 vism
2326 1746 2452 1792 sunt
2484 1736 2587 1792 illis
2608 1737 2802 1805 lingum
2823 1737 3025 1804 divisa},
3055 1737 3195 1791 sicut
3238 1737 3373 1805 ignis
3404 1738 3494 1806 qui
3528 1737 3670 1791 inse-

2090 1805 2169 1861 dit
2195 1817 2357 1876 super
2375 1822 2813 1876 unumquemque
2840 1822 3060 1871 eorum;
3092 1816 3146 1861 et
3179 1805 3458 1877 cmpcruut
3481 1807 3672 1876 linguis

404 1863 674 1948 peralng
700 1876 868 1948 oculis
891 1863 1096 1948 eorum,
1117 1863 1199 1931 ἰιι
1226 1894 1321 1947 per
1349 1879 1606 1948 Spiritum
1635 1885 1883 1948 sanctum
1906 1874 1988 1928 di-
2022 1863 2062 1921 Β
2091 1863 2342 1948 clunibus
2367 1877 2533 1945 loqui,
2558 1863 2833 1945 quomodo
2864 1863 3094 1946 Spiritus
3119 1863 3281 1948 dabai
3309 1877 3389 1933 eis
3428 1863 3670 1947 pronun-

405 1944 852 2003 vinitas-Domini
900 1944 1263 2006 insinuaretu‘r
1304 1944 1554 2003 cordibus
1591 1962 1799 2003 eorum.
1843 1944 1994 1999 Nunc

404 2013 598 2086 deinde
616 2015 906 2086 rideamus
956 2033 1123 2086 quare
1169 2028 1294 2074 tunc
1319 2021 1424 2074 hoc
1454 2025 1575 2073 erat
1612 2019 1825 2085 signum
1856 2029 1994 2086 prte-

388 2084 592 2157 seutige
608 2082 843 2157 Spiritus
866 2082 1056 2151 sancti,
1092 2097 1150 2141 ut
1174 2089 1264 2157 qui
1293 2105 1416 2144 eum
1438 2082 1772 2157 accepissent
1801 2082 1994 2152 linguis

406 2154 657 2227 omnibus
675 2154 1050 2227 loquerentur.
1086 2154 1269 2227 Neque
1313 2160 1458 2214 enim
1488 2154 1649 2212 etiam
1697 2171 1839 2227 nunc
1862 2170 1991 2227 non

407 2222 565 2297 datur
593 2222 825 2294 Spiritus
848 2237 1088 2291 sanctus,
1118 2222 1385 2283 et'tatnen
1414 2229 1505 2297 qui
1549 2243 1671 2281 eum
1700 2226 1989 2297 accipiunt,
2030 2230 2035 2233 ⁷

388 2307 519 2367 .no_n
549 2293 841 2367 loquuntur
863 2299 1113 2352 omnibus
1160 2299 1351 2367 linguis
1381 2317 1392 2350 :
1419 2293 1527 2365 quo
1553 2296 1787 2351 evidenti
1820 2293 1996 2349 mira-

382 2362 533 2435 culo
556 2362 734 2419 se'illo
757 2376 996 2434 tempore
1016 2362 1861 2435 deumns'trabatIIntelligendum
1887 2372 1991 2431 est,

382 2432 629 2507 -Fratres
649 2432 930 2507 carissimi,
961 2439 1100 2492 hunc
1127 2453 1247 2492 esse
1288 2438 1547 2507 Spiritum
1590 2432 1854 2507 sanctum,
1884 2450 1992 2503 quo

411 2504 609 2576 caritas
651 2503 744 2559 Dei
775 2505 1091 2576 diffunditur
1117 2509 1168 2561 iu
1213 2503 1462 2562 cordibus
1504 2508 1720 2576 nostris.
1753 2503 1817 2558 Et
1857 2520 1993 2576 quo-

415 2573 558 2646 niam
587 2575 780 2629 caritas
808 2575 1102 2631 Ecclesiazu
1144 2577 1238 2632 Dei
1267 2590 1654 2646 congregatura
1684 2575 1855 2631 fuerat
1876 2573 1992 2628 toto

415 2644 545 2715 urbe
575 2652 863 2715 terrarum,
888 2649 1187 2715 quod'tunc
1217 2644 1541 2702 etiatu'unns
1569 2647 1731 2701 homo
1758 2652 1989 2714 poterat,

417 2721 475 2765 ιιι
514 2712 769 2783 Spiritum
818 2712 929 2787 san}
951 2726 1060 2771 tum
1107 2719 1375 2787 accipiens
1404 2718 1597 2785 linguis
1638 2712 1993 2787 omnibuslo-

416 2793 704 2856 queretur,
736 2800 873 2840 nunc
894 2786 1095 2856 Spiritu
1124 2785 1310 2843 sancto
1324 2796 1646 2855 congregata
1677 2788 1788 2855 ipsa
1819 2785 1994 2840 unitas

419 2851 667 2928 Ecclesia:
695 2856 884 2928 lignis
920 2851 1173 2912 omnibus
1208 2851 1459 2928 loquitur".
1505 2851 1735 2911 Proinde
1776 2855 1818 2908 si
1848 2855 1994 2924 quis-

384 2947 389 2952 ν
415 2937 576 2988 quam
603 2924 798 2979 dixerit
818 2927 974 2981 alicui
1002 2924 1558 2997 nostrumfAccepisti
1586 2928 1843 2997 Spiritum
1870 2940 1995 2979 san-

415 3001 789 3066 ctum,_quare
823 3013 927 3051 non
960 2998 1149 3065 linguis
1177 2996 1729 3066 omnibusloqueris?
1768 3010 1990 3064 respou-

415 3060 545 3137 tlere
563 3060 742 3137 debet,
774 3064 990 3137 Loquor
1017 3060 1146 3122 sane
1166 3070 1415 3123 outnibus
1442 3060 1632 3135 linguis
1654 3107 1670 3132 ,
1694 3066 1819 3137 quia
1850 3060 1995 3137 ineo

380 3156 387 3162 -
414 3130 611 3188 Christi
639 3130 885 3207 corpore,
917 3138 1020 3192 hoc
1045 3148 1147 3207 est,
1180 3140 1231 3192 iu
1258 3138 1492 3193 Ecclesia
1521 3130 1663 3201 sum,
1683 3130 1803 3207 (εὐτε
1822 3136 1992 3207 loqui-

378 3226 383 3231 -
416 3205 1189 3289 [ιξιξιρῗιιιηψυέ.Ιξυξυὶ-εὶρυὶᾶ
1230 3210 1372 3289 enim
1402 3207 1545 3262 aliud
1763 3206 1992 3289 tu_nc_si-
2021 3226 2066 3289 ρ

415 3272 688 3349 gnilicavit
730 3277 831 3349 nisi
877 3272 1109 3349 Spiritus
1152 3280 1320 3333 sancti
1368 3279 1649 3349 praesentia
1700 3275 1991 3349 Ecclesiam

415 3357 568 3396 suam
598 3344 789 3417 linguis
814 3344 1063 3403 omfibus
1101 3344 1433 3403 locuturatn?
1458 3348 1741 3417 impletum
1768 3356 1852 3401 cst
1891 3346 1992 3399 ita-

373 3434 381 3440 ν
415 3427 520 3480 que
563 3414 711 3482 quod
760 3419 1077 3485 promiserat
1108 3419 1382 3482 Dotuinus,
1416 3414 1584 3471 Nemo
1632 3419 1786 3470 mittit
1823 3420 1995 3471 vinum

374 3516 381 3525 -
414 3498 598 3536 norum
623 3486 679 3539 in
706 3495 844 3542 utres
871 3498 1093 3553 veteres;
1123 3490 1213 3542 sed
1234 3492 1404 3543 vinum
1433 3504 1615 3541 norum
1638 3488 1690 3541 in
1732 3497 1870 3540 utres
1899 3503 1993 3539 no-

414 3569 500 3631 rps
532 3556 759 3631 mittunt,
789 3569 839 3612 et
876 3569 1090 3631 utraque
1135 3568 1499 3614 conservantur
1523 3557 1735 3631 (Matth.
1770 3573 1843 3631 rx,
1881 3555 1988 3631 l7).

414 3621 606 3678 Merito
622 3621 764 3697 ergo
790 3645 909 3684 cum
954 3621 1267 3683 audirentur
1313 3630 1506 3697 linguis
1531 3621 1779 3682 clunibus
1822 3621 1989 3697 loqui,

414 3696 653 3770 t_tounulli
682 3698 950 3770 dicebant,
984 3699 1057 3752 Ili
1084 3710 1250 3754 musto
1271 3695 1411 3770 pleni
1430 3708 1551 3753 sunt
1590 3700 1744 3770 (Act.
1776 3713 1831 3759 tt,
1858 3695 1927 3749 li
1946 3696 1989 3766 ).

372 3784 379 3789 ·
412 3760 528 3817 iam
560 3769 701 3819 enim
729 3766 851 3823 facti
894 3760 1106 3824 fuerant
1129 3760 1281 3825 utres
1316 3770 1457 3831 novi,
1490 3760 1790 3823 sanctitatis
1818 3760 1989 3837 gratia

373 3852 379 3858 θ
414 3838 654 3911 renovati
682 3854 693 3889 :
722 3848 777 3911 ut
796 3842 922 3911 vino
943 3856 1103 3906 novo,
1134 3844 1236 3896 hoc
1262 3850 1343 3894 est
1370 3840 1571 3909 Spiritu
1585 3846 1782 3911 sancto
1804 3837 1991 3906 repleti

376 3930 379 3933 λ
413 3902 607 3979 linguis
633 3909 879 3965 omnibus
900 3902 1171 3979 loquendo
1193 3902 1478 3970 fervorem,
1503 3919 1558 3963 et
1585 3902 1879 3979 Ecclesiam
1896 3921 1990 3979 ca-

412 3975 664 4050 t_toli_carn
708 3993 807 4050 per
841 3975 1075 4036 omnium
1108 3982 1345 4050 gentium
1378 3981 1581 4049 linguas
1619 3977 1851 4050 futuram
1879 3978 1993 4032 evi-

410 4044 726 4123 dentissima
753 4048 853 4123 illo
878 4044 1137 4123 miraculo
1165 4044 1568 4122 pmsignarént.
1617 4049 1769 4103 llur..c
1809 4047 1991 4123 itaque

411 4113 571 4181 diem,
606 4117 954 4184 dilectissimi,
1001 4123 1079 4176 sic
1120 4113 1425 4182 celebrate,
1473 4129 1726 4187 tanquam
1773 4113 1992 4172 unitatis

410 4187 654 4254 corporis
681 4187 895 4244 Christi.
927 4191 1043 4247 Non
1087 4194 1229 4246 enim
1260 4191 1454 4245 frustra
1482 4189 1788 4254 celebratis,
1817 4188 1863 4242 si
1889 4188 1991 4242 hoc

413 4324 665 4381 Dominus
696 4328 923 4399 impleas
942 4342 1130 4386 sancto
1152 4333 1374 4401 Spiritu,
1391 4339 1506 4384 toto
1528 4324 1991 4401 mundu_crescen-

413 4403 518 4447 tem
564 4398 803 4465 agnoscit
850 4417 1021 4467 suam,
1054 4413 1106 4457 ct
1134 4398 1441 4471 aghwcilut'
1482 4418 1513 4456 a
1550 4416 1668 4455 sua.
1713 4398 1991 4466 Tanquam

409 4480 638 4544 sponsus
662 4484 932 4544 sponsam,
968 4489 1073 4544 non
1102 4472 1334 4543 perdidit
1361 4472 1654 4544 propriam,
1683 4471 1808 4538 quia
1832 4484 1989 4544 uerno

409 4539 457 4586 ei
479 4541 730 4610 supponit
757 4541 1003 4595 alienam.
1041 4539 1200 4597 vobis
1227 4539 1376 4597 enim
1398 4542 1449 4594 in
1468 4539 1725 4594 omnibus
1746 4539 1994 4610 gentibus

410 4608 734 4673 constitutis,
779 4611 881 4665 hoc
904 4622 986 4666 Cal
1028 4612 1275 4668 Ecclesia:
1314 4612 1531 4671 Christi,
1580 4608 1834 4663 membris
1870 4624 1992 4661 cor-

363 4688 369 4694 ’
411 4677 557 4744 poris
582 4678 798 4750 Christi,
824 4698 1039 4749 sponsa:
1068 4684 1262 4738 Clll’lrll
1295 4681 1581 4750 Apostolus
1611 4680 1739 4734 dicit
1772 4696 1785 4734 :
1819 4678 1993 4750 Sil/[9‘

362 4760 367 4763 '
410 4755 580 4818 rentes
599 4749 812 4803 invicem
841 4752 894 4805 in
916 4753 1206 4818 dilectione,
1228 4749 1486 4806 studentes
1515 4768 1717 4806 servare
1744 4749 1834 4802 nni
1857 4759 1992 4802 atem

409 4816 623 4894 spiritus
650 4820 703 4871 in
724 4822 927 4894 uinculo
949 4825 1092 4890 pacis
1123 4816 1338 4894 (Ephes.
1362 4838 1443 4894 71v,
1470 4820 1521 4886 2,
1540 4821 1617 4894 5).
1648 4819 1986 4894 Videteqttla,

411 4886 499 4960 ubi
530 4891 781 4958 praecepit
807 4901 863 4945 ttt
886 4886 1243 4948 sustitteamus
1266 4886 1514 4954 invicem,
1542 4886 1612 4953 ibi
1644 4891 1824 4960 posuit
1860 4886 1994 4944 dile-
2042 4924 2047 4929 -

410 4959 663 5035 ctionent,
691 4960 759 5013 ibi
798 4964 1044 5035 spiritum
1069 4964 1365 5035 nominavit
1388 4963 1624 5035 unitatis,
1646 4959 1734 5035 ibi
1757 4960 1993 5035 οξιοῃᾴῇι

360 5038 363 5041 '
411 5028 679 5099 vinculum
708 5028 873 5099 pacis.
907 5031 1031 5087 llaec
1061 5043 1144 5088 est
1180 5034 1372 5088 domus
1401 5032 1493 5087 Dei
1539 5033 1606 5085 de
1637 5032 1766 5085 vivis
1796 5029 1991 5098 lapidi-

410 5095 512 5177 bus
539 5095 813 5177 fabricata,
850 5105 900 5157 in
931 5119 1033 5177 qua
1068 5105 1187 5177 talis
1235 5103 1620 5177 paterfamilias
1652 5095 1863 5177 laetatur
1901 5100 1998 5177 ha-

409 5165 603 5292 ?italre,
635 5169 787 5239 cujus
825 5165 1011 5229 oculos
1058 5176 1209 5231 ruina
1237 5165 1530 5228 'divisionis
1573 5189 1679 5226 non
1723 5173 1881 5226 debet
1911 5171 1992 5225 ol-

431 5252 495 5291 en
534 5254 645 5292 ere.

431 5252 645 5294 enuere.

992 5380 1222 5435 SERMO
1263 5380 1323 5433 LI
1364 5384 1403 5435 ‘.

1053 5469 1132 5524 De
1151 5472 1348 5525 eodem.

482 5577 603 5634 Dies
629 5579 801 5651 nobis,
827 5580 1039 5645 fratres,
1071 5592 1257 5651 gratus
1289 5583 1491 5645 illuxit,
1537 5597 1645 5651 quo
1675 5590 1858 5636 sancta
1903 5599 1993 5638 so-

352 5658 373 5675 ·’
408 5646 658 5707 ieiunitas
682 5650 916 5707 fidelium
963 5646 1129 5721 fulget
1171 5653 1497 5726 aspectibus,
1536 5646 1705 5708 fervet
1737 5652 1788 5706 in
1817 5653 1995 5709 cordi-

2095 1947 2249 2018 tiare.
2280 1946 2462 2018 Flatus
2513 1948 2603 2002 ille
2651 1963 2679 2000 a
2710 1948 2913 2001 carnali
2959 1948 3109 2018 palea
3148 1947 3308 2002 corda
3357 1946 3666 2018 mandabat.

2093 2016 2234 2087 ignis
2259 2016 2349 2072 ille
2376 2017 2553 2082 fenum
2585 2018 2781 2071 veteris
2809 2016 3259 2087 concupiscentia:
3297 2017 3671 2074 consumebat.

2095 2085 2310 2154 Lingua:
2354 2087 2456 2141 illa:
2513 2087 2706 2154 quibus
2750 2085 3108 2155 loquebantur
3161 2104 3190 2140 a
3238 2096 3424 2155 sancto
3471 2087 3671 2155 Spiritu

2094 2156 2297 2225 impleti
2329 2173 2423 2225 per
2450 2158 2687 2211 omnium
2717 2154 2956 2221 gentium
2998 2158 3201 2225 linguas
3232 2154 3458 2211 futuram
3486 2154 3673 2212 Eccle-

2094 2227 2227 2298 siam
2257 2226 2669 2298 prmsignabant.
2694 2226 2845 2298 Sicut
2859 2227 3000 2281 enim
3024 2237 3144 2298 post
3164 2227 3419 2298 diluvium
3444 2227 3672 2297 superba

2094 2295 2343 2365 impietas
2371 2295 2646 2351 hominum
2674 2296 2859 2350 turrim
2876 2295 3063 2351 contra
3085 2296 3369 2351 Dominum
3393 2295 3673 2352 fabricavit

2093 2366 2363 2422 excelsam
2397 2365 2558 2436 (Gen.
2592 2382 2672 2430 χι,
2709 2366 2781 2434 7),
2813 2366 3031 2434 quando
3067 2383 3162 2436 per
3199 2366 3406 2435 linguas
3431 2366 3671 2421 (livet-Bas

2093 2436 2256 2489 dividi
2284 2437 2478 2491 meruit
2505 2448 2674 2502 genus
2719 2436 3031 2501 humanmn,
3084 2445 3142 2490 ut
3186 2451 3516 2504 unaqumquc
3544 2450 3673 2503 gens

2094 2506 2329 2574 linguam
2352 2521 2623 2575 propriam
2646 2506 2976 2575 loqueretur,
2996 2521 3061 2561 ue
3088 2507 3154 2560 ab
3176 2506 3293 2560 aliis
3316 2505 3671 2575 intelligatur:

2093 2576 2170 2631 sic
2199 2577 2415 2646 humilis
2444 2574 2615 2646 pietas
2647 2574 2879 2646 fidelium
2919 2591 3102 2631 carum
3155 2577 3451 2646 linguarum
3498 2574 3673 2646 diver-

2093 2646 2309 2702 sitatem
2340 2645 2588 2702 Ecclesiae
2609 2645 2838 2701 contulit
2868 2646 3056 2701 unitati
3092 2664 3103 2701 :
3139 2655 3195 2700 ι.ι
3234 2645 3374 2715 quod
3404 2645 3681 2702 discordia

2094 2716 2465 2786 dissipaverat,
2516 2716 2794 2784 colligeret
2839 2715 3056 2785 caritas,
3111 2726 3165 2771 et
3194 2716 3414 2771 humani
3462 2718 3672 2784 generis

2074 2794 2350 2855 ‘tanquam
2381 2788 2538 2842 unius
2563 2788 2809 2856 corporis
2836 2788 3075 2841 membra
3105 2788 3346 2856 dispersa
3394 2788 3460 2841 ad
3512 2804 3672 2848 tinum

2095 2867 2255 2927 caput
2266 2857 2534 2914 Christum
2549 2858 2919 2926 com‘paginata
2951 2857 3341 2927 redigerentur,
3356 2860 3480 2912 etin
3501 2859 3694 2926 sancti,

2092 2929 2340 2997 corporis
2368 2928 2628 2998 unitatem
2655 2928 2955 2983 dilectionis
3004 2929 3123 2998 igne
3163 2926 3546 2998 conflaretitur.
3593 2929 3672 2983 Ab

2097 2996 2203 3052 hoc
2228 3007 2407 3066 .taque
2434 2997 2577 3052 dono
2605 2996 2834 3067 Spiritus
2862 2996 3043 3053 sancti
3065 3013 3283 3068 prorsus
3323 2997 3483 3053 alieni
3527 3008 3673 3063 sunt,

2096 3069 2185 3137 qui
2208 3067 2437 3122 oderunt
2466 3069 2691 3134 gratiam
2718 3067 2887 3136 pacis,
2916 3068 3005 3137 qui
3052 3067 3368 3123 sacietatem
3396 3086 3504 3124 non
3546 3072 3676 3124 reti.

2098 3146 2227 3192 nent
2257 3139 2495 3194 unitatis.
2528 3137 2678 3193 Licet
2704 3138 2867 3192 etiam
2899 3138 2996 3207 ipsi
3019 3137 3179 3193 hodie
3206 3138 3518 3193 solemniter
3542 3156 3676 3194 con-

2096 3217 2406 3289 gregantur,
2437 3208 2710 3289 licet‘istas
2731 3207 2951 3289 audiant
2980 3207 3239 3289 lectiones
3287 3209 3674 3289 quibusﬁpiri-

2100 3288 2185 3334 tus
2223 3287 2444 3334 sanctus
2489 3286 2573 3333 est
2629 3278 2929 3348 promissus
2970 3286 3025 3348 et
3054 3281 3268 3345 missus,
3299 3278 3364 3332 al
3400 3278 3660 3348 judicium

2095 3347 2341 3411 audiunt,
2394 3364 2502 3405 non
2554 3347 2946 3419 ad’pnemimn.
2966 3347 3114 3419 Quid
3142 3349 3284 3404 enim
3330 3347 3412 3403 eis
3456 3348 3674 3419 prodest
3760 3394 3761 3397 η

2096 3420 2375 3488 percipere
2400 3419 2636 3484 auribus,
2679 3418 2824 3488 quod
2850 3418 3101 3473 cordibus
3139 3427 3427 3488 respuunt;
3475 3426 3530 3471 et
3559 3418 3673 3487 ejus

2094 3486 2573 3553 tliemvcelebrare,
2606 3486 2758 3557 cujus
2784 3486 2964 3545 lumen
3004 3486 3268 3544 oderunt?
3315 3489 3423 3542 Vos
3464 3499 3669 3552 autem,

2095 3558 2120 3611 f
2142 3567 2305 3621 atres,
2339 3559 2576 3613 membra
2604 3558 2847 3627 corporis
2891 3557 3123 3622 Christi,
3153 3559 3390 3628 germina
3421 3559 3663 3622 unitatis,

2098 3629 2190 3682 lilii
2240 3630 2406 3697 pacis.
2440 3630 2581 3684 hunc
2629 3629 2769 3683 diem
2817 3628 2960 3696 agite
3009 3629 3444 3695 larti,celebrate
3472 3630 3670 3685 securi.

2097 3698 2211 3753 lloc
2234 3700 2375 3769 enim
2406 3699 2463 3753 in
2485 3699 2637 3754 vobis
2658 3700 2929 3768 impletur,
2953 3701 3094 3769 quod
3125 3700 3226 3754 illis
3251 3699 3439 3755 diebus
3458 3700 3674 3769 quando

2058 3818 2062 3823 .
2094 3771 2241 3823 venit
2266 3768 2496 3838 Spiritus
2518 3778 2736 3824 sanctus
2759 3768 3197 3839 praesigniabatur.
3225 3769 3357 3836 Quia
3380 3768 3519 3825 sicut
3547 3778 3675 3824 tunc

2093 3840 2183 3909 qui
2214 3848 2459 3894 sanctum
2489 3839 2746 3908 Spiritutn
2776 3840 3125 3909 percipiebat,
3149 3841 3310 3895 etiam
3340 3856 3477 3895 unus
3506 3839 3671 3895 homo

2094 3910 2287 3977 linguis
2315 3909 2564 3965 omnibus
2593 3911 2912 3980 loquebatur
2940 3949 2955 3975 ,
2998 3911 3074 3965 sic
3113 3918 3167 3966 et
3196 3926 3335 3965 nunc
3362 3926 3458 3979 per
3485 3926 3675 3964 omnes

2094 3989 2282 4047 gentes
2326 3980 2577 4050 omnibus
2607 3980 2801 4049 linguis
2830 3980 2943 4048 ipsa
2968 3981 3143 4045 unitas
3190 3982 3445 4049 loquitur,
3485 3981 3672 4050 inqua

2092 4050 2371 4120 constituti
2400 4048 2656 4120 Spiritum
2684 4048 2927 4105 sanctum
2971 4051 3204 4117 habetis,
3233 4048 3488 4120 quoniam
3520 4048 3676 4105 Chri-

2091 4120 2158 4190 sti
2186 4119 2419 4175 Ecclesia
2442 4119 2695 4190 loquente
2716 4120 2963 4175 omuibus
2988 4121 3198 4189 linguis,
3213 4119 3359 4177 nullo
3388 4121 3677 4177 schismate

412 4189 654 4254 corporis
681 4189 895 4244 Christi.
927 4191 1043 4247 Non
1087 4194 1229 4246 enim
1260 4191 1454 4245 frustra
1482 4189 1788 4254 celebratis,
1817 4189 1863 4242 si
1889 4189 1990 4242 hoc

412 4256 536 4327 ξλεαρ
556 4258 699 4325 quod
721 4260 1002 4316 celebratis
1030 4280 1041 4313 :
1068 4263 1140 4316 illi
1171 4262 1422 4318 Ecclesite
1450 4261 1800 4322 cohmrcntes,
1829 4274 1989 4327 quam

2091 4189 2380 4247 dissidetis.

2697 4326 2928 4381 SERMO
2969 4327 3053 4381 ιιι

2594 4417 2727 4473 hem
2757 4420 2824 4476 de
2854 4416 3156 4471 Pentecoste

2167 4529 2222 4585 ln
2247 4531 2345 4586 hac
2373 4529 2765 4586 solemnissima
2788 4532 3220 4599 congregatione,
3247 4529 3475 4599 Spiritus
3505 4530 3677 4584 sancti

2027 4602 2069 4659 υ
2095 4602 2163 4656 de
2203 4602 2341 4655 (telo
2381 4600 2758 4656 descendentis
2802 4598 3141 4656 celebramus
3196 4598 3526 4662 adventum,
3584 4601 3676 4668 qui

2094 4673 2206 4741 jam
2231 4670 2684 4741 frequentavimus
2712 4670 3126 4741 Mediatoris_ad
3156 4670 3321 4726 cmlus
3359 4671 3680 4741 revertentis

2099 4738 2761 4810 ascensum.uPromiserat
2787 4741 2983 4810 quippe
3032 4738 3204 4794 Patris
3242 4740 3545 4808 unigenitus
3583 4738 3680 4810 Γί-

2101 4813 2222 4876 lius,
2250 4811 2377 4865 dum
2408 4808 2679 4867 hominem
2726 4808 2962 4880 chtaret
2992 4812 3051 4882 iu_
3074 4809 3681 4882 terris,.atllnereutibus

2100 4883 2201 4937 sibi
2232 4882 2404 4936 beatis
2433 4882 2713 4951 apostolis,
2734 4878 2921 4937 dicens
2952 4900 2966 4934 ;
3002 4878 3121 4951 Nisi
3138 4878 3349 4951 abiero,
3371 4878 3677 4951 Pin-artetur

2103 4969 2206 5006 non
2236 4953 2398 5007 reniet
2426 4948 2494 5006 ait
2517 4970 2603 5007 ros
2645 4948 2831 5021 (Joan.
2863 4968 2966 5013 xw,
3002 4950 3086 5021 ἶ).
3135 4949 3441 5021 Paraclctus
3491 4948 3679 5004 Graeco

2104 5023 2342 5093 eloquio,
2367 5019 2677 5093 consolator
2703 5023 2896 5077 dicitur
2929 5023 2979 5076 in
3011 5019 3222 5075 Latino.
3246 5020 3569 5093 Consulatus
3597 5028 3682 5093 est

2104 5091 2469 5163 pusillanimes
2507 5092 2778 5156 Christus,
2814 5093 3059 5147 habitans
3103 5107 3223 5163 cum
3252 5091 3578 5163 hominibus
3607 5092 3683 5163 in

2103 5161 2335 5219 homine
2372 5164 2527 5228 Deus,
2560 5172 2823 5232 susceptae
2868 5161 3294 5232 mansuetudinis
3348 5161 3682 5232 tnag’istcrib,

2102 5234 2418 5290 benevolum
2431 5231 2759 5288 fortitudinis
2778 5249 2887 5287 suae
2905 5232 3144 5302 prtcbens
3160 5231 3385 5286 infirmis
3399 5231 3678 5302 auxilium.

2046 5346 2047 5349 η
2100 5305 2505 5359 Cousolatorem
2536 5304 2800 5373 promittit
2826 5300 3083 5371 Spiritum
3113 5310 3379 5366 sanctum,
3404 5316 3470 5355 nc
3500 5300 3684 5373 tristes

2099 5374 2342 5443 discipuli
2371 5371 2715 5429 remanerent
2767 5382 2892 5443 post
2940 5373 3055 5438 ejus
3083 5387 3389 5438 ascensum,
3438 5371 3528 5439 qui
3548 5385 3681 5443 etim

2100 5440 2483 5514 ipsis—maneat
2527 5446 2579 5499 in
2628 5440 2910 5499 aeternum.
2940 5444 2984 5495 υ
3023 5442 3307 5514 individua:
3356 5440 3684 5514 operationis

2099 5511 2303 5568 unitas!
2337 5513 2381 5569 Ο
2411 5514 2530 5570 Filii
2561 5522 2616 5570 et
2643 5513 2873 5586 Spiritus
2892 5513 3061 5586 sancti
3088 5529 3207 5567 cum
3239 5511 3398 5566 Patre
3429 5512 3684 5586 ομηρίρο-

2100 5595 2246 5643 teute
2293 5586 2587 5643 consimilis
2631 5581 2703 5639 et'
2732 5583 3164 5652 consempitcrua
3212 5581 3480 5652 potestas!
3514 5581 3684 5637 Deum

2098 5655 2314 5709 Patrem
2342 5670 2462 5710 esse
2488 5656 2879 5712 consolationis
2899 5653 3095 5709 Paulus
3124 5654 3399 5726 apostolus
3428 5653 3686 5724 praedicat

482 5832 499 5850 '
542 5829 627 5887 Est
660 5834 797 5904 apud
824 5832 1175 5903 Augustinum
1205 5848 1380 5903 sermo
1427 5831 1545 5900 187,
1583 5831 1647 5888 de
1670 5833 1959 5911 Tempore.
2002 5865 2067 5882 ι-
2096 5834 2557 5899 Exstatcditionis
2596 5818 2795 5899 nestrw
2829 5848 2974 5897 tomo
3006 5839 3068 5906 ν,
3089 5840 3194 5897 col.
3234 5838 3383 5894 l245.
