4168 6348
376 407 482 469 ’23

1814 408 2044 465 SERMO
2082 407 2203 463 ιγ’.

3548 413 3652 467 926

377 536 586 584 tantum
610 523 787 580 timuit
811 523 1066 594 gladium,
1112 531 1173 578 ut
1214 524 1365 577 vivus
1403 522 1623 594 fugisset
1652 524 1712 594 in
1740 524 1957 594 cadum.
1992 530 2042 586 Α
2066 524 2359 594 dominica,
2389 520 2439 573 in
2464 535 2568 588 qua
2590 536 2703 594 non
2726 520 3077 594 sedctlnnno,
3109 523 3202 579 scd
3221 521 3362 579 Deus
3389 535 3443 580 et
3464 525 3651 583 homo.

377 596 709 665 Quocunque
751 592 909 665 pacto
929 594 1271 665 persequitur
1299 593 1509 665 mulier,
1538 593 1584 648 si
1613 593 1847 665 placeat,
1872 592 1958 665 ju-

415 662 564 731 ulat;
614 662 661 719 si
701 662 1013 734 diSpliccat,
1056 662 1208 733 pejus
1249 664 1524 719 excruciat
1565 681 1578 716 :
1620 662 1723 734 sed
1774 663 1965 734 melius

415 681 564 731 mat;
614 681 661 719 SI
701 681 1013 734 mspuccat,
1056 681 1208 733 pejus
1249 681 1524 719 excruciat
1565 681 1578 716 :
1626 681 1723 718 seu
1774 681 1963 718 melius

377 681 625 805 displicet
643 750 766 789 cum
793 735 1039 803 corporis
1063 746 1270 805 morte,
1304 749 1371 788 ne
1400 735 1591 805 anima:
1622 733 1793 805 tollat,
1818 733 1963 801 quo.l

381 803 556 875 majus
598 813 710 869 est,
760 805 1067 859 sanitatem.
1099 803 1254 875 Quod
1276 803 1589 875 jamdudum
1609 804 1809 875 Adicere
1840 818 1964 875 per-

381 872 658 938 horresco,
687 874 890 944 placuit
918 882 975 928 et
1019 874 1266 928 saltatrix
1299 892 1312 926 :
1360 873 1457 944 sed
1498 873 1624 943 quid
1656 874 1849 927 mirum
1894 872 1962 936 si,

383 949 524 1004 inter
550 943 716 1013 dapes
744 944 919 1009 largas
972 952 1029 998 et
1066 944 1383 1013 poculorum
1410 943 1720 1012 frequentes
1750 944 1964 1012 procel-

384 1018 481 1082 las,
507 1016 682 1086 puella
699 1015 983 1086 lasciviens
997 1014 1230 1086 mulceat
1247 1028 1458 1086 sensus,
1478 1014 1696 1086 inclinet
1707 1015 1930 1086 allectus
1942 1016 1965 1067 ’ἐ

386 1081 577 1142 Vinum
607 1094 662 1140 et
689 1085 933 1147 saltatio,
978 1083 1174 1154 duplex
1207 1084 1511 1154 incendium
1537 1083 1848 1154 voluptatis.
1880 1081 1967 1136 ln-

382 1172 544 1227 super
565 1154 791 1227 offertur
831 1153 1067 1227 luxuria,
1100 1153 1476 1227 quodcunque
1498 1153 1802 1227 poposcerit
1826 1168 1966 1227 pra):

385 1223 549 1281 mium
570 1226 752 1280 statim
773 1223 896 1280 eSse
920 1223 1245 1287 donandum,
1268 1223 1479 1279 etiamsi
1506 1223 1784 1278 dimidium
1815 1223 1967 1291 regni

383 1296 580 1351 femina
610 1296 853 1365 petiisset
876 1334 894 1361 ,
942 1292 1232 1350 Salomone
1261 1302 1553 1349 attestante
1590 1294 1714 1365 quia
1746 1304 1849 1348 non
1888 1302 1966 1347 est

380 1375 536 1436 caput
562 1364 715 1435 super
736 1375 893 1434 caput
932 1364 1208 1436 serpentis,
1254 1373 1306 1418 et
1331 1382 1434 1436 non
1461 1374 1538 1419 est
1572 1364 1775 1436 malitia
1814 1380 1967 1436 super

384 1432 639 1491 malitiam
683 1432 931 1489 mulieris.
982 1432 1048 1487 Et
1094 1434 1287 1489 iterum
1331 1451 1351 1488 :
1390 1433 1715 1488 Commorari
1744 1435 1879 1488 leoni
1914 1443 1965 1487 et

386 1506 598 1561 draconi
627 1506 847 1586 placebit
883 1506 939 1559 in
959 1502 1585 1586 erggo,hqitamnhabitarc
1608 1521 1728 1586 cum
1754 1505 1965 1586 muliere

385 1593 602 1646 nequam
627 1572 840 1646 '(Eccli.
871 1591 994 1646 xxv,
1024 1572 1115 1640 22,
1143 1572 1270 1646 25).
1303 1572 1568 1646 iCulmine
1608 1573 1769 1646 igitur
1813 1588 1907 1646 reg
1930 1574 1963 1629 ii

384 1644 719 1726 contempto,
738 1654 900 1726 caput
914 1644 1135 1726 Joannis
1149 1644 1340 1714 petivit
1359 1646 1412 1699 in
1436 1645 1615 1726 disco;
1640 1644 1759 1714 plus
1779 1644 1965 1726 odiens

385 1732 509 1772 eum
531 1714 623 1784 qui
650 1714 929 1770 interdixit
953 1716 1237 1785 incestum,
1267 1731 1428 1785 quam
1472 1715 1701 1785 diligens
1722 1730 1844 1785 eum
1872 1714 1965 1784 qui

386 1788 710 1857 promiserat
727 1800 971 1855 regnum.
987 1784 1313 1857 Exsecratui-
1324 1784 1636 1857 magistrum
1649 1784 1964 1857 disciplintl‘,

425 1857 660 1917 ncsumit
681 1855 749 1911 de
774 1852 1077 1911 mercatore
1105 1855 1347 1910 luxuriat.
1378 1852 1423 1909 Ο
1442 1856 1680 1924 nequitia
1706 1852 1917 1910 fontium
1945 1857 1958 1909 !

433 1913 560 1995 legit
587 1933 935 1981 contemnere
958 1926 1240 1989 honorem,
1290 1935 1347 1979 ut
1377 1903 1582 1979 lucruin
1612 1923 1813 1980 faceret
1838 1941 1961 1980 san-
2000 1903 2041 1960 Β

383 1998 624 2065 guinum.
656 1995 795 2051 Vere
815 1997 1066 2065 quianon
1088 1996 1288 2063 cogitat
1314 1996 1382 2050 de
1412 1995 1658 2064 imperio,
1681 1996 1768 2049 cui
1789 1997 1967 2051 carior

368 2076 472 2123 est
500 2066 732 2137 turpido.
757 2066 968 2121 Recens
994 2067 1195 2121 exsecti
1224 2065 1417 2135 capitis
1443 2065 1658 2133 sanguis
1686 2065 1885 2120 ﬂuebat
1913 2067 1963 2120 in

383 2137 553 2201 disco,
581 2136 648 2191 ad
676 2136 933 2206 pietatem
965 2150 1264 2206 provocans
1293 2141 1483 2200 honos,
1519 2143 1781 2206 terrorem
1809 2137 1963 2192 malis

386 2205 808 2270 incutiens,’hoc
835 2205 1009 2260 solum
1033 2206 1237 2261 scilicet
1261 2205 1430 2260 defuit
1450 2205 1721 2274 regalibus
1742 2209 1959 2259 mensis.

386 2276 674 2334 Multorum
708 2276 894 2346 ,credo
926 2276 1034 2343 jam
1087 2277 1262 2344 capita
1314 2276 1537 2344 piscium
1593 2276 1966 2346 pecudumque

372 2355 791 2414 praecesserant,
809 2345 901 2400 sed
917 2355 1173 2414 quantum
1189 2355 1273 2400 est
1285 2346 1352 2399 ad
1371 2346 1573 2413 regiam
1595 2345 1965 2401 voluntatem?

429 2420 568 2472 otuit
594 2418 697 2474 hoc
723 2416 943 2471 forsitan
965 2425 1020 2472 et
1037 2416 1239 2486 privata
1259 2430 1444 2470 mensa
1473 2415 1808 2485 conspicere.
1825 2416 1963 2470 Nihil

385 2497 587 2552 actum,
630 2487 759 2541 nihil
789 2486 1022 2555 denique
1038 2485 1403 2556 procuratum
1436 2495 1608 2549 esset,
1639 2487 1683 2540 si
1711 2485 1969 2541 defuisset

384 2560 533 2629 regio
562 2558 788 2629 prandio
817 2554 977 2626 caput
1004 2554 1316 2629 humanum.
1368 2554 1435 2608 Et
1486 2556 1589 2629 hoc
1629 2572 1735 2609 non
1767 2558 1965 2626 passim

386 2626 477 2682 aut
505 2626 645 2683 forte
673 2627 921 2695 vulgare,
970 2628 1065 2682 sed
1093 2626 1161 2681 de
1187 2641 1407 2681 carcere
1435 2626 1503 2679 ad
1529 2641 1767 2681 mensam
1806 2637 1969 2696 caput

366 2699 609 2753 -a'latum
638 2706 723 2752 est
761 2698 1098 2767 prophetale.
1140 2696 1328 2767 Solent
1354 2711 1510 2764 reges
1535 2697 1968 2767 solemnitatibus

384 2770 495 2822 suis
524 2782 745 2837 magnas
762 2764 834 2821 'ac
863 2764 1106 2822 terrenas
1134 2766 1321 2835 epulas
1346 2781 1607 2837 quaerere,
1638 2764 1835 2821 Herodi
1858 2783 1968 2822 ca:-

425 2840 465 2892 it
494 2846 548 2893 et
576 2834 764 2893 carcer
790 2837 1010 2893 delicias
1040 2834 1179 2891 mini
1204 2844 1364 2890 trare.
1413 2834 1478 2889 Et
1506 2836 1626 2891 ideo
1655 2852 1867 2906 semper
1887 2847 1969 2891 est

432 2924 498 2964 eo
536 2917 686 2977 grata
715 2916 1032 2977 paupertas,
1058 2908 1213 2975 cujus
1241 2907 1391 2961 cibus
1421 2922 1527 2961 non
1559 2906 1719 2960 habet
1747 2908 1966 2975 sangui-

386 2995 529 3044 nem,
552 2978 648 3047 sed
668 2979 966 3033 olusculum
990 2978 1095 3032 vile
1120 2984 1450 3047 niansueta‘n
1474 2979 1688 3047 supplet
1712 2980 1962 3033 esuriem.

383 3047 516 3103 Nam
550 3046 718 3102 tribus
744 3050 925 3118 pueris
971 3047 1132 3118 (Dan.
1162 3064 1198 3107 ι,
1230 3046 1320 3116 lii)
1347 3047 1539 3118 Acibus,
1581 3046 1707 3118 olus
1732 3056 1788 3102 et
1817 3047 1966 3117 legu-

383 3064 516 3103 nam
550 3064 718 3102 tribus
786 3064 925 3102 ueris
971 3064 1132 3118 tuan.
1162 3064 1198 3107 ι,
1230 3064 1320 3116 πυ)
1368 3064 1539 3112 emus,
1588 3064 1707 3102 oms
1732 3064 1788 3102 et
1817 3064 1966 3117 tegu-

362 3120 528 3173 'mina
560 3118 678 3172 fuit.
722 3064 972 3186 Ilioqnin
1004 3132 1278 3186 nunquam
1309 3116 1587 3171 vincerent
1628 3116 1887 3183 ﬂammas,
1920 3119 1966 3172 si

382 3189 586 3244 vellent
626 3203 810 3242 amare
856 3189 1093 3243 delicias.
1142 3188 1280 3241 Vere
1307 3188 1431 3257 quia
1463 3189 1636 3243 nescis
1673 3188 1800 3256 quid
1843 3197 1967 3256 agat

383 3261 822 3330 impietas,__cum
851 3274 974 3313 eum
1001 3274 1162 3327 quem
1192 3258 1310 3312 odis

383 3272 650 3330 impietas,
700 3274 822 3313 cum
851 3274 974 3313 eum
1001 3274 1162 3327 quem
1192 3272 1310 3312 OtllS
1334 3272 1472 3381 (plus
1513 3272 1750 3314 nouoras
1803 3273 1966 3339 quam

382 3329 627 3384 damnas.
662 3327 857 3397 Utique
884 3344 1004 3383 cum
1036 3336 1295 3396 argenteo
1366 3343 1483 3398 gnsco
1527 3336 1689 3398 caput
1725 3329 1968 3383 exhiberi

383 3398 535 3466 iubes
553 3398 619 3453 ad
635 3396 893 3462 mensam,
913 3407 1136 3463 nonest,
1166 3406 1226 3450 ut
1253 3396 1458 3464 credis,
1491 3396 1751 3453 memoria
1776 3398 1972 3455 crude-

384 3470 575 3536 litatis,
624 3469 716 3524 sed
748 3470 889 3523 illius
924 3469 1036 3537 jam
1067 3474 1400 3523 monstratur
1427 3471 1591 3522 decus
1620 3469 1862 3523 honoris.
1890 3469 1968 3524 lta

382 3538 526 3593 enim
552 3540 858 3610 portabitur
878 3548 936 3593 et
974 3539 1042 3593 ad
1070 3540 1267 3595 caelum
1288 3573 1303 3598 ,
1336 3544 1395 3610 ut
1422 3538 1553 3610 inde
1577 3539 1670 3592 tibi
1699 3537 1967 3610 infensum

380 3608 612 3679 judice—ni
642 3610 843 3665 excitet
872 3610 1059 3673 Deum,
1100 3611 1188 3665 cui
1228 3615 1311 3663 est
1339 3608 1512 3675 gloria
1543 3608 1595 3681 in
1644 3609 1969 3664 surculorum

358 3698 362 3703 ’
382 3681 599 3735 smcula.

977 3814 1206 3870 SERMO
1235 3814 1365 3870 LVI.

709 3904 786 3960 De
819 3904 1003 3959 Natali
1025 3904 1084 3961 S.
1114 3904 1338 3961 Joannis
1361 3904 1633 3976 Baptism.

455 4019 663 4074 Bonum
717 4017 875 4073 nobis
927 4016 1088 4071 hodie
1140 4017 1447 4072 convivium
1505 4017 1860 4085 praecursoris
1913 4017 1967 4072 in

381 4103 569 4145 mensa
594 4095 949 4159 [imparatum
975 4095 1059 4143 est
1097 4086 1441 4159 confessoris.
1468 4085 1771 4159 Cyprianus
1790 4089 1969 4150 amico

383 4155 824 4229 hospitiuin,'sed
844 4155 1081 4213 Joannes
1108 4158 1262 4213 nobis
1289 4155 1813 4229 cmleste'praudium
1840 4174 1972 4228 prae.

455 4226 614 4300 ravit.
655 4226 890 4300 Joannes
912 4267 927 4291 ,
971 4229 1322 4300 inquamtet
1358 4226 1680 4300 Cyprianus.
1711 4227 1805 4285 llle
1834 4226 1970 4300 puer

383 4245 614 4354 param.
655 4245 890 4282 Joannes
912 4267 927 4291 ,
971 4245 1222 4298 mquam,
1265 4245 1322 4283 et
1358 4245 1680 4300 cyprianus.
1711 4245 1805 4285 lue
1834 4245 1970 4297 puer

435 4298 648 4368 replicta
674 4297 926 4368 Altissimi
968 4296 1120 4367 (Luc.
1148 4315 1184 4362 ι,
1221 4299 1342 4368 76),
1388 4300 1490 4353 iste
1519 4313 1685 4355 senex
1715 4298 1970 4361 sacerdos

382 4379 467 4425 est
494 4367 711 4424 Christi.
746 4367 839 4421 Ille
866 4368 1234 4423 sanctificatus
1262 4367 1314 4423 in
1355 4377 1573 4435 ventre,
1617 4370 1718 4423 iste
1762 4370 1966 4429 sancti-

384 4441 575 4496 ﬂcatus
597 4439 648 4492 in
671 4453 770 4494 suo
794 4440 1072 4506 sanguine.
1105 4437 1199 4492 Ille
1228 4454 1425 4508 pneco,
1470 4441 1571 4494 iste
1596 4448 1834 4507 togatus.
1861 4438 1968 4494 Pro

383 4508 648 4564 ambobus
676 4524 815 4563 unus
843 4508 1090 4563 Christus
1119 4517 1203 4562 est
1228 4508 1539 4563 advocatus.
1584 4509 1675 4562 llle
1711 4510 1968 4569 exsiliens

385 4582 438 4635 in
466 4589 642 4640 utero,
673 4579 775 4632 iste
806 4578 1138 4647 triumphans
1175 4578 1275 4633 sub
1298 4578 1493 4646 gladio.
1526 4578 1618 4639 llle
1646 4595 1961 4648 prmeursor,

2070 589 2209 662 Ecce
2228 605 2471 662 carruca,
2492 605 2619 645 ecce
2640 590 2922 655 adventus,
2944 593 3119 660 qualis
3134 601 3213 647 est
3233 609 3410 662 praeco
3428 595 3618 649 missus
3633 604 3658 651 γ

2070 659 2416 715 Ρηιιοθόρὺπι
2461 674 2637 728 pneco
2674 668 2801 714 ante
2843 659 3118 716 carrucam
3150 659 3415 718 venientis
3444 663 3656 723 Domini

2070 730 2391 786 communis.
2415 729 2552 803 Quid
2576 730 2827 803 dicebat?
2843 729 3087 796 Domine,
3105 733 3348 803 pnccedo
3376 747 3476 800 ego
3502 749 3654 803 gres-

2068 817 2158 876 gius
2182 808 2321 876 tuos,
2339 800 2458 876 quia
2469 809 2533 876 lu
2554 799 2829 876 possedisti
2852 817 2995 876 renes
3013 799 3152 856 meos
3177 800 3348 876 (Ps-al.
3374 799 3525 870 cini,
3542 805 3651 876 15).

2067 868 2282 931 Gratias
2312 868 2426 941 tibi,
2467 868 2691 924 Domine
2723 888 2735 922 :
2772 880 2825 924 tu
2856 871 2972 925 vias
3002 887 3148 925 meas
3174 868 3239 925 de
3271 873 3425 940 longe
3451 868 3655 941 cogno-

2070 941 2210 1003 visti,
2242 947 2297 993 et
2326 940 2455 993 mihi
2489 941 2599 992 vias
2631 947 2749 995 tuas
2775 943 3045 1008 proximas
3073 942 3408 997 commisisti.
3439 940 3655 1009 Gratias

2071 1010 2189 1076 tibi,
2234 1009 2485 1072 Domine,
2530 1012 2927 1079 pricposterasti
2954 1012 3319 1066 conditionem
3362 1028 3568 1075 meam,
3598 1023 3655 1069 et

2068 1079 2360 1151 promisisti
2402 1080 2627 1149 gratiam
2673 1088 2836 1151 tuam.
2884 1079 3054 1151 Mater
3084 1089 3172 1136 tua
3206 1083 3300 1136 ivit
3329 1082 3394 1136 ad
3424 1092 3652 1138 matrem

2069 1150 2264 1221 meam,
2288 1158 2342 1205 et
2357 1165 2458 1218 ego
2482 1150 2726 1221 prazcedo
2753 1150 3089 1221 a..teqfaciem
3112 1160 3278 1206 tuam.
3302 1152 3512 1207 Gratias
3535 1154 3651 1221 tibi,

2074 1220 2295 1274 Domine
2323 1237 2336 1271 :
2368 1230 2421 1274 tu
2450 1220 2731 1289 suscepisti
2763 1236 2848 1275 me
2872 1219 2941 1275 de
2980 1228 3167 1274 ventre
3194 1223 3379 1276 matris
3408 1238 3561 1289 meae,
3595 1219 3653 1277 ut

2067 1305 2416 1358 agnoscerem
2441 1297 2494 1343 te
2518 1290 2569 1343 in
2600 1299 2754 1344 utero
2776 1292 2959 1344 matris
2982 1301 3103 1347 tum.
3132 1290 3402 1347 Maternus
3422 1308 3507 1347 me
3534 1302 3651 1347 ute-

2068 1376 2161 1414 rus
2177 1360 2567 1429 intraiangusla:
2586 1360 2753 1414 vulva:
2766 1363 3115 1415 secretarium
3134 1363 3349 1416 tenebat
3365 1363 3649 1429 inclusum;

2070 1430 2261 1484 misisti
2300 1428 2569 1483 Christum
2611 1438 2789 1494 tuum,
2843 1430 3154 1485 illuminasti
3195 1448 3290 1487 cor
3326 1442 3647 1488 maternum.

2069 1498 2255 1555 Misisti
2279 1499 2421 1553 intus
2442 1500 2710 1555 lucentem
2743 1499 3038 1570 lampadem
3064 1509 3239 1568 tuam,
3264 1511 3319 1556 ut
3350 1516 3449 1570 ego
3478 1517 3650 1570 agno-

2068 1585 2276 1642 scereln
2307 1578 2534 1642 matrem
2565 1577 2728 1642 tuam.
2761 1570 2815 1642 υΔ
2828 1572 2964 1642 bona
2997 1570 3264 1642 lampada,
3298 1587 3402 1626 non
3431 1588 3549 1642 qua:
3578 1573 3652 1628 d3-

2067 1638 2184 1707 ligit
2210 1640 2483 1703 saxulum,
2515 1639 2608 1695 sed
2640 1655 2757 1709 qua:
2786 1639 2956 1708 diligit
2983 1638 3197 1696 etclam.
3230 1642 3284 1696 Si
3318 1638 3476 1696 vultis
3504 1653 3649 1698 recta

2070 1709 2244 1778 lingua
2277 1726 2482 1783 vocare
2513 1709 2662 1783 diem
2705 1709 3104 1783 lampadarum,
3128 1712 3361 1783 _diligite
3390 1711 3646 1783 Spiritum

2067 1793 2321 1852 sanctum
2345 1797 2358 1833 :
2388 1779 2484 1836 sed
2508 1780 2614 1852 hoc
2633 1779 2896 1845 dolemus,
2920 1783 3044 1850 quia
3067 1779 3193 1835 sunt
3216 1779 3364 1836 multi
3391 1779 3482 1852 qui
3507 1784 3650 1839 diem

2067 1859 2264 1906 Vocant
2310 1850 2650 1919 lampadam.
2709 1858 2764 1905 et
2803 1858 2927 1905 sunt
2974 1852 3023 1905 in
3073 1852 3248 1907 medio
3279 1850 3644 1907 tenebrarum.

2070 1919 2309 1992 Diximus
2330 1935 2458 1988 ergo
2478 1935 2715 1992 carrum:
2739 1921 3075 1989 qualitatem,
3096 1921 3325 1975 diximus
3346 1923 3651 1992 pnccedeu-

2070 1992 2137 2045 tis
2159 1990 2448 2062 legitimam
2471 1990 2781 2062 servitutem
2818 2008 2835 2062 εν
2865 1992 3142 2046 veniamus
3165 1992 3232 2046 ad
3257 1990 3422 2062 ipsius
3450 1993 3653 2047 adven-

2069 2069 2153 2114 tus
2181 2060 2435 2132 dominici
2457 2058 2786 2126 dignitatem.
2812 2060 2949 2132 Ante
2970 2077 3246 2132 carrucam
3276 2058 3636 2132 imperatoris

2068 2132 2158 2209 qui
2183 2131 2497 2209 praecedunt
2520 2130 3106 2209 mela-tores,_palatini,
3142 2130 3495 2200 protectores,
3535 2134 3651 2209 __t_ri-

2058 2188 2216 2262 buni,
2240 2199 2405 2253 duces
2452 2208 2507 2252 et
2534 2200 2780 2264 comites,
2812 2188 2990 2266 Signa,
3032 2188 3295 2255 dracones
3342 2211 3397 2255 et
3425 2188 3644 2267 vexilla,

2067 2280 2123 2323 et
2143 2269 2423 2324 ﬂammqu
2448 2269 2549 2322 illa:
2570 2270 3005 2325 concordissima:
3022 2285 3318 2339 pannorum
3340 2270 3653 2328 diversitate

2066 2340 2379 2407 gaudentes,
2409 2339 2548 2393 tuba:
2574 2348 2844 2404 sonantes,
2871 2341 3030 2394 urbes
3053 2348 3359 2404 trementes,
3389 2342 3647 2397 inuocem

2070 2410 2492 2479 tes’gandentes,
2544 2410 2623 2462 rei
2676 2410 2943 2463 timentes.
2978 2409 3116 2463 Ante
3167 2426 3445 2465 carrucam
3489 2410 3651 2479 Regis

2069 2480 2238 2534 nostri
2259 2478 2536 2533 videamus
2555 2494 2674 2548 qua:
2713 2480 3021 2548 praecedunt
3054 2481 3416 2534 :venerabilia
3472 2478 3650 2535 sacra-

2070 2556 2268 2611 menta,
2294 2551 2571 2617 templum,
2601 2547 2795 2602 Sancta
2817 2557 3157 2612 Sanctorum,
3189 2550 3358 2604 altare
3405 2566 3645 2613 aureum.

2071 2618 2521 2688 prepitiatorium,
2554 2619 2640 2671 ubi
2670 2626 2753 2672 est
2809 2619 3054 2673 remissio
3108 2631 3485 2686 peccatorum;
3515 2637 3649 2676 urna

2071 2702 2258 2755 aurea,
2282 2688 2333 2741 in
2363 2703 2466 2755 qua
2506 2696 2591 2741 est
2630 2688 2793 2742 sortis
2844 2689 3038 2742 divina:
3087 2689 3374 2755 judicium,
3404 2706 3510 2744 non
3540 2693 3651 2747 ele-

2069 2759 2264 2830 ctionis
2283 2759 2538 2830 humanae
2554 2758 3141 2830 constabatarbitrium
3165 2758 3471 2830 :Cherubin
3520 2776 3651 2830 pro-

2051 2828 2301 2897 tegentia
2342 2828 2775 2896 propitiatorium
2806 2828 2903 2883 alis
2924 2829 3053 2888 suis,
3085 2838 3140 2883 et
3170 2829 3452 2897 dctigentia
3480 2828 3652 2887 oculis

2068 2900 2207 2964 suis;
2230 2898 2377 2965 virga
2411 2897 2723 2969 ﬂureﬁscens,
2756 2913 2950 2969 manna
2983 2898 3047 2969 ad
3081 2900 3295 2968 pietatis
3324 2901 3652 2969 exemplum,

2069 2969 2193 3038 quia
2222 2983 2409 3038 partem
2438 2968 2552 3024 cali
2599 2968 2741 3039 dedit
2769 2969 2873 3022 illis
2898 2967 3066 3038 (l’sal.
3089 2967 3299 3036 LXXV“,
3332 2968 3445 3039 94).
3474 2967 3551 3025 ibi
3598 2980 3653 3027 et

2050 3037 2267 3092 tabula:
2288 3039 2545 3092 doctrina:
2573 3038 2809 3093 cmlestis
2854 3037 2995 3092 datae
3023 3039 3297 3107 discipulis
3341 3037 3527 3106 bonis,
3558 3041 3653 3097 sed

2073 3108 2224 3163 factae
2250 3107 2415 3162 duris.
2449 3107 2526 3162 lbi
2571 3108 2844 3172 sacerdos,
2875 3108 2946 3162 ibi
2975 3123 3089 3172 ara,
3118 3106 3189 3163 ibi
3245 3106 3432 3178 ﬂagrat
3461 3112 3650 3167 incen-

2069 3194 2206 3232 sum.
2237 3178 2312 3232 lbi
2336 3179 2557 3246 angelus
2579 3193 2701 3232 eum
2732 3178 2950 3233 homine
2982 3187 3125 3233 astat
3167 3180 3233 3234 ad
3264 3196 3428 3234 unum
3462 3182 3653 3238 altare.

1390 3259 1472 3312 lus
1513 3246 1750 3314 ιιοιιοι-ξιε
1803 3246 2038 3327 αυξηιρ
2072 3247 2283 3327 Gratias
2332 3246 2735 3327 tibi,_Domine_,
2796 3247 3081 3327 paeiﬂcare
3131 3251 3338 3327 empisti
3394 3253 3655 3327 sanguine

2076 3319 2251 3390 crucis
2277 3327 2400 3382 tuae,
2430 3320 2542 3373 sive
2557 3318 2757 3390 quinia
2779 3318 2931 3390 cmlis
2958 3327 3102 3383 sunt,
3132 3318 3244 3374 sive
3267 3335 3387 3390 qua:
3407 3321 3459 3390 in
3485 3318 3648 3377 terra.

2077 3386 2247 3443 Hodie
2269 3390 2492 3456 angelus
2531 3386 2652 3442 cum
2687 3388 2904 3443 homine
2931 3399 3068 3443 astat
3094 3390 3158 3442 ad
3186 3386 3375 3444 alt‘a're.
3435 3389 3650 3446 Utinam

2042 3486 2047 3491 ι
2074 3466 2244 3513 staret
2272 3459 2547 3530 nobiscum
2575 3456 2810 3530 Gabriel,
2846 3467 2904 3512 ut
2932 3459 3165 3527 puritate
3186 3469 3415 3530 paterna
3444 3476 3545 3530 per
3562 3474 3654 3516 so-

2074 3529 2322 3585 cietatem
2353 3528 2648 3596 angelicam
2676 3527 2881 3596 fugeret
2910 3530 3143 3598 fraterna
3166 3527 3461 3598 discordia,
3484 3539 3540 3586 et
3566 3546 3653 3586 re-

2076 3598 2399 3670 formaretur
2426 3598 2645 3668 antiqua
2672 3599 2982 3670 concordia.
3018 3596 3305 3654 Videamus
3332 3596 3461 3670 ergo
3483 3614 3675 3668 ειπερ-ι.

2075 3669 2184 3722 lum
2211 3669 2535 3731 venientem.
2567 3669 2902 3723 sacerdotem
2948 3683 3069 3723 cum
3115 3678 3348 3724 tremore
3376 3669 3607 3726 stantem
3634 3689 3649 3724 :

2073 3738 2220 3793 illum
2253 3739 2606 3800 nuntiantem,
2640 3738 2798 3792 istum
2854 3738 3156 3793 audientem
3186 3747 3238 3793 et
3269 3754 3374 3793 non
3429 3741 3647 3795 creden-

2055 3817 2201 3869 .tem.
2228 3806 2399 3879 Stetit
2417 3808 2596 3863 subito
2625 3807 2878 3879 caelestis,
2902 3817 2957 3863 et
2976 3809 3199 3879 spiritali
3222 3810 3406 3865 volatu
3432 3810 3652 3866 veniens

2072 3879 2290 3952 Spiritus
2309 3887 2365 3941 et
2389 3878 2525 3952 ignis
2551 3877 2746 3934 ardens
2778 3879 2941 3952 :_quia
2974 3877 3088 3952 ipse
3117 3878 3244 3950 facit
3269 3882 3484 3952 angelos
3528 3898 3650 3952 suos

2070 3947 2300 4021 spiritus,
2315 3958 2362 4002 et
2384 3949 2643 4013 ministros
2656 3964 2774 4021 suo;
2789 3949 2961 4021 ignem
2977 3947 3239 4003 ardentem
3259 3947 3428 4021 (Ρέαι.
3445 3966 3552 4015 cut,
3572 3951 3655 4021 4),

2121 4020 2250 4083 enit,
2277 4021 2445 4082 stetit,
2476 4020 2745 4082 convenit,
2776 4013 2916 4072 tollit
2938 4026 3217 4080 terrorem,
3251 4013 3342 4073 dat
3388 4013 3657 4075 securitas

2071 4098 2200 4144 tem.
2234 4087 2319 4143 Ne
2348 4092 2546 4154 timeas,
2576 4088 2774 4158 inquit,
2797 4087 3077 4150 Zacliaria,
3107 4089 3382 4145 incensum
3414 4099 3561 4146 tuum
3585 4092 3661 4147 de

2070 4159 2535 4232 aureotburibulo
2565 4159 2712 4232 fumo
2734 4159 2872 4213 dulci
2905 4159 3205 4232 prosiliens,
3224 4176 3390 4232 super
3428 4176 3658 4232 aureum

2072 4230 2125 4284 in
2151 4230 2290 4302 (mlo
2310 4228 2561 4302 flagravit
2577 4230 2769 4294 altare,
2800 4239 2854 4282 et
2882 4228 3105 4302 omnem
3128 4228 3417 4302 lictilirhvit
3444 4231 3652 4301 angeli-

2070 4316 2189 4356 cam
2221 4296 2506 4368 legion'em.
2533 4299 2609 4354 De
2635 4315 2737 4369 qua
2767 4312 2867 4367 ego
2890 4300 3038 4353 curia
3066 4296 3283 4355 Gabriel
3311 4302 3378 4355 ad
3401 4308 3455 4356 te
3477 4296 3654 4358 curia-

2071 4370 2136 4425 lis
2157 4371 2441 4439 adveniin
2474 4385 2582 4424 uno
2613 4369 2726 4439 jam
2758 4369 3158 4439 iuccnsu_cmlo
3208 4371 3476 4437 gaudente
3531 4388 3655 4428 cum

2048 4442 2289 4495 .mundo.
2325 4438 2409 4510 Ne
2428 4437 2633 4505 timeas,
2663 4438 2921 4493 Zucltaria
2950 4437 3099 4510 (Luc.
3125 4453 3160 4503 ι,
3192 4439 3301 4508 l5),
3336 4443 3491 4495 video
3529 4442 3656 4510 quia

2073 4511 2124 4564 in
2157 4521 2208 4566 te
2229 4509 2577 4578 sacerdotalis
2603 4511 2765 4567 vestis
2792 4519 2942 4567 metu
2971 4509 3221 4578 inclinata
3262 4519 3522 4578 quassata
3544 4509 3646 4566 est.

2073 4579 2157 4633 Ne
2183 4582 2382 4648 timeas,
2413 4577 2694 4644 Zacharia,
2721 4579 2868 4648 pacis
2898 4579 2990 4632 tibi
3018 4577 3162 4636 venit
3185 4577 3431 4648 nuntius,
3453 4594 3559 4633 non
3588 4581 3654 4635 ti-

383 4652 486 4704 iste
512 4647 810 4704 confessor.
850 4648 943 4703 Ille
962 4652 1263 4721 inmensa,
1291 4658 1346 4704 et
1375 4649 1478 4721 iste
1503 4651 1602 4703 sub
1632 4664 1837 4721 mensa.
1869 4647 1966 4706 llle
1999 4647 2045 4706 D
2072 4651 2266 4714 moris,
2290 4647 2374 4702 Ne
2413 4649 2613 4711 timeas,
2644 4647 2893 4721 exaudita
2922 4657 2999 4705 est
3027 4650 3193 4721 oratio
3247 4647 3659 4721 mollitiam),

383 4722 438 4776 in
462 4734 644 4775 mensa
665 4728 830 4788 caput
845 4718 1201 4788 perdidit,sed
1224 4735 1330 4772 non
1352 4720 1562 4783 amisit;
1583 4721 1685 4774 iste
1706 4720 1755 4773 iu
1781 4734 1963 4779 mensa

380 4798 550 4860 caput
578 4804 682 4860 non
713 4789 964 4858 perdidit,
997 4793 1089 4843 sed
1121 4788 1523 4860 invenitolllius
1547 4790 1688 4844 enim
1721 4798 1883 4858 caput
1912 4790 1963 4843 in

381 4857 595 4923 catino,
624 4857 777 4914 istius
799 4870 961 4928 caput
989 4860 1041 4913 in
1072 4859 1288 4928 templo.
1340 4857 1513 4914 Ambo
1543 4861 1595 4913 in
1624 4857 1849 4928 mensa,
1870 4861 1967 4914 sed

377 4942 434 4986 et
453 4930 612 4985 ambo
632 4930 731 4984 sub
754 4945 960 4996 mensa,
981 4929 1071 4997 qui
1091 4930 1242 4991 vidit,
1266 4930 1458 4997 inquit,
1474 4932 1681 4984 animas
1696 4929 1963 4997 justorum

378 5001 483 5057 sub
510 5016 604 5054 ara
644 5000 737 5054 Dei
786 5002 971 5070 (Apoc.
1004 5016 1075 5061 vi,
1116 5000 1193 5067 9).
1227 4998 1338 5053 Sub
1366 5015 1455 5059 ara
1483 4999 1739 5066 Joannes,
1764 5002 1831 5054 de
1857 5016 1967 5067 quo

379 5081 558 5127 mater
601 5070 799 5126 sterilis
836 5070 1231 5141 erubescebat,
1282 5078 1337 5123 et
1382 5086 1542 5141 super
1571 5086 1719 5124 aram
1760 5071 1966 5141 positus

376 5143 645 5205 Christus,
667 5141 734 5195 de
754 5156 864 5209 quo
885 5148 1057 5195 mater
1083 5140 1234 5208 virgo
1262 5139 1547 5208 gaudebat.
1579 5141 1685 5201 Sed
1711 5139 1964 5208 quoniam

380 5228 490 5267 non
510 5211 730 5281 propria
752 5219 878 5281 sunt
897 5225 1118 5281 munera
1143 5210 1257 5273 Dei,
1284 5212 1669 5281 assumpsimus
1698 5213 1764 5265 ab
1792 5210 1967 5266 amico

381 5283 435 5336 in
461 5279 720 5337 honorem
742 5280 919 5337 amici.
952 5279 1291 5334 Dimittamus
1321 5279 1592 5351 paulisper
1620 5281 1811 5351 palmis
1853 5282 1966 5342 suis

377 5361 436 5407 et
474 5352 759 5421 triumphis
787 5359 1098 5429 contentam
1125 5351 1415 5429 gloriosam
1445 5352 1963 5429 utri_usque_pa_ssio-

332 5462 337 5466 ο
379 5438 537 5485 nem,
588 5420 653 5476 et,
688 5421 969 5477 credamus
997 5421 1363 5476 admirabilem
1394 5420 1769 5483 nativ'itatEmf
1792 5420 1964 5476 Hodie

380 5507 560 5561 preco
588 5492 867 5563 nascitur;
898 5492 992 5547 sed
1021 5492 1276 5563 quoniam
1304 5491 1535 5563 dignitas
1563 5492 1834 5563 dissimilis
1864 5507 1964 5548 nec

379 5564 644 5617 adventus
671 5562 911 5631 aequalis,
941 5561 1118 5632 preco
1142 5563 1286 5616 venit
1311 5562 1363 5616 iu
1387 5562 1552 5616 rheda
1581 5563 1758 5625 senili,
1788 5561 1960 5617 iudex

378 5644 565 5687 autem
604 5632 657 5686 ln
686 5646 908 5687 carruca
938 5633 1085 5687 venit
1113 5632 1377 5700 virginali.
1419 5633 1549 5697 Quae
1590 5648 1813 5688 carruca
1853 5648 1962 5688 non

376 5704 481 5759 soli
504 5710 740 5757 est'uata
758 5702 899 5770 viro,
929 5703 1024 5757 sed
1049 5702 1295 5757 Domino.
1330 5702 1586 5757 Dicuntur
1612 5704 1966 5771 imperatores

362 5773 582 5829 terreni
598 5774 1001 5829 interearrucas
1012 5774 1272 5836 diversas,
1293 5788 1529 5843 quarum
1549 5773 1790 5829 sessione
1815 5781 1968 5828 utun-

380 5852 491 5912 tur,
505 5845 705 5899 habere
724 5859 1027 5909 carrucam,
1043 5844 1095 5898 in
1115 5859 1221 5914 qua
1251 5842 1427 5899 nullus
1444 5842 1659 5912 sedeat,
1675 5860 1794 5914 qua:
1814 5860 1968 5900 voca-

379 5924 471 5972 tur
488 5914 749 5985 angelica.
773 5915 878 5971 Ista
899 5930 1123 5972 carruca
1142 5929 1246 5974 non
1274 5922 1482 5977 tantum
1511 5914 1775 5985 angelica,
1794 5916 1887 5973 sed
1913 5923 1967 5970 et

2071 4727 2127 4773 et
2157 4729 2212 4773 tu
2241 4734 2390 4773 ames
2419 4720 2759 4787 praesentiam
2806 4733 3001 4771 meam.
3049 4717 3286 4783 Dimitte,
3320 4717 3529 4773 dimitte
3557 4717 3656 4775 an;

2073 4792 2279 4867 tiquum
2330 4787 2599 4867 paulisper
2644 4788 2995 4867 obsequium,
3028 4802 3225 4867 novum
3275 4804 3342 4867 ex
3400 4804 3485 4843 me
3530 4793 3654 4867 audi

2073 4858 2407 4928 responsum.
2441 4858 2660 4916 Dimitte
2687 4859 3003 4928 obsequium
3034 4858 3173 4912 istud
3219 4859 3453 4928 antiqua:
3492 4863 3662 4915 SCTVi'.

2074 4932 2201 4985 tutis
2225 4931 2276 4983 in
2305 4931 2453 4984 cultu
2482 4929 2630 4997 legis,
2658 4929 2745 4984 ubi
2774 4928 3315 4999 sacerdos_introibat
3342 4945 3440 4999 per
3481 4929 3657 4999 singu-

2075 5001 2154 5054 los
2173 5014 2344 5055 annos
2373 5000 2425 5053 in
2453 4995 2713 5069 sanguine
2764 4999 2962 5053 alieno.
3016 4995 3152 5053 Ecce
3176 4995 3362 5069 veniet
3390 4995 3658 5062 Sacerdos

2074 5072 2166 5138 qui
2189 5071 2356 5126 semel
2378 5067 2619 5129 introibit
2648 5070 2701 5123 in
2724 5069 2987 5138 sanguine
3013 5083 3133 5122 suo.
3159 5067 3344 5136 Qualis
3362 5070 3661 5127 sacerdos?

2075 5141 2663 5212 I’ontifexqfuturorum,
2693 5140 2919 5207 aniplms
2946 5146 2994 5192 et
3032 5140 3309 5212 ρεζίεςιὶιιε
3342 5138 3653 5212 tabernam”

2070 5213 2175 5266 Iunt
2200 5207 2472 5266 mdilicans
2519 5226 2623 5264 non
2668 5207 3040 5280 manufaclum'
3074 5207 3233 5280 (ﬂeb.
3268 5226 3340 5274 lx,
3366 5208 3482 5276 11),
3513 5212 3657 5277 quml

2069 5282 2443 5359 virgogenuit,
2473 5289 2528 5334 et
2559 5280 2722 5359 homo
2762 5276 3058 5359 ignoravit;
3083 5276 3263 5348 Neque
3304 5295 3395 5359 per
3443 5276 3661 5359 sarigui.

2027 5397 2032 5401 .
2070 5349 2185 5406 nem
2207 5353 2467 5404 hircorum
2483 5359 2530 5403 et
2552 5351 2841 5413 vitulorum,
2869 5349 2922 5402 in
2951 5349 3144 5418 quibus
3169 5363 3274 5403 non
3307 5357 3390 5403 est
3411 5349 3660 5403 remissio

2070 5430 2442 5491 peccatorum;
2474 5420 2565 5473 sed
2596 5436 2685 5489 per
2712 5420 2973 5491 proprium
3021 5418 3337 5491 sanguinem,
3358 5419 3661 5491 finit-atte-

2066 5488 2166 5547 mel
2187 5493 2240 5544 in
2268 5499 2470 5560 sancta,
2496 5488 2691 5544 wterua
2712 5488 3063 5559 redemptione
3093 5488 3297 5559 reperta
3322 5488 3509 5558 (lbid.,
3544 5489 3656 5560 12).

2026 5617 2031 5622 ,
2065 5563 2155 5618 Sic
2182 5562 2361 5615 veniet
2383 5559 2643 5629 Princeps
2665 5560 3006 5629 saceidotum
3035 5577 3053 5629 :_
3082 5560 3331 5629 sedgante
3382 5567 3437 5614 tu
3487 5561 3540 5614 in
3568 5559 3660 5615 se-

2067 5640 2222 5686 uecta
2270 5630 2531 5699 suscipies
2576 5627 2760 5684 lilium.
2810 5627 3131 5697 Quomodo,
3184 5627 3431 5694 Domine,
3463 5629 3668 5700 inquit,
3712 5644 3717 5655 '

2071 5703 2163 5757 liet
2192 5702 2369 5772 istud?
2393 5699 2646 5772 Conditio
2675 5700 2780 5755 hoc
2801 5705 3033 5772 abnegat
3053 5699 3658 5772 senect_utis,_magnum

2068 5788 2169 5843 ego
2198 5771 2360 5825 audio
2402 5771 2648 5827 nuntium
2691 5768 2966 5825 novitatis:
2997 5768 3322 5843 Quomodo?
3354 5769 3473 5842 Ego
3501 5768 3659 5843 Bene:

2068 5839 2440 5914 sum,et_tt.ror
2468 5856 2581 5895 mea
2611 5856 2888 5914 progressa
2930 5842 3097 5914 estin
3126 5839 3303 5894 diebus
3349 5839 3460 5914 suis
3504 5841 3656 5914 (Luc.

2030 5958 2033 5959 ν
2072 5931 2117 5982 ι,
2152 5912 2261 5984 l8).
2298 5911 2543 5985 Magnum
2567 5910 2780 5979 θέαι,ίεὶ
2805 5926 2888 5968 me
2910 5910 3154 5973 audisses
3180 5927 3301 5969 cum
3326 5910 3522 5985 gratia,
3545 5926 3663 5969 non
