4144 6354
525 395 621 461 ιιι

1519 374 1852 442 ΑΡΡΕΝΜΧ
1893 373 1978 435 Αἰ)
2017 378 2072 433 S.
2117 364 2480 432 FULGENTII
2518 361 2758 428 OPERA.

3680 361 3782 417 943

497 504 710 580 euntis
733 507 874 580 enim
894 507 1086 580 divino
1114 506 1324 580 eventui
1364 518 1551 580 ruens“
1573 499 1800 580 εοηιίεῖι
1827 498 1974 580 lacus
1997 536 2011 560 ι
2038 500 2101 580 με
2133 495 2176 552 Α
2204 479 3418 580 seu:9.em_.lumi.'3§_§uriut1.923333%?
3430 487 3783 580 3::22'1‘1'.‘

523 563 813 652 Eéébitér’
832 563 1018 652 fuisset
1061 577 1279 652 impius,
1295 563 1410 652 nec
1437 563 1588 652 ‘lilius
1626 563 1882 652 evaderet
1901 645 1913 652 Δ
1934 579 2065 652 reus

525 644 740 708 lntouat
760 650 912 705 smvis
936 644 1272 714 clangoribus
1293 644 1516 715 bellum,
1551 644 1772 715 imbrem
1801 644 2102 715 parturiens

525 721 900 792 lacrymarum.
929 719 1085 792 _Slant
1125 715 1346 792 vibratis
1394 714 1597 792 dextris
1648 714 2098 792 cognatm-acies,

453 817 458 822 -
525 773 796 848 liceutiam
835 788 1096 842 scelerum
1133 784 1453 852 ﬂagitantes.
1500 783 1636 835 licce
1666 773 1844 834 su'bito
1875 773 2098 830 stridula

526 859 1019 932 imperatorisastra
1049 854 1560 920 conclamant,tubm
1585 855 2101 932 t'riangu_ntur,‘vpces

526 914 812 993 instruunt,
846 927 988 983 acies
1016 935 1278 997 peragunt
1306 934 1358 979 et
1383 914 1562 989 neces,
1588 930 1656 997 c_t_
1671 914 1797 990 nulli
1820 914 2102 997 sunthos-

526 1010 630 1055 tes.
661 998 706 1053 0
734 991 892 1067 quam
937 991 1280 1067 exsecrabilis
1325 1008 1498 1067 pugna
1527 1028 1544 1059 ,
1574 991 2103 1067 ubi_gerunturisine

525 1062 768 1124 hostibus
797 1067 963 1121 bella!
995 1065 1040 1120 Ο
1060 1062 1340 1122 certamen
1360 1062 1726 1134 iniquum,_ubi
1753 1073 1853 1134 nec
1876 1062 2101 1134 victoria

524 1141 788 1209 sequitur,
817 1152 916 1192 nec
949 1136 1272 1209 triumphus!
1315 1125 1601 1209 Artnantur
1623 1129 1896 1209 fratres'in
1922 1125 2101 1209 fratri:

524 1195 643 1263 bus.
678 1195 843 1262 Victis
872 1216 926 1262 et
957 1195 1243 1260 victoribus
1284 1221 1419 1277 unus
1442 1212 1530 1258 est
1569 1203 1788 1277 luctus._
1811 1195 2103 1277 Plangebat

526 1280 728 1349 pietas:
751 1285 825 1349 iet
839 1292 1069 1349 natura,
1103 1275 1378 1349 illata‘sibi
1409 1281 1554 1328 tanta
1585 1273 1740 1325 unius
1766 1268 1960 1349 furoris
1979 1268 2103 1349 iac:-

526 1334 670 1402 tura.
701 1334 964 1401 Dividitur
1006 1334 1200 1400 caritas
1253 1346 1422 1410 ferro,
1477 1355 1734 1410 nusquam
1763 1339 1953 1408 pietas.
1979 1334 2104 1410 lilos

528 1417 982 1488 cupiditaseogit,
1009 1417 1137 1488 istos
1162 1415 1371 1484 injuria.
1400 1387 1528 1488 inde
1557 1387 1826 1488 armorurm
1851 1406 2105 1488 strepitus

531 1472 683 1542 touat
720 1472 767 1540 ’τ’
799 1472 923 1541 hinc
971 1472 1138 1557 plaga:
1197 1472 1442 1557 pennatis
1485 1483 1699 1557 jaculis_
1728 1479 1930 1557 voiant.
1967 1472 2106 1557 inde

532 1557 736 1625 grando
764 1545 988 1610 terreno'
1021 1545 1178 1627 cursu
1199 1545 1438 1627 'fes'tinat
1522 1553 1620 1606 hos
1650 1549 1867 1627 plumbo
1896 1545 2107 1627 volat-us

531 1612 669 1682 ivctus
692 1627 985 1680 exhorruit.
1020 1625 1142 1680 lllos
1171 1626 1360 1678 rotatis
1387 1624 1528 1679 saxis
1550 1612 1839 1692 conl‘regit;
1865 1616 1944 1692 sic
1965 1612 2108 1692 mille

533 1697 704 1751 modis
733 1711 898 1766 prope
934 1697 1169 1766 cunctos
1217 1710 1360 1766 mors
1395 1709 1502 1766 una
1550 1684 1866 1766 submersit._
1906 1684 1972 1738 Et
2017 1684 2104 1752 qui

533 1757 787 1836 germana
813 1757 1099 1836 concordia
1131 1765 1296 1818 laztari
1326 1760 1797 1836 debueratli'unius
1818 1757 1887 1810 ob
1911 1769 2104 1834 noxam

535 1830 723 1890 inertis
751 1836 850 1890 sibi
898 1835 1164 1889 vinculum
1205 1833 1538 1904 propinabat.
1579 1830 1800 1904 Piuebat
1843 1830 2106 1904 serenitas

537 1907 781 1971 Vulnera,
800 1907 1056 1960 cmlorum
1087 1894 1349 1959 densitate
1372 1903 1589 1958 fuscata.
1617 1899 1805 1971 Stabat
1833 1911 1938 1949 nox
1974 1894 2102 1946 faei-

537 1977 684 2030 noris
713 1968 772 2030 in
793 1991 916 2029 aere
957 1990 1228 2028 armorum
1261 2017 1275 2041 ,
1308 1975 1358 2027 in
1402 1971 1634 2026 tenebris
1675 1968 1866 2041 candet
1884 1972 2106 2041 extusa.

538 2045 815 2101 Gaudebat
859 2047 910 2099 in
956 2045 1065 2098 suis
1098 2036 1284 2099 olliciis
1312 2044 1506 2098 bellum
1551 2039 1774 2095 ferventi
1809 2036 1947 2090 nube
1977 2049 2107 2088 con-

540 2124 763 2170 textum.
791 2119 833 2169 0
861 2131 1020 2183 quam
1044 2115 1400 2169 exsecrabiles
1428 2111 1600 2183 nubes
1621 2108 1861 2171 fuerunt,
1886 2119 2109 2183 quarum

541 2186 712 2240 imber
755 2179 956 2239 ferreus
987 2185 1204 2239 vulnera
1243 2182 1528 2238 deﬂuebat.
1574 2179 1871 2235 Decurrunt
1898 2179 2111 2240 sanguio

542 2256 657 2309 neis
683 2256 925 2328 cursibus
940 2255 1472 2328 rivi.ctscatentibus
1495 2251 1813 2328 cadaverum
1837 2246 1988 2328 venis
2015 2259 2110 2312 po-

542 2335 721 2396 tantur
745 2327 1022 2380 cruoribus
1043 2327 1215 2393 campi
1244 2367 1256 2389 ,
1287 2333 1342 2377 et
1368 2338 1471 2396 nec
1495 2321 1676 2396 pietati
1708 2321 1944 2396 parcitur.
1965 2354 1977 2376 ,
2014 2329 2112 2394 nec

542 2395 750 2467 pudori.
784 2395 986 2467 Crescit
1010 2396 1058 2448 in
1089 2386 1380 2467 sceleribus
1401 2386 1593 2467 rabies,
1619 2399 1673 2467 et
1696 2386 1834 2467 unde
1859 2386 2113 2467 infirmari

542 2459 716 2538 solent
737 2508 750 2532 ,
794 2465 1124 2538 invalescunt
1161 2464 1399 2538 cladibus
1425 2463 1584 2517 vires.
1612 2459 2114 2538 _Saevit_in.cognatis

542 2528 759 2598 ferrum,
793 2543 848 2589 et
876 2552 980 2589 non
1013 2536 1175 2590 habet
1197 2535 1484 2589 crudelitas
1507 2532 1740 2586 modum.
1769 2528 1865 2582 Ubi
1891 2542 1948 2598 es
1981 2528 2112 2592 jam,

544 2597 775 2661 caritas?
804 2606 893 2660 ubi
925 2604 1054 2659 fides
1079 2646 1092 2670 ,
1123 2606 1166 2659 si
1199 2605 1399 2658 inimici
1439 2612 1565 2657 sunt
1618 2599 1850 2654 fratres?
1879 2597 1946 2650 At
1994 2602 2116 2670 post

445 2733 452 2741 _
543 2676 688 2730 diras
717 2689 904 2745 pugna:
930 2663 1110 2730 clades
1139 2683 1192 2729 et
1215 2673 1432 2745 funesta
1447 2672 1741 2745 naufragia,
1774 2684 1807 2722 o
1834 2681 1993 2745 quam
2016 2663 2116 2745 mi-

546 2745 693 2800 ritiea
715 2734 933 2800 devenit
957 2746 1007 2799 in
1035 2745 1294 2800 scelerato
1316 2744 1566 2798 vindicta.
1592 2734 1864 2794 Namcuni
1881 2734 2116 2789 Absalon

546 2830 644 2888 per
681 2817 862 2888 przelia
904 2817 1064 2888 dorso
1086 2816 1503 2888 inulavectaret
1545 2810 1629 2882 (II
1672 2809 1799 2871 Rea.
1846 2821 2002 2888 xvut,
2036 2805 2113 2871 9),

546 2886 656 2957 visa
690 2885 834 2957 aede
862 2886 1040 2957 rapuit
1068 2884 1132 2939 de
1171 2885 1313 2957 bello
1341 2897 1633 2957 sessorem,
1664 2884 2115 2957 tanquamipsum

545 2954 696 3010 nefas
708 2945 979 3010 videretur
1000 2955 1239 3009 horrere.
1263 2951 1375 3010 Ibat
1391 2953 1563 3008 tenaci
1577 2945 1694 3018 luga
1719 2945 1814 3018 per
1834 2945 2119 3018 vicinmsil-

548 3039 625 3079 va:
640 3034 869 3089 secreta,
889 3035 1162 3079 auctorem
1175 3040 1220 3078 sc
1234 3026 1433 3079 clerum
1459 3017 1744 3092 perditura.
1758 3018 1825 3092 Et
1841 3018 1964 3092 dum
1981 3017 2120 3092 inter

547 3094 690 3163 ipsos
702 3088 951 3149 arborum
969 3097 1176 3164 thyrsos
1187 3104 1421 3164 spretum
1435 3088 1629 3164 animal
1645 3088 2114 3164 surdumobvians,

546 3158 796 3218 truncum
828 3158 1092 3218 transliiit
1115 3158 1364 3233 juvenem
1389 3163 1721 3233 moriturum,
1747 3158 1936 3233 nullius
1958 3172 2117 3233 manu

547 3233 754 3305 arboris
780 3243 984 3289 catasta
1017 3223 1354 3305 suspensum.
1388 3233 1515 3288 Sine
1544 3231 1684 3305 bello
1710 3223 1879 3305 hostis
1898 3227 2120 3305 suscipit
2147 3223 2193 3285 C

546 3303 739 3376 vulnus
777 3321 872 3358 suo
901 3297 1126 3376 perlidid
1152 3307 1476 3375 captivatus,
1507 3302 1597 3372 qui
1612 3300 1908 3376 sacrilegus
1931 3297 2120 3376 maluit

546 3374 767 3444 interire
793 3366 952 3444 quain
983 3392 1101 3430 cum
1143 3366 1293 3444 patre
1322 3366 1562 3444 regnare.
1603 3369 1875 3444 Quoniam
1890 3366 2119 3444 superbis

546 3443 688 3497 Deus
727 3437 938 3510 resistit,
973 3437 1245 3499 humilibus
1287 3437 1453 3498 autEm
1491 3443 1580 3494 dat
1608 3442 1830 3511 gratiam
1860 3437 1998 3508 (Jac.
2033 3454 2117 3504 tv,

655 3512 838 3586 Omnis
885 3519 1019 3568 enim
1049 3519 1132 3586 qui
1171 3533 1225 3586 se
1251 3515 1447 3568 exultat
1476 3510 1852 3586 (iuitti'liabitttr,
1883 3518 1930 3561 et
1952 3512 2034 3576 qui
2065 3524 2120 3562 se

546 3583 781 3638 humiliat
808 3583 1119 3639 exaltabitur
1142 3584 1293 3654 (Luc.
1323 3601 1408 3638 xw
1427 3625 1440 3649 ,
1476 3584 1585 3652 ll).

1083 3715 1311 3771 SEltMO
1350 3715 1575 3770 LXXVI.

1187 3807 1264 3860 De
1288 3807 1450 3862 Isaia.

616 3895 756 3954 Deus
779 3916 874 3969 per
901 3898 1094 3952 Isaiam
1127 3898 1360 3965 loquitur
1386 3896 1614 3969 dicens:
1649 3888 1979 3969 Agnocitbos
2001 3913 2120 3969 post

545 3962 794 4024 cessarent
813 3985 961 4022 suum
983 4009 996 4032 ,
1030 3979 1078 4021 et
1105 3962 1283 4021 aeiuus
1309 3985 1536 4036 praesepe
1565 3962 1771 4019 Domini
1797 3967 1910 4027 sui;
1953 3962 2123 4018 Israel

547 4049 717 4093 autem
745 4057 825 4109 me
853 4057 954 4092 non
984 4041 1236 4109 cognovit,
1288 4047 1336 4090 et
1381 4038 1596 4106 populus
1627 4052 1766 4088 meus
1795 4051 1874 4109 me
1904 4050 2006 4086 non
2047 4037 2121 4086 iu-

549 4109 743 4163 tellexit
769 4108 901 4170 (Isa.
937 4125 969 4172 ι,
999 4105 1074 4178 ’5)’.
1107 4108 1208 4162 Bos
1243 4105 1609 4178 possessorem
1642 4105 1898 4178 agnoscit,
1929 4111 1982 4156 et
2006 4121 2121 4172 pos-

545 4191 726 4234 sessor
756 4173 1042 4232 Dominum
1072 4173 1384 4233 contemnit.
1420 4175 1610 4229 Asinus
1641 4173 1848 4227 Domini
1881 4187 2119 4241 praesepe

547 4249 820 4311 observat,
856 4259 910 4301 et
937 4250 1096 4302 homo
1125 4249 1302 4302 divina
1325 4247 1472 4314 jnssa
1503 4245 1780 4314 depravat.
1806 4241 2002 4314 Accipe
2026 4243 2121 4309 igi-

547 4324 1022 4386 tur,contemptor,
1040 4334 1068 4388 a
1092 4312 1884 4388 pecudibusmutisexeniplum,
1903 4312 1991 4380 qui
2016 4329 2120 4388 non

547 4389 741 4442 metuis
766 4381 1016 4441 diviuum
1038 4381 1317 4456 judicium.
1365 4383 1490 4438 Esto
1519 4385 1670 4456 circa
1694 4381 2121 4456 Do_t_ninum_talis

547 4458 732 4526 quales
757 4458 894 4512 circa
938 4467 988 4512 te
1016 4450 1248 4526 pecudes
1275 4468 1396 4509 esse
1425 4453 1722 4519 cognoscis.
1754 4450 2116 4526 Estoianima-

547 4521 678 4581 lium
725 4521 1030 4582 instructus
1055 4526 1300 4595 exemplo
1334 4543 1344 4575 :
1377 4539 1536 4595 quem
1563 4523 1830 4595 naturain
1861 4521 2118 4595 obsequia

2205 559 2452 613 homines
2495 573 2622 610 vero
2661 555 2786 608 dum
2809 554 2975 608 Deum
3018 551 3310 621 negligunt,
3341 565 3400 606 se
3429 550 3605 604 odisse
3632 567 3784 605 mon-

2203 636 2466 683 strantur.
2519 626 2696 692 Quare
2744 626 2788 678 si
2833 623 3094 677 rationem
3148 621 3394 692 pecudes
3432 622 3786 689 accepissent,

2204 697 2373 752 Deum
2419 689 2814 750 rationabiliter
2863 702 2918 747 et
2956 692 3217 754 colerent,
3267 700 3321 744 et
3357 689 3636 752 timerent;
3665 706 3788 761 qnze

2207 783 2346 821 nunc
2391 768 2507 820 sine
2546 767 2755 819 ratione
2804 763 2938 816 tales
2966 770 3089 815 sunt
3113 796 3127 820 .
3160 761 3346 828 quales
3383 761 3630 815 homines
3661 777 3786 815 cum

2205 838 2412 890 ratione
2434 849 2552 890 esse
2581 851 2687 889 non
2716 840 2963 902 possunt:
3000 829 3473 902 Judicaris,_h0mo
3493 831 3790 902 ,judicaris

2205 906 2450 960 animalis
2495 900 2762 973 exemplo,
2819 902 3027 972 pecoris
3082 900 3342 973 obsequio
3389 901 3784 973 condemnaris.

2205 976 2314 1030 Nec
2345 975 2438 1028 tibi
2468 971 2726 1044 prodesse
2764 971 2962 1042 poterit
3001 971 3279 1044 escnsatio
3314 977 3338 1039 ε,
3358 971 3578 1044 quinec
3606 971 3790 1044 divino

2207 1045 2431 1114 imperio
2456 1038 2592 1107 {nec
2622 1038 2832 1114 pecoris
2861 1041 3110 1114 exemplo
3126 1038 3336 1114 parere
3355 1038 3646 1114 desideras.
3677 1038 3789 1093 Ma-

2203 1110 2306 1182 gna
2336 1115 2530 1168 etenim
2553 1110 2675 1168 suut
2705 1112 2883 1166 divina
2915 1110 3194 1182 obsequia,
3218 1110 3358 1182 bona
3387 1110 3510 1162 vita:
3531 1126 3789 1178 compen-

2205 1180 2290 1238 dia
2324 1194 2338 1236 ε·
2369 1185 2456 1237 ubi
2494 1191 2601 1236 non
2648 1184 2906 1251 supplicia
2939 1180 3006 1233 de
3035 1181 3188 1233 malis
3216 1180 3423 1251 actibus
3453 1188 3786 1240 metuuntur.

2205 1255 2299 1308 sed
2345 1255 2524 1306 divina
2581 1249 2796 1318 prtemia
2843 1251 2909 1305 de
2951 1251 3104 1304 bonis
3150 1249 3351 1304 meritis
3381 1258 3786 1316 exspectantur.

2205 1321 2366 1394 Optat
2394 1323 2535 1378 enim
2588 1324 2725 1394 Deus
2765 1324 2938 1375 honos
2978 1336 3098 1374 esse
3145 1335 3280 1394 quos
3322 1328 3596 1394 moneret,
3623 1334 3786 1394 quam

2206 1388 2376 1448 m'alos
2417 1408 2550 1462 quos
2599 1393 2716 1446 sine
2763 1406 2992 1444 mcerore
3039 1391 3378 1462 condemnet.
3413 1388 3614 1462 invitus
3641 1389 3787 1442 enim

2212 1463 2315 1532 iam
2359 1459 2510 1532 puuit
2533 1503 2546 1526 ,
2579 1478 2716 1530 quos
2746 1460 3301 1532 remugierareinailet
3325 1501 3339 1522 ,
3393 1459 3436 1512 si
3463 1459 3660 1532 vellent
3691 1473 3790 1532 per

2245 1529 2400 1586 onatn
2422 1529 2864 1587 vitam’evadere.
2900 1531 3062 1598 Fuge,
3093 1529 3412 1591 Christiane,
3446 1529 3660 1593 delicta,
3694 1529 3786 1596 qui

2208 1601 2372 1656 Deum
2403 1604 2698 1672 promereri
2738 1600 3040 1672 desideras;
3073 1601 3233 1672 horre
3263 1607 3480 1668 peccata
3501 1637 3513 1660 ,
3538 1600 3626 1672 qui
3671 1601 3788 1672 pla-

2206 1669 2597 1742 cereiex’Optas.
2632 1672 2954 1726 Delictorum
2979 1669 3156 1742 clades
3180 1685 3276 1738 pro
3301 1683 3532 1742 veneno‘
3550 1670 3787 1742 timenda

2208 1751 2310 1797 est.
2337 1738 2605 1797 Pernicies
2649 1742 2911 1795 scelerum
2960 1757 3058 1808 pro
3088 1740 3194 1792 telo
3223 1749 3278 1792 ct
3304 1738 3482 1806 gladio
3510 1739 3786 1805 fugienda.

2212 1811 2324 1866 Non
2356 1821 2564 1865 ametur
2587 1811 2838 1866 delictum
2859 1853 2872 1870 ,
2903 1809 3048 1878 quod
3073 1822 3239 1876 genus
3266 1809 3538 1862 hominum
3567 1809 3785 1862 occidit.

2143 1855 2184 1912 Β
2212 1882 2464 1950 Fugiatur
2488 1855 2767 1951 peccatum
2792 1919 2813 1943 ,,
2839 1855 2980 1951 (ίιιῖιά
3009 1855 3311 1951 Ιιοῗιιίιιὶιιιιε
3340 1893 3562 1951 semper
3574 1880 3786 1951 paravit

2213 1948 2506 2004 interitum.
2541 1951 2876 2004 Horrendum
2901 1949 2970 2002 sit
3012 1948 3103 2002 Dei
3133 1964 3308 2010 servo,
3337 1949 3478 2016 quod
3501 1948 3616 2002 aliis
3644 1948 3790 2002 vide-

2214 2031 2300 2076 tur
2327 2021 2487 2074 fuisse
2528 2022 2709 2080 exitio.
2759 2027 2813 2074 et
2839 2021 2890 2072 in
2919 2035 3027 2088 quo
3068 2019 3292 2072 alterum
3323 2019 3588 2086 conspicis
3615 2019 3786 2070 inter-

2213 2091 2355 2152 iisse,
2402 2093 2453 2144 in
2480 2106 2545 2144 eo
2575 2090 2741 2157 magis
2776 2090 2889 2156 ipse
2916 2087 3078 2142 debes
3107 2102 3426 2156 pmcavere.
3472 2088 3638 2142 Nemo
3683 2087 3789 2142 sibi

2213 2161 2586 2229 impunitatem
2614 2161 2680 2213 de
2709 2159 3048 2212 multitudine
3072 2158 3788 2229 peccantiumrepromittat.

2214 2228 2382 2284 Nemo
2418 2246 2538 2283 cum
2581 2230 2750 2282 turbis
2778 2229 3090 2297 delinquens
3126 2242 3184 2281 se
3219 2228 3437 2296 periculi
3495 2231 3789 2282 immunem

2214 2315 2332 2355 esse
2381 2300 2688 2353 contendat.
2729 2298 2837 2352 Nec
2879 2299 3019 2352 enim
3051 2297 3217 2350 Adam
3249 2297 3446 2351 idcirco
3479 2299 3528 2350 in
3557 2306 3789 2350 mortem

2216 2370 2404 2424 incidit
2426 2369 2549 2438 quia
2579 2369 2724 2422 solus
2753 2383 3072 2438 cumuxore
3108 2366 3373 2438 peccavit,
3399 2375 3490 2438 aut
3511 2364 3641 2420 Cain
3665 2367 3790 2421 ideo
3840 2428 3846 2435 ι

2219 2437 2492 2493 interitum
2509 2439 2700 2491 meruit
2722 2439 2843 2505 quia
2870 2437 3217 2492 fratricidium
3231 2437 3376 2490 solus
3389 2437 3508 2489 adm
3531 2438 3790 2490 sit.Amat

2218 2508 2360 2563 Deus
2384 2524 2583 2578 paucos
2600 2508 2913 2578 innocentes
2930 2522 3088 2575 quam
3120 2507 3428 2560 innumeros
3451 2515 3787 2578 peccatores.

2218 2578 2286 2631 Et
2315 2576 2518 2632 in'uno
2541 2578 2685 2646 justo
2729 2577 2938 2630 laetatur
2978 2587 3032 2630 et
3080 2577 3476 2646 gaudetyquod
3505 2576 3556 2628 in
3605 2577 3792 2630 multis

2219 2645 2588 2717 peccatoribus
2619 2647 2966 2702 contristatur
2991 2657 3042 2700 ct
3071 2655 3272 2700 mmrct.
3312 2645 3373 2717 Ei
3405 2645 3524 2699 ideo
3539 2661 3670 2717 cum
3697 2661 3793 2699 ca-

2220 2714 2476 2788 taielysmo
2503 2718 2688 2788 orbem
2736 2717 2992 2788 Dominus
3016 2717 3296 2788 juliearet,
3331 2714 3442 2769 Noe
3469 2715 3640 2788 solum
3663 2731 3792 2769 cum

2220 2783 2498 2841 aﬂ'eetibus
2529 2787 2771 2842 liberavit
2802 2783 3128 2856 (Cenesvn,
3150 2785 3224 2856 l);
3257 2795 3309 2838 et
3335 2800 3455 2839 cum
3495 2783 3791 2856 Sodomam

2221 2857 2388 2911 imbre
2426 2857 2743 2910 ﬂammif‘ero
2785 2856 3026 2910 aboleret
3049 2895 3062 2915 ,
3094 2855 3227 2908 Loth
3257 2856 3430 2909 solum
3457 2870 3577 2908 cum
3609 2855 3796 2909 liberis

2219 2928 2452 2998 servavit
2479 2925 2686 2998 (Cenes.
2730 2942 2814 2978 xu
2838 2966 2852 2990 ,
2888 2925 2996 2992 12).
3027 2925 3267 2998 Namet
3285 2924 3563 2998 Ninivitas
3586 2926 3792 2998 scelera

2221 2993 2498 3049 abolerent
2527 3039 2536 3048 .
2564 2997 2661 3049 nisi
2692 3010 2876 3048 eorum
2908 3010 2994 3064 pm
3019 2995 3218 3048 nitentia
3258 2997 3387 3048 iram
3415 2993 3624 3064 Domini
3656 3003 3795 3048 tem-

2220 3075 2433 3135 peraret
2461 3065 2632 3136 (Joua'
2659 3081 2712 3119 ιιι
2740 3089 2757 3130 ,-
2783 3065 2860 3132 5).
2895 3065 3070 3136 Diligit
3091 3065 3231 3118 enim
3265 3066 3364 3136 hoc
3390 3064 3503 3136 ipse
3536 3063 3795 3120 Dominus

2221 3134 2342 3190 cum
2373 3134 2624 3201 minatur,
2647 3144 2701 3188 et
2727 3150 2862 3203 quos
2887 3134 3143 3204 refrenari
3173 3149 3200 3186 a
3227 3134 3431 3188 delictis
3452 3143 3692 3204 exoptat,
3718 3136 3794 3188 eis

2217 3204 2405 3274 judicii
2434 3201 2774 3260 severitatem
2805 3206 3048 3258 intentat.
3101 3201 3358 3272 Objurgat
3395 3204 3536 3257 enim
3562 3201 3707 3260 'Dcus
3740 3212 3797 3260 ut

2224 3274 2413 3336 salvet.
2449 3274 2671 3343 corripit
2693 3283 2750 3327 ut
2776 3275 3046 3340 emendet,
3077 3275 3402 3344 improperat
3431 3282 3489 3326 ιιι
3518 3275 3795 3327 reformet.

2224 3344 2512 3412 Desperata
2540 3345 2681 3398 enim
2703 3344 3053 3412 quorumdam
3078 3343 3350 3398 hominum
3366 3360 3463 3396 vox
3478 3354 3558 3398 est
3580 3363 3590 3394 :
3612 3343 3684 3396 Ta
3694 3361 3723 3396 n
3733 3353 3798 3397 L1:

2223 3415 2573 3468 multitudinis
2603 3429 2706 3467 non
2732 3415 2928 3466 amabit
2951 3414 3088 3468 Deus
3116 3415 3352 3468 clemens
3381 3414 3673 3479 interitum,
3697 3428 3797 3468 nec

2222 3487 2456 3554 patietur
2485 3486 2658 3554 perire
2689 3484 2932 3552 populos,
2959 3497 3092 3554 quos
3116 3483 3484 3552 redemptione
3511 3500 3599 3537 sua
3615 3485 3795 3554 nolui!

2222 3553 2340 3609 esse
2369 3557 2626 3624 captivos.
2658 3554 2886 3624 Alioqui
2915 3553 3131 3624 adhoc
3171 3554 3460 3624 redemisse
3487 3553 3796 3624 putabitur,

2224 3632 2281 3678 ut
2308 3625 2377 3678 sit
2403 3623 2489 3692 qui
2516 3623 2848 3691 ejusjudicio
2877 3623 3288 3694 condemnetur.
3316 3623 3420 3676 Aut
3448 3623 3588 3694 enim
3602 3623 3800 3676 ad’hoc

2223 3695 2446 3748 redemit
2465 3695 2718 3756 utsalvet,
2741 3702 2831 3745 aut
2850 3696 2958 3747 non
2979 3693 3288 3748 redemisset
3303 3708 3438 3762 quos
3446 3693 3647 3761 judicio
3659 3701 3799 3761 post.-

2223 3764 2438 3818 modum
2452 3765 2782 3818 destinasset.
2805 3762 3002 3822 llorum
3016 3764 3310 3833 perniciosa
3323 3778 3537 3833 prorsus
3552 3762 3803 3830 fugienda

2223 3835 2500 3914 persuasio
2529 3842 2609 3888 est
2644 3833 2901 3914 :ut_enim
2929 3833 3027 3914 ipsi
3057 3832 3802 3914 lacunaribusinvoluti-sunt,

2224 3901 2296 3956 ita
2326 3912 2378 3956 et
2407 3913 2630 3958 cteteros
2658 3903 2843 3956 volunt
2873 3901 2999 3971 ipsis
3025 3905 3133 3957 suis
3159 3901 3482 3956 facinoribus
3510 3903 3805 3970 implicari;

2223 3981 2275 4026 et
2328 3972 2452 4026 dum
2504 3981 2792 4041 peccantes
2848 3973 3228 4040 indulgentiam
3273 3973 3370 4026 sibi
3423 3988 3527 4025 non
3560 3972 3804 4041 petendo

2223 4043 2578 4111 promittunt,
2611 4043 2680 4094 ita
2714 4042 2940 4096 miseros
2981 4043 3092 4111 suis
3119 4043 3554 4111 persuasionibus
3587 4042 3688 4110 ipsi
3720 4042 3798 4094 inc

2221 4110 2461 4182 volvunt.
2493 4112 2757 4182 Czeterum
2790 4111 3044 4182 Dominus
3061 4110 3304 4182 Christus
3327 4112 3629 4182 redemptis
3647 4111 3806 4165 nobt’;

2219 4181 2331 4247 jam
2358 4181 2568 4234 veniam
2599 4181 2764 4242 dedit,
2797 4181 2902 4248 iam
2931 4181 3176 4236 sordidus
3217 4190 3272 4235 et
3294 4180 3526 4236 infectos
3547 4180 3721 4235 abluit
3749 4188 3808 4235 et

2223 4251 2548 4321 emendavit.
2574 4249 2750 4316 Quare
2777 4251 3108 4321 redemptum
3126 4251 3235 4320 jam
3259 4267 3486 4321 peccare
3517 4267 3622 4305 non
3655 4251 3805 4314 licet,

2223 4328 2278 4373 et
2303 4320 2616 4374 mandatum
2639 4337 2743 4374 non
2775 4320 2899 4373 licet
2928 4320 3207 4374 surdidari.
3244 4320 3397 4386 Ecce,
3427 4322 3613 4389 inquit,
3646 4335 3808 4374 sanus

2224 4393 2390 4460 factus
2414 4406 2467 4460 es
2491 4406 2507 4451 ,'
2528 4390 2641 4458 jam
2672 4391 2778 4442 noli
2804 4406 3017 4460 peccare
3036 4429 3051 4454 ,
3081 4407 3146 4443 ne
3172 4395 3291 4460 quid
3323 4391 3410 4443 tibi
3435 4392 3655 4444 deterius
3681 4407 3808 4442 con-

2225 4458 2387 4530 tingat
2421 4458 2598 4528 (Joan.
2633 4476 2682 4522 v,
2718 4459 2826 4521 M).
2852 4459 2951 4530 Qui
2986 4471 3037 4514 te
3064 4458 3384 4513 incolumem
3413 4460 3556 4523 fecit,
3591 4461 3809 4515 vivendi

2225 4529 2319 4582 tibi
2352 4529 2520 4596 legem
2549 4529 2830 4598 imposuit;
2854 4529 2942 4597 qui
2966 4539 3018 4581 te
3043 4530 3335 4598 asordibus
3364 4530 3690 4592 emundavit,
3719 4544 3810 4583 no-

549 4597 836 4663 instruxit,
866 4609 920 4652 et
949 4598 1000 4651 in
1035 4587 1344 4667 famulatum
1391 4587 1647 4667 Dominus
1667 4587 2024 4667 subjugavitf
2055 4591 2118 4646 Et
2148 4587 2195 4642 D
2226 4598 2322 4651 ιυξι
2352 4587 2642 4667 ιθνίιςιιυιιί
2668 4587 2952 4667 δοιιάίδεξι-ί,
3002 4598 3058 4652 Si
3099 4599 3212 4654 Deo
3243 4597 3384 4652 Patri
3424 4587 3767 4654 οοηθρηεέι-ίε
3791 4638 3810 4661 ,

547 4674 726 4721 tamen
750 4662 942 4737 peCora
964 4682 1086 4721 cum
1105 4666 1211 4718 sint
1237 4665 1458 4718 rationis
1474 4663 1734 4737 c._vpertia,
1765 4662 1815 4737 i_n
1847 4663 1946 4715 hac
1966 4672 2117 4729 parte

546 4737 663 4792 sine
690 4731 898 4792 ratione
927 4751 1044 4790 esse
1084 4750 1188 4788 non
1220 4742 1459 4804 possunt.
1498 4733 1575 4804 Tu
1599 4748 1748 4804 vero,
1780 4731 2115 4804 homo,_cum

545 4808 755 4861 ratione
783 4807 1088 4875 dispositus,
1116 4800 1235 4875 si_ne'
1261 4806 1472 4875 ratione
1494 4803 1618 4857 dum
1650 4802 1799 4863 vivis,
1827 4800 2115 4875 Dominum

545 4878 843 4944 genitorem
868 4870 1114 4929 olfendis.
1147 4873 1694 4944 Erubescatihumana
1723 4870 1980 4944 perlidia,
2014 4871 2114 4926 ho-

545 4940 750 5000 initium
779 4946 999 5000 stultitia
1029 4944 1406 5000 confundatur.
1451 4942 1651 4997 Pecora
1678 4955 1808 5008 ergo
1838 4940 2110 4995 hominum

545 5015 801 5086 obsequia
829 5015 1076 5086 instinctu
1102 5015 1282 5086 divino
1311 5021 1652 5086 conservant,
1675 5020 1731 5086 et
1750 5010 1992 5086 homines
2020 5011 2113 5066 Dei

547 5080 711 5140 'ussa'
736 5085 1001 5138 obstinata
1044 5095 1222 5138 mente
1251 5085 1541 5138 declinant.
1594 5080 1854 5136 Animalia
1901 5090 2118 5136 sensato

543 5101 747 5209 {nomini
780 5154 1122 5209 famulantur.
1148 5163 1203 5208 et
1231 5155 1474 5208 homines
1497 5153 1662 5206 Deum
1685 5151 1960 5204 insensate
1986 5167 2117 5204 con-

565 5155 747 5210 iomin'i
780 5154 1122 5220 famulantur,
1148 5163 1203 5208 et
1231 5155 1474 5208 homines
1497 5153 1662 5206 Deum
1685 5151 1960 5220 insensate
1986 5167 2117 5204 con-

544 5234 808 5279 temnunt.
862 5219 1112 5280 Pecudes
1143 5224 1337 5293 quibus
1383 5223 1645 5293 rationem
1690 5219 1829 5273 Deus
1873 5221 2122 5275 conditor

544 5294 849 5361 denegavit,
884 5309 994 5348 non
1019 5296 1136 5350 sine
1163 5291 1375 5348 ratione
1413 5291 1616 5346 honuni
1657 5303 1851 5361 parere
1895 5298 2118 5361 conten-

561 5359 973 5420 luntlllomines
993 5381 1120 5420 vero
1148 5364 1238 5431 qui
1270 5364 1479 5418 ratione
1505 5369 1777 5432 praestant_
1791 5359 1841 5412 in
1871 5359 2116 5432 stuititia,

543 5433 668 5489 dum
719 5435 884 5490 Deum
941 5451 1048 5490 non
1095 5429 1300 5493 colunt.
1350 5429 1713 5502 perseverant.
1747 5429 1919 5502 Boves
1948 5429 2114 5502 Deum

543 5504 834 5561 humanum
860 5505 1153 5574 suscipiunt
1176 5499 1541 5574 ,iethomines
1567 5502 1803 5574 divinum
1833 5499 2115 5574 imperium

544 5585 909 5644 aspernantur.
940 5569 1104 5645 cujus
1125 5571 1326 5645 judicio
1368 5587 1562 5645 pecora
1583 5569 2117 5645 hominibusinstam

543 5639 627 5698 ter
654 5645 962 5701 deserviunt
981 5685 996 5708 ,
1017 5639 1145 5711 ejus
1165 5639 1634 5710 judicia'homines
1661 5639 1958 5696 deserendo
1983 5655 2115 5696 con-

544 5722 806 5770 temnunt.
837 5713 1005 5782 Quale
1049 5713 1246 5767 malum
1273 5722 1356 5768 est
1383 5712 1483 5766 ista
1511 5711 1802 5774 dementia,
1849 5725 1969 5779 qua:
2015 5726 2116 5782 nec

545 5786 836 5854 pecudibus
868 5781 873 5782 “
899 5793 1045 5838 osset
1084 5785 1284 5852 aequari
1310 5825 1326 5849 ,
1369 5783 1494 5838 dum
1525 5783 1840 5837 animalibus
1869 5783 2030 5835 mutis
2059 5781 2112 5834 in

546 5857 802 5906 obsequio
849 5802 1060 5906 [gemini
1117 5870 1221 5906 non
1269 5862 1447 5906 potest
1492 5851 1825 5906 comparari?
1875 5847 2112 5906 Pecudes

546 5847 802 5918 ubseqnio
849 5847 1060 5910 Domini
1117 5847 1221 5908 non
1267 5847 1447 5925 petest
1492 5851 1825 5922 comparari?
1875 5847 2113 5908 Pecudes

2226 4669 2427 4721 monita
2462 4666 2634 4721 Patris
2657 4666 2884 4722 observa
2918 4685 2930 4721 :
2973 4669 3018 4722 si
3046 4669 3243 4722 Christi
3269 4679 3322 4723 te
3350 4668 3606 4722 famulum
3635 4669 3811 4737 proli-

2226 4739 2354 4791 teris
2379 4777 2392 4801 ,
2426 4739 2480 4791 in
2517 4737 2724 4792 actibus
2771 4738 2966 4792 Christi
3014 4748 3278 4807 pnecepta
3320 4738 3648 4793 demonstra.
3680 4737 3815 4792 Pro-

2225 4808 2533 4862 tni4si011em
2547 4807 2688 4876 enim
2711 4807 2969 4876 cujusque
2983 4805 3055 4862 rei
3079 4805 3213 4862 facta
3233 4809 3402 4876 magis
3420 4823 3578 4876 quam
3608 4824 3811 4862 nomen

2224 4877 2531 4948 ostendunt.
2579 4875 2840 4948 Medicum
2871 4875 2927 4932 se
2969 4879 3197 4948 probare
3228 4875 3340 4931 non
3363 4875 3540 4946 potest
3567 4877 3659 4946 qui
3692 4894 3815 4932 me-

2223 4946 2341 5001 deri
2367 4960 2508 5014 :cgro
2530 4961 2635 5000 non
2667 4947 2870 5014 potuit;
2901 4946 3231 5015 gubernator
3261 4964 3366 5001 non
3391 4956 3471 5002 est
3496 4949 3586 5015 qui
3612 4963 3812 5002 navem

2226 5031 2330 5071 non
2362 5023 2538 5086 potest
2573 5015 2905 5083 gubernare;
2949 5017 3296 5086 philosophus
3340 5032 3460 5074 esse
3488 5033 3596 5071 non
3627 5027 3816 5086 potest

2224 5087 2315 5156 qui
2363 5087 2489 5140 vitia
2541 5086 2720 5154 potius
2770 5101 2930 5154 quam
2982 5087 3208 5142 virtutes
3255 5097 3476 5142 exercet
3543 5105 3554 5139 :
3616 5089 3696 5141 sic
3754 5097 3817 5142 et

2223 5157 2704 5226 Christianusesse
2746 5171 2854 5209 non
2897 5157 3098 5224 poterit
3127 5157 3216 5225 qui
3247 5158 3389 5226 quod
3420 5157 3705 5226 proﬁtetur
3727 5159 3818 5210 in-

2223 5224 2522 5279 famaverit.
2555 5223 2731 5289 Quare
2759 5235 2850 5279 aut
2881 5223 2962 5280 fac
3004 5223 3159 5294 quod
3183 5223 3438 5293 jubetur,
3466 5228 3511 5281 si
3539 5229 3622 5281 vis
3661 5229 3814 5282 acci-

2221 5310 2352 5420 Bgre
2380 5295 2921 5375 quodpromittitur;
2955 5306 3048 5349 aut
3088 5296 3132 5372 si
3178 5311 3285 5350 non
3325 5295 3515 5380 feceris
3543 5297 3688 5366 quod
3719 5297 3814 5364 ju-

2293 5373 2398 5420 tur.
2429 5379 2664 5420 accipies
2691 5365 2834 5420 quod
2861 5365 3235 5420 peccatoribus
3255 5364 3571 5420 destinatur.
3601 5367 3739 5420 Nam
3764 5370 3814 5420 si

2293 5373 2398 5430 tur,
2429 5364 2664 5435 accipies
2691 5365 2834 5432 quod
2861 5365 3235 5434 peccatoribus
3255 5364 3576 5420 destinatur.
3601 5367 3739 5421 Nam
3764 5370 3814 5423 si

2223 5436 2594 5516 peccatoribus
2617 5435 2932 5516 delictorum
2955 5450 3126 5516 pugna:
3149 5452 3257 5516 non
3287 5437 3672 5516 rependuntur,
3712 5454 3817 5493 nec

2219 5505 2376 5574 justis
2424 5505 2612 5558 merita
2636 5505 2857 5572 justitite
2895 5507 3283 5560 rctribuentut'.
3316 5505 3485 5561 Porro
3521 5506 3681 5575 justis
3715 5524 3818 5562 ne-

2218 5590 2370 5648 casse
2390 5582 2472 5648 est
2493 5575 2680 5648 merita
2696 5575 3190 5648 justit_i;n_repe_ndi,
3222 5591 3445 5648 necesse
3469 5585 3524 5632 et
3552 5586 3814 5648 peccato-

2218 5645 2368 5700 ribus
2395 5644 2663 5716 destinata
2710 5645 2973 5716 supplicia
3001 5644 3266 5716 exhiberi.
3314 5645 3483 5700 Nemo
3530 5644 3591 5703 se
3634 5647 3812 5711 fallat,

2220 5729 2378 5788 nemo
2400 5713 2652 5783 decipiat.
2677 5713 2800 5784 quia
2818 5713 3077 5788 coelestia
3094 5715 3242 5788 jussa
3271 5719 3603 5788 contemnit,
3630 5719 3814 5788 impu-

2217 5786 2360 5840 nitus
2389 5799 2508 5839 esse
2535 5798 2641 5838 non
2669 5785 2888 5854 poterit.
2923 5784 2983 5839 Si
3031 5786 3104 5840 ris
3128 5825 3142 5850 ,
3177 5784 3349 5854 inquit
3373 5825 3387 5850 ,
3422 5787 3497 5840 ad
3541 5784 3816 5843 ritum're-

2174 5919 2178 5928 ι
2219 5856 2352 5922 nire,
2407 5869 2552 5909 serva
2597 5853 2842 5909 mandata
2891 5854 3086 5924 (Matth
3141 5853 3264 5920 3.1:;
3299 5853 3388 5925 17)
3425 5876 3434 5908 ;
3487 5857 3820 5916 subauditur
