4168 6348
2193 561 3376 592 —

665 582 698 586 __
727 586 730 588 _
819 583 938 588 __7.__
957 583 1163 588 _______._-.
1191 583 1342 588 -.ᾡς
1361 585 1378 589 -
1413 583 1542 588 .-ψ
1561 585 1569 587 _
1617 584 1738 589 ..._.-
1773 585 1876 589 _..__._
1899 585 2022 590 ..-υ
2077 585 2186 592 ..α-ρ..
2403 589 2580 595 --..---»ή
2625 588 2740 597 λὴή..
2763 592 2790 602 ,ν
2815 593 2820 596 -
2877 596 2920 599 ν-
2985 597 3068 603 «ν-ρ-
3393 581 3396 583 -

3201 603 3471 621 κ...

1542 686 1708 728 ΔΝΝΟ
1752 688 1976 730 DOMINI
2020 688 2143 730 ευι
2160 691 2191 730 ἶ
2207 691 2684 738 ιιι-ῡςιιιιι.

834 823 1981 1038 SANCTUS
2132 831 3435 1111 BEMIGIUS.

1098 1151 2293 1270 ARCHIEPISCOPUS
2376 1158 3107 1315 REMENSIS.

1614 1462 1619 1467 ’
1715 1461 1987 1518 ΝΟΤΙΤΙΑ
2012 1463 2098 1532 (ex
2128 1462 2449 1533 Gallandiu).

527 1686 971 1745 Linactissancti
988 1685 1217 1756 Remigii
1240 1683 1883 1756 episcopiRemensispro
1904 1688 2042 1734 tem-
2074 1680 2121 1739 Α
2148 1678 2478 1735 Clndoveuni
2509 1683 2609 1739 hac
2636 1685 2703 1740 de
2732 1702 2791 1741 re
2812 1702 2889 1743 sne
2916 1689 3157 1745 scribens
3189 1692 3305 1763 (in).
3338 1693 3579 1753 Occidttis
3600 1716 3723 1769 pare

445 1784 606 1854 poris
626 1781 835 1836 ratione
857 1778 1163 1848 digerendis
1186 1776 1595 1832 dissidentinter
1608 1791 1666 1830 se
1681 1774 1778 1829 viri
1796 1771 2039 1827 doctrina

444 1883 512 1946 et
524 1872 824 1928 eruditione
840 1878 1182 1941 praestantes:
1200 1862 2042 1940 Baronins(a),Pagius(b),llens-

454 1963 678 2018 chenius
698 1963 791 2032 (c),
823 1958 1066 2015 Cointius
1092 1959 1196 2034 (ά),
1218 1957 1468 2013 Labbeus
1490 1958 1563 2029 (e)
1591 1965 1645 2011 et
1672 1954 2041 2011 Sammartha-

452 2069 554 2108 nus
583 2053 676 2124 (Ι).
708 2061 767 2107 ut
793 2052 928 2107 alios
948 2059 1351 2122 prmtereatnus.
1385 2048 1581 2104 Verum
1613 2056 1798 2127 nostro
1819 2046 2034 2132 quidem

448 2146 670 2216 judicio,
700 2160 820 2201 eam
846 2144 1201 2200 cbronotaxin
1226 2142 1445 2213 reliquis
1473 2139 1857 2213 prteferendam
1887 2138 2039 2193 duxi-

451 2253 571 2293 mus
613 2252 775 2305 quam
797 2234 1307 2296 instituuntGallitxe
1324 2233 1560 2289 historia:
1574 2231 1845 2287 litterario:
1860 2229 2033 2299 scrip-

446 2339 596 2383 tores
617 2327 718 2399 (g),
740 2327 830 2396 qui
856 2325 997 2380 beati
1028 2325 1283 2379 antistitis
1310 2333 1488 2379 ortum
1516 2323 1721 2392 illigant
1744 2336 1887 2375 anno
1906 2318 2031 2387 «1511,

448 2417 615 2488 ipsius
642 2426 820 2472 autem
866 2415 1263 2471 ordinationem
1307 2422 1578 2484 peractam
1609 2419 1852 2467 statuunt
1889 2425 2031 2464 anno

446 2510 569 2574 Mil,
595 2524 829 2579 eumque
856 2523 1165 2579 supremum
1193 2507 1334 2563 diem
1365 2507 1564 2562 obiisse
1588 2505 1764 2561 idibus
1789 2502 2028 2558 Januarii

445 2618 590 2673 anno
613 2602 739 2665 555,
783 2601 960 2656 aetatis
1006 2616 1116 2655 sua:
1154 2616 1297 2655 anno
1346 2598 1435 2663 94,
1484 2598 1817 2669 septuaginta
1852 2604 1941 2648 aut
1968 2610 2029 2649 eo

444 2696 669 2767 amplius
696 2696 750 2748 in
778 2695 1076 2764 episcopatu
1122 2693 1276 2747 annis
1304 2692 1545 2762 expletis,
1575 2699 1634 2745 ut
1679 2690 1861 2746 scribit
1888 2687 2027 2744 Gre-

444 2786 627 2854 gorius
671 2784 1000 2839 Turonensis
1030 2782 1129 2854 (It).
1174 2782 1426 2838 Testatur
1472 2782 1749 2837 enimvero
1801 2780 2028 2850 ipsemet

445 2872 719 2943 Remigius
747 2874 798 2927 in
830 2873 1055 2943 epistola
1086 2888 1245 2943 quam
1275 2873 1327 2927 in
1354 2887 1513 2928 causa
1535 2869 1743 2925 Claudii
1794 2868 2023 2939 presby-

443 2966 545 3020 teri
583 2974 707 3036 post
733 2973 962 3019 mortem
993 2962 1250 3019 Clodovei
1289 2963 1433 3033 regis
1472 2962 1688 3032 scripsit
1715 2975 1857 3014 anno
1898 2956 2020 3023 512,

2141 1773 2275 1829 tibus
2304 1777 2357 1830 in
2387 1793 2507 1850 rege
2534 1796 2636 1834 non
2663 1798 2794 1835 novo
2834 1785 2950 1838 novi
2982 1782 3188 1854 jubaris
3218 1789 3387 1842 lumen
3419 1790 3719 1862 e/j‘ulgurat.

2139 1863 2297 1935 Cujus
2326 1867 2648 1937 splendorem
2670 1887 2894 1944 congrue
2915 1869 3269 1945 Redemptoris
3290 1882 3451 1933 nostri
3481 1884 3722 1938 natirilas

2136 1958 2393 2012 inchoavit
2422 1976 2439 2013 :
2470 1970 2525 2013 ut
2553 1973 2917 2034 consequenter
2952 1982 3011 2019 eo
3043 1966 3124 2019 (lie
3147 1967 3216 2019 ad
3242 1969 3459 2022 salutem
3505 1976 3720 2042 regene-

2135 2050 2244 2101 rari
2272 2066 2338 2103 ea:
2364 2051 2502 2104 unda
2544 2069 2630 2107 vos
2658 2064 2860 2123 pareat,
2890 2072 2989 2128 quo
3035 2068 3211 2111 natum
3242 2043 3720 2131 redemptionisutz

2135 2140 2246 2193 caeli
2274 2139 2548 2195 Dominum
2576 2144 2798 2198 mundus
2818 2148 3035 2216 accepit.
3063 2148 3136 2202 De
3157 2154 3511 2207 conversione
3552 2169 3717 2221 porro

2135 2245 2198 2285 ac
2238 2232 2505 2301 baptismo
2527 2232 2784 2289 Clodovei
2829 2236 3069 2305 pluribus
3095 2241 3206 2307 agit
3226 2239 3516 2310 Gregorius
3545 2242 3717 2300 Turo-

2133 2323 2312 2376 nensis
2339 2324 2447 2393 (n);
2481 2325 2621 2379 inter
2647 2341 2785 2394 quin,
2819 2326 2893 2380 De
2919 2332 3143 2383 exercitu
3167 2349 3296 2402 ejus,
3331 2336 3522 2402 inquit,
3546 2336 3715 2404 bapti-

2132 2413 2236 2465 zati
2256 2423 2376 2466 sunt
2397 2418 2619 2485 amplius
2646 2418 2750 2468 tria
2778 2418 2963 2472 millia.
2996 2419 3286 2474 [liuetuaro
3311 2432 3487 2476 autem
3512 2424 3563 2477 in
3593 2423 3714 2480 Vita

2131 2504 2301 2557 sancti
2332 2502 2564 2573 Remigii
2583 2507 2777 2560 dicitur
2792 2505 3093 2564 Clodoveus
3117 2510 3408 2581 baptizatus
3428 2528 3539 2567 cum
3562 2526 3716 2585 gente

2128 2594 2348 2663 integra.
2394 2593 2491 2649 Cui
2541 2597 2778 2651 concinit
2807 2608 2961 2653 vetus
3010 2607 3200 2655 auctor
3227 2602 3299 2654 ita
3337 2602 3707 2673 inquiensm:

2130 2682 2431 2753 Baptizatus
2477 2698 2655 2756 postea
2684 2699 2897 2743 cunctus
2933 2690 3153 2761 populus
3199 2691 3541 2748 Francorum.
3574 2693 3711 2751 llinc

2128 2774 2308 2843 itaque
2363 2776 2554 2834 beatus
2606 2777 2882 2846 Remigius
2929 2782 3136 2851 optimo
3191 2782 3315 2851 jure
3372 2782 3704 2843 Francorum

2126 2866 2403 2933 apostolus
2432 2865 2530 2921 fuit
2560 2879 2917 2938 nuncupatus.
2944 2870 3127 2941 Neque
3175 2874 3304 2928 illud
3335 2875 3549 2930 celebre
3578 2874 3709 2942 eila-

2128 2961 2237 3008 tum
2260 2956 2347 3011 hic
2378 2959 2809 3026 prmterenndum
2839 2976 2868 3015 a
2890 2958 3153 3030 Gregorio
3183 2961 3482 3019 Turonensi
3516 2965 3708 3022 litteris

443 3064 501 3108 ut
526 3069 715 3110 omnes
741 3053 1280 3117 fermeconsentiunt,
1304 3068 1364 3109 sc
1382 3061 1491 3107 tum
1514 3052 1626 3122 jam
1654 3051 2025 3124 quinquaginta
2056 3042 2100 3102 Β
2130 3044 2380 3099 traditum
2413 3047 2511 3117 (p).
2543 3063 2651 3117 quo
2666 3047 3010 3104 ‘Clodoveum
3056 3065 3236 3119 regem
3280 3055 3346 3108 ad
3377 3055 3705 3125 baptismum

441 3155 492 3201 et
522 3144 681 3199 tribus
709 3146 862 3200 annis
892 3145 1173 3215 episcOpali
1212 3144 1321 3198 sedi
1345 3144 1650 3215 prwsedisse
1679 3143 1762 3212 (i).
1797 3139 2026 3195 Ordina-

440 3241 530 3288 tus
550 3233 709 3301 igitur
724 3229 883 3286 fuerit
898 3246 1040 3286 anno
1060 3229 1156 3285 Mil
1169 3271 1182 3285 .
1199 3230 1461 3300 Cumque,
1486 3239 1623 3287 teSte
1633 3226 1921 3285 llincmaro
1935 3228 2023 3299 (λ’),

441 3337 601 3393 quem
654 3321 896 3390 sequitur
943 3320 1280 3375 Flodoardus
1332 3320 1466 3392 (Ir),
1513 3336 1678 3374 annos
1734 3329 1888 3373 natus
1947 3320 2024 3373 ri-

441 3414 567 3485 ginti
592 3413 721 3467 duos
744 3413 814 3466 ad
833 3413 1084 3484 pontiﬁcii
1105 3413 1301 3466 culmen
1319 3420 1497 3480 raptus
1517 3412 1686 3478 potius
1712 3426 1865 3483 quam
1893 3412 2024 3463 elec-

434 3513 522 3559 tus
549 3505 739 3577 fuerit;
770 3505 895 3559 hinc
923 3502 1149 3574 proinde
1176 3504 1230 3557 in
1248 3503 1431 3575 lucem
1462 3503 1637 3558 editus
1662 3503 1828 3558 fuisse
1867 3502 2022 3556 colli-

441 3598 585 3667 gitur
611 3613 752 3651 anno
778 3595 901 3651 459.
929 3596 1130 3651 Rursus
1148 3611 1281 3651 vero
1305 3595 1552 3651 eumdem
1574 3593 1857 3666 prmsulem
1886 3595 2024 3649 ultra

440 3691 767 3761 septuaginta
805 3705 971 3743 annos
1021 3688 1075 3741 in
1114 3687 1411 3758 episcopatu
1459 3685 1722 3757 explesse,
1750 3686 1911 3739 modo
1956 3699 2023 3738 ex

442 3779 703 3850 Gregorio
732 3780 1033 3836 'I'nrnnensi
1062 3778 1446 3835 intelleximus.
1481 3777 1748 3835 Pmterea
1778 3778 2022 3832 Flavium

443 3872 668 3941 Remigii
698 3881 818 3943 post
850 3872 1148 3925 Romanum
1179 3885 1569 3935 successorem,
1592 3869 1677 3925 die
1703 3887 1733 3925 v
1762 3869 1878 3924 idus
1908 3866 2024 3923 No-

440 3965 658 4019 vembris
703 3980 846 4018 anno
889 3962 1088 4018 Christi
1133 3960 1258 4027 555,
1289 3962 1610 4015 Arvernensi
1641 3960 1871 4016 concilio
1897 3960 2024 4014 sub-

438 4056 715 4127 scripsisse
736 4063 947 4111 constat
969 4055 1028 4126 (ι)
1057 4072 1072 4109 :
1106 4063 1164 4110 ut
1189 4063 1475 4125 propterea
1505 4054 1642 4108 ultra
1668 4053 1875 4108 initium
1896 4052 2022 4107 anni

440 4144 561 4210 555,
594 4162 702 4217 quo
732 4147 906 4202 idibus
956 4145 1193 4201 Januarii
1242 4160 1273 4200 e
1310 4145 1448 4201 vivis
1482 4146 1781 4200 excessisse
1832 4143 2019 4207 fertur,

438 4237 599 4289 vitam
640 4236 787 4290 illum
843 4236 1163 4306 produxisse
1219 4235 1361 4291 haud
1412 4236 1676 4291 videatur.
1722 4235 1851 4303 Quae
1897 4236 2019 4306 qui-

430 4328 557 4383 dem
605 4329 871 4383 sententia
924 4343 1034 4398 prae
1085 4328 1333 4384 omnibus
1379 4329 1718 4383 verisimilior
1772 4328 2018 4383 habetur.

2128 3134 2471 3191 accedentem
2520 3135 2801 3194 Re‘mensis
2837 3140 3077 3209 pontifex
3113 3150 3296 3197 noster
3324 3144 3486 3199 veluti
3527 3144 3704 3200 divina

2126 3227 2356 3295 quadam
2398 3229 2681 3297 majestate
2706 3231 2882 3301 gravis
2903 3232 2975 3287 ita
3015 3235 3360 3304 compellavit
3390 3254 3403 3287 :
3443 3235 3589 3291 Mitis
3611 3237 3701 3292 deo

2125 3335 2259 3387 pone
2292 3318 2443 3383 colla,
2476 3318 2748 3374 Sicamber
2776 3339 2795 3373 :
2820 3323 2986 3376 adora
3004 3324 3140 3394 quod
3164 3324 3457 3385 incendisti,
3488 3326 3707 3381 incende

2125 3411 2262 3480 quod
2290 3411 2545 3465 adorasti.
2581 3410 2806 3481 Reliqua
2848 3429 3011 3482 porro
3041 3414 3433 3484 beati‘Rctuigii
3459 3427 3606 3485 gesta
3637 3434 3707 3475 ex

2125 3501 2475 3570 scriptoribus
2495 3504 2739 3573 superius
2762 3504 2991 3560 laudatis
3012 3507 3324 3575 repetenda,
3339 3523 3457 3562 oua:
3477 3504 3703 3577 strictim

2126 3590 2345 3645 exhibet
2372 3589 2816 3651 Sammarthanus
2847 3595 2942 3667 (q).
3026 3644 3033 3656 ,

2197 3680 2282 3736 ΙΙΙ.
2325 3682 2458 3737 Erat
2484 3693 2693 3740 sanctus
2738 3685 3035 3756 Remigius,
3076 3689 3248 3758 inquit
3274 3689 3565 3758 Gregorius
3591 3691 3703 3746 Τη-

2127 3775 2374 3830 ronensis
2402 3775 2493 3848 (r),
2522 3778 2789 3847 episcopus
2811 3780 3032 3849 egregia:
3059 3780 3309 3847 scientiis,
3342 3798 3403 3835 ac
3432 3783 3702 3838 rhetoricis

2124 3868 2359 3936 apprime
2405 3865 2626 3921 imbutus
2664 3868 2870 3922 studiis.
2900 3867 3082 3936 Qualis
3128 3885 3255 3923 vero
3301 3880 3601 3940 qnantusve
3649 3873 3702 3928 in

2124 3957 2422 4027 disciplinis
2468 3958 2776 4013 excolendis
2814 3961 3083 4014 exstiterit
3123 3971 3307 4017 uoster
3337 3963 3560 4017 antistes
3599 3962 3704 4019 Re-

2126 4049 2347 4117 mensis,
2376 4063 2536 4119 quam
2566 4049 2729 4103 etiam
2759 4050 2969 4105 eximite
2995 4049 3152 4106 fuerit
3180 4051 3513 4119 eruditionis,
3550 4055 3705 4110 testis

2124 4149 2206 4194 est
2237 4128 2476 4209 locuples
2500 4138 2753 4196 Sidonius
2777 4141 3139 4198 Arvernorum
3169 4144 3476 4215 cpiscopus,
3513 4145 3704 4214 «μήτιά

2125 4231 2296 4302 ipsum
2328 4230 2626 4301 Remigium
2667 4233 2907 4288 scribens
2958 4233 3026 4307 (δ)
3075 4252 3087 4287 :
3148 4233 3339 4301 Rarus,
3395 4236 3588 4306 inquit,
3613 4245 3705 4290 aut

2123 4324 2295 4377 nullus
2323 4332 2420 4388 est,
2451 4324 2535 4378 cui
2581 4324 2889 4378 meditaturo
2917 4342 3013 4396 par
3054 4328 3266 4380 assistat
3313 4328 3580 4393 dispositio
3613 4344 3704 4397 per

506 4418 570 4473 ll.
610 4419 685 4495 De
713 4418 983 4490 prmclaris
1030 4418 1312 4474 Bernensis
1357 4418 1517 4487 hujus
1562 4417 1805 4487 praesulis
1856 4417 2021 4486 gestis
2048 4408 2095 4471 C
2126 4431 2332 4481 causas,
2358 4414 2546 4483 positio
2572 4432 2666 4482 per
2701 4416 2919 4479 litteras,
2977 4417 3276 4486 compositio
3324 4432 3414 4485 per
3453 4415 3701 4487 syllabas.

438 4509 568 4564 illud
614 4526 778 4565 unum
824 4525 1155 4565 memorasse
1182 4511 1313 4565 satis
1353 4508 1534 4576 fuerit,
1563 4509 1631 4563 ab
1673 4524 1740 4563 eo
1769 4508 2017 4562 nimirum

438 4597 599 4655 fuisse
628 4597 1298 4668 baptizatumClodoveum
1316 4598 1640 4654 Francorum
1669 4611 1850 4666 regem
1878 4600 2019 4651 a‘nno

436 4690 630 4746 Christi
663 4689 788 4750 496.
822 4690 875 4746 in
921 4690 1265 4746 solemnitate
1293 4689 1599 4745 Nativitatis
1627 4687 1931 4752 dominicm,
1962 4699 2021 4744 ut

436 4793 627 4839 auctor
663 4792 746 4839 est
797 4784 983 4838 Avitus
1033 4784 1352 4840 Viennensis
1402 4785 1711 4855 episcopus,
1749 4784 1816 4839 ad
1848 4783 2018 4854 ipsum

508 4958 586 5029 (α)
625 4956 823 5029 paron.
850 4957 917 5029 ad
940 4972 1065 5012 ann.
1097 4956 1221 5029 4A7],
1254 4956 1408 5029 §_35.

508 5025 584 5099 (ὁ)
625 5025 773 5097 Pagi.
819 5027 887 5081 ad
936 5041 1061 5080 ann.
1114 5025 1318 5099 471,’ς
1373 5027 1461 5093 15,
1494 5034 1550 5083 et
1603 5027 1670 5081 ad
1715 5041 1840 5081 ann.
1893 5027 2016 5095 541,

438 5098 467 5170 ⁵
620 5165 1000 5237 llensch.Act.
1032 5165 1128 5223 SS.
1205 5181 1318 5222 eor.
1338 5176 1472 5222 tom.
1494 5167 1534 5232 l,
1565 5181 1688 5237 pag.
1722 5166 1845 5231 785,
1871 5184 2015 5224 unm.

438 5237 494 5303 1,
516 5247 572 5291 et
600 5252 720 5307 pag.
769 5236 901 5304 785,
932 5252 1077 5291 num.
1113 5237 1207 5300 l9...
1241 5238 1338 5306 15,
1380 5247 1437 5291 et
1478 5236 1602 5293 Jun.
1637 5247 1765 5291 tom.
1798 5238 1864 5306 ll,
1894 5254 2013 5309 pag.

438 5307 528 5361 90.
561 5315 676 5361 not.
709 5309 763 5361 6.
2012 5354 2013 5359 η

423 5346 799 5500 fidi-Cogit.
832 5376 1022 5431 Annal.
1064 5377 1195 5433 eccl.
1220 5376 1415 5435 Franc.
1451 5377 1515 5432 ad
1539 5393 1667 5431 ann.
1699 5376 1825 5457 48‘6,
1856 5378 1883 5451 §
1930 5354 2018 5444 l2,

436 5456 491 5500 et
514 5463 559 5500 ξι.
610 5462 737 5500 ann.
768 5446 893 5500 512.
933 5447 959 5500 ε
990 5447 1047 5500 2.
1079 5456 1210 5500 tom.
1245 5447 1281 5500 Ι.
1307 5463 1462 5500 nam.
1489 5448 1589 5500 H7
1619 5459 1674 5500 et
1694 5446 1817 5500 392.

436 5456 491 5503 et
514 5446 579 5502 at
610 5462 747 5519 ann.
768 5446 893 5519 ste,
933 5447 960 5519 §
990 5447 1047 5514 2,
1079 5456 1210 5502 tom.
1245 5447 1281 5519 l7,
1307 5448 1589 5519 pagng]
1619 5459 1674 5502 et
1694 5446 1817 5501 392.

425 5519 584 5606 2mg!)
623 5516 789 5573 Labb.
822 5516 1023 5572 Chren.
1051 5518 1174 5572 hist.
1206 5518 1274 5572 ad
1309 5516 1445 5574 ann.
1474 5517 1612 5586 525,
1643 5529 1775 5574 tom.
1822 5518 1861 5583 Ι,
1890 5534 2013 5590 pag.

615 5658 941 5748 Summarth.
996 5656 1132 5713 Gall.
1166 5657 1364 5712 Christ.
1399 5675 1522 5714 nov.
1550 5667 1681 5714 tom.
1722 5657 1813 5721 IX,
1857 5672 2013 5730 pagg.

797 5798 961 5888 litter.
988 5798 1054 5877 de
1101 5800 1147 5852 la
1181 5799 1400 5867 France,
1437 5808 1567 5856 tom.
1601 5798 1695 5866 Ill,
1726 5790 1846 5870 pag.
1878 5796 2005 5867 155',

2121 4506 2203 4557 Ad
2232 4505 2326 4559 Itoc
2353 4507 2712 4575 opportunitas
2738 4506 2793 4558 in
2832 4505 3099 4574 exemplis,
3131 4505 3262 4574 ﬁdes
3290 4507 3343 4558 in
3374 4506 3703 4573 testimoniis,

2117 4595 2410 4664 proprietas
2450 4595 2504 4646 in
2544 4595 2799 4663 epithetis,
2824 4592 3095 4648 urbanitas
3121 4596 3173 4649 in
3220 4594 3424 4664 ﬁguris,
3460 4597 3620 4649 virtus
3645 4596 3702 4650 in

2121 4687 2462 4757 argumentis,
2490 4686 2693 4756 pondus
2715 4685 2769 4739 in
2808 4677 3066 4753 sensibus,
3093 4687 3283 4757 [lumen
3310 4687 3361 4741 in
3386 4686 3572 4756 verbis,
3596 4688 3701 4759 ful-

2122 4792 2235 4829 men
2267 4776 2320 4828 in
2349 4775 2614 4829 clausulis.
2649 4775 2925 4830 Structura
2968 4792 3086 4830 vero
3114 4776 3263 4846 [ortis
3289 4786 3338 4829 et
3380 4778 3551 4840 ﬁrma,
3576 4792 3701 4830 con-

2219 4954 2272 5028 li)
2296 4954 2471 5028 _Greg.
2492 4954 2696 5028 Turon.
2728 4956 2828 5028 _lib.
2858 4956 2928 5012 de
2948 4956 3099 5014 Glor.
3125 4959 3356 5014 confess.
3385 4973 3504 5028 cap.
3531 4960 3616 5011 79.
3678 4976 3683 4980 δ

2217 5025 2261 5096 ἱ)’
2296 5025 2503 5096 Remig.
2533 5027 2690 5093 epist.
2719 5025 2775 5080 5.

2228 5097 2259 5167 i)
2301 5095 2512 5168 ﬂincm.
2542 5096 2882 5168 Vit.Remﬁig.
2914 5114 3032 5168 cap.
3066 5099 3123 5165 6,
3154 5099 3241 5154 60.

2171 5166 2269 5238 tit)
2305 5166 2596 5239 Flodoard.
2629 5166 2764 5222 Hist.
2794 5166 3068 5233 Remens,
3102 5172 3189 5223 lib.
3223 5186 3258 5232 ι,
3283 5184 3400 5239 cap.
3432 5168 3518 5229 11,
3557 5170 3637 5224 17.

2217 5236 2625 5310 tisammartb.
2655 5240 2776 5310 loco
2808 5239 2975 5294 citato
3000 5254 3118 5310 pag.
3149 5239 3235 5293 15.

2217 5306 2289 5377 m)
2328 5306 2473 5377 ᾼνίι.
2497 5309 2654 5377 epist.
2681 5307 2770 5365 41.

2159 5375 2475 5503 ⁰(ηέ¹(ἷιτθδ.
2532 5375 2750 5434 Turoni.
2823 5378 2962 5435 Hist.
3033 5379 3246 5445 Franc.,
3303 5380 3392 5434 lib.
3452 5393 3520 5447 ιι,
3580 5392 3704 5451 cap.

2121 5449 2484 5590 δοξοῗιληοη.
2507 5517 2661 5590 Geel.
2689 5532 2803 5588 reg.
2837 5517 3025 5574 Franc.
3049 5536 3170 5590 rap.
3208 5519 3273 5575 l5

2196 5584 2273 5670 (ρ)
2313 5589 2475 5670 Greg.
2505 5587 2707 5670 Tunron.
2735 5584 2859 5670 loco
2873 5591 3042 5670 citato
3081 5584 3198 5659 cap.
3224 5591 3285 5646 5t

2208 5660 2271 5732 ’ῳ
2312 5660 2637 5714 Sanunartb.
2664 5660 2786 5715 loco
2814 5660 2998 5714 citato.
3080 5722 3083 5731 _

2194 5665 2267 5812 ξιτ)
2300 5730 2468 5812 _Greg.
2499 5726 2703 5812 Euroo.
2735 5730 3070 5812 loco_ci_t_ato.

2191 5799 2259 5874 (sl
2299 5799 2483 5855 Sidon.
2512 5799 2600 5853 lib.
2640 5815 2713 5864 ts,
2739 5800 2897 5871 epist.
2927 5800 2976 5855 7.
