4144 6354
445 403 548 462 ωε

1723 399 1779 456 S.
1813 396 2073 454 REMlGll
2106 397 2440 456 REMENSIS

3611 402 3716 456 06$

445 516 1182 589 junctionumperfacetarum
1210 527 1346 567 nexa
1380 513 1597 566 tarsuris
1625 511 1984 566 insolubilibus
2013 526 2032 564 :
2061 519 2104 571 Α
2139 512 2326 566 vivens
2375 513 2468 567 illo
2513 527 2622 582 pra:
2679 512 2838 567 animi
2889 485 3248 568 submissione
3293 513 3564 568 oblivione
3599 517 3716 584 po-

446 611 537 660 sed
566 623 656 662 nec
678 607 795 659 hinc
821 607 991 658 minus
1028 604 1228 656 lubrica
1249 612 1299 655 et
1337 602 1480 667 levis,
1511 619 1573 655 ac
1601 601 1767 656 modis
1794 599 2027 654 omnibus

444 701 773 763 erotundata,
796 711 1005 765 quotque
1028 694 1232 748 lectoris
1262 694 1816 764 linguaminoﬂ'ensam
1844 693 2029 746 decen-

447 797 522 844 ter
534 789 796 859 expediat,
821 802 883 839 ne
905 785 1199 840 salebrosas
1225 803 1382 857 passa
1403 785 1706 856 juncturas,
1733 800 1828 855 per
1855 801 2028 838 cante-

435 895 559 933 ‘ram
586 877 749 946 palati
779 878 1005 931 volutato
1040 875 1312 929 balbutiat.
1348 875 1478 930 Tota
1506 877 1723 946 denique
1761 875 1956 947 liquida
1982 883 2032 928 et

446 967 672 1031 ductilis,
697 967 850 1021 veluti
871 983 986 1020 cum
1016 967 1350 1037 crystallinas
1389 975 1589 1020 crustas
1614 975 1701 1019 aut
1735 965 2032 1036 onychinti-

449 1077 546 1113 nas
595 1075 695 1113 non
727 1061 968 1127 impacto.
991 1060 1183 1129 digitus
1229 1075 1400 1130 ungue
1426 1057 1748 1128 perlabitur:
1776 1059 1964 1128 quippe
1987 1061 2032 1112 si

450 1153 578 1208 nihil
621 1169 736 1205 eum
769 1152 975 1205 rimosis
1004 1151 1230 1205 obicibus
1279 1163 1544 1221 exceptum
1603 1159 1762 1204 tenax
1802 1153 2033 1222 fractura

450 1251 752 1297 remoretur.
783 1241 920 1305 Quid
955 1243 1143 1313 plura?
1177 1241 1301 1316 an
1345 1251 1514 1296 exstat
1561 1241 1630 1295 ad
1658 1259 1890 1310 presens
1936 1243 2034 1296 vivi

451 1331 671 1385 hominis
685 1333 874 1395 oratio,
897 1349 1048 1403 quam
1073 1333 1259 1402 peritia
1286 1341 1375 1385 tua
1397 1349 1497 1387 non
1523 1333 1635 1386 sine
1664 1333 1838 1386 labore
1861 1340 2035 1388 trans-

449 1421 593 1493 gredi
625 1430 777 1492 queat
805 1438 866 1474 ac
887 1422 1247 1493 superuadere.
1280 1422 1404 1477 Hice
1428 1423 1783 1478 Arvernensis
1813 1424 2030 1492 pricsul.

450 1514 652 1580 Quibus
681 1514 883 1576 relatis,
912 1514 1090 1568 subdit
1120 1521 1303 1568 noster
1323 1514 1584 1569 Baronius
1610 1516 1684 1583 (a)
1722 1533 1734 1568 :
1771 1535 1787 1565 ι
1819 1513 2034 1589 Utinam

452 1608 565 1676 ipse
587 1607 676 1675 qui
706 1607 820 1662 hinc
839 1606 1024 1661 scribit
1043 1604 1314 1670 Sidonius,
1341 1606 1654 1676 perfecisset
1677 1607 1820 1677 quod
1849 1606 2034 1661 iisdem

452 1696 646 1753 litteris
675 1697 741 1752 ad
771 1714 893 1754 eum
922 1698 1061 1752 datis
1091 1705 1172 1752 e‘st
1215 1698 1570 1753 comminatus
1605 1699 1689 1752 liis
1717 1698 1896 1752 verbis
1928 1716 1940 1752 :
1975 1698 2034 1752 Si

453 1791 712 1846 distuleris
740 1800 971 1845 nostram
1005 1791 1329 1844 sterilitatem
1360 1791 1599 1862 facundis
1629 1790 1907 1860 fecundare
1925 1791 2034 1844 col-

2134 603 2235 656 tius
2263 603 2493 658 obruere
2520 603 2689 657 voluit
2717 618 2875 672 quam
2915 605 3264 673 perpetuitati
3305 605 3504 660 dicare.
3544 625 3561 656 ι
3598 605 3715 671 Qua

2130 692 2198 746 de
2248 707 2308 746 re
2355 693 2554 748 videsis
2602 692 2821 749 Gallica:
2865 693 3114 749 Historia:
3161 695 3436 750 litteraria:
3483 697 3715 767 scripto-

2132 799 2219 838 res
2267 783 2338 856 (ί)

2203 873 2290 927 ιν.
2333 871 2400 926 At
2425 888 2557 928 vero
2609 874 2752 928 haud
2798 890 3020 945 prorsus
3062 875 3317 931 interiere
3363 877 3542 932 omnia
3574 877 3719 932 beati

2135 962 2388 1016 antistitis
2436 961 2719 1018 Remensis
2764 963 3060 1019 litterarum
3090 967 3443 1022 monimenta.
3473 969 3719 1032 Quatuor

2134 1056 2277 1110 enim
2308 1065 2565 1126 superant
2611 1057 2788 1112 adhuc
2814 1055 2930 1125 ejus
2959 1059 3222 1127 epistolm,
3251 1074 3370 1130 quae.
3397 1060 3510 1114 sive
3553 1061 3605 1115 in
3636 1059 3721 1114 bis

2135 1151 2404 1221 eloquium
2431 1161 2664 1220 spectes,
2697 1151 2810 1206 sive
2834 1150 3116 1220 judicium,
3149 1153 3264 1208 sive
3294 1153 3526 1207 maxime
3545 1166 3724 1208 sacer-

2135 1241 2369 1298 dotalem
2399 1243 2564 1296 animi
2592 1244 2831 1310 vigorem
2862 1243 2916 1297 in
2958 1243 3169 1312 juribus
3198 1245 3574 1300 ecclesiasticis
3603 1248 3725 1301 vin—

2134 1334 2398 1396 dicandis,
2431 1341 2582 1388 tanto
2621 1335 2898 1389 enimvero
2927 1336 3185 1406 episcopo
3209 1337 3381 1404 digna:
3419 1351 3723 1406 agnoscun-

2139 1435 2243 1482 tur.
2270 1426 2348 1481 De
2376 1427 2460 1480 his
2489 1434 2667 1480 autem
2699 1426 2960 1496 epistolis,
2994 1435 3053 1481 ut
3077 1434 3132 1481 et
3159 1427 3227 1482 de
3243 1427 3460 1496 reliquis
3488 1444 3607 1498 quin
3628 1429 3721 1482 iis-

2135 1517 2256 1570 dem
2311 1516 2666 1580 attexuimus,
2701 1515 2829 1570 niliil
2860 1515 2949 1570 hic
2987 1517 3219 1585 amplius
3263 1516 3444 1572 dicere
3481 1519 3722 1587 suppetit

2137 1613 2333 1676 praeter
2374 1621 2438 1662 ea
2462 1621 2582 1676 qua:
2633 1606 2684 1660 in
2721 1605 2977 1675 subjectis
3026 1606 3169 1662 notis
3216 1606 3720 1662 animadvertimus.

2139 1695 2307 1751 Porro
2351 1695 2495 1765 quod
2539 1704 2749 1766 spectat
2800 1695 2867 1751 ad
2923 1695 3338 1766 Explanationes
3385 1698 3719 1766 epistularum

2137 1787 2274 1841 beati
2321 1788 2473 1842 Pauli
2502 1789 2746 1858 apostoli,
2778 1787 2877 1841 sub
2907 1789 3126 1842 nomine
3173 1787 3400 1858 Remigii
3438 1788 3721 1844 Remensis

454 1879 658 1952 loquiis,
711 1878 1080 1950 aucupabimur
1127 1879 1387 1932 nundinas
1417 1879 1756 1942 involantum,
1806 1888 1854 1932 et
1899 1879 2034 1933 ultro
2070 1877 2112 1934 Β
2139 1878 2266 1932 olim
2296 1892 2326 1931 a
2367 1877 2575 1931 Joanne
2605 1876 2844 1946 Baptista
2876 1876 3214 1946 Villalpando
3263 1879 3572 1946 evulgatas,
3607 1879 3721 1946 jam

454 1972 650 2026 scrinia
691 1979 798 2036 tua,
830 1969 1215 2023 conniventibus
1247 1969 1391 2023 nobis
1422 1986 1481 2022 ac
1511 1969 1929 2034 subornantibus,
1953 1971 2033 2041 ef-

456 2063 737 2132 fractorum
784 2076 970 2114 manus
999 2070 1182 2130 arguta
1229 2060 1560 2129 populabitur
1602 2075 1620 2112 :
1669 2060 2036 2132 inchoabisque

455 2159 576 2205 tunc
604 2153 800 2224 frustra
843 2151 1032 2204 moveri
1073 2150 1326 2220 spoliatus
1373 2153 1540 2222 furta,
1575 2152 1618 2203 si
1659 2167 1794 2204 nunc
1824 2159 2036 2221 rogatus

456 2259 557 2297 non
585 2244 803 2296 moveris
837 2243 1022 2312 oﬁicio.
1055 2240 1276 2308 Verum,
1310 2249 1369 2296 ut
1394 2241 1570 2297 verbis
1600 2250 1719 2296 utar
1746 2240 2033 2306 Sirmondi,

457 2331 530 2402 (ι)
560 2330 977 2386 declamationes
1017 2331 1241 2399 Remigii
1285 2347 1511 2400 quarum
1544 2332 1907 2400 eloquentiam
1947 2329 2034 2385 Si-

459 2421 649 2476 donius
680 2425 959 2491 tantopere
988 2421 1346 2487 commendat,
1376 2423 1534 2476 nulla:
1557 2423 1626 2475 ad
1658 2439 1755 2477 nos
1781 2437 2034 2492 pervene-

458 2521 582 2568 runt
607 2507 622 2566 ἐ
647 2527 746 2568 nec
777 2528 965 2567 recens
1005 2513 1118 2568 lucc
1140 2512 1383 2581 jactura;
1425 2529 1546 2568 cum
1575 2513 1896 2568 Hincmarus
1924 2514 2038 2582 ipse

458 2602 534 2672 (ε)
561 2618 626 2657 ac
673 2601 1024 2668 Flodoardus,
1055 2604 1144 2672 qui
1181 2605 1320 2659 hanc
1365 2603 1709 2658 Sidonianam
1754 2605 2036 2673 epistolam

474 2689 704 2746 iistorize
751 2705 860 2745 sua:
891 2691 1120 2746 intexuit
1151 2692 1252 2762 (d),
1290 2707 1381 2746 eas
1413 2693 1625 2762 penitus
1653 2693 1926 2762 ignorasse
1960 2695 2039 2746 vi-

468 2777 700 2833 ieantur.
739 2799 757 2832 ι
793 2779 1072 2842 Nimirum,
1098 2781 1328 2835 Baronio
1370 2783 1666 2852 interprete
1709 2783 1784 2853 (ε)
1840 2802 1858 2834 ι
1894 2784 2040 2838 hisce

471 2871 683 2940 \emigii
727 2869 1183 2927 lucubrationibus
1224 2871 1322 2926 lrui
1372 2875 1526 2929 nobis
1573 2889 1681 2936 non
1712 2874 1854 2939 licet,
1906 2890 2040 2945 quas

553 3070 604 3144 (ι)
646 3071 844 3144 Raron.
876 3072 940 3125 al
965 3065 1090 3144 aiio.
1115 3071 1240 3144 ζΠΙ,
1275 3074 1300 3144 §
1335 3074 1420 3126 57.

555 3139 606 3212 b)
644 3139 923 3212 ξᾴιίιιυῐιίξἱ
945 3143 1007 3194 ad
1022 3141 1224 3212 iSidon.
1257 3139 1414 3212 ἐνίει.
1447 3143 1499 3208 7,
1524 3143 1616 3196 lib.
1647 3160 1718 3198 lx.

537 3209 610 3284 (ε)
651 3209 858 3284 Ηίιιςπη·
888 3209 1224 3284 “ﬂentis.

554 3279 609 3345 d)
647 3279 936 3354 flodoard.
968 3280 1101 3354 llist.
1139 3281 1410 3348 Remens.,
1438 3283 1528 3338 lib.
1556 3300 1593 3348 ι,
1617 3299 1736 3354 cap.
1769 3283 1852 3338 l2.

556 3354 606 3420 ε)
646 3348 841 3420 Baron.
870 3350 990 3405 loco
1018 3353 1206 3420 citato.

532 3419 602 3493 (f)
644 3419 778 3474 Hist.
809 3421 972 3476 littér.
998 3420 1066 3476 de
1093 3420 1141 3474 la
1173 3419 1372 3476 Franc.
1411 3422 1532 3479 loco
1562 3424 1723 3479 citato
1752 3438 1904 3494 pagg.
1941 3424 2031 3477 l6l

466 3505 609 3633 mth
647 3561 827 3616 Coint.
867 3562 1055 3616 Annal.
1098 3562 1232 3617 eccl.
1270 3561 1465 3618 Franc.
1510 3581 1634 3619 ann.
1678 3563 1814 3631 553,
1874 3566 1900 3636 §
1949 3564 2036 3628 $9,

467 3691 851 3710 *ιιι-.-

2137 1969 2334 2023 dudum
2357 1969 2458 2023 viri
2480 1969 2625 2024 docti
2648 1968 2821 2023 eidem
2853 1968 2984 2024 falso
3008 1968 3169 2024 fuisse
3192 1970 3419 2024 tributas
3438 1986 3718 2026 monuere:

2137 2074 2272 2128 quos
2301 2059 2442 2114 inter
2468 2057 2712 2113 Cointius
2737 2059 2836 2129 (g),
2864 2057 3056 2128 Pagius
3087 2059 3163 2130 (Ii)
3184 2099 3199 2123 ,
3229 2058 3446 2116 Gallica:
3475 2059 3723 2116 Historia:

2138 2151 2416 2205 litterariae
2445 2158 2701 2205 auctores
2731 2151 2868 2220 (ijet
2905 2149 3194 2204 novissime
3221 2151 3460 2204 omnium
3491 2151 3722 2212 domnus

2138 2243 2303 2296 abbas
2350 2239 2551 2312 Lebeuf
2588 2241 2642 2295 in
2682 2256 2847 2310 opere
2876 2240 3167 2310 inscripto,
3206 2241 3410 2295 Recueil
3453 2242 3518 2294 de
3555 2242 3721 2296 dive"

2137 2336 2288 2387 ecrits
2337 2349 2468 2402 pour
2521 2333 2681 2386 servir
2729 2331 3232 2386 d‘e’claircissements
3286 2335 3316 2384 ὰ
3363 2333 3612 2388 l‘lu'stoire
3657 2333 3722 2387 de

2140 2424 2347 2478 France
2379 2424 2450 2494 (j)
2487 2442 2499 2477 :
2539 2432 2598 2478 ut
2660 2431 2944 2494 propterea
2991 2425 3174 2478 mirari
3223 2424 3465 2494 profecto
3507 2426 3719 2490 subeat,

2141 2514 2392 2570 Huetium
2418 2514 2494 2583 (It)
2517 2514 2583 2569 V.
2605 2513 2665 2568 C.
2698 2513 3019 2584 Villalpandi
3047 2516 3326 2569 sententia:
3350 2515 3720 2581 inhaerentem,

2139 2606 2300 2660 beato
2323 2604 2569 2673 Remigio
2589 2605 2838 2663 Remensi
2860 2606 3115 2674 episcopo
3134 2605 3261 2660 illud
3284 2621 3418 2674 Opus
3447 2607 3720 2672 tribuisse,

2140 2696 2282 2768 quod
2310 2697 2398 2750 alii
2416 2698 2617 2753 rectius
2640 2697 2882 2766 Remigio
2895 2697 3348 2754 Antissiodorensi
3374 2699 3722 2759 asserendt'm

2081 2853 2089 2862 ,
2139 2789 2580 2859 comprobarunt.

2147 3082 2275 3127 tom.
2315 3073 2355 3135 l,
2389 3088 2544 3144 pagg.
2575 3073 2678 3126 405
2708 3080 2858 3144 seqq.

2218 3145 2294 3212 (Ii)
2336 3142 2482 3210 Pagi.
2516 3144 2580 3196 ad
2603 3161 2726 3196 ann.
2761 3142 2882 3206 HI,
2917 3142 3052 3213 θη.

2218 3217 2278 3284 (i)
2320 3213 2456 3268 llisl.
2504 3214 2668 3268 littér.
2699 3215 2766 3267 de
2797 3214 2843 3266 la
2889 3213 3076 3267 Franc.
3121 3213 3242 3267 loco
3270 3212 3433 3266 citato
3456 3225 3578 3282 pag.
3624 3212 3724 3273 163

2147 3301 2819 3434 “Lebeul‘Lﬂecueil,
2848 3361 2977 3421 elc.,
3029 3363 3155 3408 tom.
3192 3350 3232 3416 l,
3265 3355 3418 3422 pagg.
3454 3351 3559 3406 278
3605 3367 3722 3421 seq.

2147 3421 2273 3478 edit.
2301 3423 2468 3477 Paris.
2503 3421 2657 3476 1758.
3268 3421 3276 3422 “
3346 3421 3353 3422 “

2149 3492 2493 3616 ΜὲΙξ)¹ξὲιΪει.
2527 3492 2833 3561 Origenian.
2887 3494 2979 3552 lib.
3010 3510 3067 3560 ll,
3092 3508 3211 3564 cap.
3239 3491 3294 3557 Ξ,
3316 3502 3500 3560 quaest.
3525 3491 3580 3558 8,
3609 3491 3638 3563 ς
3662 3491 3718 3558 2,

2149 3579 2428 3633 pag.126.

1351 3807 2025 3920 SANCTI
2098 3807 2846 3920 REMIGII

1683 3977 2536 4106 OPUSCULA.

460 4192 619 4254 lNota
659 4196 838 4257 quibus
877 4195 1042 4244 cill'ros
1069 4199 1189 4257 intra
1216 4193 1546 4257 parenthesim
1567 4191 1908 4257 __pra"misinms
1931 4196 2159 4257 nmtuatre
2199 4195 2312 4237 sunt
2336 4189 2395 4257 ab
2418 4201 2462 4243 οι
2484 4200 2572 4257 ere.
2611 4191 2686 4236 cui
2712 4188 2898 4248 titulus,
2919 4190 3011 4257 με
3032 4195 3156 4257 (totes
3177 4189 3237 4237 de
3263 4191 3308 4237 lu
3332 4190 3552 4248 province
3572 4192 3707 4240 ιιι-ιδ

977 4249 1295 4318 εἰηδιίιιιιόάε
1321 4254 1496 4311 tieims,
1519 4265 1544 4298 τι
1567 4249 1656 4300 'l'b.
1680 4252 1908 4308 (iousset,
1931 4253 2295 4311 archiepiscopo
2337 4249 2567 4297 Reinensi
2615 4258 2845 4298 recenter
2870 4252 3018 4298 edito.
3049 4250 3201 4306 Eur;

949 4427 1279 4484 El’lSTOLA
1319 4429 1532 4483 PRIMA

718 4531 741 4558 ⁸
765 4540 831 4577 AD
858 4539 1209 4577 οιιιουογεωι
1240 4533 1553 4576 FRANCORL'.“
1588 4537 1785 4583 ηεαωι,

453 4613 816 4672 Consolatoria
836 4614 892 4667 in
913 4613 1051 4667 obitu
1078 4612 1363 4734 Albozledis
1388 4613 1591 4665 sororis
1617 4611 1751 4681 ejus,
1782 4628 1895 4682 qua?
1931 4627 2034 4664 non

550 4685 710 4734 multo
741 4692 852 4734 post
884 4695 1172 4734 susceptum
1235 4684 1460 4734 autisma
1481 4699 1508 4734 e
1535 4683 1637 4734 vita
1670 4682 1939 4734 miararat.

549 4685 710 4740 multo
740 4692 852 4754 post
884 4695 1172 4753 susceptum
1203 4682 1460 4752 baptisma
1481 4699 1508 4735 e
1535 4683 1637 4734 vita
1670 4682 1939 4752 migrarat.

532 4796 759 4852 Domino
788 4795 980 4851 illustri
1023 4794 1230 4848 meritis
1267 4793 1581 4848 Chlodoveo
1607 4791 1683 4863 (1)
1717 4793 1826 4860 regi
1863 4791 2040 4844 Rumi-

455 4891 574 4958 gius
600 4888 886 4957 episcopus
913 4885 1015 4956 ('2).

531 4981 688 5049 Angit
741 4995 846 5042 me,
881 4988 936 5032 et
964 4977 1095 5032 satis
1123 4977 1292 5045 angit,
1315 4985 1510 5030 vestrze
1565 4989 1726 5029 causa
1777 4974 2035 5037 tristitise,

535 5145 559 5172 ³
593 5134 764 5197 Hujus
792 5132 1033 5202 epistola:
1064 5131 1270 5185 initium
1313 5127 1816 5202 refei't_Gr_egor_ius
1860 5125 2034 5181 Turo-

456 5207 637 5262 nensis
668 5204 800 5257 llist.
824 5197 1040 5256 'Franc.
1073 5203 1165 5256 lib.
1200 5219 1253 5264 ιι,
1287 5216 1406 5269 cap.
1452 5199 1540 5252 51.
1594 5197 1672 5269 Ex
1721 5198 1825 5252 hac
1873 5213 2035 5265 porro

413 5324 419 5330 .
455 5275 690 5344 epistola
745 5273 1084 5344 intelligimus
1115 5268 1445 5344 Albolledem
1472 5268 1769 5344 Cblodpvei
1793 5283 2034 5344 sororem

455 5337 824 5402 consecratam
870 5337 980 5396 [leo
1007 5342 1263 5409 virginem
1291 5339 1603 5394 decessisse.
1635 5337 1766 5409 Nam
1797 5346 1851 5390 et
1881 5337 2037 5409 bene-

457 5417 730 5470 dictionem
759 5406 1217 5484 virginitatis'eam
1241 5411 1498 5480 accepisse
1526 5409 1711 5484 sc_r_i_bit
1737 5406 2033 5484 Remigius,

458 5495 618 5557 atque
641 5478 1085 5557 sacrata'mlugeri
1105 5491 1264 5557 negat
1285 5478 1555 5557 opertere_.
1582 5479 1714 5533 llinc
1736 5478 2036 5557 liaiiriaiius

460 5547 700 5610 Valesius
727 5554 853 5608 Rer.
903 5547 1094 5608 Franc.
1131 5547 1220 5607 lib.
1250 5547 1336 5611 vi,'
1365 5559 1494 5603 tom.
1527 5549 1546 5602 1
1569 5590 1583 5615 ,
1614 5562 1736 5617 pag.
1762 5547 1886 5615 ‘261,
1915 5547 2035 5614 jure

457 5625 680 5677 miratur
709 5640 806 5678 nec
834 5622 1152 5691 Gregorium
1191 5623 1280 5690 qui
1311 5622 1450 5691 hanc
1478 5620 1768 5691 epistolam
1793 5617 2030 5691 legerat,

457 5707 559 5748 nec
586 5702 811 5748 cmteros
837 5686 1016 5748 rerum
1047 5686 1377 5747 Gallicarum
1401 5689 1687 5756 historicos
1720 5687 1770 5739 id
1794 5686 2034 5741 animad-

456 5761 681 5818 vertisse
713 5781 726 5816 :
759 5764 1134 5830 existimatque
1155 5759 1482 5816 Alboﬂedem
1504 5774 1609 5812 non
1641 5755 1844 5830 abalio
1873 5772 2032 5830 qu_am

453 5830 701 5902 Remigio
733 5841 786 5886 ut
815 5825 1163 5899 baptizatam,
1193 5832 1270 5885 sic
1298 5825 1666 5885 consecratam
1717 5825 1900 5882 fuisse.
1930 5825 2032 5879 Ex-

2078 4432 2127 4489 ι)
2152 4426 2294 4494 quod
2331 4427 2576 4496 gloriosa:
2616 4428 2887 4482 memoria:
2913 4442 3164 4496 germana
3194 4437 3371 4482 vestra
3401 4430 3611 4484 transiit
3633 4433 3703 4486 Al

2149 4519 2374 4592 boliedis
2405 4521 2503 4590 (a).
2532 4518 2637 4574 Sed
2686 4520 2952 4575 consolari
3002 4537 3304 4590 possumus,
3339 4522 3462 4590 quia
3513 4522 3632 4580 talis
3661 4523 3730 4580 de

2145 4609 2245 4663 hac
2267 4609 2383 4663 luce
2409 4609 2677 4676 discessit,
2711 4617 2769 4662 ut
2789 4610 3167 4665 recordatione
3198 4612 3366 4680 magis
3394 4613 3591 4683 suscipi
3626 4613 3728 4669 de-

2145 4701 2268 4755 beat
2293 4715 2453 4769 quam
2500 4699 2688 4768 lugeri.
2721 4699 2870 4756 Illius
2925 4702 3068 4756 enim
3122 4703 3244 4757 vita:
3306 4703 3432 4767 fuit,
3463 4704 3606 4772 quod
3635 4721 3728 4760 as-

2141 4802 2354 4861 sumpta
2376 4793 2629 4848 credatur
2657 4808 2685 4846 a
2709 4792 2956 4858 Domino,
2986 4809 3105 4864 qure
3135 4809 3164 4847 a
3197 4793 3307 4848 Deo
3332 4795 3506 4851 cleCta
3529 4795 3730 4864 migra-

2144 4886 2216 4940 vit
2236 4885 2304 4938 ad
2326 4885 2511 4940 caalos.
2543 4884 2686 4938 Vivit
2713 4893 2906 4940 vestra:
2949 4884 3091 4946 fidei,
3125 4885 3228 4939 etsi
3275 4895 3360 4940 est
3389 4896 3731 4956 conspectus

2141 4975 2410 5034 desiderio
2450 4984 2690 5046 recepta.
2718 4974 2963 5030 Christus
3005 4977 3268 5046 implevit,
3301 4986 3358 5031 ut
3390 4979 3730 5034 benedictio-

2139 5143 2246 5188 stat
2285 5134 2399 5189 haec
2427 5134 2653 5201 epistola
2704 5134 2756 5187 in
2804 5133 3010 5188 Concil.
3043 5132 3273 5188 Collect.
3325 5143 3455 5188 tom.
3503 5133 3565 5197 V,
3601 5147 3726 5202 pag.

2139 5203 2262 5268 596,
2285 5204 2414 5258 edit.
2440 5203 2781 5273 Ven-Lam»,
2801 5203 3160 5273 eamdemque
3191 5205 3383 5258 recitat
3409 5203 3728 5273 Ruinartius

2141 5275 2192 5328 in
2223 5275 2472 5344 Append.
2505 5273 2571 5327 ad
2593 5289 2720 5343 opp.
2749 5271 2993 5340 Gregorii
3019 5271 3246 5338 ’Τὼ-οη..
3273 5288 3396 5342 pag.
3423 5272 3576 5324 l526.

2210 5409 2287 5481 (a)
2311 5409 2400 5465 Sic
2419 5404 2548 5464 sane
2559 5406 2849 5481 Gregorius
2861 5408 3210 5481 Turonensis.
3229 5407 3299 5481 At
3313 5407 3550 5481 Valesius
3562 5408 3731 5481 scrip-

2135 5477 2277 5537 sisse'
2302 5481 2598 5548 Remigium
2631 5477 2974 5548 Albocliledis
3023 5479 3202 5532 tradit.
3255 5477 3436 5546 Neque
3481 5477 3638 5531 aliter
3667 5477 3726 5532 in

2137 5567 2233 5606 suo
2255 5539 2549 5621 exeniprari
2574 5539 2886 5603 Ruinartius

2207 5680 2284 5753 (Ι)
2311 5681 2612 5747 Clodarens,
2637 5678 2976 5738 Clilodoveus,
3002 5675 3322 5746 llludoveus,
3352 5676 3722 5743 Hlodatricus,

2140 5753 2459 5818 Ludowicus,
2483 5753 2682 5807 Clovis.

2228 5823 2282 5892 Ξ)
2314 5817 2637 5893 Episcopus,
2670 5821 2894 5891 évequc.
2944 5818 3096 5873 Saint
3141 5817 3292 5872 Remi
3342 5817 3475 5873 était
3514 5817 3725 5887 évéqua
