4168 6348
407 414 512 475 965

1837 407 2220 468 OPUSCULA.

3559 410 3663 468 966

347 529 358 541 ‘
409 545 528 584 nem
558 527 873 597 virginitatis
901 529 1197 600 acciperet;
1229 543 1346 598 quae
1392 535 1598 583 sacrata
1627 541 1734 581 non
1776 535 1858 581 est
1900 527 1981 581 lu.-
2012 535 2055 587 Α
2086 542 2183 580 vos
2239 524 2534 580 secundam
2582 524 2657 579 rei
2717 523 2921 579 bellica:
2977 524 3053 595 (l)
3086 521 3404 594 suscepisse.
3437 522 3554 580 Non
3583 533 3668 582 erit

409 617 601 687 genda,
631 633 749 688 qum
771 617 970 687 fragrat
991 619 1042 672 in
1074 629 1366 688 conspectu
1398 617 1608 670 Domini
1641 615 1772 670 ﬂore
1825 615 1986 681 virgi-

411 726 534 775 neo,
583 725 692 779 quo
716 710 923 764 scilicet
948 719 1003 764 et
1031 725 1233 764 corona
1258 717 1422 770 tecta,
1451 723 1610 778 quam
1641 723 1739 778 pro
1764 706 1984 775 virgini-

409 810 521 857 tate
540 802 794 871 suscepit.
831 801 982 855 Absit
1024 809 1083 854 ut
1111 816 1140 854 a
1166 799 1411 855 fidelibus
1439 799 1710 868 lugeatur,
1744 813 1863 867 qua:
1891 799 1988 852 ho-

409 910 512 948 nus
536 891 733 946 Christi
788 891 924 946 odor
950 906 1070 945 esse
1117 891 1448 960 promeruit,
1480 899 1540 944 ut
1586 905 1684 958 per
1729 905 1852 942 eum
1902 887 1988 941 cui

406 987 608 1057 placet,
639 983 895 1039 auxilium
927 984 1095 1053 possit
1121 983 1371 1039 conferre
1405 982 1768 1052 poscentibus.
1811 980 1990 1034 Domi-

415 1093 514 1132 nus
540 1093 711 1141 meus,
743 1076 943 1146 repelle
991 1075 1058 1130 de
1104 1075 1267 1129 corde
1294 1083 1388 1129 tuo
1435 1075 1704 1129 tristitiam
1750 1091 1763 1125 :
1809 1072 1990 1126 animo

404 1169 516 1223 trite
537 1168 839 1238 composito
867 1181 1089 1236 regnum
1111 1166 1353 1234 sagacius
1381 1167 1694 1236 gubemate,
1727 1164 1990 1218 crectiora

399 1271 688 1317 sumentes
733 1257 908 1314 studio
956 1259 1263 1313 serenitatis
1325 1255 1568 1312 consilia.
1623 1255 1773 1311 Ltcto
1824 1254 1992 1310 corde

403 1353 654 1410 vmembra
685 1351 929 1406 conforta
963 1369 975 1403 :
1011 1351 1256 1405 mmroris
1287 1359 1506 1419 torpore
1534 1349 1773 1405 discusso
1817 1349 1992 1403 acrius

403 1446 718 1514 iinvigilabis
747 1445 814 1499 ad
839 1445 1086 1498 salutem.
1118 1443 1296 1497 Manet
1325 1443 1478 1497 vobis
1497 1457 1718 1510 regnum
1747 1441 1994 1495 adminis-

407 1536 683 1600 zrandum,
717 1546 770 1589 et
823 1535 931 1589 Deo
960 1535 1176 1603 auspice
1207 1533 1621 1604 procurandum.
1665 1531 1993 1602 Populorum

416 1632 579 1695 caput
607 1625 756 1688 estis,
787 1632 840 1676 et
867 1624 1109 1692 regimen
1151 1623 1444 1678 sustinetis.
1490 1622 1796 1677 Acerbitate
1845 1636 1910 1675 ne
1942 1629 1993 1675 te

407 1716 637 1769 videant
663 1715 716 1768 in
746 1714 892 1767 luctu
921 1712 1081 1777 allici,
1112 1713 1202 1783 qui
1233 1727 1328 1781 per
1358 1721 1409 1766 te
1437 1711 1611 1766 felicia
1655 1711 1836 1764 videre
1865 1725 1995 1765 con-

419 1813 726 1860 sueverunt.
750 1802 880 1859 Esto
904 1805 1016 1872 ipse
1043 1812 1149 1857 tua:
1178 1803 1370 1857 anima:
1400 1803 1726 1864 consolator,
1757 1802 1993 1868 vigorem

2091 632 2308 681 novum,
2344 624 2401 669 ut
2427 615 2654 684 cameris
2697 629 2817 670 esse
2870 615 3008 669 sicut
3057 622 3304 684 parentes
3351 615 3425 668 tui
3455 629 3668 685 semper

2094 704 2330 760 fuerunt.
2364 704 2477 760 Hoc
2499 704 2759 774 imprimis
2783 704 3066 773 agendum,
3091 711 3150 757 ut
3175 703 3382 757 Domini
3408 703 3666 772 judicium

2092 810 2120 847 a
2155 803 2207 848 te
2235 809 2343 848 non
2374 792 2613 860 vacillet,
2646 793 2734 847 ubi
2765 793 2842 846 tui
2869 791 3078 857 meriti,
3104 791 3194 860 qui
3227 806 3324 860 per
3352 791 3666 845 industriam

2093 884 2409 938 humilitatis
2441 892 2542 937 tua:
2571 881 2638 936 ad
2661 899 2925 937 summum
2957 883 3202 938 culminis
3231 883 3510 952 pervenit:
3542 885 3666 952 quia

2091 973 2234 1044 quod
2265 975 2423 1040 vulgo
2448 973 2661 1038 dicitur,
2695 988 2761 1027 ex
2807 972 2909 1027 fine
2953 963 3103 1028 actus
3133 973 3364 1026 hominis
3389 973 3665 1042 probatur.

2095 1066 2444 1121 Consiliarios
2474 1064 2548 1135 (2)
2583 1064 2675 1119 tibi
2702 1064 2958 1118 adhibere
2979 1063 3161 1126 debes,
3186 1064 3273 1132 qui
3300 1062 3492 1116 famam
3525 1072 3668 1116 tuam

2095 1138 2302 1227 possint
2331 1171 2544 1210 ornare.
2578 1154 2642 1209 Et
2669 1153 2984 1209 beneficium
3042 1163 3188 1207 tuum
3231 1161 3434 1207 castum
3487 1162 3540 1206 et
3571 1153 3670 1206 ho-

2093 1255 2301 1299 nestum
2331 1260 2451 1300 esse
2481 1244 2658 1308 debet,
2690 1251 2744 1297 et
2784 1242 3154 1297 sacerdotibus
3179 1243 3281 1296 tuis
3306 1243 3561 1296 honorem
3584 1242 3672 1295 de-

2094 1335 2244 1390 bebis
2271 1333 2501 1398 deferre,
2537 1342 2594 1387 ct
2640 1332 2708 1387 ad
2757 1349 2944 1387 eorum
2982 1335 3202 1388 consilia
3245 1348 3455 1402 semper
3481 1349 3668 1387 recur-

2092 1441 2232 1481 rere.
2264 1424 2418 1491 Quod
2439 1425 2482 1479 si
2507 1425 2599 1478 tibi
2632 1425 2769 1479 bene
2798 1440 2917 1478 cum
2948 1424 3051 1478 illis
3079 1425 3410 1488 convenerit,
3453 1424 3670 1494 provin-

2098 1518 2180 1572 cia
2207 1525 2294 1570 tua
2339 1517 2530 1570 melius
2560 1525 2737 1585 potest
2765 1524 3032 1570 constare.
3061 1515 3216 1569 Cives
3247 1525 3367 1570 tuos
3392 1517 3557 1584 erige,
3588 1517 3670 1569 af-

2096 1606 2273 1663 flictos
2300 1609 2503 1672 releva,
2527 1608 2713 1662 viduas
2743 1607 2882 1669 fove,
2916 1607 3187 1676 orphanos
3215 1607 3386 1670 nutri,
3421 1608 3464 1661 si
3495 1608 3671 1677 potius

2095 1708 2177 1753 est
2199 1714 2358 1768 quam
2381 1697 2613 1765 erudies,
2637 1706 2697 1751 ut
2719 1713 2905 1751 omnes
2929 1706 2980 1752 te
3009 1708 3188 1751 ament
3217 1706 3269 1751 et
3295 1699 3534 1752 timeant.
3557 1697 3672 1752 Jus-

2099 1789 2212 1842 titia
2234 1804 2302 1843 ex
2331 1804 2426 1843 ore
2457 1796 2638 1842 vestro
2660 1788 2918 1857 procedat
2954 1805 2968 1839 :
3001 1787 3131 1841 nihil
3161 1788 3230 1842 sit
3257 1787 3577 1858 sperandum
3605 1789 3673 1844 de

414 1897 561 1951 illius
608 1895 960 1966 providentiae
1007 1895 1290 1950 continens
1338 1893 1587 1962 ingenita:
1609 1933 1622 1956 ,
1665 1907 1733 1947 ne
1783 1893 1995 1946 tristitia
2026 1896 2072 1953 Β
2098 1881 2423 1951 pauperibus
2449 1881 2533 1934 νει
2560 1880 2874 1949 ρανεετὶηἱε,
2900 1895 2968 1934 ne
3000 1880 3166 1947 magis
3194 1879 3333 1934 dona
3356 1889 3447 1934 θυι
3474 1879 3674 1949 aliquid

414 1985 712 2044 candorem
768 1993 872 2038 tua!
915 1986 1078 2039 ménti
1126 1984 1403 2038 subducat.
1446 1983 1522 2038 De
1569 1983 1684 2052 ejus
1731 1991 1992 2053 pnesente

422 2078 646 2132 transitu
674 2092 793 2148 quae
823 2075 1002 2130 choris
1041 2085 1122 2130 est
1161 2075 1345 2144 juncta
1397 2075 1672 2145 virgineis,
1703 2083 1764 2128 ut
1808 2074 1989 2139 credo,

425 2185 516 2225 rex
543 2169 740 2238 gaudet
767 2169 819 2223 in
849 2168 1007 2224 caelo.
1038 2167 1288 2223 Salutans
1315 2168 1540 2236 gloriam
1568 2178 1819 2232 vestram,
1843 2182 1993 2222 com-

424 2261 617 2316 mendo
678 2261 990 2314 familiarem
1047 2275 1224 2316 meum
1274 2261 1647 2332 presbyterum
1699 2259 1994 2316 Maccolum

429 2367 582 2422 Iuem
606 2352 795 2406 direxi.
838 2349 1031 2417 Qumso
1079 2359 1138 2405 ut
1193 2353 1356 2406 tantis
1404 2352 1647 2406 habeatis
1697 2352 1993 2419 ignoscere,

433 2443 569 2512 luod
617 2443 707 2512 qui
753 2457 1035 2497 occursum
1091 2442 1286 2510 debui,
1317 2442 1683 2496 exhortatoria
1731 2442 1998 2496 destinare

422 2534 588 2588 verba
620 2533 951 2603 pncsumpsi.
986 2531 1184 2586 Tamen
1219 2547 1315 2603 per
1340 2533 1527 2586 harum
1575 2532 1811 2600 bajulum
1838 2533 1881 2585 si
1909 2532 1997 2600 ju-

438 2625 566 2678 )etis
589 2633 646 2678 ut
666 2623 876 2688 vadam,
903 2631 1208 2693 contempta
1242 2624 1432 2679 hiemis
1460 2623 1768 2693 asperitate,
1803 2623 1999 2690 frigore

425 2711 695 2780 neglecto,
723 2713 928 2767 itineris
969 2712 1154 2766 labore
1197 2713 1434 2774 calcato,
1467 2713 1533 2768 ad
1586 2729 1682 2767 vos
1711 2714 2001 2768 auxiliante

422 2802 657 2858 Domino
687 2805 962 2874 pervenire
987 2804 1335 2860 contendam.

1010 2915 1336 2970 El’l'STOLA
1368 2915 1428 2969 ll.

863 3018 885 3043 "
912 3025 977 3062 an
1007 3023 1353 3062 anouovsttu
1402 3023 1599 3069 necent,

607 3078 936 3143 Hortatoria,
969 3093 1083 3130 cum
1115 3094 1204 3130 rex
1233 3077 1301 3129 ad
1340 3076 1525 3130 bellum
1557 3075 1826 3131 Gothicum

1019 3164 1077 3202 se
1109 3149 1413 3216 accingeret.

2095 1972 2340 2040 accipere
2371 1972 2522 2026 velis.
2572 1969 2886 2024 Prmtorium
2925 1979 3072 2023 tuum
3104 1970 3352 2024 omnibus
3382 1979 3584 2040 pateat,
3616 1977 3675 2024 ut

2096 2063 2273 2115 nullus
2313 2061 2510 2115 exinde
2540 2060 2707 2114 tristis
2735 2059 3010 2114 abscedat.
3043 2057 3300 2113 Paternas
3328 2074 3675 2127 quascunque

2097 2164 2227 2218 Opes
2256 2148 2520 2218 possides,
2551 2149 2792 2217 captivos
2845 2147 3040 2202 exinde
3087 2148 3335 2202 liberabis
3377 2157 3430 2202 et
3473 2163 3503 2202 a
3546 2149 3679 2217 jugo

2097 2245 2370 2298 servitutis
2401 2242 2668 2297 absolves.
2695 2241 2752 2296 Si
2772 2242 2890 2311 quis
2913 2242 2966 2295 in
2993 2251 3282 2310 conspectu
3304 2249 3483 2296 vestro
3515 2255 3677 2294 vene«

2099 2335 2188 2401 rit,
2210 2335 2550 2403 peregrinum
2581 2348 2638 2386 se
2670 2347 2790 2386 esse
2841 2347 2946 2386 non
2977 2333 3190 2386 sentiat.
3222 2331 3358 2385 Cum
3393 2331 3679 2399 juvenibus

2093 2425 2279 2494 jocare
2311 2427 2407 2494 (a),
2441 2440 2562 2479 cum
2583 2424 2801 2477 senibus
2832 2431 3021 2489 tracta,
3052 2423 3095 2475 si
3127 2423 3205 2476 vis
3229 2436 3455 2490 regnare
3485 2422 3680 2475 nobilis

2095 2515 2322 2583 judicari
2353 2514 2460 2584 (5).

2666 2624 2996 2679 EPISTULA
3033 2624 3098 2680 Ill

2576 2717 2604 2756 δ
2645 2734 2710 2771 an
2750 2734 2883 2771 rues
2923 2733 3214 2773 EPISCOPOS.

2106 2805 2182 2860 De
2209 2805 2424 2861 Claudio
2453 2807 2766 2878 presbytero,
2810 2809 2864 2860 in
2913 2808 3056 2877 cujus
3087 2825 3243 2861 causa
3284 2820 3508 2879 spretum
3536 2827 3591 2864 se
3618 2809 3681 2864 ab

2662 2879 2765 2931 illis
2792 2879 3140 2946 conqueritur.

2179 2969 2417 3023 Dominis
2438 2983 2565 3023 vere
2586 2969 2785 3023 sanctis
2806 2977 2860 3023 et
2890 2970 3082 3024 merito
3113 2970 3431 3024 beatissimis
3453 2971 3505 3024 in
3536 2969 3663 3026 Chri

2108 3067 2192 3113 sto
2222 3058 2495 3124 fratribus,
2523 3059 2788 3125 Heraclio,
2820 3058 2983 3113 Leoni
3012 3073 3066 3114 et
3096 3059 3398 3115 Theodosio
3427 3059 3535 3131 (4),
3568 3060 3676 3115 Re-

2109 3149 2304 3217 migius
2333 3149 2618 3219 episcopus
3513 3140 3532 3156 ”

501 3239 732 3294 Domino
785 3238 974 3306 insigni
1003 3247 1060 3292 et
1108 3239 1314 3293 meritis
1364 3237 1648 3306 magnifico
1691 3237 2002 3293 Chlodoveo
2034 3255 2078 3315 ρ
2185 3241 2380 3296 Paulus
2412 3242 2686 3311 apostolus
2715 3242 2766 3295 in
2802 3241 3038 3310 Epistola
3068 3257 3162 3295 sua
3195 3241 3458 3309 loquitur:
3485 3239 3686 3296 Caritas

427 3332 547 3398 tegi
579 3330 850 3398 Remigius
879 3329 1164 3399 cpiscopus

511 3419 711 3474 Rumor
730 3419 796 3474 ad
828 3435 928 3474 nos
949 3433 1171 3487 magnus
1199 3419 1462 3489 pervenit,
1491 3418 2009 3474 administrationem

519 3645 542 3671 ι
562 3633 764 3708 _E_xst_at
793 3635 1071 3708 inConcil.
1103 3633 1352 3698 Collect.,
1387 3648 1516 3692 tom.
1561 3638 1625 3703 V,
1650 3653 1766 3708 pag.
1801 3639 1926 3706 539,
1959 3649 2012 3694 et

441 3703 580 3773 apud
613 3705 944 3759 Ituinartium
965 3707 1085 3760 loco
1113 3708 1297 3760 citato.
1334 3708 1408 3762 De
1431 3709 1531 3763 hac
1560 3703 1688 3764 vero
1717 3703 2013 3765 Chlodovei

429 3775 778 3844 .cixpeditione
829 3775 1010 3829 videas
1070 3774 1384 3844 Gregorium
1444 3777 1811 3833 Turonensem
1870 3778 2006 3834 Hist.

429 3843 656 3914 Eranc.,
687 3845 776 3898 lib.
804 3860 861 3914 ll,
888 3846 1128 3914 cap.757,
1154 3843 1254 3901 nec
1282 3863 1385 3900 non
1419 3846 1576 3900 Mem.
1603 3849 1666 3900 de
1691 3850 1893 3903 l'Acad.
1925 3850 2013 3903 des

429 3912 637 3988 lusor},
665 3923 794 3988 tom.
823 3912 968 3988 XLpL
997 3912 1342 3988 529_et_tom.
1385 3915 1451 3979 X,
1485 3933 1533 3988 p7.
1565 3918 1666 3971 178
1695 3935 1846 3988 seqq.

516 3933 637 3978 scr.,
665 3933 794 3996 tom:
825 3933 888 3975 λ,
917 3933 968 3984 p.
997 3933 1099 3995 an:
1129 3933 1182 3969 et
1211 3933 1342 3970 tom.
1387 3933 1451 3979 Α,
1565 3933 1589 3970 ι
1609 3933 1666 3971 ιδ
1695 3935 1846 3988 seqq.

516 3985 539 4021 δ
568 3983 756 4037 Exstat
785 4001 836 4057 ιιι
865 3984 1059 4057 Colicrl.
1086 3983 1297 4057 Collect.
1327 3994 1473 4057 tom.
1508 4029 1548 4057 Α,
1577 4003 1696 4057 pag.
1729 3989 1854 4056 748,
1879 4007 2019 4045 eam-

443 4053 669 4122 demque
717 4055 901 4108 recitat
945 4054 1186 4108 Cointius
1223 4056 1272 4109 in
1302 4053 1592 4110 Annalibus
1637 4053 1783 4114 Eccl.
1821 4053 2014 4116 Franc.

433 4122 511 4176 nd
537 4138 663 4176 auu.
695 4122 817 4187 512,
847 4123 878 4195 §
912 4122 977 4176 ll.

517 4255 592 4324 (α)
617 4255 1281 4346 apudnlllui‘natliumjoca
1305 4259 1477 4346 activa
1498 4259 1699 4327 forma;
1722 4277 1842 4332 qua:
1860 4267 2019 4321 etiam
2043 4337 2050 4346 .

449 4337 734 4394 usurpatur
755 4324 943 4381 Planto
974 4324 1090 4380 Cas.
1125 4324 1198 4393 1v,
1226 4345 1296 4394 tv,
1325 4328 1416 4382 20.

445 4459 868 4535 metropolitain,
895 4461 1271 4535 archevéque.
1299 4462 1373 4527 Le
1415 4463 1541 4517 titre
1590 4463 1657 4535 de
1701 4465 2023 4535 metropoli-

445 4532 578 4593 tain,
607 4547 745 4601 pour
780 4532 1019 4600 l‘évéque
1047 4532 1112 4585 de
1143 4531 1343 4593 lteims,
1367 4541 1612 4587 remoute
1641 4534 1668 4588 ὲ
1700 4531 2022 4590 l‘établisse-

2114 3350 2370 3404 nunquam
2385 3333 2573 3386 excidit
2592 3331 2642 3402 (Ι
2665 3331 2783 3385 Cor.
2802 3348 2916 3399 xm,
2935 3330 3012 3400 8):
3039 3347 3158 3400 qua:
3182 3339 3238 3385 ut
3261 3333 3392 3386 tales
3414 3333 3477 3386 ad
3501 3348 3586 3386 me
3606 3335 3685 3386 lit-

2115 3433 2257 3478 teras
2279 3421 2583 3487 mitteretis,
2610 3422 2660 3473 in
2689 3421 2882 3475 vestris
2905 3421 3150 3474 sensibus
3178 3435 3282 3473 non
3306 3420 3523 3475 resedit.
3554 3419 3686 3475 Nam

2116 3639 2249 3693 alios
2277 3638 2545 3710 corrigere
2562 3637 2790 3710 poterit.
2820 3638 2910 3710 qui
2943 3637 3190 3706 proprios
3221 3654 3397 3694 mores
3427 3654 3494 3694 ne
3520 3638 3686 3710 iniqui

2115 3711 2222 3780 sint
2245 3724 2349 3762 non
2380 3708 2925 3780 corrigit?Qt_toniaut
2952 3711 3003 3760 iu
3030 3710 3232 3780 justitia
3263 3711 3398 3780 regis
3437 3708 3688 3764 exaltabi-

2117 3779 2252 3832 bitur
2327 3780 2549 3850 solium,
2610 3786 2656 3829 et
2710 3778 2763 3850 in
2827 3778 3041 3850 reritate‘
3084 3778 3390 3831 solidabitur
3441 3780 3690 3850 guberna~

2118 3850 2287 3901 culum
2366 3847 2686 3916 populorum.
2736 3845 2948 3900 Justilia
3013 3863 3142 3901 vero
3183 3852 3322 3917 regis
3373 3845 3459 3904 est
3524 3851 3692 3904 nemi-

2121 3934 2241 3972 nem
2292 3918 2485 3980 injuste
2539 3931 2634 3988 per
2689 3919 2984 3985 potentiam
3037 3919 3364 3987 Opprimere,
3414 3921 3528 3974 sine
3573 3935 3692 3988 per-

2120 4003 2372 4057 sonarum
2421 3986 2732 4057 acceptione
2762 3987 2900 4040 inter
2925 3988 3094 4040 virum
3113 3986 3183 4041 et
3210 3993 3508 4057 proximum
3540 3986 3693 4045 suum

2115 4058 2258 4126 juste
2275 4056 2531 4123 judicare,
2552 4055 2770 4126 advenis
2792 4065 2844 4109 et
2859 4059 3071 4126 pupillis
3094 4067 3147 4109 ct
3167 4055 3339 4112 viduis
3360 4059 3694 4114 defensorem

2121 4143 2259 4191 esse,
2289 4127 2426 4180 furta
2479 4125 2751 4190 cohibere,
2785 4128 3042 4181 adulteria
3097 4129 3304 4196 punire,
3335 4129 3547 4196 iniquos
3591 4144 3698 4185 non

2123 4197 2384 4258 exaltare,
2427 4196 2724 4264 impudicos
2772 4207 2826 4250 et
2870 4197 3156 4250 histriones
3188 4214 3292 4251 non
3342 4200 3565 4261 nutrire,
3596 4199 3696 4251 ἱιιι-

2122 4269 2240 4337 pios
2261 4269 2334 4320 .de
2364 4275 2504 4320 terra
2537 4269 2785 4337 perdere,
2811 4268 3105 4337 parricidas
3149 4276 3202 4321 et
3251 4271 3580 4335 perjnrantes
3622 4270 3702 4321 vis

2123 4336 2248 4392 vere
2265 4352 2370 4390 non
2391 4337 2584 4396 sinere,
2600 4336 2852 4390 ecclesias
2865 4336 3168 4399 defendere,
3189 4353 3450 4406 pauperes
3469 4340 3675 4391 eleemo

2124 4408 2269 4477 synis
2298 4408 2463 4467 alere,
2493 4405 2664 4469 justos
2707 4419 2866 4477 super
2888 4409 3059 4477 Aregni
3092 4405 3307 4477 negotia
3348 4408 3699 4477 constituere,

2125 4474 2282 4530 senes
2306 4484 2362 4528 et
2385 4479 2656 4543 sapientes
2685 4482 2737 4528 et
2756 4474 2964 4528 sobrios
2986 4475 3321 4530 consiliaraos
3352 4475 3564 4538 habere,
3590 4491 3702 4528 ma~

2125 4559 2314 4622 gorum
2361 4553 2417 4598 et
2444 4543 2734 4622 ariolorum
2787 4545 3328 4622 pythonissarumqume
3365 4546 3702 4622 superstitio-

444 4610 593 4655 ment
629 4601 700 4655 du
722 4602 868 4682 siege
891 4602 1161 4682 episcopal
1188 4602 1254 4655 de
1283 4610 1424 4682 cette
1453 4603 1596 4682 ville.
1631 4604 1879 4682 Sousnlcs
1901 4621 2019 4682 _em-
2050 4616 2101 4674 D
2127 4601 2283 4668 nibus
2339 4629 2445 4667 non
2505 4601 2802 4674 intendere:
2825 4601 3154 4666 iracundiam
3205 4601 3446 4678 ditferre;
3475 4617 3701 4682 patriam

445 4685 686 4794 pereurs,
722 4669 900 4724 Reims
928 4669 1062 4725 etait
1082 4669 1193 4724 une
1223 4672 1520 4740 métropole
1549 4673 1723 4727 civile.
1756 4672 1848 4737 Or,
1882 4676 2018 4728 dans

467 4753 524 4794 es
572 4743 743 4794 teinns
784 4741 1162 4794 auostoliaues.
1196 4742 1274 4794 les
1321 4744 1645 4794 métronoles
1695 4744 1879 4794 civiles
1930 4745 2018 4794 (Illi

467 4743 743 4812 estet'nps
784 4741 1162 4812 apostoliques.
1196 4742 1274 4795 les
1321 4744 1645 4812 metropoles
1695 4744 1879 4798 civiles
1930 4745 2024 4812 qui

446 4811 844 4866 embrassérent
887 4811 938 4865 le
989 4812 1382 4866 christianisule
1425 4810 1704 4866 devinrent
1741 4810 2021 4868 cénérale-

448 4880 952 4953 ment_m_etropoles
970 4882 1428 4953 ecclesiastiques.
1456 4881 1634 4952 Voyez
1660 4883 1708 4935 la
1732 4880 2025 4953 Disciplina

446 4949 511 5022 sle
548 4949 782 5022 l_'Eglise,
803 4949 922 5022 par
969 4949 1309 5022 Thomassin,
1343 4961 1478 5022 port.
1505 4949 1556 5022 ιζ
1585 4960 1688 5006 etc.
1714 4949 2026 5022 Cepetidant

447 5020 526 5074 les
549 5020 782 5089 éveques
803 5020 1246 5088 métropolitains,
1270 5036 1335 5075 en
1358 5020 1630 5085 Occident,
1655 5038 1721 5077 ne
1750 5020 2027 5078 commen-

444 5089 634 5213 ﬁcrcnt
662 5107 694 5170 ει
711 5089 949 5210 ,ρῖθιιόΐθ
980 5091 1028 5144 le
1058 5105 1182 5145 nom
1209 5091 1590 5162 d‘urchevéques
1619 5107 1724 5162 que
1752 5109 1845 5148 sur
1870 5093 1920 5147 la
1955 5094 2024 5148 lin

486 5174 519 5213 ιι
549 5169 628 5213 νι·
654 5174 763 5213 ειεο
785 5173 834 5213 e.

486 5174 519 5214 tt
549 5169 628 5213 γι·
654 5159 834 5214 siécle.

520 5228 599 5301 (l)
625 5228 842 5301 ll‘s'agit
862 5227 930 5284 de
958 5229 1007 5283 la
1036 5241 1226 5301 guerrﬁe
1257 5245 1362 5300 que
1389 5229 1568 5286 Clovis
1599 5233 1862 5301 entreprit
1891 5247 2024 5288 con-

447 5297 636 5421 ge‘lles
659 5297 828 5354 Goths
865 5301 957 5369 qui
983 5297 1299 5369 occupaient
1336 5315 1535 5356 encore
1572 5317 1678 5357 une
1709 5297 1883 5371 partie
1927 5303 2024 5358 des

497 5382 560 5421 au
587 5384 663 5421 es.

497 5382 663 5423 autcs.

521 5438 601 5506 (2)
633 5436 879 5493 Habeant
917 5453 1071 5508 reges
1120 5440 1456 5496 consiliarios
1501 5442 1808 5509 prudentes,
1844 5440 2024 5496 Domi-

452 5522 578 5560 num
608 5510 876 5572 timentes,
909 5511 1144 5565 moribus
1188 5512 1462 5566 honestos.
1495 5511 1702 5566 Concile
1723 5511 1786 5564 de
1808 5512 2024 5565 Calcha:

450 5579 514 5629 de
538 5576 642 5630 l‘an
672 5576 792 5641 787,
826 5594 944 5632 can.
970 5579 1055 5632 ll.

526 5644 601 5715 (5)
635 5647 810 5701 Lahhe
841 5657 970 5703 tom.
1004 5648 1087 5702 IV.
1120 5649 1224 5705 col.
1262 5650 1418 5704 1401.
1447 5683 1514 5692 -
1539 5650 1684 5704 Nous
1705 5649 1872 5705 lisons
1895 5651 2030 5706 dans

451 5729 529 5784 un,
547 5717 800 5784 opuscule
819 5716 1142 5783 d‘llincmar,
1157 5719 1378 5775 adressé
1398 5721 1427 5774 ὸ
1451 5721 1672 5775 Charles
1697 5720 1746 5774 Ie
1780 5720 2026 5776 Cbauve:

459 5801 476 5832 ‹
514 5783 717 5858 Nomen
738 5787 876 5855 regis
898 5789 1328 5858 intellectualiter
1350 5791 1452 5845 hoc
1468 5793 1678 5851 retinet,
1704 5797 1762 5843 ut
1778 5791 2034 5858 subjectis

453 5855 702 5915 euntibus
748 5857 972 5914 rectoris
1027 5856 1259 5915 oﬂicium
1314 5869 1587 5930 procuret.
1649 5858 1755 5916 Sed
1804 5855 2038 5928 qualiter

2127 4685 2339 4740 fortiter
2385 4692 2439 4738 et
2481 4685 2633 4754 ijuste
2679 4693 2862 4754 contra
2909 4682 3246 4737 adversarios
3277 4682 3584 4748 defendere,
3611 4701 3706 4754 per

2129 4755 2306 4808 omnia
2367 4754 2418 4807 in
2477 4753 2586 4806 Deo
2638 4750 2931 4816 c0nlidere,
2972 4755 3420 4820 prosperitatibus
3468 4750 3702 4808 animum

2131 4840 2239 4878 non
2287 4825 2735 4888 clevare,cuncta
2794 4823 3014 4876 adversa
3071 4826 3338 4891 patienter
3362 4825 3613 4889 tolerare,
3647 4825 3706 4876 li~

2129 4893 2252 4948 dem
2283 4893 2599 4948 catholicam
2646 4892 2697 4945 iu
2733 4891 2896 4944 Deum
2927 4893 3142 4956 habere,
3177 4893 3316 4948 lilios
3342 4909 3470 4948 suos
3499 4910 3604 4948 non
3629 4896 3706 4948 si-

2132 4979 2261 5018 nere
2291 4963 2446 5031 impie
2473 4976 2651 5030 agere,
2675 4962 2837 5016 certis
2885 4961 3030 5016 horis
3067 4964 3398 5018 orationibus
3437 4965 3705 5028 insistere,

2131 5043 2257 5087 ante
2285 5034 2442 5086 horas
2469 5045 2734 5098 congruas
2774 5032 2949 5085 cibum
2999 5047 3105 5085 non
3146 5043 3360 5101 gustare
3393 5051 3404 5088 :
3447 5033 3536 5088 Va:
3573 5037 3709 5088 enim

2134 5110 2304 5167 terrm,
2330 5103 2474 5173 cujus
2516 5118 2607 5154 rea:
2635 5118 2771 5173 pue_r_
2785 5110 2880 5164 est,
2909 5112 2956 5154 et
2985 5103 3130 5172 cujus
3161 5106 3416 5173 principes
3445 5121 3596 5156 mane
3623 5121 3708 5158 co—

2134 5174 2341 5242 medunt
2370 5169 2581 5240 (Eccliu
2617 5169 2692 5241 ιι).
2727 5169 2852 5225 Πωο
2881 5169 3468 5240 regui'pmSperitatem
3496 5174 3546 5226 in
3575 5189 3710 5242 pnr-

2133 5244 2270 5296 senti
2318 5241 2535 5300 faciunt.
2568 5249 2624 5294 et
2666 5255 2848 5308 regem
2898 5242 2966 5294 ad
3005 5242 3243 5296 caelestia
3294 5257 3455 5310 regna
3486 5241 3711 5296 meliora

2132 5313 2451 5382 perducunt.
2483 5311 2582 5376 Qui
2607 5327 2738 5365 vero
2767 5325 2986 5379 regnum
3020 5327 3124 5364 non
3156 5315 3445 5365 secundum
3474 5313 3613 5366 hanc
3636 5313 3709 5365 lc-

2131 5393 2250 5447 gem
2280 5383 2570 5449 dispensat,
2597 5381 2790 5434 multas
2818 5382 3068 5434 nimirum
3102 5382 3452 5450 adversitates
3500 5381 3710 5450 imperii

2131 5451 2397 5504 tolerabit.
2430 5450 2631 5503 Idcirco
2659 5450 2799 5504 enim
2830 5467 2935 5519 pax
2963 5465 3104 5519 saepe
3124 5449 3453 5520 'populorum
3498 5449 3705 5520 rumpi-

2132 5528 2237 5586 tur,
2269 5529 2324 5574 et
2353 5520 2668 5575 olfendicula
2698 5520 2859 5589 etiam
2889 5522 2955 5575 de
2977 5535 3144 5588 regno
3174 5523 3518 5588 suscitantur,
3543 5530 3711 5576 terra-

3598 5607 3715 5647 rum

2207 5723 2283 5793 (4)
2316 5723 2580 5786 Hermlio,
2614 5720 2907 5793 lléraclius,
2935 5719 3034 5793 évé
3055 5734 3142 5793 me
3169 5719 3436 5793 _1le_Paris
3463 5739 3477 5787 ;
3527 5719 3710 5780 Leoni,

2135 5788 2302 5917 litim,
2332 5795 2617 5861 évéquede
2645 5792 2800 5853 Scus;
2830 5789 3134 5850 Theodosio,
3167 5788 3474 5856 'l'héodose,
3504 5793 3713 5860 éve‘quo

2174 5865 2186 5881 '
2240 5877 2454 5917 uxerre.
