4168 6348
525 389 625 445 967

1800 387 1856 444 S.
1899 386 2151 445 REMIGH
2193 389 2525 457 REMENSIS

3693 396 3802 452 ωδ

527 518 626 576 pro
653 501 874 560 Claudio
916 503 1024 559 fudi
1077 502 1371 573 simplicem
1403 516 1638 573 precem,
1683 518 1848 574 quem
1874 520 1970 560 vos
2000 521 2108 560 non
2141 510 2189 569 Α
2215 509 2349 561 vivat
2375 507 2590 579 (Eucti.
2618 523 2805 574 χχχιιι,
2830 509 2906 578 2).
2948 505 3064 564 Hoc
3093 523 3192 564 nos
3217 507 3434 580 expedit
3459 511 3630 581 sequi,
3665 511 3804 570 hanc

523 592 896 668 presbyterum
925 593 1176 657 scribitis,
1212 601 1271 647 ut
1300 594 1351 647 in
1382 609 1467 648 me
1496 593 1916 662 indignationem
1947 596 2111 651 vestri

527 686 763 754 pectoris
792 684 1109 755 proderetis.
1138 683 1292 738 Illum
1320 700 1427 739 non
1459 685 1666 754 abnego
1719 687 1957 753 graviter
1980 685 2116 743 deli-

527 778 711 846 quisse
735 794 747 830 :
779 775 872 829 sed
897 791 988 829 vos
1017 775 1193 829 anatis
1222 791 1375 836 meae.
1404 777 1502 830 etsi
1528 793 1635 831 non
1657 778 1885 842 meritis,
1915 777 2115 834 decue-

528 877 612 936 rat
642 867 915 922 detulisse.
967 865 1121 932 Quod
1164 867 1396 936 propitia
1447 867 1727 922 divinitate
1773 867 1844 922 sit
1885 867 2108 934 dictum,

526 957 910 1026 quinquaginta
940 965 998 1010 et
1045 957 1216 1010 tribus
1257 957 1410 1010 annis
1456 956 1750 1026 episcopali
1779 956 1894 1011 sedi
1924 956 2113 1026 przesi-
2164 959 2168 962 ’

526 1044 654 1115 deo,
683 1055 737 1101 et
781 1063 868 1100 me
917 1047 1210 1116 appellavit
1239 1056 1348 1101 tam
1392 1048 1695 1116 procaciter
1718 1063 1899 1103 nemo.
1931 1047 2115 1103 Dicitis

527 1135 718 1190 melius
740 1152 836 1192 vos
859 1137 1022 1192 luisse
1048 1154 1155 1192 non
1187 1145 1344 1192 natos
1374 1136 1473 1205 (a).
1520 1136 1634 1192 Hoc
1663 1138 1794 1192 mihi
1821 1136 1994 1192 fuerat
2018 1154 2117 1209 op-

524 1235 839 1305 portunum,
872 1242 939 1282 ne
969 1228 1236 1282 audissem
1288 1229 1706 1295 transgressoris
1737 1228 2111 1298 opprobrium.

527 1315 638 1385 Ego
685 1316 969 1372 Claudium
1028 1319 1402 1389 presbyterum
1461 1318 1603 1383 feci,
1671 1311 1779 1374 non
1833 1327 2117 1390 corruptus

529 1409 772 1478 przcmio,
817 1409 911 1463 sed
957 1410 1434 1470 prmcellentissimi
1481 1410 1624 1478 regis
1655 1410 1985 1475 testimonio,
2024 1410 2117 1479 qui

529 1508 648 1574 erat
675 1516 782 1554 non
803 1501 976 1555 solum
998 1501 1317 1570 prmiicator
1338 1498 1459 1555 fidei
1488 1501 1788 1565 catholicae,
1809 1501 1902 1556 sed
1927 1499 2116 1555 defen-

531 1605 642 1667 sor.
657 1590 901 1646 Scribitis
923 1593 1245 1646 canonicum
1277 1608 1381 1646 non
1401 1593 1564 1647 fuisse
1589 1592 1733 1661 quod
1752 1593 1930 1662 jussit.
1952 1593 2113 1648 Sum-

531 1696 619 1734 mo
641 1680 920 1749 fnngimini
943 1682 1576 1760 sacerdotio.Regionum
1601 1685 2008 1752 prmsul,custos
2029 1699 2120 1753 pa-

532 1774 664 1838 triae,
697 1777 934 1844 gentium
960 1776 1318 1844 triumphator
1339 1776 1589 1843 injunxit.
1608 1775 1780 1830 Tanto
1803 1776 1855 1828 in
1881 1791 1966 1828 me
1992 1790 2115 1844 pro-

533 1865 749 1933 rnpistis
774 1864 894 1920 felle
921 1867 1198 1934 commoti,
1232 1874 1289 1920 ut
1317 1881 1417 1921 nec
1447 1868 1790 1936 episcopatus
1828 1867 1990 1920 vestri
2020 1865 2117 1920 de-
2157 1883 2197 1940 Β

534 1958 760 2011 tuleritis
788 1958 1016 2012 auctori.
1049 1957 1252 2024 Rogavi
1285 1967 1340 2010 ut
1362 1958 1614 2012 Claudius
1641 1956 1904 2028 sacrilegii
1929 1973 2117 2027 perpe-

535 2055 706 2118 trator
727 2048 1053 2116 paenitentiae
1076 2056 1400 2102 servaretur.
1438 2047 1684 2114 Legimus
1708 2064 1939 2118 namque
1971 2048 2115 2119 (Jon.

536 2150 610 2200 ιιι,
642 2135 816 2205 5-10),
849 2137 1072 2207 legimus
1107 2137 1249 2205 quod
1283 2137 1548 2192 excidium
1575 2139 1781 2193 caelesti
1829 2139 2120 2193 denuntia—

538 2227 685 2281 tione
715 2228 1026 2296 prmdictum
1058 2237 1347 2282 evaserunt
1393 2243 1486 2299 per
1516 2230 1884 2298 paenitentiam
1912 2228 2120 2284 Ninivi-

535 2330 652 2392 Vtm:
696 2317 840 2386 quod
889 2317 1124 2372 Joannes
1151 2334 1452 2388 puceursor
1480 2320 1690 2376 Domini
1737 2322 1790 2375 in
1833 2321 2122 2390 Evangei‘io

529 2397 847 2482 praedicavit
877 2408 1090 2478 (Matth.
1124 2425 1198 2472 ιιι,
1227 2407 1308 2477 2),
1340 2418 1418 2475 ut,
1451 2424 1619 2478 regno
1659 2414 2124 2483 appropinquante

539 2500 822 2564 canorum,
854 2516 974 2554 eam
1007 2501 1189 2570 populi
1214 2510 1439 2570 agerent
1467 2519 1534 2557 ne
1557 2505 1811 2572 perirent.
1833 2503 1891 2558 in
1912 2505 2126 2576 Apoca-

541 2591 697 2663 lypsi,
718 2590 870 2661 (Cap.
895 2590 992 2655 ιι,5
1018 2601 1066 2645 et
1091 2596 1244 2662 δρψ),
1271 2594 1472 2660 angelis
1503 2595 1852 2650 ecclesiarum
1875 2597 2127 2652 scribitur

541 2697 608 2736 ex
637 2691 905 2752 pnncepto
938 2666 1145 2736 Domini
1176 2683 1480 2750 salvatoris,
1516 2693 1572 2738 ut
1599 2701 1718 2754 quae
1766 2685 1924 2752 digne
1952 2688 2128 2743 minus

541 2783 786 2844 egerant,
812 2776 1140 2844 poenitentia:
1161 2775 1532 2832 satisfactione
1556 2781 1909 2847 corrigerent.
1926 2781 1998 2837 De
2022 2783 2128 2837 ira-

543 2857 714 2920 Cunda
751 2864 985 2919 dictione
1032 2867 1335 2923 sanctitatis
1367 2879 1556 2924 vestra:
1587 2871 1824 2941 intelligo
1859 2873 1932 2942 (ιι)
1984 2874 2128 2943 quod

544 2958 749 3026 lapsum
775 2973 880 3011 non
907 2958 1267 3012 misereamini
1290 2968 1411 3029 post
1431 2961 1661 3015 ruinam.
1683 2961 1787 3017 Sed
1810 2965 1977 3033 magis
1992 2966 2130 3022 velle

545 3063 643 3102 vos
673 3047 824 3101 video
873 3063 940 3101 ne
968 3057 1315 3102 convertatur
1337 3057 1392 3102 et
1423 3050 1583 3113 vivat,
1617 3066 1737 3105 cum
1771 3052 2028 3108 Dominus
2049 3053 2129 3108 di-

546 3140 720 3193 xerit:
753 3135 893 3191 Nolo
937 3149 1150 3192 mortem
1202 3141 1489 3204 morientis,
1521 3145 1612 3196 sed
1648 3153 1704 3196 ut
1732 3156 2057 3200 convertatur
2079 3157 2128 3201 et

617 3368 642 3430 τι
685 3357 870 3430 Exstat
900 3357 952 3413 in
981 3356 1194 3430 laudata
1237 3356 1434 3430 Coincil.
1485 3357 1696 3430 collect.
1731 3367 1864 3416 tom.
1895 3358 1964 3426 ν,
1994 3374 2118 3430 pag.

543 3429 664 3495 749.
694 3428 966 3499 Eamdem“
995 3429 1188 3499 recitat
1232 3429 1503 3499 refertque
1527 3429 1773 3489 Cointius
1801 3431 1923 3487 loco
1953 3428 2121 3488 citato

543 3501 608 3556 ad
638 3516 834 3554 artuum
865 3496 988 3562 493,
1022 3497 1049 3570 §
1074 3496 1126 3552 4.

613 3633 690 3704 (a)
723 3632 812 3687 Sic
840 3641 998 3704 recte
1026 3629 1290 3704 Cointius.
1346 3632 1506 3687 Deest
1535 3632 1830 3703 improvide
1860 3636 2121 3704 particula

543 3702 786 3828 negé'ipra
835 3703 888 3756 in
918 3702 1124 3756 Concil.
1157 3702 1378 3758 Collect.
1398 3742 1412 3766 ,
1445 3705 1533 3758 ubi
1561 3702 1621 3759 et
1661 3721 1790 3760 mox
1817 3702 1986 3771 male,
2017 3703 2122 3760 Er-

544 3793 607 3828 σο
704 3815 715 3827 .

543 3793 607 3842 go
637 3793 715 3828 ιρι.

615 3843 689 3914 (b)
722 3842 873 3917 Apud
905 3842 1173 3917 Cointium
1198 3858 1302 3896 non
1333 3842 1491 3906 bene,
1509 3845 1795 3917 interrogo.

615 3918 687 3986 (ε)
716 3915 1117 3986 Coututnelioe
1134 3922 1377 3986 propter
1403 3916 1671 3969 seniorem
1695 3915 1906 3973 {etatem
1936 3917 2121 3974 Remi-

539 3981 686 4054 gium
715 3994 974 4055 vocarunt
999 3981 1271 4055 Jubilenm’
1305 3983 1380 4037 illi
1434 3986 1694 4053 episcopi.
1736 3989 1879 4055 quod
1910 3990 2118 4044 scilicet

539 4053 924 4125 quinquaginta
947 4064 1001 4106 ct
1029 4053 1265 4125 amplius
1285 4069 1457 4107 annos
1487 4055 1537 4108 in
1567 4053 1882 4125 episcopatu
1915 4067 2122 4115 transe-

539 4121 722 4191 gissct.
760 4121 1095 4196 Eodemque
1124 4121 1341 4196 rumine
1385 4121 1617 4196 propter
1648 4121 1980 4196 senectutem
2027 4145 2123 4196 per

540 4199 907 4258 contemptum
929 4206 958 4242 a
991 4191 1170 4242 uuiltis
1199 4191 1412 4244 solitum
1445 4194 1878 4316 vocarkbeatum
1913 4191 2124 4253 antisti-

544 4271 652 4316 tem
683 4269 943 4312 testantur
964 4257 1284 4313 Hinemarus
1314 4262 1365 4314 in
1399 4260 1503 4314 Vit.
1530 4261 1606 4314 Re
1661 4279 1757 4316 ια..
1781 4273 1837 4316 et
1863 4264 2122 4316 Flodoar-

544 4271 652 4316 tem
682 4257 943 4330 testantur
964 4257 1284 4330 Hipemarus
1314 4262 1365 4314 in
1399 4260 1503 4314 Vit.
1530 4257 1757 4330 Ιίειῆἱῃη
1781 4273 1837 4317 et
1863 4264 2122 4322 Flodoar-

540 4333 640 4386 dus
669 4328 810 4384 Hist.
844 4327 988 4382 Eccl.
1023 4327 1266 4382 Remens.
1300 4330 1394 4386 lib.
1419 4346 1456 4394 ι,
1487 4347 1608 4402 cap.
1638 4327 1723 4397 17,
1745 4327 1847 4388 sub
1867 4336 1985 4390 init.

539 4483 658 4524 rum
701 4481 920 4540 quoque
946 4465 1147 4522 fructus
1173 4465 1541 4540 diminuuntur
1568 4475 1620 4540 et
1653 4469 1866 4524 servitia
1897 4469 2125 4540 populo-

539 4554 660 4595 rum
692 4536 1112 4610 przepediuntur,
1136 4539 1284 4591 multi
1331 4549 1388 4593 et
1415 4539 1550 4593 varii
1589 4539 1804 4610 dolores
1845 4536 2116 4610 prosperi-

2152 3258 2200 3321 C

2218 597 2429 652 Domini
2459 597 2788 652 voluntatem
2837 613 2944 653 non
2973 598 3414 668 prastermittere,
3445 599 3538 654 sed
3567 609 3756 655 tenere
3787 619 3800 653 :

2215 690 2340 758 quia
2371 704 2470 744 nos
2493 689 2673 758 posuit
2713 703 2818 743 non
2846 689 2912 742 ad
2935 689 3283 750 iracundiam,
3315 688 3410 744 sed
3433 689 3498 743 ad
3520 689 3803 746 hominum

2216 796 2421 846 curam,
2450 789 2506 834 et
2532 780 2735 836 servire
2766 780 2949 850 pietati
2980 781 3157 851 potius
3183 795 3343 850 quam
3375 779 3560 836 furori.
3596 780 3807 837 Ponitis
3870 827 3878 840 .

2217 874 2270 929 in
2301 873 2528 944 epistola
2549 880 2729 929 vestra
2779 872 2922 942 quod
2967 872 3154 927 Celsus
3177 871 3392 941 quidam
3437 873 3530 942 qui
3577 871 3808 928 Claudio

2216 965 2461 1031 credidit,
2510 979 2620 1035 quo
2649 963 2937 1032 abductus,
2976 973 3031 1017 et
3059 972 3236 1018 utrum
3261 964 3428 1030 vivat,
3458 980 3525 1018 an
3555 965 3626 1018 sit
3657 981 3806 1020 mor-

2217 1067 2342 1113 tuus
2365 1057 2624 1126 ignoratis
2644 1071 2806 1124 atque
2827 1056 2986 1125 hujus
3007 1055 3378 1125 inquisitorem
3409 1071 3495 1110 me
3517 1071 3641 1111 esse
3672 1071 3808 1124 prm-

2217 1151 2426 1220 cipitis;
2478 1158 2534 1204 et
2561 1149 2780 1206 nescitis
2817 1148 2863 1203 si
2892 1148 2945 1202 in
2973 1147 3190 1209 s'eculo,
3220 1156 3314 1200 aut
3342 1147 3387 1200 si
3434 1148 3575 1216 apud
3603 1145 3810 1202 inferos

2215 1241 2289 1298 sit
2314 1238 2631 1310 quaerendus
2655 1257 2668 1293 :
2701 1247 2757 1296 et
2797 1254 2884 1296 res
2912 1255 3037 1294 suas
3063 1254 3092 1294 a
3119 1255 3206 1294 me
3233 1239 3394 1293 vultis
3423 1239 3638 1294 restitui
3669 1253 3808 1311 quas

2217 1331 2455 1386 sublatas
2504 1329 2667 1385 fuisse
2710 1345 2818 1384 non
2849 1330 2990 1384 novi.
3022 1329 3372 1399 lmpossibilia
3402 1330 3718 1399 prmcipitis,
3752 1336 3810 1383 ut

2218 1421 2380 1492 impia
2409 1419 2696 1491 peragatis.
2743 1420 3020 1475 Annorum
3050 1435 3276 1474 numero
3304 1435 3392 1474 me.
3419 1434 3542 1474 esse
3569 1408 3807 1474 scribitis

2215 1512 2483 1570 Jubileum
2513 1514 2607 1584 (c),
2663 1512 2946 1569 irridentes
2972 1512 3153 1583 potius
3173 1526 3340 1582 quam
3369 1527 3468 1581 pro
3512 1510 3809 1567 dilectione

2217 1606 2534 1677 gaudentes,
2563 1607 2648 1662 cui
2672 1605 2884 1661 vinculo
2910 1603 3150 1660 caritatis
3174 1603 3382 1675 irrupto
3404 1603 3748 1659 insinceriter
3772 1615 3809 1658 ι

2220 1697 2372 1753 vobis
2393 1712 2494 1752 nec
2523 1696 2782 1766 parcitur,
2814 1711 2913 1750 nec
2934 1695 3194 1749 defertur.

2777 1804 3110 1862 EPISTULA
3146 1805 3234 1860 IV.

2387 1910 2411 1937 ι
2444 1916 2509 1954 λι)
2539 1914 2818 1954 rstcoaen
2853 1913 3137 1954 EPISCOPUI
3169 1913 3517 1953 ruxcncusrzu
3547 1899 3646 1970 (Ι).

2221 1992 2403 2073 Argnit
2428 1990 2736 2073 illnnt‘quod
2759 1991 2809 2044 in
2830 1981 3216 2073 Mos'omagensi
3328 1988 3557 2073 {Ecclesia
3579 1993 3806 2062 jurisdi-

2295 2058 2514 2116 itionem
2532 2058 2629 2116 sibi
2654 2061 2900 2114 adversus
2931 2058 3196 2114 Bernensis
3227 2058 3478 2116 Etclesin:
3498 2058 3623 2132 jura
3654 2080 3804 2117 usur-

2292 2133 2449 2201 parit.
2685 2179 2693 2188 .
3458 2180 3477 2190 .

2295 2239 2522 2296 Domino
2544 2255 2670 2296 vere
2697 2248 2884 2296 sancto
2903 2249 2959 2296 et
2979 2240 3030 2295 in
3051 2239 3267 2296 Christo
3293 2239 3601 2298 beatissimo
3628 2241 3802 2310 fratri,

2224 2332 2442 2388 Falconi
2465 2331 2721 2402 episcopo
2744 2331 3018 2400 Remigius
3039 2333 3344 2402 episcopus.
3381 2345 3388 2350 '

2297 2423 2566 2492 Quantum
2621 2425 2904 2494 comperi,
2953 2424 3114 2479 rebus
3155 2425 3319 2492 gestis
3363 2424 3618 2494 probavi,
3658 2425 3804 2495 prius

2226 2531 2368 2572 cura:
2397 2513 2716 2570 beatitudini
2749 2523 2850 2570 tua:
2880 2512 2996 2580 fuit,
3045 2522 3102 2568 ut
3129 2515 3257 2568 mihi
3287 2513 3510 2570 inferres
3532 2516 3803 2584 injuriam,

2225 2621 2384 2676 quam
2406 2606 2781 2661 salutationem
2804 2604 3058 2660 deferres.
3081 2603 3126 2659 Ο
3146 2605 3470 2662 conveniens
3486 2607 3803 2676 principium

2227 2697 2373 2767 quod
2403 2696 2619 2762 dedisti,
2653 2704 2710 2750 ut
2761 2695 2984 2751 lzederes
3031 2696 3315 2765 episcopus
3351 2706 3475 2752 ante
3505 2714 3614 2764 tne,
3644 2714 3804 2770 quam

2227 2789 2539 2860 episc0pum
2586 2795 2640 2842 te
2664 2787 2902 2841 viderem
2936 2776 2956 2838 ι’
3006 2785 3237 2841 Nimium
3283 2788 3393 2842 cito
3423 2789 3615 2858 pennis
3657 2798 3803 2845 tene-

2227 2883 2360 2938 rulis
2387 2880 2634 2945 evolasti,
2661 2880 2878 2935 levitate
2905 2879 3089 2946 animi,
3122 2895 3230 2935 non
3273 2881 3600 2936 maturitatis
3631 2881 3805 2936 consi-

2228 2972 2322 3028 lio.
2353 2971 2410 3026 in
2441 2972 2556 3040 ipso
2579 2969 2841 3040 siquidem
2863 2968 3205 3038 episcopatus
3233 2969 3458 3047 exordio
3479 2971 3568 3038 jus
3600 2971 3804 3040 ingredi

2229 3073 2408 3118 tentas
2435 3063 2688 3126 alienum,
2719 3060 2809 3131 qui
2839 3060 3013 3117 adhuc
3039 3071 3189 3116 tuum
3217 3063 3517 3118 verecunde
3539 3063 3804 3122 debueras

2230 3159 2472 3214 introire.
2503 3157 2604 3211 Fas
2637 3169 2767 3224 ergo
2790 3155 2888 3210 fuit
2918 3163 2974 3210 ut
3021 3155 3217 3210 illicitis
3245 3156 3678 3214 ordinationibus
3705 3161 3803 3216 tuis

2219 3366 2361 3414 rum,
2382 3358 2436 3407 et
2452 3349 2767 3416 sibimetipsi
2796 3363 2918 3418 spes
2946 3346 3134 3402 futura:
3157 3348 3521 3405 beatitudinis.
3550 3349 3802 3408 Attamen

2217 3424 2356 3477 sciat
2383 3437 2521 3492 rex,
2557 3421 2701 3489 quod
2744 3421 2914 3492 sicut_
2937 3419 2991 3472 in
3041 3421 3256 3492 throno
3283 3421 3556 3492 hominum
3598 3424 3800 3492 primus

2219 3491 2542 3546 constitutus
2569 3497 2682 3552 est,
2713 3490 2790 3543 sic
2819 3498 2874 3541 et
2904 3490 2955 3543 in
2985 3490 3186 3558 pmnis,
3216 3491 3260 3544 si
3286 3489 3546 3558 justitiam
3577 3489 3686 3546 non
3717 3492 3796 3546 fe-

2219 3562 2372 3626 cet-it,
2391 3563 2676 3630 primatum
2707 3557 3106 3632 habiturus’est.
3132 3557 3328 3612 Omnes
3351 3576 3611 3632 namque,
3645 3577 3798 3632 quos-

2218 3629 2432 3700 cunque
2461 3630 2904 3701 peccatores‘sub
2932 3629 3072 3701 sein
3113 3633 3361 3701 praesenti
3395 3630 3611 3695 habuit,
3646 3629 3798 3701 supra

2219 3717 2278 3756 se
2309 3698 2473 3754 modo
2500 3698 2829 3769 implacabili
2873 3699 2926 3752 in
2951 3698 3046 3769 illa
3069 3713 3228 3769 pruina
3258 3699 3458 3769 futuro
3499 3698 3736 3769 habebit.
3773 3721 3791 3753 ι

2222 3769 2418 3842 (Opera
2447 3767 2742 3842 "inemori,
2769 3767 2896 3823 édtt.
2929 3767 2995 3842 de
3023 3767 3300 3842 Sirmond,
3335 3777 3466 3825 tom.
3495 3768 3537 3831 l,
3566 3785 3690 3838 pag.
3721 3771 3799 3834 5.)

2333 3850 2514 3894 ervata
2539 3840 2860 3893 auctoritate
2885 3838 3158 3906 regiminis
3186 3839 3252 3892 ad
3280 3853 3376 3892 cor
3405 3850 3654 3895 nostrum
3681 3843 3798 3897 sine

2220 3913 2524 3966 cessatione
2550 3909 2850 3968 redeamus,
2874 3919 2929 3961 et.
2979 3908 3382 3980 consideremus
3417 3911 3631 3964 assi'lne
3659 3912 3798 3980 quod

2221 3997 2405 4036 sumus
2424 3981 2703 4050 aequaliter
2727 3994 2848 4034 cum
2864 3978 3086 4050 emeris
3107 3978 3326 4040 conditi,
3355 3994 3457 4032 non
3485 3980 3633 4047 quod
3667 3978 3799 4035 tem-

2222 4046 2719 4121 poraliter'eznteris
2747 4049 2971 4121 pnclati.
2995 4046 3239 4121 Potestas
3254 4050 3395 4121 enim
3416 4046 3620 4117 quanto
3647 4060 3797 4105 este-

2223 4118 2332 4174 rius
2358 4123 2579 4181 eminet,
2614 4125 2765 4173 tanto
2792 4118 2962 4188 premi
3020 4118 3243 4171 interius
3282 4118 3462 4188 debet,
3490 4134 3556 4172 ne
3593 4122 3799 4188 cogita-

2223 4191 2424 4244 tionem
2457 4193 2651 4255 vincat,
2671 4203 2739 4243 ne
2769 4186 2822 4242 in
2843 4188 3200 4242 delectatiune
3226 4186 3306 4240 sui
3337 4203 3574 4242 animum
3602 4186 3793 4259 rapiat,

2222 4275 2291 4314 ne
2333 4260 2444 4328 jam
2491 4259 2590 4314 sub
2636 4274 2695 4314 se
2723 4273 2876 4312 mens
2923 4271 3045 4328 eam
3066 4270 3250 4328 regere
3281 4272 3386 4328 non
3414 4262 3711 4328 posst,cni
3738 4275 3796 4313 se

2224 4326 2441 4384 libidine
2481 4329 2788 4383 dominandi
2821 4327 3096 4396 supponit.
3137 4326 3281 4398 Bene
3321 4327 3486 4398 David
3521 4329 3668 4395 regni
3696 4345 3792 4398 po-

2225 4400 2446 4454 tentiam
2477 4413 2664 4466 regere
2696 4405 2938 4454 noverat.
2963 4397 3054 4465 qui
3096 4396 3389 4466 elationem
3419 4396 3658 4463 ejusdem
3697 4396 3793 4466 po-

2225 4471 2408 4524 tentia:
2456 4465 2804 4537 semetipsum
2853 4465 3146 4536 premendo
3169 4467 3418 4537 vincebat
3445 4469 3629 4521 dicens
3654 4485 3667 4520 :
3692 4465 3798 4522 Do-

2223 4542 2381 4603 mine,
2407 4556 2508 4593 non
2530 4536 2899 4592 rsteialtatum
2917 4553 3004 4591 cor
3030 4536 3376 4607 meumU’sal.
3397 4540 3562 4607 εις-ι)
3578 4540 3799 4607 ;quiqne

541 4605 719 4682 tatem
739 4610 888 4674 regni
918 4606 1176 4682 inliciunt,
1208 4623 1453 4682 carorum
1493 4617 1549 4682 et
1596 4605 1887 4664 liberorum
1917 4605 2118 4682 mortes
2149 4622 2196 4682 ι)
2225 4610 2276 4663 ἱιι
2305 4612 2423 4676 ejus
2449 4609 2760 4682 humilitatis
2789 4606 3381 4682 augmentosubjnnxtt
3412 4625 3425 4659 :
3461 4605 3642 4682 Neque
3675 4608 3796 4682 elati

542 4679 815 4750 tristitiam
867 4677 1191 4750 conferunt,
1227 4679 1478 4750 hostium
1527 4680 1768 4734 incursus
1816 4681 2119 4750 provincias

542 4749 1047 4819 undique__vastant,
1101 4747 1286 4801 bestize
1337 4759 1701 4802 armentorum
1756 4747 1833 4804 et'
1862 4766 2117 4819 pecorum

541 4833 730 4886 greges
770 4817 1092 4879 dilacerant,
1125 4826 1471 4886 tempestates
1499 4819 1638 4873 veris
1683 4827 1738 4872 et
1775 4817 1968 4875 hiemis
2008 4829 2120 4873 tur-

544 4890 779 4949 bantur,
838 4896 1098 4940 terrarum
1145 4903 1359 4954 quoque
1408 4888 1819 4950 fecunditatem,
1860 4898 1916 4944 et
1957 4891 2120 4944 maris

546 4958 838 5012 ministeria
885 4956 1189 5026 prohibent,
1221 4966 1276 5010 et
1319 4957 1609 5025 aliquando
1650 4958 1925 5012 fulminum
1983 4961 2120 5013 ictus

543 5037 758 5095 segetes
793 5036 847 5080 et
875 5023 1126 5080 arborum
1157 5023 1316 5080 ﬂores
1343 5023 1706 5094 et‘pampinos
1733 5038 1985 5082 exurunt.
2010 5029 2113 5082 Su-

547 5113 644 5178 per
672 5099 1016 5178 omqiaverq
1037 5096 1174 5161 regis
1215 5097 1475 5178 injustiitia
1502 5113 1611 5178 ppu
1641 5098 1812 5150 solum
1845 5099 2122 5167 przesentis

547 5165 753 5236 imperii
778 5165 966 5221 faciem
989 5165 1176 5237 fuscat.
1200 5167 1476 5237 sedietiam
1500 5165 1636 5222 filios
1658 5182 1784 5221 suos
1802 5165 1856 5222 ct
1878 5177 2121 5237 nepotes,

545 5235 638 5290 ne’
670 5244 791 5304 post
833 5251 891 5290 se
934 5235 1081 5302 regni
1140 5236 1502 5304 luereditatem
1557 5245 1796 5300 teneant,
1846 5235 2119 5292 obseurat.

545 5303 774 5375 Propter
801 5305 1066 5374 piaculum
1090 5305 1231 5359 enim
1255 5303 1558 5360 Salomonis
1588 5322 1807 5375 regnum
1833 5307 2024 5361 domus
2047 5306 2123 5361 ls-

547 5378 658 5431 rael
713 5376 969 5431 Dominus
1010 5375 1076 5428 de
1110 5389 1275 5446 manu
1316 5375 1540 5446 filiorum
1597 5375 1714 5444 ejus
1764 5378 2032 5446 dispersit,
2066 5385 2123 5431 et

548 5455 765 5514 propter
797 5446 1059 5514 justitiam
1108 5443 1275 5501 David
1326 5446 1466 5513 regis
1517 5444 1790 5500 lucernam
1821 5443 1888 5501 de
1914 5446 2120 5501 semine

549 5512 665 5582 ejus
709 5512 922 5585 semper
953 5517 1004 5568 in
1031 5512 1329 5585 Jerusalem
1369 5512 1648 5585 relinquit.
1695 5514 1834 5570 Ecce
1859 5524 2120 5584 quantum

544 5585 751 5654 justitia
785 5583 924 5651 regis
951 5583 1147 5638 smculo
1170 5585 1330 5648 valet,
1363 5584 1693 5641 intuentibus
1716 5583 1996 5654 perspicue
2027 5601 2122 5652 pa-

551 5653 646 5706 tet.
674 5652 786 5706 Pax
813 5657 952 5723 enim
1001 5655 1318 5723 populorum
1374 5670 1473 5715 esr,
1500 5652 1737 5723 tutamen
1789 5652 1988 5722 patrias,
2022 5657 2123 5709 im-

551 5723 786 5792 munitas
805 5722 992 5792 plebis,
1009 5722 1393 5778 munimentum
1414 5726 1606 5792 gentis,
1637 5722 1765 5779 cura
1786 5723 2120 5792 languorum,

543 5789 804 5864 gaudium
832 5789 1440 5864 liotninum,itemper_ics
1469 5796 1628 5860 aeris,
1652 5789 1914 5864 serenitas
1941 5795 2119 5857 maris.

557 5858 714 5914 terra:
734 5858 1030 5915 fecunditas
1073 5858 1320 5917 solatium
1350 5858 1638 5933 pauperum
1685 5863 2123 5918 litereditaslilio-

2221 4673 2350 4732 sunt
2377 4679 2532 4758 acuti,
2723 4673 2883 4747 atque
2937 4675 3140 4758 addidit.
3171 4692 3183 4728 :
3219 4673 3400 4758 Neque
3430 4673 3718 4758 ambulavi
3747 4680 3798 4758 in

2221 4751 2444 4819 magnis.
2473 4747 2541 4801 Et
2568 4749 2759 4819 adhuc,
2796 4747 3143 4819 semetipsum
3189 4747 3530 4819 subtilissima
3574 4747 3795 4815 inquisi-

2223 4813 2369 4873 tione
2393 4818 2685 4873 discutiens
2713 4817 2789 4872 ait
2816 4833 2829 4868 :
2863 4813 3044 4887 Neque
3081 4817 3136 4868 in
3164 4815 3483 4880 mirabilibus
3515 4813 3670 4887 super
3699 4833 3792 4870 nte.

2220 4886 2526 4956 Omnesque
2573 4888 2735 4942 etiam
2782 4886 3134 4956 cogitationes
3162 4900 3290 4956 suas
3335 4902 3366 4939 a
3412 4886 3585 4941 fundo
3621 4887 3796 4941 contis

2223 4954 2568 5022 exhauriens,
2591 4957 2862 5025 subjnugit
2889 4954 3071 5009 dicens
3101 4971 3115 5008 :
3150 4955 3211 5009 Si
3250 4972 3353 5008 non
3395 4957 3657 5010 humiliter
3683 4973 3796 5009 sen-

2223 5027 2442 5090 tiebam,
2476 5027 2566 5081 sed
2611 5027 2833 5080 exaltari
2879 5025 3107 5078 animam
3169 5040 3401 5080 meam...
3451 5027 3796 5081 subtilissima

2226 5112 2458 5166 namque
2486 5113 2575 5151 ars
2601 5097 2814 5151 vivendi
2859 5104 2962 5166 est,
2988 5095 3200 5149 culmen
3224 5104 3435 5166 tenere,
3465 5097 3688 5164 gloriam
3713 5110 3797 5148 re-

2225 5165 2486 5236 primere;
2517 5182 2636 5221 esse
2663 5167 2878 5236 quidem
2925 5165 2979 5236 in
3029 5165 3288 5236 potentia,
3320 5167 3411 5220 sed
3439 5175 3710 5235 potentem
3739 5178 3797 5218 se

2223 5234 2343 5290 esse
2372 5237 2618 5300 nescire;
2649 5234 2715 5291 ad
2744 5234 3016 5305 largienda
3061 5234 3200 5287 bona
3230 5234 3504 5303 potentem
3539 5250 3600 5290 se
3628 5250 3788 5302 agno~

2223 5321 2396 5368 scere,
2420 5307 2514 5361 sed
2548 5308 2614 5360 ad
2638 5305 2928 5376 repetenda
2975 5305 3136 5358 noxia
3165 5319 3326 5358 omne
3360 5306 3507 5372 quod
3539 5311 3797 5427 (potenter

2223 5376 2367 5427 valet
2415 5377 2679 5427 ianorare.
2743 5375 2905 5427 Recte
2952 5373 3132 5427 itanue
3177 5375 3245 5427 de
3293 5375 3488 5427 talibus
3578 5374 3733 5427 icitur
3780 5389 3793 5424 :

2223 5376 2367 5430 valet
2415 5373 2712 5444 ignoraref
2743 5375 2905 5429 Recte
2952 5373 3132 5444 itaque
3177 5375 3245 5427 de
3293 5375 3488 5430 talibus
3539 5373 3734 5444 dicitur
3778 5389 3793 5444 _:

2223 5444 2365 5498 Dens
2382 5441 2610 5516 potentes
2639 5461 2742 5500 non
2773 5444 2968 5516 abjicit,
3000 5441 3329 5516 crintetipse
3364 5445 3433 5497 sit
3467 5441 3795 5516 potenstlab

2225 5511 2428 5587 xxxvi).
2466 5515 2632 5587 Deum
2681 5511 2880 5587 quippe
2933 5513 3130 5587 imitari
3175 5511 3478 5587 desiderat;
3508 5518 3598 5584 qui
3649 5511 3796 5565 fasti-

2225 5584 2909 5654 gium'potentize,’alienis
2963 5584 3199 5640 intentus
3240 5584 3574 5648 utilitatibus,
3606 5592 3660 5638 et
3691 5596 3796 5654 non

2225 5651 2336 5709 suis
2364 5651 2606 5708 laudibus
2626 5654 2798 5708 elatus
2818 5653 3185 5722 administrat;
3211 5654 3302 5719 qui
3325 5655 3573 5722 prmlatus
3595 5651 3798 5707 cmteris

2226 5724 2482 5794 prodesse
2511 5725 2715 5794 appetit
2741 5740 2845 5778 non
2877 5737 3106 5792 praeesse
3131 5721 3296 5794 (Ibid.
3328 5721 3449 5794 pag.
3486 5723 3562 5794 7).

2332 5794 2377 5865 ε)
2409 5790 2654 5865 Tang—res,
2687 5793 2820 5848 dont
2849 5790 2897 5847 le
2924 5794 3069 5865 siege
3113 5790 3586 5865 etanuéja'ngsa
3618 5790 3794 5860 Liégc.

2323 5862 2378 5930 ἓ)
2409 5861 2650 5929 Moris-on,
2678 5866 2846 5934 petite
2875 5863 3000 5919 villi:
3025 5863 3094 5917 du
3121 5861 3336 5917 diocese
3355 5862 3423 5917 de
3455 5861 3650 5920 Reims.
3783 5865 3791 5872 “
