4168 6348
312 410 418 469 969

1746 408 1828 465 ΟΡ
1840 407 2125 469 USCULA.

3469 412 3570 468 970

316 544 345 582 a
378 538 430 582 te
457 518 748 585 credideris
774 518 1134 597 occupandam
1187 527 1286 582 loci
1329 525 1746 596 Musoniagensis
1784 526 1885 581 Ec-
1916 531 1965 588 Λ
1991 526 2306 597 pensatione
2333 514 2572 583 meruisti
2597 525 2996 598 prasideudam,
3024 524 3254 593 deservi,
3281 533 3336 579 et
3364 526 3574 594 prosa-

316 621 728 691 clesiam,quam
752 620 1146 690 metropolitani
1177 619 1321 674 urbis
1345 616 1636 674 Remorum
1664 619 1764 674 sub
1783 632 1891 688 ope

316 713 513 769 Christi
541 729 639 768 sua
665 729 878 784 semper
900 712 1240 770 ordinatione
1260 720 1517 767 rexerunt
1540 712 1563 765 ?
1589 711 1774 766 Adhuc
1805 726 1895 765 ar-

318 804 491 858 bitror
513 812 600 858 tua
632 805 823 871 nescis,
855 812 913 860 et
936 804 1047 873 jam
1091 803 1265 858 aliena
1286 803 1550 871 pervadis.
1584 802 1642 857 in
1664 818 1768 872 qua
1797 802 1895 870 igi-

318 903 407 948 tur
452 910 573 949 cum
604 895 795 950 levitas
820 895 1029 960 feceris,
1060 896 1403 966 presbyteros
1430 895 1779 959 consecraris,
1809 909 1897 947 ar-

318 983 664 1039 chidiaconos
690 985 1011 1051 institueris,
1040 985 1409 1055 primicerium
1438 983 1636 1039 scholae
1661 984 1898 1040 clarissi-

320 1088 441 1140 mae,
466 1076 776 1146 militiaeque
800 1078 1093 1142 lectorum;
1124 1092 1232 1132 non
1262 1092 1464 1146 queror
1489 1076 1632 1144 quod
1660 1091 1748 1131 me
1767 1091 1899 1131 con-

318 1164 440 1219 silio
487 1164 627 1219 inter
663 1166 764 1221 ista
812 1182 919 1222 non
944 1167 1159 1231 videris,
1184 1167 1389 1222 utinam
1442 1176 1494 1221 te
1538 1167 1806 1222 vidisses!
1839 1166 1898 1222 Si

320 1257 463 1311 enim
484 1272 721 1313 canones
741 1267 830 1313 tua
850 1260 1106 1315 sanctitas
1126 1259 1426 1331 ignorabat,
1443 1259 1574 1315 satis
1596 1273 1900 1330 praeprope-

321 1363 439 1401 rum
468 1346 585 1414 fuit,
624 1357 683 1402 ut
732 1349 1187 1418 transgredereris
1233 1358 1521 1418 antequam
1547 1349 1802 1406 disceres.
1830 1349 1901 1403 At

321 1452 452 1492 vero
505 1439 854 1494 ecclesiarum
899 1448 1099 1496 statuta
1128 1441 1175 1496 si
1225 1454 1475 1507 noveras,
1508 1448 1659 1495 tanto
1684 1440 1900 1508 gravius

323 1535 582 1597 tantoque
631 1528 984 1599 periculosius
1054 1528 1360 1599 insipientia
1409 1537 1501 1584 tua
1548 1528 1628 1601 (α)
1694 1530 1901 1598 prisco-

324 1633 440 1671 rum
482 1618 989 1690 magnilicorumque
1033 1620 1344 1691 pontificum
1388 1619 1607 1675 decreta
1651 1619 1896 1675 calcavit.

320 1708 464 1764 Cave
484 1711 574 1780 qui
619 1711 795 1766 aliena
824 1713 1117 1781 praesentis,
1163 1727 1231 1767 ne
1271 1711 1417 1781 quod
1443 1711 1643 1767 habere
1679 1712 1897 1779 videris,

320 1799 556 1853 amittas.
587 1799 717 1855 Cum
751 1798 904 1855 factae
942 1801 1300 1857 ordinationis
1340 1801 1460 1871 jura
1488 1817 1596 1857 non
1628 1810 1899 1871 constent,

1992 617 2103 672 lute
2125 618 2302 687 gregis
2328 617 2579 672 dominici
2600 617 2861 673 sollicitus
2887 626 3075 688 pastor
3096 617 3330 689 invigila.
3360 614 3574 672 Utinam

1994 708 2352 763 mediocritati
2379 723 2513 763 mea:
2542 709 2643 765 ista
2683 717 3065 778 suppetereut,
3114 722 3237 777 qua:
3276 709 3329 762 in
3360 709 3601 769 nomium

1994 797 2206 853 Domini
2232 798 2432 855 habere
2459 813 2555 855 vos
2579 799 2769 869 cupio!
2802 799 2908 854 Sed
2935 799 3058 868 quia
3088 799 3282 853 desunt
3311 813 3461 862 mete,
3492 800 3599 854 velt

1995 886 2198 942 credita
2226 888 2355 942 mihi
2383 895 2511 942 sunt
2537 888 2794 957 obsequia
2837 886 3168 954 Salvatoris,
3211 886 3407 940 salvari
3435 901 3581 941 mer-

1997 980 2216 1034 cenario
2245 994 2354 1033 non
2382 980 2617 1047 requiro.
2650 977 2883 1033 Joannes
2912 978 2966 1032 in
3004 976 3296 1047 ﬁpocalysi
3325 975 3478 1047 (Cap.
3520 992 3580 1041 ιι.

1998 1068 2077 1136 ιιι)
2101 1075 2309 1137 septem
2333 1068 2533 1137 quippe
2567 1068 2771 1136 angelis
2792 1068 2903 1122 suis
2930 1066 3356 1136 comprehendit,
3380 1075 3436 1121 et
3464 1066 3584 1120 uni-

1998 1160 2192 1229 cuique
2240 1159 2425 1215 scribit
2473 1159 2745 1215 Ecclesiae.
2801 1159 2962 1214 Facta
3018 1159 3179 1229 igitur
3224 1158 3415 1213 merita
3461 1172 3584 1226 quae

1998 1251 2299 1321 praepositis
2335 1269 2349 1301 :
2381 1263 2502 1319 qua:
2545 1250 2768 1319 probata
2795 1249 3131 1316 corrigenda,
3164 1249 3409 1317 castigat.
3447 1246 3583 1303 Cum

2000 1356 2130 1411 ergo
2180 1343 2282 1397 sub
2331 1341 2593 1397 vocabulo
2639 1341 2814 1410 angeli
2857 1342 3098 1396 tradatur
3142 1340 3372 1395 actionis
3410 1337 3583 1395 forma

1999 1430 2316 1503 pontificim,
2361 1431 2522 1487 doleo
2550 1446 2712 1501 super
2749 1441 2855 1486 tua:
2878 1430 3313 1501 praesumptionis
3336 1430 3582 1495 audacia,

2002 1531 2062 1577 ut
2083 1522 2204 1591 jura
2233 1530 2507 1592 permutes
2535 1531 2719 1579 vetera
2745 1538 2934 1588 novus,
2964 1530 3121 1577 cauta
3145 1521 3481 1585 temerarius,
3503 1521 3586 1576 di-

2003 1615 2125 1669 vina
2182 1624 2449 1670 terrenus.
2526 1612 2760 1668 Audiant
2807 1627 2944 1677 nos,
3018 1611 3238 1666 audiant
3295 1625 3431 1681 quos
3473 1611 3585 1666 ele—

2002 1706 2145 1776 geris
2180 1704 2512 1759 sacerdotes.
2563 1703 2886 1758 Sacerdotes
2930 1702 3003 1756 tui
3059 1701 3161 1771 ipsi
3202 1716 3303 1756 nos
3339 1700 3579 1756 audiant.

2002 1792 2275 1849 Creatoris
2315 1794 2530 1849 conﬁdo
2583 1793 2904 1851 sententiam
2955 1806 3064 1846 non
3110 1806 3208 1860 pro
3253 1797 3346 1855 te,
3396 1788 3492 1845 sed
3526 1790 3583 1844 in

322 1903 431 1957 quo
458 1889 793 1960 potissimum
823 1892 1051 1947 consilio
1092 1890 1441 1948 sacerdotalis
1464 1890 1625 1948 officii
1654 1892 1899 1949 tirocinia
1928 1894 1976 1954 Β
2002 1894 2089 1952 te,
2147 1900 2178 1939 a
2215 1885 2579 1955 iudicantibus
2644 1884 3038 1956 proferendam.
3100 1882 3231 1950 Quis
3282 1883 3427 1939 enim
3485 1897 3585 1952 pro

321 1979 624 2035 defensabis
648 2022 665 2049 ,
714 1981 761 2035 si
805 1981 1104 2037 temerariae
1151 1981 1567 2051 trangressionis
1612 1982 1903 2037 admissum

322 2070 613 2141 pertinacia
643 2071 728 2126 vel
758 2072 1073 2142 impotentia
1116 2073 1432 2139 miscueris?
1471 2072 1689 2143 Majoris
1714 2072 1903 2128 discri-

323 2161 485 2216 minis
529 2162 633 2216 erit
679 2162 954 2233 antiquam
1001 2163 1336 2218 sanctionem
1393 2162 1555 2219 fuisse
1602 2163 1854 2218 violatam
1882 2202 1899 2227 ,

324 2270 481 2326 quam
550 2255 667 2310 laus
736 2257 808 2311 sit
862 2255 984 2312 loco
1035 2263 1180 2311 stare
1220 2264 1409 2311 contra
1468 2270 1705 2312 canones
1765 2269 1903 2325 quos

323 2345 537 2400 creasti.
567 2344 675 2401 Sed
702 2345 831 2414 quid
854 2345 921 2400 de
948 2359 1135 2401 eorum
1164 2344 1354 2414 loquar
1381 2345 1676 2409 ordinibus,
1705 2359 1844 2414 quos
1870 2359 1901 2400 a

325 2433 654 2490 beatitudine
676 2443 766 2489 tua
787 2434 939 2490 licuit
966 2436 1306 2505 promoveri?
1332 2435 1459 2490 Plus
1477 2436 1604 2491 illud
1632 2446 1736 2503 est,
1758 2437 1902 2507 quod

324 2526 371 2580 si
392 2525 547 2595 juxta
572 2526 836 2595 majorum
861 2534 1063 2581 statuta
1092 2527 1541 2598 severitatemque
1569 2528 1901 2594 discutimus,

325 2630 432 2671 non
478 2617 657 2672 minus
681 2631 843 2686 quam
884 2625 1058 2672 status
1084 2617 1327 2684 illorum,
1372 2629 1551 2673 vester
1577 2620 1759 2674 veniet
1785 2618 1903 2691 epi-

325 2715 576 2777 scopatus
614 2708 669 2763 in
706 2708 947 2763 dubium.
979 2708 1239 2763 Dominus
1279 2708 1333 2762 in
1362 2706 1650 2779 Evangelio
1681 2710 1811 2767 dicit
1835 2712 1904 2767 ad

325 2797 544 2853 Petrum
587 2815 602 2853 :
648 2798 833 2853 Simon
879 2797 1134 2861 Joannis,
1176 2798 1355 2870 diligis
1399 2800 1520 2853 me?
1551 2809 1608 2855 et
1648 2801 1837 2857 Petrus
1885 2819 1902 2854 -.

325 2887 521 2956 Etiam,
555 2888 796 2956 Domine,
829 2902 880 2944 tu
907 2890 1008 2944 scis
1035 2892 1156 2963 quia
1193 2908 1311 2945 amo
1341 2898 1389 2946 te
1416 2890 1596 2961 (Joan.
1638 2908 1756 2959 ut,
1789 2893 1901 2962 l5).

324 2980 423 3035 Cui
448 2982 534 3036 bis
561 2989 747 3051 terque
775 2997 805 3035 a
832 2981 1061 3037 Domino
1086 2982 1186 3038 sub
1210 2984 1312 3038 hac
1338 2984 1685 3055 responsione
1714 2985 1904 3056 praei.

2003 1992 2195 2033 sensus
2219 1977 2304 2033 sui
2348 1978 2619 2047 probitate
2646 1992 2753 2031 non
2784 1976 3054 2047 improbet
3099 1990 3223 2030 eum
3266 1985 3456 2029 contra
3484 1972 3587 2029 Ec-

2003 2068 2183 2125 clesite
2217 2069 2458 2137 regulam
2503 2069 2849 2139 prorupisse,
2899 2068 2993 2137 qui
3027 2067 3287 2123 debuerat
3326 2065 3585 2121 Ecclesia:
3640 2100 3647 2107 ς

2004 2160 2244 2228 regulam
2271 2159 2831 2225 custodire?Mandas,
2853 2168 2912 2214 ut
2939 2158 3120 2224 audio,
3148 2158 3461 2213 colonorum
3489 2156 3586 2212 tibi

2003 2252 2202 2306 tributa
2247 2250 2491 2322 portari,
2540 2258 2598 2307 et
2643 2250 2887 2321 praecipis
2929 2257 2988 2305 ut
3031 2249 3231 2304 reditus
3276 2246 3586 2303 deferantur

2004 2357 2273 2412 agrorum.
2320 2344 2488 2398 Datur
2544 2343 2765 2411 intelligi
2827 2342 2971 2411 quod
3010 2340 3253 2397 ecclesiae
3290 2354 3432 2405 rem,
3475 2354 3585 2395 non

2002 2434 2286 2490 ecclesiam
2331 2434 2665 2504 concupisti,
2711 2433 2930 2502 quando
2982 2431 3240 2486 sollicitus
3282 2429 3586 2498 exquisitor

2003 2524 2268 2593 exposcis,
2299 2537 2415 2594 qua!
2463 2536 2564 2592 ego
2592 2522 2660 2578 ad
2685 2537 2843 2592 quem
2869 2519 2991 2591 jure
3033 2521 3352 2586 veniebant,
3401 2519 3583 2575 remisi

2002 2613 2181 2684 potius
2207 2627 2369 2685 quam
2406 2613 2645 2683 quaesivi.
2689 2611 2826 2667 Nolo
2855 2621 2908 2667 te
2933 2611 3139 2678 lateat,
3187 2610 3376 2666 levitas
3421 2617 3586 2679 atque

2003 2703 2369 2773 presbyteros,
2413 2711 2603 2759 contra
2631 2702 2875 2759 ordinem
2903 2718 3038 2773 quos
3064 2702 3267 2767 fecisti,
3305 2702 3371 2756 ab
3396 2701 3586 2757 ordine

1997 2792 2111 2863 jam
2130 2803 2392 2849 remotos.
2432 2792 2699 2865 Perpeudi
2725 2795 2868 2849 enim
2894 2793 3037 2863 quod
3059 2808 3091 2848 a
3118 2808 3204 2848 me
3227 2807 3332 2848 non
3358 2792 3586 2848 decebat

2004 2883 2241 2951 admitti,
2268 2900 2406 2955 quos
2445 2899 2478 2940 a
2507 2893 2559 2941 te
2586 2900 2695 2940 non
2723 2884 2949 2940 licuerat
2985 2883 3241 2940 ordinari.
3273 2882 3389 2938 Heu
3413 2897 3585 2953 quan~

2005 2986 2117 3031 tum
2145 2991 2235 3031 me
2258 2991 2288 3030 a
2317 2975 2493 3032 cultus
2521 2976 2597 3030 tui
2619 2976 2899 3046 proposito
2941 2973 3182 3045 repulisti
3205 3012 3220 3039 ,
3262 2973 3390 3029 dum
3417 2974 3587 3029 mavis

323 3072 468 3142 pitur
498 3090 510 3125 :
546 3072 711 3128 Pasce
753 3089 871 3128 oves
901 3089 1060 3129 meas.
1094 3073 1206 3144 Ego
1230 3076 1355 3145 quia
1395 3092 1527 3132 oves
1551 3077 1750 3134 Christi
1778 3093 1898 3149 pas-

2004 3082 2287 3138 perperam
2334 3080 2496 3137 agere
2525 3108 2542 3137 ,
2583 3081 2742 3138 quam
2788 3065 2990 3121 foedera
3042 3065 3278 3121 fraterna
3325 3064 3587 3121 servare!

324 3177 469 3227 cere,
511 3163 836 3219 omnimodis
865 3165 1165 3234 imperitus,
1194 3166 1461 3222 alimoniae
1483 3168 1720 3224 cmlestis
1746 3170 1898 3226 uber-

2005 3156 2326 3229 Optaveram
2357 3171 2589 3228 namque
2627 3164 2685 3212 ut
2724 3155 2955 3212 clericus
2995 3154 3410 3226 permansisses,
3440 3154 3587 3224 quia

323 3262 432 3309 tate
460 3269 567 3309 non
606 3269 857 3325 possum;
880 3255 976 3324 qui
998 3270 1066 3310 ex
1094 3256 1264 3310 sacris
1290 3256 1688 3314 eruditionibus
1714 3260 1898 3315 erudi-
1926 3253 1973 3316 C
2004 3253 2178 3312 factus
2214 3252 2393 3310 fueras
2420 3253 2472 3309 vi
2497 3252 2770 3309 sacerdos.
2801 3250 2907 3307 Sed
2933 3250 2980 3306 si
3006 3257 3239 3305 mentem
3271 3256 3415 3303 tuam
3454 3263 3586 3307 cura

323 3351 428 3409 tus,
460 3359 553 3399 eas
593 3359 714 3415 quae
749 3344 880 3400 mihi
910 3344 1125 3401 Christo
1148 3345 1373 3414 jubente
1401 3347 1611 3403 traditae
1637 3359 1800 3417 sunt,
1843 3359 1903 3407 ut
2004 3349 2106 3404 ista
2137 3362 2244 3403 non
2270 3346 2461 3415 tangit,
2504 3358 2607 3414 ego
2638 3353 2818 3398 tamen
2847 3358 2945 3413 pro
2971 3341 3281 3397 sinceritate
3303 3336 3584 3409 proﬁteor,

322 3447 513 3505 pascas
540 3433 809 3491 admoneo
834 3474 851 3500 ,
899 3443 959 3489 ut
1001 3434 1220 3491 invadas
1245 3435 1482 3491 inhibeo.
1540 3436 1652 3506 Age
1689 3453 1904 3509 semper

324 3534 378 3580 ut
409 3532 462 3580 te
502 3524 660 3595 digna
703 3526 1047 3581 comitentur.
1097 3523 1349 3581 Ecclesia:
1376 3541 1536 3596 quam
1575 3526 1753 3582 divina
1790 3528 1901 3583 dis-

392 3722 468 3792 (a)
498 3720 770 3791 Remigius
789 3739 895 3778 non
914 3724 1056 3779 inani
1086 3724 1408 3780 auctoritate
1434 3723 1722 3780 nitebatur.
1748 3723 1894 3779 Inter

321 3806 559 3846 canones
598 3795 742 3863 enim
793 3794 1181 3863 apostolorum,
1214 3795 1307 3863 qui
1352 3810 1574 3848 numero
1597 3795 1896 3851 tricesimus

321 3870 504 3936 sextus
523 3870 633 3936 est,
645 3861 796 3929 juxta
822 3861 1059 3919 veterem
1094 3861 1387 3936 editionem
1413 3864 1649 3935 Dionysii
1674 3864 1890 3936 Exigui,

321 3932 509 4016 statuit
533 3929 849 4014 piscopum
872 3951 973 4016 non
1000 3934 1191 4016 audere
1211 3942 1359 3988 extra
1388 3929 1633 4016 terminos
1656 3929 1895 4016 promi-os

320 3999 669 4075 ordinationes
713 3999 881 4072 facere
904 4007 957 4075 in
977 4004 1265 4057 civitatibus
1288 4013 1338 4056 et
1361 4005 1491 4058 villis
1517 4020 1629 4075 qua:
1649 3999 1725 4058 illi
1755 3999 1896 4061 'nulta

320 4070 434 4143 jure
459 4069 862 4140 subjeclw'sunt.
890 4074 952 4145 Si
974 4090 1086 4145 vero
1108 4076 1364 4127 convictus
1394 4069 1549 4145 fuerit
1574 4075 1669 4145 hoc
1690 4077 1892 4145 fecisse,

320 4146 506 4208 pra’ter
532 4156 705 4215 eorum
731 4144 1096 4215 conscientiam
1131 4146 1475 4215 quicivitutes
1504 4155 1554 4197 et
1583 4144 1730 4199 villas
1761 4146 1897 4199 deti-

322 4211 694 4288 nent-,uet’ipse
737 4213 1040 4288 deponatur,
1078 4211 1239 4288 et'gui
1288 4212 1471 4288 abillo
1498 4224 1617 4268 sunt
1643 4215 1890 4288 ordinati.

320 4272 612 4355 Dimidium
626 4272 952 4355 _illud_'inter
975 4272 1228 4355 praesules
1246 4285 1541 4355 sanctitate
1578 4286 1895 4355 conspicuos

320 4344 459 4426 haud
489 4350 580 4426 diu
607 4350 845 4426 duravit;
890 4362 945 4406 et
976 4344 1212 4426 ecclesia
1243 4353 1656 4426 Mesonlagettsis
1702 4344 1755 4410 in
1800 4371 1896 4426 pa-

322 4419 481 4473 rmeia
517 4418 765 4478 Remeusi
792 4424 1101 4491 permansit,
1126 4423 1311 4478 Comr.
1342 4425 1463 4480 loco
1488 4418 1676 4480 citato.

393 4551 468 4624 (1)
501 4553 728 4611 Mouzon
752 4556 1137 4629 faisantpartie
1193 4557 1265 4612 du
1311 4557 1530 4614 diocese
1577 4558 1644 4612 de
1686 4556 1889 4622 Rcims,

2003 3437 2149 3507 quod
2176 3437 2412 3491 animum
2456 3450 2567 3490 non
2594 3433 2771 3489 minus
2798 3431 2947 3503 angit
2993 3446 3023 3485 a
3056 3439 3121 3486 te
3150 3428 3584 3485 inexcusabiliter

2005 3535 2262 3591 erratum,
2293 3539 2453 3595 quam
2482 3538 2570 3578 me
2593 3521 2756 3578 fuisse
2780 3528 3165 3592 contemptum.

2002 3726 2270 3795 Foulques
2290 3739 2358 3778 ne
2385 3722 2602 3794 pouvait
2623 3790 2626 3795 ἢ
2650 3738 2682 3794 y
2707 3719 3035 3795 faireaucun
3059 3727 3178 3795 acte
3210 3734 3420 3795 comme
3448 3718 3579 3775 eve.

2004 3813 2129 3867 que,
2152 3788 2275 3867 satis
2303 3795 2354 3849 le
2381 3788 2789 3867 consentientem
2829 3791 2895 3844 de
2920 3792 3059 3867 saint
3081 3789 3257 3867 Remi.
3282 3788 3584 3867 V_oyez_§t_ir

2004 3858 2067 3922 ce
2098 3858 2246 3937 point
2268 3865 2343 3920 les
2366 3864 2598 3919 conciles
2637 3863 2703 3916 de
2731 3860 3194 3983 Coustautinople,
3227 3859 3295 3914 de
3319 3858 3422 3913 l‘an
3452 3858 3577 3922 581,

2005 3952 2124 3988 can.
2177 3935 2243 3988 2:
2301 3933 2370 3988 de
2418 3933 2700 3988 Carthage.
2734 3931 2800 3985 de
2856 3931 2954 3984 l’an
3003 3930 3072 3985 59
3112 3971 3127 3988 .
3174 3945 3295 3985 can.
3355 3928 3463 3988 20:
3515 3928 3584 3983 de

2032 3952 2124 3990 an.
2177 3944 2243 3996 2;
2301 3944 2370 3988 de
2418 3944 2700 3996 Carthage,
2734 3944 2800 3985 ue
2856 3944 2954 3984 l'an
3004 3944 3127 3996 DUI,
3174 3945 3295 3985 can.
3355 3944 3463 3989 Ζυζ

2005 3952 2124 3990 can.
2177 3946 2243 4003 2;
2301 3946 2370 3988 ue
2418 3946 2700 4002 Carthage,
2734 3946 2800 3985 ue
2856 3946 2954 3984 l'an
3004 3946 3127 3996 om,
3174 3946 3295 3985 can.
3355 3946 3463 3989 zu;
3515 3946 3579 3983 oe

2006 4006 2196 4069 Rome,
2227 4019 2348 4059 vers
2377 4002 2481 4057 l'au
2502 4002 2623 4068 400,
2647 4016 2765 4056 can.
2794 4000 2858 4054 15
2883 4019 2896 4063 ς
2921 4000 3209 4069 d'Orange,
3237 3999 3305 4069 de
3327 3998 3431 4053 l'an
3453 3998 3579 4069 μ’,

2006 4092 2124 4131 can.
2158 4066 2251 4140 {0;
2293 4072 2576 4139 d'lrlaude,
2602 4066 2724 4126 vers
2772 4071 2874 4125 l'an
2915 4068 3040 4135 450,
3067 4066 3201 4126 can.
3229 4066 3324 4133 50;
3358 4070 3427 4124 de
3454 4068 3583 4140 Cal-

2003 4138 2245 4213 céJoiue,
2284 4144 2353 4198 de
2400 4142 2524 4210 451,
2556 4138 2919 4213 can.20;__de
2963 4140 3154 4213 Tours,
3194 4140 3262 4213 de
3302 4140 3405 4213 l_'an
3453 4138 3581 4213 46!,

2002 4234 2122 4271 can.
2152 4215 2185 4267 9
2208 4208 2240 4278 ;⁷
2259 4208 2550 4284 d‘Epaone,
2583 4212 2783 4284 del'au
2805 4210 2929 4274 517,
2953 4226 3075 4284 ean.
3107 4210 3280 4284 5;_d_e__
3301 4208 3488 4284 Lyon,_
3510 4210 3581 4284 de

2004 4287 2103 4340 l‘an
2129 4283 2253 4352 517,
2284 4277 2404 4339 cati.
2436 4283 2498 4349 4;
2532 4285 2598 4338 de
2625 4282 2920 4352 Clermout,
2951 4282 3017 4337 de
3048 4282 3149 4352 l‘an
3178 4279 3304 4352 535,
3334 4277 3435 4352 can
3467 4277 3536 4352 l0
3562 4297 3578 4345 ;

2001 4349 2294 4421 d'Orléaus,
2325 4355 2391 4409 de
2444 4355 2544 4408 l'an
2579 4352 2699 4418 558,
2732 4367 2851 4406 can.
2886 4351 2986 4418 15;
3029 4351 3332 4417 d'Herford,
3354 4351 3421 4405 de
3464 4349 3570 4404 l’an

2001 4426 2123 4477 673.
2157 4442 2276 4477 can.
2302 4423 2377 4477 2..
2404 4433 2514 4477 etc.

2000 4426 2123 4491 6'73,
2157 4442 2276 4481 can.
2302 4426 2377 4489 2.,
2404 4433 2514 4479 etc.

1267 4870 1831 4976 SANCTI
1968 4868 2583 4973 REMIGII

1449 5052 2338 5138 TESTAMENTUM
2390 5053 2449 5130 ".

319 5271 376 5327 in
408 5274 622 5330 nomine
663 5274 834 5331 Patris
850 5282 916 5356 ει
952 5273 1073 5356 Filii
1112 5274 1441 5356 et_Spiritus
1483 5277 1674 5332 sancti.
1707 5277 1891 5334 Gloria
1921 5282 1971 5343 D
1996 5277 2269 5348 praetorio,
2302 5288 2463 5347 atque
2494 5278 2546 5332 id
2576 5277 2941 5335 codicillorum
2975 5280 3091 5336 vice
3121 5280 3298 5336 valere
3324 5284 3575 5356 praecepi,

850 5345 1076 5401 Domino
1101 5347 1138 5418 -ι-
1169 5347 1356 5401 Amen.

390 5452 503 5522 Ego
532 5454 806 5523 Remigius
854 5456 1141 5527 episcopus
1179 5456 1410 5511 civitatis
1441 5457 1767 5523 Remorum,
1813 5474 1894 5512 sa-

317 5547 539 5603 cerdotii
571 5564 793 5619 compos
815 5589 829 5615 ,
875 5546 1275 5604 Testamentum
1304 5563 1482 5604 meum
1527 5548 1742 5605 condidi
1767 5548 1891 5620 jure

392 5732 415 5761 ι
459 5721 575 5777 Hoc
606 5721 1006 5793 Testamentum
1033 5724 1194 5778 variis
1223 5732 1434 5781 auctum
1465 5723 1900 5793 interpolationi—

319 5792 422 5845 bus
456 5801 633 5848 exstat
683 5791 827 5861 apud
878 5792 1235 5848 Flodoardum
1285 5793 1419 5850 llist.
1479 5791 1634 5848 Rem}
1686 5794 1781 5849 lib.
1838 5812 1897 5860 ι,

326 5876 439 5932 Cap.
470 5862 561 5929 l8;
586 5862 822 5933 illudque
857 5863 1049 5917 recitat
1078 5864 1379 5921 Brissouius
1406 5866 1473 5922 de
1501 5862 1766 5920 Formulis
1807 5867 1900 5921 lib.

610 5957 885 6015 l‘nneL.
929 5954 1119 6015 LXV.

2006 5369 2053 5423 si
2089 5369 2140 5422 ei
2175 5367 2313 5437 juris
2361 5368 2561 5437 aliquid
2601 5369 2870 5426 videbitur
2907 5371 3162 5427 defuisse.
3217 5373 3580 5439 Quandocun—

2003 5475 2109 5529 que
2138 5474 2239 5529 ego
2270 5458 2544 5528 Remigius
2588 5462 2874 5532 episcopus
2911 5461 2979 5518 de
3009 5464 3111 5519 hac
3141 5464 3257 5518 luce
3294 5464 3579 5534 transiero,

2000 5556 2059 5604 tu
2088 5550 2216 5604 mihi
2240 5550 2412 5605 haeres
2432 5560 2571 5619 esto,
2594 5560 2778 5608 sancta
2799 5560 2855 5608 et
2883 5554 3198 5611 venerabilis
3218 5553 3458 5614 Ecclesia
3489 5573 3585 5614 ca-

2005 5743 2097 5800 vn,
2141 5742 2239 5800 nec
2276 5742 2384 5800 non
2410 5726 2622 5800 Mimans
2648 5727 2782 5798 Opp.
2816 5730 3043 5800 Diplom.
3096 5738 3148 5785 et
3177 5730 3312 5786 Hist.
3349 5704 3479 5787 tum.
3525 5735 3582 5799 Ι,

2009 5798 2261 5874 sub_init.
2312 5797 2706 5874 At__genuinum
2732 5797 2919 5874 ’li‘ujus‘
2937 5800 3266 5874 Testamenti
3309 5797 3588 5874 eseniplar

2012 5866 2226 5922 tandem
2266 5867 2466 5937 prodiit
2491 5867 2573 5924 Jo.
2618 5867 2735 5926 Jac.
2766 5866 3016 5926 Cbifiletii
3044 5871 3225 5926 studio
3255 5873 3307 5928 in
3337 5866 3588 5945 disquisi-

3072 5963 3143 6024 31
