4168 6348
598 361 718 418 ’στι

1902 361 1956 415 S.
2001 359 2257 417 REMlGll
2299 358 2638 415 REMENSIS

3787 370 3877 428 9'12

619 473 816 559 tholica
881 473 1030 529 urbis
1084 473 1392 530 Remorum.
1452 472 1521 528 Et
1562 480 1646 537 tu,
1691 471 1764 525 fili
1822 472 2005 526 fratris
2068 487 2211 538 mea,
2242 479 2287 534 Α
2314 470 2486 527 dictas
2533 480 2610 527 tui
2664 471 2869 528 ordinis
2914 488 3124 530 memor
3161 474 3382 533 efficies.
3440 477 3878 552 Compresbyteris

616 566 768 636 Lupe
806 564 1061 636 episcope
1102 567 1287 634 (quem
1338 565 1610 636 prmcipuo
1650 577 1865 632 semper
1906 577 2092 618 amore
2132 562 2211 616 di-

616 655 766 727 lexi).
798 654 864 710 Et
893 662 975 723 tu,
1003 668 1172 724 nepos
1194 651 1954 723 IneusAgricolmvpresbyter,
1972 650 2064 719 qui
2080 651 2213 705 mihi

613 746 878 816 obsequio
909 752 1001 800 tuo
1030 758 1061 798 a
1089 743 1319 814 pueritia
1348 742 1619 814 placuisti,
1652 741 1708 796 in
1736 740 1885 796 omni
1909 739 2211 796 substantia

615 854 735 894 mea
760 851 880 908 quae
906 851 1026 891 mea
1056 843 1204 892 sorte
1232 835 1452 892 obvenit
1487 842 1779 904 antequam
1805 833 2027 899 moriar,
2072 848 2211 902 pra:-

617 937 699 983 ter
730 927 783 982 id
827 926 972 997 quod
1002 926 1290 995 unicuique
1335 925 1613 981 donavcro
1634 964 1650 991 ,
1692 922 1941 994 legavero
1964 965 1980 990 ,
2024 923 2212 979 darive

611 1019 857 1089 iussero,
886 1017 971 1072 vel
1002 1029 1437 1085 unumquemque
1467 1023 1703 1071 vestrum
1750 1014 1973 1070 voluero
2008 1013 2212 1068 habere

612 1107 963 1180 praecipuum.
988 1106 1070 1163 Tu
1090 1114 1277 1163 sancta
1297 1106 1469 1162 haeres
1491 1122 1632 1172 mea,
1646 1106 1928 1162 Remensis
1950 1104 2210 1174 Ecclesia,

613 1200 840 1255 colonos
878 1213 1015 1270 quos
1059 1198 1116 1254 in
1156 1197 1403 1253 Portensi
1447 1195 1624 1252 habeo
1660 1196 1961 1262 territorio,
2017 1195 2101 1250 vel
2143 1195 2212 1250 de

613 1302 838 1363 paterna
867 1301 1220 1362 maternaque
1247 1291 1544 1348 substantia
1564 1332 1583 1358 ,
1615 1289 1699 1345 vel
1732 1304 1871 1360 quos
1897 1304 2018 1345 cum
2047 1288 2213 1344 fratre

617 1403 742 1443 meo
791 1396 993 1443 sancta:
1041 1386 1317 1442 memoria:
1351 1384 1623 1455 Principio
1670 1383 1927 1454 episcopo
1967 1397 2212 1438 commu-

617 1479 746 1542 tavi,
795 1479 882 1533 vel
929 1477 1161 1533 donatos
1208 1477 1425 1544 habeo,
1464 1475 1787 1546 possidebis.
1832 1474 2209 1544 Dagaredum,

619 1566 980 1633 Profuturum,
1011 1566 1384 1634 Prudentium,
1416 1565 1776 1630 Tenuaicum,
1813 1565 2208 1630 Maurilionem,

617 1658 1011 1722 Baudoleifum,
1062 1657 1460 1729 Projunciolum
1484 1696 1503 1723 ,
1544 1656 1913 1724 Niviateuam,
1961 1655 2213 1723 Lautam,

616 1748 943 1805 Sutl'roniam
1011 1750 1274 1817 colonas,
1339 1750 1656 1804 Amerinum
1726 1763 1944 1819 quoque
1994 1764 2211 1804 servum

618 1850 711 1897 tuo
758 1839 1001 1896 dominio
1034 1839 1325 1897 vindicabis
1370 1860 1384 1893 :

616 1935 768 1991 rideo
813 1936 868 1990 in
913 1934 1033 1991 solo
1062 1933 1329 1997 Porteusi,
1362 1948 1483 1989 cum
1531 1933 1720 2005 partis,
1767 1935 1998 2005 pascuis,
2042 1934 2212 2000 silvis,

566 2054 573 2059 -
617 2026 686 2082 ad
714 2036 767 2082 te
796 2027 1103 2082 testamenti
1137 2024 1297 2095 hujus
1326 2025 1651 2081 auctoritate
1680 2024 1982 2081 revocabis.
2013 2024 2216 2081 Futuro

618 2118 896 2189 episcopo,
919 2118 1219 2173 successori
1242 2130 1384 2181 meo,
1415 2118 1493 2185 (a)
1530 2116 1893 2187 amphibalum
1914 2118 2095 2173 album
2120 2133 2216 2189 pa-

600 2208 854 2266 ‘scbalem
885 2208 1149 2279 relinquo,
1180 2208 1416 2276 stragula
1443 2208 1751 2263 columbina
1779 2208 1914 2276 duo,
1933 2209 2054 2265 vela
2080 2211 2211 2277 tria,

626 2312 749 2367 qua:
775 2306 903 2354 sunt
927 2297 995 2353 ad
1023 2298 1162 2353 ostia
1192 2297 1384 2354 diebus
1410 2298 1559 2354 festis
1588 2299 1824 2367 triclinii,
1859 2301 2010 2356 cellae
2032 2310 2089 2358 et
2115 2318 2213 2358 cu—

620 2392 764 2446 lina}.
788 2389 900 2446 Vas
920 2399 1237 2461 argenteum
1266 2391 1453 2447 decem
1482 2402 1538 2446 et
1577 2400 1704 2448 octo
1743 2392 2025 2460 librarum,
2075 2395 2216 2452 inter

621 2495 697 2552 te,
729 2484 904 2540 hmres
930 2499 1070 2550 mea,
1102 2492 1159 2539 et
1177 2484 1454 2540 dimcesim
1478 2492 1625 2539 tuam
1652 2483 1949 2542 Ecclesiam
1974 2485 2049 2559 (ὁ)
2074 2487 2214 2557 Lug-

608 2578 938 2643 dunensem,
987 2573 1141 2633 factis
1173 2580 1388 2647 patenls
1417 2586 1580 2648 atque
1628 2577 1887 2634 calicibus
1934 2579 2001 2636 ad
2050 2580 2212 2636 mini-

609 2668 843 2724 sterium
869 2676 1292 2735 sacrosanctum,
1316 2676 1479 2738 prout
1498 2667 1663 2734 volui,
1689 2667 1920 2724 Domino
1941 2678 2214 2727 annuente

608 2757 893 2814 distribui.
925 2756 1082 2813 Aliud
1122 2765 1435 2825 argenteum
1467 2772 1583 2824 vas,
1614 2757 1758 2827 quod
1804 2758 1935 2814 mihi
1983 2758 2212 2815 domnus

620 2851 841 2906 illustris
869 2849 1147 2906 memoria:
1174 2847 1525 2905 Hlodowicus
1564 2864 1685 2915 rex,
1727 2864 1888 2921 quem
1942 2848 2011 2906 de
2055 2866 2212 2908 sacro

620 2939 957 3011 baptismatis
986 2938 1136 2994 fonte
1156 2939 1391 3009 suscepi,
1417 2939 1624 2995 donare
1646 2939 1900 3010 dignatus
1925 2949 2028 3008 est,
2055 2950 2117 2997 ut
2143 2942 2212 2998 de

596 3047 688 3101 ,eo
727 3032 961 3089 facerem
1003 3031 1148 3102 quod
1181 3032 1298 3102 ipse
1336 3031 1648 3100 voluissem,
1683 3034 1777 3088 tibi
1828 3033 2031 3091 baeredi
2077 3050 2211 3091 meae

599 3121 867 3181 tEcclesize
891 3139 1053 3196 supra
1081 3132 1395 3181 memorata:
1419 3124 1584 3194 jubeo
1615 3126 1931 3181 turriculum
1981 3136 2037 3183 et
2076 3128 2209 3183 ima-

619 3217 857 3286 ginatum
883 3216 1108 3273 calicem
1140 3217 1219 3286 (ε)
1244 3213 1532 3283 fabricari;
1563 3215 1709 3287 quod
1739 3214 1932 3272 faciam
1959 3232 2059 3288 per
2095 3232 2205 3287 me,

604 3310 659 3366 ssi
690 3308 929 3365 habuero
956 3309 1192 3378 spatium
1220 3308 1374 3373 vitm;
1423 3308 1467 3363 si
1517 3315 1643 3363 ante
1669 3308 1919 3365 clausero
1960 3309 2206 3364 ultimum

620 3399 775 3467 iiem,
805 3399 971 3464 tu,hli
1000 3397 1179 3454 fratris
1204 3399 1334 3465 mei,
1362 3397 1511 3470 Lupe
1530 3399 1806 3469 episcope,
1839 3399 2052 3470 species
2082 3409 2208 3456 ante

618 3586 763 3638 tione
789 3582 858 3637 de
902 3582 1146 3652 Ampulla
1186 3580 1461 3644 Remeusi,
1498 3579 1592 3636 sed
1634 3581 1840 3652 aliquot
1874 3580 2084 3652 mendis
2111 3581 2207 3638 dc-

617 3652 806 3716 forme.
837 3667 971 3722 quas
993 3651 1095 3722 Ope
1115 3652 1346 3723 sanioris
1371 3651 1664 3723 apographi
1690 3651 2207 3723 sustulit_Pliilippus

618 3719 871 3781 Labbcus
892 3724 942 3778 in
974 3719 1105 3777 Nov.
1136 3722 1271 3777 Bibl.
1299 3719 1424 3776 mss'.
1457 3719 1715 3775 librdrum
1747 3730 1876 3776 tom.
1907 3719 1947 3792 Ι,
1984 3738 2045 3792 p.
2070 3719 2200 3777 806.

618 3793 750 3848 Item
790 3794 929 3864 apud
953 3793 1223 3864 Cointium
1254 3792 1488 3864 occurrit
1521 3793 1573 3846 in
1602 3791 1794 3864 Annia].
1840 3791 2202 3864 eccl.’Franc.

615 3864 685 3919 ad
710 3860 840 3918 anni
864 3862 985 3926 555,
1020 3864 1051 3936 §
1076 3863 1166 3936 50,
1195 3872 1328 3936 tom.
1364 3861 1406 3926 Ι,
1436 3876 1598 3936 pagg._
1624 3860 1728 3936 407
1754 3876 1906 3933 seqq.
1931 3861 1991 3917 ln
2018 3877 2086 3936 eo
2108 3878 2203 3919 au—

615 3944 723 3990 tem
770 3933 1125 3991 exscribendo
1166 3934 1457 3988 editionem
1512 3933 1850 3988 Labbeanam
1897 3934 2067 3988 secuti
2113 3948 2204 3988 su-

614 4020 752 4072 mus.
778 4004 946 4059 Porro
974 4005 1041 4059 de
1068 4002 1293 4072 hujusce
1323 4004 1633 4072 integritate
1660 4003 1975 4072 inanimenti
2006 4003 2203 4060 videsis

613 4071 831 4144 Pagium
858 4074 925 4129 ad
948 4090 1073 4130 ann.
1106 4071 1230 4142 5'24,
1265 4074 1293 4146 ς
1324 4073 1376 4140 9,
1402 4071 1457 4129 et
1485 4073 1554 4129 ad
1583 4089 1708 4128 ann.
1743 4071 1865 4138 541,
1911 4073 1940 4142 §
1973 4072 2058 4126 lt.

678 4207 760 4282 (a)
789 4207 1166 4282 [indumentum
1214 4208 1429 4279 aliquod
1451 4208 1704 4282 designat
1750 4222 1781 4261 a
1818 4207 2007 4282 Grmco
2050 4210 2203 4280 ἀμφι-

616 4276 783 4337 εὰδλὶ.»
813 4321 829 4346 ,
880 4281 1259 4349 circumpono,
1305 4276 1539 4347 operio,
1591 4277 1790 4349 induo,
1850 4286 1928 4349 ut_
1936 4276 2203 4349 observat

598 4345 967 4407 Colvencrius
996 4351 1049 4405 iu
1077 4345 1297 4405 sclioliis
1322 4345 1388 4403 ad
1417 4350 1649 4420 primum
1680 4348 1871 4420 librum
1888 4345 2198 4420 Flodoardi.

600 4422 864 4478 Octavius
890 4420 1168 4477 Ferrarius
1202 4420 1295 4474 lib.
1338 4436 1374 4474 ιι
1418 4416 1493 4475 ile
1540 4418 1620 4474 Re
1650 4418 1922 4481 vestiaria,
1956 4432 2078 4487 cap.
2110 4416 2197 4486 12,

602 4493 794 4549 scribit
854 4489 1017 4547 fuisse
1076 4504 1248 4561 genus
1294 4490 1525 4561 aliquid
1557 4489 1859 4561 vestimenti
1907 4487 1976 4542 ad
2031 4489 2202 4561 instar

604 4504 794 4549 scribit
854 4504 1017 4547 tuisse
1076 4504 1248 4614 genus
1294 4504 1493 4561 anqnnt
1557 4504 1859 4544 vesumenu
1907 4504 1976 4542 au
2031 4504 2202 4544 msuar

604 4564 788 4626 laeum,
843 4578 950 4617 non
998 4576 1087 4616 mu
1112 4572 1224 4632 tum
1267 4560 1531 4632 chlamydi
1576 4559 1869 4632 absimilis,
1913 4557 2062 4632 quod
2106 4573 2202 4615 ve-

602 4643 775 4717 teres
811 4631 1208 4717 nunpliimalluiu
1226 4627 1617 4717 "appellabant.
1693 4627 1970 4717 Elanetam
2032 4629 2202 4717 i'nter—
2227 4658 2276 4717 ο

605 4712 850 4774 pretatur
884 4697 1155 4774 iiAndreas
1226 4697 1512 4774 satissaius
1570 4700 1622 4774 in
1688 4697 1949 4774 PanOplia
2008 4700 2191 4755 cleric.

605 4770 747 4843 part.
784 4790 830 4837 ι,
882 4772 976 4827 lib.
1022 4787 1077 4837 ν,
1116 4786 1239 4841 cap.
1284 4770 1338 4826 5.
1371 4770 1505 4825 Nam
1544 4771 1673 4843 olim
1703 4770 1917 4843 planeta
1952 4777 2067 4824 tota
2107 4785 2199 4824 ro-

604 4840 774 4899 tunda
811 4851 957 4909 erat,
1001 4840 1447 4911 totum’mystam
1496 4840 1768 4911 ambiens;
1809 4840 1945 4895 adeo
1972 4848 2032 4895 ut
2072 4855 2197 4895 cum

603 4914 774 4970 sacris
803 4920 1141 4984 Operaretur,
1180 4926 1401 4967 necesse
1445 4918 1591 4984 esset
1642 4910 1862 4984 limbum
1908 4920 2196 4984 utrumque

604 4984 672 5038 ad
693 4980 939 5052 dextram
968 4992 1023 5038 et
1052 4983 1236 5037 lmvam
1260 4996 1425 5052 super
1450 4981 1776 5052 celebrantis
1805 4980 2023 5052 brachia
2045 4995 2194 5035 com—

603 5054 826 5123 plicarc.
862 5051 1012 5108 Unde
1039 5068 1157 5108 mos
1178 5052 1266 5107 ille
1304 5050 1717 5123 ortusvidetur,
1745 5066 1853 5121 quo
1894 5051 2194 5123 etiamnum

600 5121 841 5180 Solemus
867 5123 1161 5180 sacerdotis
1190 5122 1419 5178 hostiam
1447 5122 1679 5176 divinam
1720 5136 1787 5176 ac
1832 5121 2018 5176 salutis
2065 5136 2192 5191 per-

599 5202 775 5264 petua:
803 5194 1024 5250 calicem
1051 5193 1545 5264 attollentis,ioram
1583 5192 1777 5264 casula:
1823 5207 1934 5264 seu,
1963 5191 2191 5264 planetu:

604 5261 699 5319 aut
724 5265 933 5335 penula:
960 5264 1196 5330 elevare,
1227 5278 1294 5335 ne
1314 5262 1604 5335 celebranti
1636 5261 2031 5335 incommodum
2062 5261 2191 5317 affe-

600 5343 689 5389 rat
716 5332 884 5392 onere
910 5349 1045 5401 suo;
1069 5334 1315 5404 quamvis
1338 5334 1426 5388 vix
1447 5333 1558 5403 jam
1586 5347 1725 5403 opus
1767 5334 1839 5386 sit
1884 5333 1936 5388 id
1989 5332 2187 5396 facere,

602 5405 818 5475 planctu
854 5406 1105 5475 utrinque
1127 5404 1358 5475 dissecta
1387 5420 1418 5459 a
1438 5405 1631 5460 dextro
1659 5412 1715 5459 et
1737 5404 1956 5459 sinistro
1981 5404 2147 5475 latere
2173 5421 2185 5456 :

602 5472 741 5531 adeo
769 5484 828 5532 ut
853 5478 943 5548 qui
975 5472 1252 5530 tremenda
1278 5474 1388 5547 agit
1411 5477 1687 5546 mysteria,
1717 5474 1968 5548 expedite
2015 5472 2187 5548 lacer-

601 5551 689 5617 t_os
731 5544 1027 5617 manusque
1056 5553 1288 5617 moveat,
1326 5544 1805 5617 Vexseratquesine
1852 5544 1962 5600 ullo
2008 5545 2181 5599 obice.

603 5612 798 5688 (Ξοιιιτἶ
827 5612 957 5672 loco
977 5617 1144 5688 citato
1171 5616 1241 5671 ad
1268 5631 1393 5688 ann.
1419 5615 1543 5688 555,
1573 5612 1602 5688 ξ
1632 5613 1719 5688 52.

674 5683 754 5756 (ὁ)
781 5685 839 5740 ln
886 5687 1075 5756 multis
1114 5686 1513 5756 exemplaribus
1559 5683 1798 5756 praedicti
1854 5683 2187 5756 Testamenti

601 5753 856 5830 leguntur
871 5755 1178 5830 Lugdunum
1206 5753 1287 5830 et;
1300 5753 1682 5830 Lugduneizses,
1705 5756 1787 5830 _i_n
1827 5754 1947 5830 aliis
1975 5753 2188 5830 Lauda-

599 5841 725 5879 sumt
748 5833 804 5879 et

594 5905 656 5953 et
683 5893 1087 5967 Lugdunenses;
1113 5895 1206 5950 sed
1236 5897 1496 5951 monitum
1522 5906 1573 5953 te
1593 5886 1838 5953 volumus
1870 5886 2187 5966 Lugdunum

2312 564 2446 619 meis
2482 573 2540 620 et
2584 566 2901 622 diaconibus
2939 568 3030 637 qui
3080 578 3206 624 sunt
3235 569 3439 637 Remis,
3488 570 3564 643 (ά)
3607 573 3787 642 viginti
3829 585 3879 631 et

2311 654 2550 725 quinque
2578 654 2782 711 solidos
2817 658 3102 726 mqualiter
3150 659 3469 717 dividendus
3514 664 3569 718 in
3614 680 3879 722 commune

2311 744 2545 801 dimitto.
2577 745 2713 801 Vitis
2742 746 2985 818 plantam
3026 764 3190 819 super
3218 752 3429 808 vineam
3457 769 3638 808 meam
3671 755 3739 809 ad
3767 758 3879 812 sub-

2312 834 2576 890 urbanum
2630 837 2882 907 positam,
2930 839 3094 894 simili
3125 841 3289 897 modo
3314 844 3674 899 communiter
3721 848 3878 915 possi-

2311 926 2514 982 debunt
2534 943 2656 983 cum
2681 928 2915 985 Melanio
2942 930 3194 998 vinitore,
3218 949 3381 1003 quem
3408 935 3477 990 do
3499 936 3554 990 in
3583 935 3707 992 loco
3727 938 3882 993 eccle-

2312 1020 2513 1075 siastici
2543 1020 2778 1076 hominis
2808 1021 3130 1089 Albovichii,
3163 1032 3219 1078 ut
3264 1025 3613 1081 Albovicbius
3656 1027 3882 1084 libertate

2312 1111 2620 1181 plenissima
2651 1113 2973 1182 gerfruatur.
3015 1113 3455 1173 Subdiaconibus
3498 1118 3705 1174 solidos
3743 1118 3880 1184 duos,

2314 1205 2613 1262 lectoribus
2634 1205 2839 1261 solidos
2867 1206 3024 1272 duos,
3055 1209 3292 1263 ostiariis
3332 1216 3392 1265 et
3424 1210 3731 1280 junioribus
3771 1212 3886 1267 soli-

2312 1297 2413 1354 dos
2441 1298 2583 1354 duos
2605 1297 2774 1369 jubeo
2803 1298 2943 1354 dari.
2970 1299 3300 1371 Pauperibus
3327 1302 3382 1357 in
3404 1303 3688 1360 matricula
3719 1303 3887 1374 positis

2314 1396 2442 1444 ante
2469 1388 2619 1444 fores
2643 1388 2886 1446 ecclesiae
2912 1392 3356 1461 exspectantibus
3392 1393 3480 1462 sti,
3500 1408 3589 1448 em
3608 1435 3625 1459 ,
3669 1394 3775 1449 duo
3810 1410 3886 1450 so-

2316 1477 2428 1542 lidi,
2482 1479 2623 1535 unde
2670 1494 2733 1535 se
2774 1479 3039 1547 reﬁciant,
3091 1480 3412 1537 inferentur.
3468 1482 3548 1539 De
3605 1483 3885 1540 Vaculiaco

2316 1565 2666 1634 Frunimium,
2725 1567 3090 1640 Degaleifum,
3140 1571 3508 1641 Dagaredum,
3559 1572 3889 1642 Ductiouem,

2315 1657 2702 1725 Baudovicum,
2766 1658 3072 1727 Uddulfum,
3133 1660 3486 1728 Vinofeifam,
3536 1663 3737 1719 liberos
3785 1679 3891 1720 esse

2317 1751 2593 1821 praecipio.
2624 1750 3000 1820 Tennaredus,
3028 1752 3123 1821 qui
3159 1752 3231 1807 de
3256 1752 3486 1821 ingenua
3518 1754 3755 1810 nascitur
3790 1770 3891 1809 nia-

1435 1856 1536 1896 nee
1566 1856 1676 1896 non
1718 1854 1880 1910 agros
1921 1854 2059 1910 quos
2086 1855 2214 1912 pos-
2250 1872 2294 1932 B
2323 1847 2425 1906 tre,
2454 1846 2597 1894 statu
2628 1839 2894 1896 libertatis
2922 1848 3122 1896 utatur.
3158 1840 3239 1897 Tu
3269 1856 3428 1907 vero,
3465 1840 3538 1897 fili
3568 1843 3751 1899 fratris
3777 1845 3891 1908 mei,

2321 1930 2772 2001 Lupeepiscope,
2808 1938 2902 1986 tuo
2929 1930 3171 1988 dominio
3200 1931 3500 1990 vindicabis
3534 1932 3809 2000 Nifastem,
3843 1944 3895 1992 et

2316 2031 2541 2077 matrem
2586 2036 2738 2076 suam
2782 2022 3002 2078 Nuciam
3048 2023 3160 2095 (e):
3215 2024 3425 2080 vineam
3476 2039 3702 2096 quoque
3747 2041 3893 2095 quam

2314 2113 2475 2171 Enias
2499 2116 2699 2170 vinitor
2734 2117 2888 2172 colit.
2920 2114 3107 2172 Eniam
3136 2125 3194 2172 et
3231 2116 3529 2173 Monulfum
3577 2118 3698 2189 ejus
3745 2117 3893 2174 filium

2311 2207 2581 2276 iuniorem
2607 2206 2776 2277 jubeo
2813 2210 3062 2266 libertate
3101 2210 3370 2281 perfungi.
3401 2209 3744 2268 Mellovicum
3779 2227 3894 2282 pur-

2314 2297 2545 2367 carium,
2571 2309 2628 2354 et
2651 2297 3049 2357 Paschasiolam
3085 2304 3371 2371 conjugem
3408 2317 3603 2370 suam;
3634 2303 3892 2360 Vernivia-

2313 2401 2442 2441 num
2463 2402 2584 2443 cum
2617 2386 2741 2443 filiis
2763 2386 2894 2452 suis,
2922 2397 3152 2459 excepto
3189 2388 3554 2461 Widragasio,
3604 2392 3691 2448 cui
3731 2391 3893 2447 tribuo

2310 2479 2643 2547 libertatem,
2686 2488 2780 2537 tuo
2800 2480 2910 2551 juri
2957 2481 3262 2553 deputabis.
3315 2481 3543 2538 Servum
3597 2498 3776 2539 meum
3832 2482 3893 2539 de

2313 2570 2639 2628 Cessurnico
2672 2580 2827 2627 tuum
2850 2587 2972 2628 esse
2999 2573 3274 2643 praecipio.
3309 2573 3578 2643 Agrorum
3606 2581 3809 2645 partem
3833 2566 3893 2629 ad

2314 2672 2390 2726 te,
2419 2679 2581 2734 quam
2628 2664 2796 2720 frater
2830 2680 2982 2720 meus
3028 2663 3331 2736 Priueipius
3375 2666 3670 2737 episcopus
3715 2666 3892 2729 tenuit,

2313 2770 2437 2810 cum
2467 2754 2633 2820 silvis,
2665 2754 2855 2825 pratis,
2880 2754 3097 2824 pascuis
3121 2755 3424 2811 revocabis.
3454 2754 3692 2812 Servum
3726 2771 3893 2812 meum

2311 2860 2471 2915 quem
2487 2845 2806 2901 Mellonicus
2822 2845 3015 2913 tenuit,
3040 2845 3355 2903 Viteredum
3371 2847 3464 2903 tibi
3475 2847 3795 2920 derelinquo
3806 2849 3887 2920 (ῃ.

2314 2938 2729 3007 Teneursolum,
2752 2939 3072 3010 Capalinum
3101 2946 3157 2994 et
3181 2954 3404 2994 uxorem
3429 2954 3589 2995 suam
3629 2939 3889 2996 Teudoro-

2311 3046 2524 3100 senatu,
2555 3039 2649 3087 tuo
2672 3030 2778 3100 juri
2806 3029 3154 3100 dominioque
3197 3029 3519 3086 transcribo.
3562 3029 3884 3087 Teudonivia

2309 3138 2530 3193 quoque
2574 3138 2643 3178 ex
2669 3136 2789 3177 mea
2835 3120 3202 3191 prmceptione
3236 3120 3308 3175 sit
3348 3120 3538 3176 libera.
3592 3119 3888 3177 Edoveifan

2311 3230 2433 3285 quae
2461 3213 2665 3270 homini
2690 3221 2785 3267 tuo
2810 3213 3017 3267 sociata
3044 3210 3165 3278 fuit,
3195 3218 3250 3266 et
3271 3209 3391 3280 ejus
3408 3211 3785 3280 cognationem
3810 3223 3886 3264 re-

2313 3305 2529 3360 tinebis.
2565 3301 2799 3359 Uxorem
2829 3299 3062 3369 Aregildi
3090 3308 3147 3354 et
3167 3300 3545 3369 cognationem
3564 3312 3722 3357 suam
3748 3299 3887 3367 inge»

2309 3413 2446 3454 auos
2465 3410 2589 3452 esse
2608 3394 2796 3465 iubeo.
2826 3392 3044 3448 Partem
3069 3407 3244 3448 meam
3272 3392 3344 3448 de
3367 3399 3547 3464 prato,
3563 3392 3711 3463 quod
3748 3391 3883 3462 Lug-

2305 3576 2609 3639 Clavatum,
2659 3575 2829 3641 Laon,
2878 3573 3133 3644 intelligi,
3180 3571 3327 3644 quod
3369 3571 3559 3644 subest
3604 3569 3882 3644 metropoli

2307 3648 2589 3711 Rcmensi;
2646 3662 2752 3700 non
2817 3652 2994 3699 autem
3050 3641 3361 3711 Lugdunum
3422 3641 3870 3711 Segusianorum,

2309 3716 2651 3791 Lyou,_quod
2679 3725 2761 3771 est
2785 3722 2944 3791 caput
2972 3711 3016 3767 ϐ
3038 3710 3415 3791 illizeccltice:
3442 3712 3519 3765 lu.
3552 3711 3766 3791 ibid.,_§
3794 3710 3875 3791 5t.

2378 3780 3003 3861 (c)VLabb.,‘turil_sulum.
3033 3783 3100 3836 At
3128 3782 3573 3861 Col-leneriusad
3609 3780 3881 3861 Flodoardi

2307 3852 2397 3916 lib.
2424 3852 2462 3925 ι,
2494 3874 2612 3927 cap.
2649 3852 2736 3920 l8,
2771 3855 3187 3927 llistaltemeus.
3222 3852 3367 3927 Eccl.
3400 3853 3527 3927 legit
3581 3852 3883 3927 prquLedi:

2304 3920 2500 3987 diutius.
2524 3920 2709 3997 Neque
2731 3928 2886 3983 aliter
2899 3924 3165 3987 Coinlius,
3188 3923 3279 3992 qui
3289 3923 3421 3997 loco
3449 3920 3639 3997 citato,
3665 3921 3803 3997 §5§,
3822 3920 3883 3978 ad

2307 4003 2450 4056 hunc
2504 3991 2678 4055 locum
2721 3999 2835 4052 haec
2882 3997 3171 4051 observat:
3210 3991 3251 4045 7c
3288 3991 3583 4048 Diﬂicultas
3633 3991 3881 4057 oboritur,

2307 4074 2497 4140 inquit,
2525 4071 2665 4126 circa
2690 4066 2995 4140 turricutum
3036 4065 3461 4140 etimaginatum
3490 4064 3723 4140 calicem.
3753 4064 3877 4140 Nam

2305 4134 2539 4196 turriculi
2561 4140 2683 4196 loco
2708 4138 2988 4192 turibulum
3014 4134 3228 4206 quidam
3259 4142 3566 4206 reponunt;
3614 4134 3702 4189 alii
3734 4135 3882 4206 turri-

2303 4212 2493 4277 cutam,
2520 4219 2706 4266 contra
2750 4209 2908 4263 fidem
2962 4203 3201 4277 veterum
3243 4204 3653 4277 exemplarium,
3696 4203 3883 4277 quibus

2303 4274 2548 4339 standum
2579 4289 2828 4351 putmnus
2848 4294 2970 4351 cum
3001 4275 3352 4351 Colveneriq,
3384 4275 3471 4351 cui
3497 4274 3634 4330 calix
3664 4274 3881 4351 ιωτίᾳι-

2303 4353 2385 4408 lus
2413 4352 2552 4406 idem
2580 4342 2667 4405 est
2695 4368 2757 4405 ac
2795 4349 3019 4403 turritus
3055 4361 3146 4401 seu
3196 4345 3562 4410 turriculatus,
3611 4352 3767 4413 atque
3810 4342 3882 4399 ita

2302 4423 2477 4478 dictus
2505 4438 2536 4476 a
2565 4421 2758 4489 figura;
2784 4427 2842 4473 ut
2868 4427 2923 4474 et
2952 4418 3288 4489 imaginatus,
3320 4416 3445 4489 quia
3473 4415 3697 4489 sculptis
3723 4414 3883 4470 sam-is

2304 4484 2625 4562 imaginibus
2651 4500 2734 4547 est
2761 4484 3075 4562 insignitus:
3094 4485 3247 4562 Quod
3278 4486 3448 4562 hodie
3466 4484 3881 4562 εὕει-ξηροϐα-

2304 4553 2440 4626 ηιυέξ
2472 4564 2675 4632 antiqui
2708 4553 3701 4632 turriui‘dlxcrunt.TestisGreg‘orius
3721 4554 3880 4609 Turo-

2302 4635 2503 4699 nensis,
2530 4625 2670 4704 apud
2692 4647 2853 4701 quem
2894 4629 2986 4704 lib.
3018 4643 3056 4695 ι,
3087 4643 3205 4697 cap.
3240 4626 3333 4692 86,
3363 4626 3434 4681 de
3455 4625 3665 4704 __Gloria
3693 4633 3881 4704 marty-

2302 4720 2439 4766 rum,
2465 4697 2580 4761 haec
2601 4697 2850 4773 leguntur
2874 4719 2889 4753 :
2911 4700 3187 4773 Acceptam
3215 4708 3405 4773 turrem
3430 4697 3683 4773 diaconus
3707 4698 3771 4773 iis
3787 4709 3881 4773 qua

2298 4763 2597 4844 mysterium
2625 4763 2870 4828 dominici
2898 4763 3132 4837 corporis
3160 4766 3620 4890 Ιωδεὲιαιιινῖίειτε
3648 4763 3880 4837 capital

2298 4846 2504 4890 ostium-
2537 4843 2712 4890 Testis
2740 4852 2797 4890 et
2823 4843 3049 4890 insemet
3088 4838 3422 4890 Flodoardus
3501 4838 3589 4890 ist.
3632 4838 3873 4890 Remens.

2296 4838 2504 4899 ostium.
2537 4843 2712 4900 Testis
2740 4852 2797 4899 et
2822 4843 3058 4912 ipsemet
3088 4838 3422 4912 Flodpardus
3449 4838 3589 4912 l_list.
3632 4838 3873 4912 Remens.

2300 4916 2392 4971 lib.
2418 4932 2477 4983 ιι,
2507 4930 2626 4985 cap.
2657 4911 2711 4985 6,
2737 4929 2767 4968 a
2790 4906 2899 4982 quo
2940 4908 3186 4965 laudatur
3217 4907 3412 4985 Lando‘
3450 4907 3733 4963 Bernensis
3773 4906 3878 4985 epi-

2296 4977 2514 5055 scopus,
2537 4977 2683 5055 quod
2712 4977 2897 5039 turrim
2926 4997 3138 5055 auream
3167 4977 3609 5055 quqmgd_uotum
3631 4993 3782 5055 auum
3800 4977 3879 5055 [a-

2298 5047 2733 5125 bric'ari'fe'cerat,
2751 5069 2906 5124 super
2930 5052 3099 5106 altare
3119 5047 3288 5121 posuit
3315 5047 3379 5104 S.
3398 5047 3599 5104 Maria:
3621 5047 3877 5103 Remasis

2294 5128 2541 5183 ecclesia.
2580 5146 2598 5179 ι

2347 5199 2447 5270 ,(4)
2480 5196 2786 5253 Solidorum
2822 5192 3097 5270 quantitas
3137 5188 3741 5270 numeroquadraginta
3783 5187 3874 5270 de:

2298 5259 2574 5323 nariorum
2602 5259 3134 5336 computaturtsicut
3154 5270 3281 5336 tunc
3309 5259 3468 5316 solidi
3490 5259 3801 5336 agebantur,
3822 5264 3874 5312 et

2298 5338 2351 5391 in
2384 5329 2876 5409 Francorum'lege
2903 5333 3079 5409 Salica
3106 5332 3445 5409 continetur,
3477 5329 3541 5409 et
3559 5329 3872 5409 generaliter

2298 5410 2354 5463 in
2371 5410 2640 5466 solutione
2667 5399 2837 5476 usque
2853 5408 2919 5459 ad
2950 5413 3193 5476 tempora
3205 5400 3387 5476 Caroli
3404 5399 3736 5476 perduravit,
3768 5399 3873 5453 vcl-

2299 5489 2356 5533 ut
2405 5480 2456 5534 in
2498 5481 2617 5546 ejus
2670 5471 2930 5548 Capitulis
2976 5471 3265 5530 invenitur.
3317 5471 3474 5526 Lana.
3527 5471 3645 5528 loco
3691 5471 3868 5529 citato,

2293 5565 2416 5619 pag.
2459 5550 2585 5605 806.
3006 5615 3032 5619 _
3076 5615 3087 5619 Α
3157 5615 3166 5619 _
3306 5554 3309 5559 ’

2363 5566 2805 5694 ῗέῆῗὲἶεείιηυε
2843 5615 3243 5694 cuunﬁointio;
3301 5613 3392 5668 ubi
3423 5611 3671 5667 Labheus
3718 5611 3869 5664 habet

2295 5688 2516 5755 mutum;
2544 5688 2820 5749 mendose,
2849 5697 2907 5742 ut
2933 5688 3163 5742 videtur.

2364 5753 2768 5847 (DJPronornen
2790 5761 2902 5825 tibi,
2934 5758 3077 5827 quod
3117 5757 3272 5814 deest
3298 5754 3441 5828 apud
3488 5753 3784 5817 Labbcum,
3805 5759 3868 5803 cl

974 5840 1212 5897 unctius.
1255 5824 1591 5882 Retinuimus
1628 5826 1841 5897 quidem
1870 5824 2183 5897 Lugdunum
2290 5824 2508 5893 οοίὶίιίο
2536 5833 2771 5890 restitui.
