4144 6354
349 435 456 491 9ἷ5

1804 431 2180 490 OPUSCULA.

3502 433 3605 488 974

352 550 477 604 duni
505 550 657 618 juxta
686 563 784 603 vos
811 548 1002 614 habeo,
1030 546 1094 602 ad
1139 546 1397 603 imitatem
1429 546 1687 601 montium
1718 547 1917 616 posito,
1947 551 2001 609 Α
2026 558 2208 598 sevam
2236 551 2291 598 et
2334 523 2761 598 Baudorosevam
2792 543 2988 600 Leonis
3028 553 3264 613 neptem.
3309 553 3363 599 et
3402 545 3610 603 Marco-

352 650 407 697 et
434 656 552 711 qum
569 639 722 697 Jovia
750 650 875 697 sunt
901 640 1146 710 pratella,
1178 655 1296 710 qua:
1327 639 1492 704 tenui,
1521 638 1585 693 ad
1619 647 1672 693 te
1700 653 1926 693 revoca-

352 733 451 790 bis.
485 732 601 788 Tibi
632 742 829 795 aulem,
863 745 1033 802 nepos
1058 745 1211 785 meus
1238 730 1485 798 Agricola
1511 728 1810 799 presbyter,
1839 727 1929 797 qui

353 828 491 887 intra
532 825 857 881 domesticos
900 838 1049 878 meos
1091 824 1326 894 parietes
1374 821 1600 890 exegisti
1647 819 1929 889 pueritiam

356 925 522 981 tuam,
549 915 699 971 trado
723 926 884 985 atque
908 913 1206 968 transcribo
1242 911 1656 967 Merumvastem
1692 925 1927 974 servum,

353 1017 409 1063 et
429 994 652 1062 uxorem
676 1019 828 1059 suam
852 1003 1207 1066 Meuatenam,
1233 1004 1290 1056 'et
1315 1016 1502 1057 eorum
1525 998 1690 1055 filium
1717 999 1934 1055 nomine

355 1097 737 1154 Marcovicum.
788 1095 920 1166 Ejus
961 1095 1180 1150 fratrem
1227 1093 1561 1149 Medovicum
1611 1093 1774 1161 jubeo
1812 1106 1935 1146 esse

354 1188 601 1243 liberum.
630 1185 936 1240 Amantium
961 1192 1017 1239 et
1044 1199 1268 1239 uxorem
1302 1198 1453 1238 suam
1501 1183 1696 1249 Daero,
1726 1182 1938 1237 tibimet

355 1279 705 1348 derelinquo:
737 1293 925 1334 eorum
957 1275 1117 1332 filiam
1148 1291 1267 1332 esse
1303 1275 1554 1347 prmcipio
1582 1275 1802 1331 liberam
1834 1274 1938 1329 Da-

354 1371 658 1429 mindam.
698 1369 968 1424 Alaricum
1006 1383 1223 1423 servum
1274 1375 1377 1421 tua:
1416 1366 1614 1437 deputo
1659 1363 1932 1434 portioni:

353 1463 513 1535 cujus
537 1476 761 1518 ruerem
788 1475 950 1530 quam
974 1457 1180 1514 redemi
1208 1464 1265 1513 et
1291 1455 1596 1522 manumisi,
1618 1452 1939 1511 commendo

357 1554 643 1623 ingenuam
691 1549 1109 1608 defendendam.
1161 1546 1544 1603 Bebrimodum
1592 1555 1650 1601 et
1713 1559 1937 1599 uxorem

356 1659 509 1701 suam
534 1642 738 1699 Moram
778 1650 871 1697 tuo
897 1638 1136 1695 dominio
1183 1637 1496 1693 vindicabis.
1552 1635 1749 1691 Eorum
1802 1634 1941 1689 filius

359 1733 735 1791 lambat-ins
762 1728 1119 1801 gratulabitur
1162 1727 1428 1783 benelicio
1476 1725 1759 1780 libertatis.
1810 1722 1940 1777 Mel-

359 1823 619 1881 lanricum
645 1830 705 1878 et
729 1836 955 1878 uxorem
980 1835 1131 1875 suam
1153 1817 1442 1874 Placidiam
1470 1816 1538 1871 ad
1573 1824 1722 1871 tuum
1762 1814 1939 1869 domi-

2032 633 2214 688 leifum
2243 633 2407 689 lilium
2439 633 2703 687 Tottionis
2736 650 2748 686 :
2784 633 2885 689 hos
2926 642 3097 698 totos,
3133 634 3203 689 ﬁli
3254 635 3433 691 fratris
3480 639 3606 699 mei,

2032 723 2180 794 Lupe
2209 725 2476 794 episcope,
2500 724 2820 778 sacerdotali
2850 726 3173 780 auctoritate
3199 726 3398 782 liberos
3425 728 3614 782 defen-

2031 815 2195 871 sabis.
2230 813 2347 869 Tibi
2375 823 2552 870 autem
2576 815 2773 869 bteredi
2800 830 2933 869 mea:
2959 816 3201 872 ecclesia:
3222 817 3535 872 Flavianum
3561 830 3617 874 et

2033 919 2255 961 uxorem
2302 921 2453 960 suam
2500 905 2867 977 Sparagildem
2898 908 3041 963 dono
3082 926 3093 961 :
3165 923 3351 964 eorum
3394 911 3614 971 filiolam

2034 996 2315 1066 parvulam
2344 996 2752 1053 Flavarasevam
2778 998 3001 1054 liberam
3026 1015 3150 1057 esse
3194 1001 3466 1056 constitui.
3518 1002 3620 1058 Fc.

2037 1083 2270 1139 damiam
2296 1101 2518 1141 uxorem
2557 1086 2788 1153 Melanii,
2829 1096 2884 1142 et
2926 1103 3112 1143 eorum
3164 1092 3462 1161 parvulam,
3512 1092 3618 1148 Re-

2038 1192 2251 1232 menses
2278 1178 2575 1250 presbyteri
2600 1186 2654 1233 et
2681 1178 2895 1233 diaconi
2939 1181 3304 1249 possidebunt.
3353 1181 3618 1252 Cispicio-

2037 1269 2149 1324 lum
2177 1270 2428 1325 colonum
2459 1270 2685 1325 liberum
2714 1285 2832 1325 esse
2859 1271 3136 1341 praecipio,
3161 1280 3217 1326 et
3244 1272 3313 1326 ad
3362 1284 3615 1343 nepotem

2039 1374 2218 1415 meum
2246 1358 2458 1415 Aetium
2483 1360 2599 1429 ejus
2620 1360 2875 1417 familiam
2897 1363 3187 1432 pertinere,
3216 1364 3282 1418 ad
3314 1373 3618 1435 utrumque,

2040 1451 2094 1506 id
2116 1460 2218 1517 est,
2249 1451 2314 1506 ad
2346 1452 2558 1508 Aetium
2588 1463 2643 1508 et
2672 1453 3078 1523 Agatbimerum
3107 1456 3391 1524 pervenire
3413 1458 3621 1512 coloni-

2041 1561 2159 1601 caln
2195 1546 2520 1615 Passiacum.
2572 1545 2860 1617 Pronrpoti
2909 1563 3041 1601 meae
3089 1548 3424 1603 Prmtextane
3476 1549 3621 1605 dono

2043 1635 2469 1692 Modorosevam.
2521 1636 2826 1703 Profuturo,
2899 1638 3325 1693 Leudocharium
3392 1654 3619 1708 puerum

2044 1726 2217 1784 trado.
2248 1727 2544 1785 Profutura:
2587 1729 2701 1784 dari
2745 1729 2911 1799 jubeo
2954 1728 3342 1785 Leudoveram.
3401 1729 3617 1797 Lugdu-

2046 1819 2302 1875 nensibus
2321 1820 2758 1888 subdiaconibus,
2783 1822 3092 1887 lectoribus,
3120 1824 3355 1879 ostiariis
3379 1832 3434 1879 et
3450 1824 3622 1894 junio-

360 1919 507 1973 nium
534 1915 819 1972 revocabis
844 1931 861 1968 :
890 1912 1199 1971 Halat-idus
1222 1926 1411 1969 eorum
1431 1910 1571 1966 filius
1595 1909 1665 1964 sit
1692 1908 1937 1963 libertus.
1977 1926 2019 1984 Β
2043 1910 2190 1966 ribus
2218 1919 2452 1979 quatuor
2469 1911 2671 1967 solidos
2700 1911 3032 1982 derelinquo.
3063 1911 3394 1984 Pauperibus
3423 1915 3474 1969 in
3506 1930 3622 1969 ma-

360 2006 584 2062 Viucam
611 2020 771 2075 quam
803 2003 1108 2059 Mellaricus
1143 2001 1389 2073 Lugduni
1434 1999 1580 2064 facit,
1631 1999 1731 2055 tibi
1776 1999 1940 2064 dono,

361 2094 763 2150 Brittobaudem
792 2108 1008 2148 servum
1028 2106 1230 2155 meum,
1261 2105 1369 2147 nec
1391 2104 1505 2145 non
1526 2089 1693 2147 etiam
1728 2086 1944 2145 (ὶὶὺαί-

361 2202 505 2242 cum.
541 2187 761 2241 Vineam
793 2199 956 2254 quam
985 2183 1339 2238 Bebrimodus
1381 2180 1528 2246 facit,
1577 2182 1677 2241 tibi
1721 2190 1947 2238 eatenus

362 2278 699 2347 derelinquo,
732 2285 792 2330 ut
835 2274 1026 2331 diebus
1064 2274 1214 2330 festis
1261 2283 1316 2327 et
1362 2273 1610 2328 omnibus
1662 2271 1948 2329 dominicis

362 2370 529 2425 sacris
554 2367 812 2422 altaribus
840 2380 961 2420 mea
988 2364 1245 2419 offeratur
1290 2364 1515 2431 oblatio,
1557 2371 1717 2431 atque
1768 2376 1947 2416 annua

363 2460 608 2518 convivia
638 2457 996 2513 Remensibus
1022 2454 1350 2526 presbyteris
1377 2462 1435 2508 et
1473 2452 1785 2507 diaconibus
1810 2466 1947 2521 pnn-

364 2552 617 2616 beantur;
648 2549 947 2618 delegoque
981 2546 1163 2617 nepoti
1192 2559 1313 2600 meo
1343 2544 1669 2599 Prmtextato
1699 2542 1986 2599 Moderax

364 2653 498 2709 tum,
531 2643 863 2705 Tottionem,
892 2639 1273 2701 Marcovicum,
1303 2636 1676 2693 Innocentium
1728 2650 1946 2690 servum

367 2749 527 2804 quem
557 2733 739 2802 accepi
766 2747 797 2786 a
828 2729 1112 2785 Profuturo
1147 2728 1437 2797 origiuario
1467 2742 1610 2791 meo,
1643 2724 1947 2780 cochlearia

365 2832 599 2892 quatuor
617 2821 684 2875 de
714 2817 1027 2888 majoribus,
1070 2815 1432 2879 acetabulum,
1483 2814 1750 2870 lacernam
1785 2827 1948 2883 quam

368 2912 498 2967 mihi
532 2910 800 2965 Tribunus
829 2906 1115 2962 Friaredus
1135 2906 1301 2969 dedit,
1339 2913 1396 2960 et
1441 2910 1753 2973 argenteam
1797 2902 1951 2957 tabu-

368 3003 477 3059 lam
500 3003 797 3070 figuratam.
831 2998 1022 3052 Filiole
1047 2996 1189 3050 illius
1217 2993 1450 3050 Paronio
1498 2993 1856 3059 acetabulum,
1895 3000 1951 3047 et

368 3095 470 3149 tria
499 3092 822 3156 cochlearia,
841 3097 897 3145 et
924 3088 1158 3145 casulam
1176 3086 1329 3157 cujus
1356 3086 1590 3141 fimbrias
1603 3086 1947 3141 commutavi.

366 3184 623 3254 Remigize
649 3180 952 3239 cochlearia
984 3180 1105 3244 tria,
1130 3192 1249 3248 qua:
1268 3192 1392 3235 meo
1419 3186 1544 3232 sunt
1572 3176 1789 3232 nomine
1821 3176 1949 3231 titu-

2046 2001 2237 2057 tricula
2266 2002 2456 2071 positis
2484 2001 2688 2056 solidus
2708 2002 2919 2057 dabitur
2941 2003 3007 2057 ad
3024 2018 3210 2059 eorum
3231 2004 3581 2062 refectionem
3605 2026 3619 2073 ;

2043 2091 2341 2159 delegoque
2362 2098 2485 2146 octo
2501 2091 2701 2147 solidos
2722 2092 2965 2147 ecclesia:
2989 2091 3337 2148 Suessionum
3362 2110 3461 2165 pro
3481 2110 3623 2150 com-

2044 2182 2437 2237 memoratione
2478 2182 2708 2236 nominis
2754 2183 2895 2246 mei;
2940 2180 3321 2240 Catalaunensi
3383 2187 3624 2242 ecclesia:

2043 2272 2247 2331 solidos
2274 2288 2388 2340 sex,
2419 2272 2807 2342 Mosomagensi
2835 2273 3038 2330 solidos
3069 2276 3327 2345 quinque,
3352 2277 3625 2348 Vongcnsi

2046 2374 2232 2431 agrum
2262 2362 2403 2432 apud
2433 2362 2700 2417 ol‘liciuam
2750 2363 3088 2429 molinarum,
3119 2379 3238 2434 quzc
3270 2366 3341 2420 ibi
3368 2375 3451 2422 est
3496 2383 3624 2423 cou-

2045 2451 2625 2522 stituta;Catarigensi
2651 2454 2894 2509 ecclesia:
2942 2455 3142 2512 solidos
3192 2466 3441 2527 quatuor,
3494 2461 3624 2515 toti-

2047 2541 2277 2615 demque
2305 2542 2553 2599 Portensi
2583 2560 2682 2615 pro
2707 2549 3225 2605 commemoratione
3246 2551 3351 2606 mei
3396 2554 3627 2610 nominis

2047 2629 2367 2688 inferentur.
2392 2631 2512 2690 Ursi
2539 2634 2904 2691 archidiaconi
2933 2636 3281 2694 familiaribus
3311 2656 3443 2696 usus
3466 2643 3627 2700 obse-

2047 2721 2209 2790 quiis,
2252 2720 2394 2777 dono
2432 2723 2483 2778 ei
2531 2722 2679 2779 domi
2729 2725 2928 2799 textilis
2971 2728 3207 2782 casulam
3254 2730 3524 2797 subtilem,
3573 2744 3628 2791 et

2049 2811 2209 2865 aliam
2238 2810 2568 2881 pleniorem;
2599 2813 2706 2870 duo
2734 2829 2859 2884 saga
2882 2816 3128 2883 delicata,
3154 2827 3334 2889 tapete
3361 2823 3503 2891 quod
3529 2824 3628 2878 ba-

2049 2900 2154 2957 beo
2179 2903 2232 2956 in
2257 2903 2420 2971 lecto,
2448 2913 2505 2959 et
2533 2905 2768 2961 tunicam
2787 2922 2949 2977 quam
2977 2917 3218 2981 tempore
3248 2915 3502 2971 transitus
3521 2918 3627 2974 mei

2050 2992 2322 3063 reliquero
2355 2995 2653 3051 meliorem.
2699 2995 2953 3056 Haeredes
2986 3001 3112 3068 mei,
3161 3001 3309 3075 Lupe
3352 3006 3625 3077 episcope,

2050 3091 2108 3140 et
2134 3084 2383 3156 Agricola
2408 3089 2707 3159 presbyter,
2737 3104 2931 3158 porcos
2968 3105 3119 3148 meos
3155 3092 3296 3149 inter
3322 3109 3419 3152 vos
3450 3111 3628 3168 mqua-

2052 3175 2175 3231 liter
2194 3176 2460 3233 dividetis.
2494 3175 2778 3235 Friaredus
2802 3194 2964 3250 quem
2991 3196 3062 3241 ne
3089 3183 3442 3254 occideretur,
3490 3202 3628 3258 qua-

368 3274 475 3328 lata
502 3290 516 3328 :
540 3273 774 3329 mantele
802 3273 969 3343 ipsius
1007 3272 1153 3343 quod
1182 3273 1356 3328 habeo
1385 3271 1588 3337 feriale,
1613 3270 1944 3327 transcribo:
1976 3285 2020 3348 C
2055 3267 2350 3323 tuordecim
2371 3267 2554 3324 solidis
2574 3270 2901 3339 comparavi,
2926 3271 3062 3328 duos
3083 3287 3374 3331 concessos
3398 3277 3625 3333 habeat:

367 3363 764 3421 bichinaculum
791 3379 1007 3434 quoque
1026 3363 1170 3419 dono
1226 3363 1321 3427 illi,
1348 3362 1416 3419 de
1456 3377 1564 3432 quo
1611 3359 1948 3418 Gundobado

366 3455 494 3510 dixi.
528 3450 835 3523 Delegoque
872 3454 1168 3510 benedictae
1213 3453 1333 3508 ﬁliae
1378 3468 1513 3507 mea:
1556 3452 1785 3508 Helarize
1830 3452 1947 3507 dia-

366 3562 516 3604 conm
537 3547 786 3603 ancillam
817 3547 1035 3602 nomine
1061 3545 1281 3610 Noram,
1319 3553 1374 3601 et
1401 3545 1587 3600 vitium
1631 3545 1945 3615 pedaturam

364 3655 485 3712 quae
514 3656 621 3696 sum
642 3641 883 3710 jungitur
909 3640 1081 3694 vineae
1101 3653 1261 3708 quam
1288 3637 1533 3694 Cattusio
1566 3637 1714 3706 facit,
1761 3637 1905 3692 dono
1929 3653 1943 3702 ;

366 3741 422 3788 et
450 3742 655 3802 partem
686 3747 863 3788 meam
885 3728 953 3787 de
980 3730 1094 3800 Tal|
1117 3731 1331 3787 usciaco
1375 3729 1676 3785 transcribo
1708 3744 1804 3799 pro
1849 3728 1947 3784 ob-

366 3823 567 3892 sequiis
594 3839 713 3893 quae
740 3823 867 3877 mihi
893 3823 1261 3879 indesinenter
1285 3821 1563 3893 impendit.
1583 3820 1740 3876 Aetio
1763 3820 1946 3890 nepoti

365 3928 489 3969 meo
511 3922 714 3983 partem
744 3913 810 3969 de
837 3911 1162 3969 Cessurnico
1190 3927 1309 3981 qum
1344 3912 1472 3967 mibi
1494 3920 1642 3968 sorte
1673 3910 1947 3967 divisionis

363 4006 607 4075 obvenit,
638 4022 757 4061 cum
782 4005 929 4060 omni
949 4005 1074 4074 jure
1111 4004 1255 4074 quod
1302 4004 1448 4058 tenui
1477 4010 1639 4072 atque
1686 4002 1897 4073 possedi
1923 4020 1943 4069 ς

365 4098 705 4154 Ambrosium
734 4113 949 4168 quoque
977 4112 1199 4168 puerum
1227 4096 1293 4151 ad
1315 4095 1405 4164 jus
1438 4096 1578 4151 illius
1624 4095 1947 4151 dominium-

362 4204 472 4259 que
495 4191 819 4246 transmitte.
846 4189 1071 4245 Vitalem
1097 4188 1346 4245 colonum
1372 4188 1594 4243 liberum
1615 4201 1736 4243 esse.
1757 4186 1943 4257 jubeo,

363 4287 423 4335 et
447 4278 696 4336 familiam
725 4295 877 4336 suam
919 4279 987 4335 ad
1015 4288 1267 4351 nepotem
1310 4293 1489 4333 meum
1538 4277 1943 4347 Agathimerum

363 4371 651 4441 pertinere,
681 4371 768 4426 cui
796 4370 1009 4426 vineam
1037 4371 1182 4426 dono
1208 4384 1368 4440 quam
1405 4370 1560 4440 posui
1590 4368 1942 4435 Vindonissae,

360 4469 418 4518 et
443 4478 565 4519 meo
587 4462 774 4531 labore
801 4463 1055 4518 constitui
1087 4479 1099 4514 :
1133 4461 1233 4515 sub
1261 4476 1325 4516 ea
1346 4459 1656 4516 conditione
1703 4467 1757 4513 ut
1789 4474 1818 4513 a
1848 4474 1945 4528 pa-

360 4553 534 4609 tribus
573 4553 684 4609 suis
722 4553 973 4609 omnibus
1002 4552 1190 4607 diebus
1217 4550 1369 4606 festis
1405 4566 1469 4606 ac
1516 4550 1800 4606 dominicis
1843 4564 1943 4619 pro

359 4644 870 4700 commemoratione
897 4658 1017 4698 mea
1041 4642 1208 4699 sacris
1226 4642 1483 4697 altaribus
1510 4639 1769 4697 offeratur
1793 4639 1944 4695 obla-

359 4734 455 4802 tio,
487 4742 544 4790 et
570 4734 1015 4803 Lugdunensibus
1049 4732 1378 4805 presbyteris
1424 4740 1588 4802 atque
1627 4730 1941 4786 diaconibus

359 4840 536 4881 annua
583 4825 849 4890 convivia,
897 4823 1230 4881 concedente
1272 4822 1521 4888 Domino,
1575 4820 1938 4892 praebeantur.

356 4917 510 4974 Dono
552 4917 794 4975 ecclesia:
838 4914 1175 4987 Lugdunensi
1215 4915 1417 4973 solidos
1459 4914 1646 4970 decem
1695 4922 1750 4970 et
1790 4922 1936 4977 octo,

355 5015 492 5077 quos
520 5007 820 5082 presbyteri
842 5016 899 5062 et
919 5006 1131 5063 diaconi
1161 5006 1303 5061 inter
1337 5021 1398 5060 se
1436 5004 1629 5075 aequali
1672 5004 1938 5059 divisione

354 5084 696 5152 distribuant.
723 5095 936 5151 Partem
965 5110 1141 5152 meam
1165 5095 1235 5150 de
1262 5094 1418 5151 Secia
1444 5109 1513 5150 ex
1538 5095 1745 5163 integro
1773 5094 1839 5148 ad
1879 5107 1940 5149 se

354 5199 573 5245 revocet
599 5189 827 5245 ecclesia
857 5186 1247 5257 Lugdunensis.
1290 5184 1623 5243 Commendo
1662 5186 1938 5244 sanctitati

354 5285 480 5341 tute,
524 5277 597 5333 fili
639 5279 820 5335 fratris
856 5280 982 5346 mei,
1034 5277 1183 5349 Lupe
1225 5278 1494 5349 episcope,
1536 5294 1673 5349 quos
1714 5279 1937 5335 libertos

352 5384 472 5426 esse
498 5372 770 5444 praecipio,
790 5371 1199 5429 Carthusionem
1220 5380 1277 5427 et
1295 5370 1629 5427 Auliatevam
1650 5372 1932 5442 conjugem

350 5476 537 5528 suam;
567 5462 925 5531 Nonnionem,
958 5464 1051 5533 qui
1080 5478 1254 5519 meam
1285 5464 1495 5519 vineam
1529 5461 1688 5529 facit;
1718 5462 1935 5519 Suuno-

349 5552 577 5623 veifam,
620 5568 782 5625 quam
828 5554 1094 5624 captivam
1138 5553 1372 5619 redemi,
1414 5554 1569 5609 bonis
1613 5553 1925 5624 parentibus

350 5650 553 5708 natam,
585 5650 640 5698 et
667 5642 783 5714 ejus
832 5644 999 5698 lilium
1044 5643 1446 5709 Leuberedum;
1491 5643 1822 5701 Mellaridnm
1869 5654 1925 5701 et

347 5730 721 5802 Mellatevam;
747 5735 1035 5791 Vasantam
1067 5751 1327 5808 coquum,
1356 5736 1656 5801 Cesariam,
1685 5736 1923 5809 Dagara-

2049 3355 2334 3413 duodecim
2363 3358 2455 3413 det
2484 3358 2551 3412 ad
2590 3360 2823 3415 basilicm
2851 3358 3169 3423 damnorum
3217 3374 3512 3437 martyrum
3539 3367 3628 3422 Ti-

2048 3450 2253 3504 mothei
2271 3458 2329 3504 et
2368 3450 2692 3520 Apollinaris
2719 3467 2990 3508 cameram
3030 3454 3348 3519 facienlam.
3398 3458 3522 3515 Hrec
3556 3472 3627 3520 ua

2048 3538 2147 3606 do,
2194 3540 2267 3595 ita
2298 3540 2441 3610 lego,
2486 3543 2558 3597 ita
2600 3550 2785 3600 testor.
2827 3543 3032 3600 Canem
3068 3562 3276 3617 omnes,
3323 3552 3628 3613 exbmredea

2049 3638 2246 3699 estote,
2278 3642 2515 3689 suntote.
2546 3632 2685 3691 Huic
2722 3644 2902 3691 autem
2935 3645 3257 3696 testamento
3282 3620 3428 3699 meo
3471 3646 3626 3703 dolus

2048 3721 2221 3777 malus
2243 3723 2415 3793 abest,
2440 3725 2737 3797 aberitque.
2767 3728 2824 3783 In
2849 3744 2976 3800 quo,
3009 3731 3053 3788 si
3080 3747 3182 3802 qua
3205 3733 3362 3790 litura
3390 3737 3474 3793 vel
3494 3739 3627 3794 cha-

2047 3821 2301 3870 taxatura
2329 3815 2491 3871 fuerit
2517 3818 2753 3886 inventa,
2782 3821 2923 3877 facta
2950 3832 3033 3878 est
3064 3839 3152 3879 me
3188 3838 3472 3898 praesente,
3501 3831 3627 3888 dum

2046 3918 2079 3958 a
2105 3920 2194 3961 me
2235 3907 2492 3977 relegitur
2516 3918 2572 3966 et
2599 3913 2936 3969 emendatur.
2984 3915 3175 3972 Actum
3209 3918 3393 3978 Remis
3436 3924 3524 3979 die
3572 3933 3628 3981 et

2046 3997 2269 4053 ccnsule
2325 4016 2486 4071 supra
2539 4004 2773 4074 scripto,
2832 4006 3287 4068 intercedentibus
3334 4023 3391 4069 et
3436 4018 3628 4074 mediis

2044 4086 2419 4156 signatoribus.
3026 4106 3037 4114 '

2114 4180 2155 4253 -ι-
2179 4179 2455 4252 Remigius
2482 4185 2767 4257 episcopus
2799 4195 3180 4248 testamentum
3228 4211 3407 4253 meum
3437 4199 3625 4271 relegi,

2045 4272 2274 4343 signavi,
2301 4277 2614 4347 subscripsi,
2642 4287 2696 4335 et
2733 4280 2786 4336 in
2826 4283 3045 4340 nomine
3080 4285 3257 4344 Patris
3303 4299 3358 4346 et
3403 4291 3523 4349 Filii
3571 4303 3627 4350 et

2044 4362 2280 4435 Spiritus
2308 4369 2499 4435 sancti,
2527 4368 2757 4428 Domino
2785 4372 3073 4443 adjuvante
3098 4380 3384 4450 complevi.

2116 4455 2180 4509 V.
2218 4457 2283 4511 C.
2323 4456 2591 4528 Pappolus
2617 4460 2853 4527 interfui,
2886 4473 2941 4520 et
2968 4466 3275 4540 subscripsi.

2114 4547 2178 4604 V.
2218 4547 2279 4605 C.
2322 4549 2630 4609 Rusticolus
2651 4554 2889 4622 interfui,
2915 4566 2970 4612 et
2988 4558 3207 4628 signavi.
3303 4605 3323 4623 .

1971 4655 2025 4715 Ι)
2119 4640 2184 4695 ν.
2221 4640 2282 4696 C.
2325 4641 2584 4699 Eulodius
2603 4645 2839 4711 interfui,
2868 4658 2924 4704 et
2944 4650 3167 4720 signavi.

2113 4729 2178 4784 V.
2215 4727 2277 4786 C.
2316 4730 2603 4804 Eutropius
2629 4736 2863 4804 interfui,
2896 4748 2953 4795 et
2978 4742 3203 4810 signavi.

2113 4822 2178 4876 γ.
2219 4822 2282 4879 C.
2322 4823 2584 4882 Eusebius
2609 4827 2847 4898 interfui,
2875 4838 2931 4887 et
2953 4832 3175 4902 signavi.

2112 4915 2173 4971 V.
2217 4915 2281 4973 C.
2324 4916 2549 4975 Daweus
2575 4920 2806 4988 interfui,
2843 4931 2900 4980 et
2925 4924 3153 4995 signavi.

2110 5007 2241 5066 Post
2260 5011 2536 5067 conditum
2561 5020 2961 5083 testamentum,
2986 5018 3096 5075 imo
3114 5019 3401 5089 signatum,
3432 5040 3623 5082 occur-

2039 5101 2112 5156 rit
2137 5103 2385 5160 sensibus
2411 5104 2565 5171 meis,
2599 5114 2659 5160 ut
2684 5105 2920 5164 basilicae
2955 5108 3278 5167 domnorum
3327 5125 3619 5188 martyrum

2042 5190 2310 5250 Timothei
2349 5203 2407 5249 et
2435 5194 2761 5267 Apollinaris
2805 5199 3109 5257 missorium
3156 5214 3470 5274 argenteum
3525 5224 3623 5266 sex

2039 5282 2296 5340 librarum
2325 5285 2397 5342 ibi
2421 5287 2697 5359 deputem,
2724 5299 2783 5347 ut
2811 5307 2880 5348 ex
2901 5308 2967 5350 eo
2997 5296 3151 5352 sedes
3170 5295 3348 5355 futura
3375 5316 3621 5359 meorum

2037 5374 2238 5430 ossium
2264 5387 2640 5446 componatur.

2216 5473 2244 5504 ⁸
2271 5465 2539 5523 VERSUS
2578 5469 2641 5524 A.
2683 5470 2745 5525 Β.
2785 5471 3067 5530 REMIGIO
3104 5477 3437 5549 DEDICATI,

2029 5555 2261 5631 Ejusque
2279 5559 2428 5630 jussu
2448 5561 2503 5615 in
2522 5579 2641 5617 uase
2652 5575 2893 5635 argenteo
2921 5566 3164 5640 insculpti
3192 5571 3263 5625 ad
3284 5588 3429 5628 usum
3462 5592 3616 5631 rene-

2359 5650 2541 5705 rabilis
2578 5655 2891 5709 sacramenti
2928 5655 3291 5718 Eutharicum.

2030 5736 2255 5796 Hauriat
2280 5740 2406 5798 hinc
2429 5743 2660 5815 populus
2684 5745 2852 5803 vitam
2878 5747 2946 5805 de
2969 5752 3229 5821 sanguine
3255 5768 3429 5825 sacro,

420 5898 445 5929 ι
472 5887 587 5945 ﬂos
608 5901 796 5945 versus
822 5890 1012 5945 recitat
1031 5887 1363 5946 Flodoardus
1389 5889 1439 5943 in
1481 5886 1614 5944 Hist.
1666 5888 1918 5950 Remens.
1959 5891 2050 5949 lib.
2086 5907 2123 5961 ι,
2155 5908 2275 5966 cap.
2320 5893 2403 5954 lt).
