4168 6348
505 421 637 486 '919

532 545 626 594 582
675 542 726 592 lu
754 547 903 604 patria
930 542 1054 590 nulla
1080 545 1175 590 erit
1201 541 1468 604 indigentia
1493 545 1576 589 aut
1597 539 1752 604 labor,
1773 541 1859 588 sed
1886 539 2104 604 perlecta

533 601 827 666 requies-et
862 606 1082 665 satietas,
1111 604 1212 666 i8t_.
1258 601 1380 666 Octo
1403 602 1732 666 beatitudines
1770 601 1968 666 monilia
1995 608 2109 666 sunt

533 664 809 714 sanctarum
835 664 1222 724 νὶι-ὲςίηυιιιληϐ.
1266 665 1438 714 Christi
1463 666 1601 721 virgo
1624 664 1776 711 debet
1799 673 1908 712 octo
1949 664 2103 711 beativ

538 729 733 776 tudines
754 729 798 774 in
821 726 972 787 gradu
1000 723 1216 786 perfecto
1242 727 1512 787 possidere,
1537 727 1643 784 175,
1670 724 1774 773 176.

601 785 878 837 Beelzebub
903 785 1130 847 princeps
1150 785 1311 835 musca
1341 800 1419 836 um
1445 787 1813 845 interpretatur,
1844 785 1952 847 450.

597 844 1023 902 Ββηονοιυςζηυα
1045 844 1222 896 nomen
1248 850 1498 897 benevolus
1521 861 1580 897 ex
1609 849 1737 895 bene
1763 855 1815 896 et
1837 844 1967 895 velle
1987 858 2112 894 com-

538 914 742 971 positum
771 915 865 969 est,
897 908 998 956 184.

601 971 818 1018 Βοετιισε
845 973 1117 1031 episcopus,
1146 971 1254 1019 286.

598 1031 717 1079 Boni
741 1032 805 1077 de
832 1028 1065 1091 maiorum
1093 1031 1415 1093 perversitate
1443 1038 1661 1092 gemunt.
1691 1031 1802 1093 375.
1845 1028 1949 1078 Nec
1970 1029 2114 1077 bonis

546 1094 958 1153 praesumendum,
985 1105 1078 1142 nec
1097 1092 1242 1142 malis
1261 1093 1641 1153 desiierandum,
1663 1092 1775 1153 557.

601 1153 726 1203 Boni
777 1150 954 1203 fideles
1001 1157 1150 1204 etiam
1202 1168 1226 1201 a
1273 1150 1524 1201 catholicis
1571 1150 1916 1201 coelesiasticaa
1963 1150 2114 1200 tradi-

537 1216 653 1286 tioni
679 1227 906 1325 nonagire,
922 1216 1012 1264 sed
1030 1228 1183 1277 Opere
1207 1216 1592 1277 repugnantibus
1614 1213 2007 1275 persecutionem
2031 1223 2116 1274 pa-

541 1285 746 1325 tiuntur.
834 1280 879 1325 5.

541 1280 746 1332 tiuntur,
770 1280 879 1325 575.

606 1338 793 1386 Bonum
832 1337 938 1385 aliis
975 1335 1264 1395 faciendum,
1295 1337 1404 1392 574.
1429 1336 1520 1385 575
1545 1341 1588 1384 ει
1613 1348 1710 1396 seq.
1753 1334 1888 1392 Quod
1927 1346 2118 1382 summe

543 1405 621 1447 est
652 1411 888 1446 summurn
917 1401 1093 1446 bonum
1125 1407 1218 1455 est,
1252 1400 1356 1448 121.
1397 1397 1471 1446 De.
1496 1398 1672 1458 quibus
1707 1403 1760 1444 et
1776 1396 1840 1458 de
1875 1409 1971 1456 quo
1992 1397 2118 1442 bono

543 1459 722 1522 dictum
747 1461 836 1517 sit,
865 1461 972 1509 Non
995 1467 1062 1509 est
1087 1459 1167 1522 qui
1193 1459 1337 1516 faciat
1361 1457 1548 1522 bonum.
1574 1457 1635 1522 4._
1659 1457 1783 1516 Quid
1807 1458 1869 1506 sit
1891 1459 2116 1522 recipere

545 1519 670 1583 bona
697 1523 744 1568 in
766 1516 854 1568 vita
872 1533 959 1569 sua
985 1528 1037 1570 et
1061 1516 1285 1583 récipere
1311 1519 1450 1575 mala,
1474 1519 1734 1583 195,,Boua
1760 1526 1811 1567 et
1835 1516 1966 1583 mali
1979 1518 2121 1583 hujus

511 1615 514 1617 λ
548 1582 658 1629 vitae
682 1583 820 1630 bonis
857 1592 907 1630 et.
940 1583 1076 1630 malis
1096 1579 1384 1637 communia,
1412 1582 1519 1629 428.
1561 1579 1667 1629 Non
1692 1591 1865 1628 omnes
1886 1581 1968 1640 qui
1996 1580 2120 1640 bona

585 1644 807 1691 l'ti'St’nliS
831 1645 940 1693 vitae
967 1645 1145 1692 habent
1174 1644 1294 1692 bona
1322 1645 1577 1703 priesentis
1599 1644 1709 1690 vitae
1735 1639 1994 1703 recipiunt,
2017 1639 2118 1703 195.

575 1717 603 1769 n
621 1704 763 1769 justis
784 1712 833 1769 et
852 1705 1038 1769 injustis
1056 1700 1359 1769 quaecunque
1378 1706 1499 1769 bona
1523 1710 1575 1752 et
1591 1700 2123 1769 justa_D_eo_'danda_..i.

546 1761 655 1827 Deo
681 1766 727 1812 in
754 1761 1143 1827 nobis'operante
1169 1765 1220 1813 iit
1243 1761 1385 1813 omne
1409 1761 1738 1827 bonumquod
1764 1761 2119 1827 facimusﬁbid:

555 1825 686 1887 l‘iinc
711 1828 755 1874 in
786 1829 925 1876 bonis
942 1822 1379 1887 perseverabimus
1405 1833 1454 1874 et
1480 1822 1797 1887 proﬁciemus,
1822 1824 1863 1872 si
1883 1822 2125 1887 quidquid

548 1884 962 1953 habemiis__bonze'
977 1888 1242 1953 thllllllalis
1276 1894 1327 1953 et
1349 1889 1646 1953 Operatiou’s
1666 1884 1778 1953 Deo
1799 1885 2120 1953 assignemus,

553 1948 660 1998 189.
701 1947 843 1997 Nulla
877 1957 1038 1998 creata
1055 1951 1321 1997 substantia
1358 1944 1464 1996 sive
1493 1948 1716 2011 humana,
1739 1945 1843 2011 sive
1878 1944 2121 2011 angelica,

550 2018 711 2069 potest
730 2011 867 2058 nobis
885 2022 1080 2057 omnem
1099 2011 1212 2058 boni
1238 2010 1575 2057 sutlicientiam
1599 2008 1993 2069 subministrare,
2017 2007 2121 2054 178.

613 2069 871 2118 Brachium
896 2070 1087 2119 Domini
1113 2070 1337 2120 divinitas
1364 2069 1471 2118 Filii
1497 2069 1608 2126 Dei,
1639 2070 1744 2128 134,
1771 2068 1877 2118 155.

1324 2153 1360 2202 C

614 2245 841 2295 (ἴεοιτλε.
867 2244 997 2294 Nihil
1023 2254 1097 2295 est
1118 2246 1246 2295 aliud
1270 2246 1526 2299 excacari,
1548 2256 1690 2306 quam
1714 2243 1898 2291 lumine
1921 2244 2123 2306 privari,

551 2308 660 2370 571.
681 2308 845 2370 Cordis
861 2310 1051 2356 caecitas
1073 2308 1253 2370 etquid
1273 2307 1440 2356 credat
1459 2314 1509 2355 et
1525 2303 1640 2367 quid
1662 2312 1773 2370 agat
1793 2303 2003 2370 ignorat,
2020 2303 2126 2370 198.

551 2368 686 2418 Sicut
723 2382 812 2430 per
834 2368 1032 2416 luminis
1053 2364 1340 2418 inlusionem
1364 2364 1558 2418 Caecitas
1579 2364 1712 2430 oculi
1735 2364 2021 2430 expellitur,
2061 2368 2129 2415 ita

551 2441 645 2491 per
665 2427 1000 2479 remissionem
1028 2438 1331 2490 peccutOrum
1355 2431 1549 2478 caecitas
1570 2427 1880 2491 cordis,_37i_.

617 2490 767 2541 Calix.
795 2487 1090 2539 Divisioném
1111 2491 1279 2541 calicis
1302 2491 1536 2539 Dominus
1555 2489 1807 2550 discipulis
1828 2487 1990 2552 dedit,
2017 2489 2129 2552 quia

551 2551 670 2613 ipsis
691 2553 982 2612 docentibus
1017 2563 1182 2614 sancta
1208 2552 1420 2601 Ecclesia
1455 2549 1790 2614 cognitionem
1817 2549 1974 2614 ,hujus
2004 2549 2132 2614 divi-_

553 2611 702 2662 sionis
724 2617 936 2672 accepit,
962 2614 1071 2662 266.
1119 2613 1244 2662 Dicit
1268 2622 1432 2662 autem
1468 2611 1685 2662 ut'iiiter
1713 2626 1768 2660 se
1801 2611 2043 2669 dividant,
2082 2612 2131 2660 id

554 2683 658 2733 est,
699 2677 745 2723 in
771 2682 959 2724 unitate
985 2676 1193 2735 Spiritus
1217 2681 1269 2724 et
1292 2673 1486 2723 vinculo
1507 2676 1654 2736 pacis,
1681 2672 1807 2736 ibid.
1831 2673 2132 2736 variassen-

555 2740 725 2786 lentim
759 2739 824 2786 de
859 2733 1189 2794 calice—quem
1223 2738 1376 2785 Lucas
1412 2733 1574 2783 narrat
1596 2737 1759 2783 datum
1783 2733 2047 2794 discipulis.
2077 2741 2132 2783 et

554 2798 668 2866 q_uid
691 2804 901 2859 uterque
919 2796 1304 2866 sigioiilicethﬁtil.
1320 2797 1591 2866 Fulgentio
1609 2796 2131 2866 sigtiilicatutrumque

555 2855 1071 2919 Testamentum,ibid.
1098 2857 1230 2907 Calix
1260 2861 1389 2919 prior
1409 2858 1699 2907 dividendus
1722 2858 2016 2918 praecipitur,
2039 2855 2132 2906 non

555 2921 811 2980 po~teiior,
851 2934 1026 2982 quare,
1058 2919 1159 2968 i65.
1207 2920 1378 2970 Calicis
1417 2922 1613 2968 nomine
1655 2919 1944 2982 intelligitur
1983 2920 2130 2966 etiam

557 2982 774 3039 perlecta
797 2981 992 3036 caritas,
1017 2994 1111 3042 qua
1137 2983 1177 3029 si
1200 2983 1330 3030 desit
1354 2982 1690 3042 Opportunitas
1715 2981 1977 3030 tolerandae
2002 2992 2132 3028 mor-

557 3042 636 3097 tis,
663 3042 780 3090 nihil
805 3051 964 3091 tameu
999 3044 1128 3090 desit
1168 3043 1226 3090 ad
1271 3042 1568 3091 tolerandam
1597 3055 1806 3099 pcenam.
1831 3042 1886 3088 ad
1911 3046 2132 3088 contem-

558 3103 769 3150 nendam
798 3104 959 3156 vitam,
985 3111 1038 3151 et
1063 3103 1120 3150 ad
1142 3110 1347 3151 mortem
1387 3117 1472 3163 pro
1493 3102 1670 3151 Christi
1697 3105 1892 3151 nomine
1915 3104 2133 3150 subeun-

557 3167 687 3218 dam.
711 3164 821 3214 264.
871 3165 992 3221 Quia
1032 3165 1078 3211 in
1122 3165 1380 3224 posteriori
1418 3163 1603 3224 Novum
1641 3165 2041 3220 Testamentum,
2085 3165 2133 3211 in

593 3225 714 3273 riori
759 3226 912 3274 Vetus
957 3223 1365 3279 intelligendum.
1405 3223 1524 3273 ibid.
1572 3224 1742 3274 Calicis
1787 3225 1984 3273 nomine
2029 3223 2135 3272 aliis

575 3288 678 3335 ocis
715 3289 874 3348 gratia
919 3287 1159 3348 passionis
1197 3286 1514 3348 signiﬁcatur,
1541 3286 1646 3335 262.
1692 3285 1826 3336 Calix
1869 3299 2017 3346 quem
2053 3297 2134 3333 ac—

561 3345 817 3456 ceptugigi
841 3361 896 3396 se
921 3345 1077 3396 David
1100 3347 1216 3395 dicit
1238 3345 1356 3395 nihil
1379 3347 1507 3395 aliud
1529 3357 1766 3410 estquam
1791 3359 1920 3394 mors
1942 3355 2130 3396 sancto-

561 3419 685 3456 rum.
747 3427 755 3445 ι
810 3449 820 3456 .

561 3419 685 3458 rum.
712 3411 820 3458 283.

623 3448 829 3531 apere.
861 3472 911 3518 In
936 3468 1234 3530 spiritalibus
1258 3469 1350 3517 hoc
1375 3476 1451 3518 est
1475 3482 1656 3531 capere
1679 3469 2016 3531 quodvidere,
2037 3482 2134 3531 nec

563 3529 794 3580 aliud—est
818 3533 986 3580 videre
1021 3543 1165 3592 quam
1201 3531 1506 3592 intelligere,
1536 3529 1646 3582 nec
1687 3529 1967 3591 intelligere
2007 3529 2134 3579 aliud

563 3606 706 3654 quam
729 3607 893 3650 nosse,
918 3592 1024 3642 256.

623 3652 812 3704 Caritas
836 3655 935 3714 ipsa
963 3662 1036 3702 est
1061 3653 1279 3714 dilectio.
1307 3655 1416 3703 185.
1458 3652 1644 3703 Caritas
1679 3661 1754 3702 est
1785 3654 1999 3704 omnium
2033 3651 2136 3700 fons

564 3723 617 3762 et
638 3719 778 3776 origo
802 3713 1057 3778 bonorum,
1081 3716 1186 3764 558.
1205 3713 1408 3778 Δμυᾰεεβ
1429 3716 1663 3778 caritatis.
1691 3715 1765 3764 42.
1809 3716 1942 3778 l)_eus
1963 3715 2136 3778 caritas

564 3785 658 3838 est,
684 3775 737 3826 et
755 3777 928 3824 caritas
953 3789 1016 3825 ex
1041 3775 1167 3836 Deo,
1197 3775 1303 3835 190,
1331 3777 1441 3834 541,
1461 3776 1569 3838 465.
1607 3776 1658 3824 in
1681 3775 1977 3838 Spiritalibus
1998 3775 2136 3821 donis

565 3837 746 3898 primus
780 3838 964 3887 fructus
995 3848 1071 3888 est
1095 3839 1284 3897 caritas,
1317 3838 1420 3887 182.
1467 3837 1676 3886 Dilectiu
1703 3837 1794 3886 Dei
1836 3846 1885 3886 et
1925 3838 2134 3896 proximi

565 3897 817 3960 plenitudo
842 3899 966 3960 legis
989 3900 1191 3962 ﬁnisque
1217 3901 1469 3962 praecepti,
1500 3899 1602 3948 185.
1639 3898 1906 3962 Εετὶιθείᾴε
1930 3897 2052 3945 coelo
2077 3897 2134 3944 ad

563 3966 724 4024 terras
747 3961 992 4011 Christum
1015 3961 1264 4024 deposuit,
1289 3961 1394 4024 556.
1442 3961 1664 4011 Carittis
1700 3961 2000 4024 excellentia
2036 3966 2132 4024 est,

542 4023 798 4084 quodqui
825 4035 930 4070 eam
953 4021 1102 4071 habet
1142 4026 1186 4071 in
1223 4023 1370 4072 corde
1412 4035 1654 4083 nunquam
1679 4021 1808 4071 valet
1830 4021 2138 4084 sermonibus

567 4081 836 4144 explicare,
865 4084 965 4131 182.
1008 4084 1211 4132 'l‘antum
1246 4093 1454 4145 augetur
1489 4081 1679 4141 caritas,
1721 4090 1954 4145 quantuni
1983 4081 2139 4145 luerit

567 4141 813 4205 imminuta
837 4145 1091 4205 cupiditas,
1118 4147 1222 4195 565.
1271 4141 1531 4200 Utriusque
1556 4141 1862 4205 comparatio,
1892 4141 2008 4191 ibid.
2051 4141 2137 4191 Di-

568 4203 828 4267 lectionem
866 4203 953 4267 seu
992 4203 1241 4255 caritatem
1267 4219 1359 4253 non
1383 4206 1549 4267 diligit
1571 4203 1790 4267 qnieam
1825 4203 2008 4254 habere
2043 4217 2137 4251 non

569 4269 733 4326 cmpit,
766 4265 868 4314 185.
916 4266 1174 4316 Caritatem
1209 4269 1248 4316 si
1284 4269 1393 4327 quis
1428 4265 1631 4315 iniretur
1656 4267 1774 4314 nihil
1817 4267 2015 4327 prodest
2039 4268 2135 4315 nisi

569 4327 768 4388 diligat,
798 4327 1050 4382 182.185.
1093 4329 1279 4378 Caritas
1301 4329 1380 4375 ubi
1408 4329 1621 4376 habitare
1650 4330 1872 4388 cmperit,
1902 4339 1995 4374 non
2023 4340 2139 4388 per-

569 4391 715 4437 mittit
737 4392 972 4437 dominari
1001 4405 1042 4448 pi
1065 4401 1268 4446 cc‘atitm,
1302 4391 1405 4440 I96.
1452 4387 1777 4449 Prophetaiidi
1802 4388 1979 4436 donum
2003 4387 2135 4448 diligi

571 4457 732 4513 potest
753 4464 844 4500 nec
868 4451 1058 4513 haberi,
1078 4454 1174 4500 cari
1200 4464 1252 4500 as
1275 4465 1366 4498 non
1391 4451 1610 4511 diligitur
1636 4452 1723 4498 nisi
1751 4451 2004 4513 habeatur,
2031 4449 2134 4501 183.

569 4511 754 4574 Caritas
776 4515 1021 4574 munimen
1046 4511 1325 4574 egregium,
1344 4514 1452 4561 558.
1477 4515 1659 4560 l‘aritas
1683 4520 1754 4561 est
1780 4512 1854 4560 via
1878 4525 1986 4572 quae
2007 4513 2140 4561 ducit

569 4573 627 4621 ad
648 4573 840 4630 omium,
857 4572 974 4622 ibid.
1001 4572 1190 4625 Caritas
1205 4575 1268 4622 de
1293 4582 1423 4623 terra
1439 4575 1498 4623 ad
1519 4575 1690 4622 C(l‘lllm
1705 4574 2002 4635 Stephanum
2022 4575 2139 4622 sub-

569 4635 768 4695 levavit,
801 4637 907 4686 555.
935 4637 1118 4685 Caritas
1143 4639 1190 4683 in
1217 4637 1464 4696 Stephano
1487 4643 1538 4684 et
1563 4635 1711 4684 Paulo
1730 4649 1936 4696 regnum
1957 4637 2140 4684 meruit

570 4696 800 4745 caelorum
828 4699 1094 4758 possidere.
1125 4699 1234 4749 557.
1277 4696 1491 4747 Caritate
1517 4707 1729 4745 armatos
1752 4696 2030 4757 Stephanus
2053 4696 2139 4744 Ju-

569 4761 782 4806 daorum
806 4758 1015 4807 i‘urorcm
1039 4759 1305 4819 superavit,
1323 4761 1429 4808 558.
1457 4758 1620 4808 Gratia
1646 4759 1818 4806 Christi
1843 4770 1951 4819 quin
1972 4764 2141 4805 osten-

571 4819 644 4868 dit
667 4820 716 4867 in
741 4829 894 4867 matre
918 4817 1209 4878 virginitatis
1242 4817 1439 4868 mteriiie
1469 4819 1772 4874 miraculum,
1795 4817 2141 4868 demonstravit

571 4882 618 4928 in
643 4889 850 4940 martyre
873 4880 1120 4942 Stephano
1142 4883 1329 4930 invicta:
1352 4881 1563 4929 raritatis
1595 4881 1837 4939 iudicium,
1865 4881 1974 4929 556.
2010 4880 2140 4942 ,Per-

570 4943 895 4991 severantiam
918 4945 1132 4992 caritatis
1155 4947 1202 4992 in
1226 4943 1476 5002 Stephano
1499 4945 1536 4990 si
1560 4944 1673 5003 quis
1700 4945 1852 4990 bonus
1885 4950 1961 4989 est
1989 4941 2142 4991 debet

572 5005 768 5064 imitari,
795 5005 903 5054 557.
945 5006 1115 5055 Sancta
1142 5013 1193 5054 et
1215 5004 1460 5053 indefessa
1481 5004 1714 5063 Stephani
1747 5005 1924 5064 caritas
1945 5003 2141 5052 deside—

572 5063 910 5128 ravitorandq
926 5068 1200 5128 acquirere,
1239 5078 1362 5128 quos
1400 5063 1897 5128 nequivitﬂmonendo
1936 5075 2142 5128 conver-

573 5134 708 5188 tere,
731 5127 841 5180 556.
880 5125 1104 5190 Caritatis
1127 5125 1440 5190 augmentum
1468 5125 1560 5174 non
1586 5127 1742 5186 diligit
1765 5127 1969 5190 quinon
1995 5125 2142 5174 habet

574 5186 909 5249 ejus'initium.
929 5190 1038 5240 185.
1053 5189 1149 5238 Nisi
1174 5186 1328 5238 Deum
1351 5190 1660 5249 accipiamus,
1677 5186 1795 5236 eum
1815 5186 1877 5234 dil
1898 5197 2024 5246 gere
2045 5199 2143 5249 non

574 5250 808 5308 valemus,
835 5251 944 5300 465.
990 5252 1142 5300 Homo
1169 5249 1438 5299 benevolus
1458 5248 1630 5298 domici
1655 5251 1752 5297 ium
1776 5262 1856 5297 car
1878 5253 2006 5306 tatis,
2035 5248 2142 5299 185.

574 5310 732 5360 Omne
757 5313 929 5361 animal
957 5313 1285 5362 irrationabile
1321 5312 1450 5362 sicut
1488 5325 1582 5360 non
1621 5309 1770 5359 habet
1791 5312 2050 5373 rationem,
2073 5312 2147 5360 sic

575 5385 672 5422 non
709 5373 857 5422 habet
897 5374 1183 5433 caritatem,
1229 5375 1332 5423 185.
1387 5373 1700 5422 Nummorum
1741 5371 1997 5420 multitudo
2036 5371 2146 5422 Sine

577 5446 772 5484 nummo
793 5435 928 5496 diligi
957 5442 1137 5496 potest,
1185 5435 1398 5485 caritatis
1437 5441 1750 5494 augmentum
1791 5437 1897 5482 sine
1939 5438 2146 5484 raritate

578 5507 672 5543 non
699 5501 878 5568 potest,
908 5497 1013 5547 185.
1057 5497 1298 5570 Quisquis
1310 5496 1576 5545 secundum
1599 5499 1850 5568 ca'itatem
1875 5509 1984 5601 qua;
2010 5497 2149 5566 Deus

579 5565 658 5601 est
679 5557 838 5601 dlltmt
861 5558 1088 5601 fratrem.
1112 5571 1259 5601 insam
1286 5573 1334 5601 in
1359 5571 1422 5601 eo
1441 5571 1584 5601 quam
1609 5569 1820 5601 maxime
1841 5556 1887 5601 dt
1911 5564 2001 5601 unt
2022 5570 2148 5601 cart-

579 5565 658 5607 est
679 5557 838 5618 diligit
861 5556 1088 5620 fratrem,
1112 5556 1259 5620 ipsam
1286 5560 1334 5608 in
1359 5571 1422 5607 eo
1441 5571 1584 5619 quam
1609 5558 1820 5606 maxime
1841 5556 2001 5620 diligit
2022 5558 2148 5606 cari-

579 5624 750 5680 tatem,
778 5621 885 5669 184.
925 5618 1106 5669 Cavitas
1131 5618 1420 5669 voluntatem
1445 5618 1492 5668 in
1517 5633 1608 5680 qua
1634 5619 1809 5673 fuerit,
1847 5619 2017 5666 malam
2043 5620 2147 5666 lieri

581 5691 674 5726 non
703 5682 958 5741 permittit,
982 5681 1088 5731 185.
1116 5681 1337 5731 Caritatis
1356 5682 1490 5730 lucra
1515 5687 1566 5729 et
1587 5681 1854 5741 commoda,
1881 5681 1980 5730 565
2021 5680 2150 5728 Cari—

581 5741 691 5803 tatis
715 5749 768 5789 et
791 5742 1138 5803 inisericordize
1161 5743 1379 5791 ordinem
1406 5755 1499 5790 non
1537 5747 1678 5791 tenet
1718 5744 1798 5803 qui
1840 5744 2010 5790 anime
2047 5753 2150 5790 suae

581 5801 710 5865 male
734 5801 941 5865 vivendo
963 5803 1210 5865 interitum
1235 5805 1399 5861 infert,
1417 5805 1526 5853 588.
1554 5801 1766 5851 Proximi
1789 5807 1963 5852 caritas
1985 5804 2032 5851 in
2053 5817 2152 5865 quo

579 5864 832 5922 consistat,
858 5863 965 5925 573.
1014 5862 1067 5925 in
1101 5867 1302 5914 caritate
1335 5867 1458 5913 alius
1486 5865 1595 5913 aliis
1632 5865 1980 5925 praeferendus,
2008 5862 2152 5913 neino

585 5928 749 5974 tamen
774 5923 1125 5986 exitudendus,
1147 5925 1250 5976 561.
1278 5927 1357 5975 Sic
1379 5926 1616 5977 demmus
1634 5923 1684 5975 in
1708 5926 1904 5976 caritate
1925 5936 2150 5978 crescere

1603 420 1838 477 ‘INDEX
1879 421 2160 477 OPERUM
2204 422 2262 477 S.
2308 420 2691 478 FULCENTII.

3682 425 3784 480 980

2215 539 2422 612 invicem
2443 539 2690 612 diligeﬂo
2708 539 2822 612 dum
2845 540 3064 612 vivimus,
3079 540 3203 590 sicut
3225 540 3575 612 eamjubemur
3591 553 3785 612 semper

2209 599 2399 663 «limere
2425 599 2692 662 reddendo,
2719 601 2825 651 563.
2871 601 2908 650 Τ
2915 613 3008 649 unc
3043 602 3186 663 homo
3214 599 3375 663 diligit
3413 599 3709 663 proximum,
3743 606 3787 652 si

2211 662 2433 721 proximo
2457 661 2689 722 quantum
2716 670 2874 723 potest
2897 661 3136 722 consulat,
3176 671 3230 710 tit
3268 661 3328 711 ad
3355 661 3512 711 Deum
3538 673 3669 712 recta
3693 664 3786 711 tide

2211 728 2262 768 et
2287 722 2410 785 bona
2432 722 2804 785 conversa'iOne
2833 725 3107 785 perveniat,
3130 723 3240 774 575.
3286 723 3540 785 Proprium
3565 733 3640 774 est
3661 730 3789 773 carl-

2211 784 2326 847 tatis
2351 790 2401 830 ut
2428 784 2476 831 in
2501 796 2562 832 eo
2586 785 2800 847 quit-ani
2826 784 3026 847 erogat,
3055 793 3270 845 crescat;
3311 784 3469 847 abeo
3507 793 3670 835 autem
3704 787 3789 844 qui

2211 843 2310 891 sibi
2333 850 2516 892 tantum
2541 843 2647 892 eam
2670 845 2857 905 habere
2885 843 3265 905 t'nlt,'discedat,
3293 847 3395 894 184.
3421 846 3647 895 Caritatis
3669 843 3790 894 unus

2212 915 2306 968 non
2331 912 2518 964 gravat,
2544 906 2620 954 42.
2665 904 2836 955 Omnia
2868 904 3102 968 Spiriialia
3131 907 3256 955 dona
3281 908 3320 955 si
3344 909 3451 968 sine
3474 911 3679 956 caritate
3706 908 3791 968 iia-

2212 965 2414 1026 bentur,
2441 972 2676 1026 onerant,
2717 980 2811 1014 non
2836 965 3093 1028 honorant,
3127 968 3233 1024 185,
3258 968 3366 1016 620.
3391 967 3520 1016 Vera
3546 967 3791 1016 rationalis

2212 1035 2452 1088 creatura:
2475 1029 2711 1088 sapientia
2748 1035 2800 1077 et
2837 1028 3164 1086 intelligentia
3206 1038 3285 1078 est
3316 1031 3552 1079 creatoris
3572 1030 3788 1086 dilectio,

2215 1086 2289 1151 1_5.
2313 1086 2772 1151 _Caritas‘ordi_nari_
2801 1090 3083 1151 prmcipitur
3119 1099 3189 1151 ut_
3207 1099 3459 1151 peccatum
3485 1091 3688 1148 vitetur,
3719 1089 3790 1137 i6.

2215 1145 2399 1210 caritas
2422 1155 2571 1198 rectae
2600 1148 2712 1198 ﬁdei
2745 1145 2898 1199 debet
2927 1145 3113 1210 iugiter
3135 1145 3388 1199 adhaaro-re
3412 1162 3523 1210 quae
3545 1145 3707 1200 studio
3743 1158 3790 1200 et

2216 1207 2696 1272 eilicacia__honqruni
2717 1207 2941 1272 Operum'
2961 1207 3179 1272 occinerit
3217 1207 3578 1261 multitudinem
3618 1224 3790 1272 pecca-

2216 1275 2394 1334 t_orum,
2420 1269 2529 1334 286.
2576 1271 2672 1320 Dei
2705 1271 2904 1321 dilectio
2945 1269 3096 1332 major
3133 1287 3232 1334 qua
3273 1273 3465 1332 proin-ia
3506 1269 3685 1332 minor,
3717 1272 3791 1320 15.

2216 1327 2356 1394 llatio
2375 1327 2615 1393 praecipua
2633 1339 2917 1392 competens
2933 1343 3005 1382 eat
3023 1327 3174 1394 atque
3193 1327 3409 1382 ordinata
3427 1327 3792 1390 delect.io,'t85.

2217 1390 2307 1447 Qui
2333 1394 2505 1454 accipit
2526 1390 2810 1454 mysterium
2837 1395 3034 1442 unitatis
3058 1390 3109 1444 et
3133 1408 3228 1444 non
3253 1402 3416 1443 servat
3440 1394 3686 1443 vinculum
3712 1408 3792 1441 ca-

2216 1454 2393 1514 ritatis,
2436 1466 2543 1501 non'
2558 1455 2847 1516 mysterium
2886 1457 3058 1516 accipit
3097 1468 3185 1516 pro
3221 1468 3294 1514 se,
3333 1456 3420 1504 sed
3464 1456 3794 1504 testimonium

2219 1523 2386 1562 contra
2403 1527 2480 1575 se,
2493 1514 2600 1562 227.
2620 1514 2740 1572 Qum
2758 1514 3004 1564 dementia
3019 1529 3073 1565 se
3083 1514 3343 1576 parabilem
3358 1519 3609 1565 caritatem
3628 1515 3794 1576 dicere

2217 1587 2327 1637 (tum
2351 1585 2600 1634 separatas
2622 1583 2815 1625 mentes
2851 1575 3162 1637 inseparabili
3201 1575 3327 1626 solet
3361 1590 3526 1627 amore
3565 1575 3795 1625 sociare?

2219 1636 2329 1684 544.
2357 1637 2581 1699 Caritatis
2599 1637 2803 1699 effectus
2817 1636 3041 1686 remissio
3060 1647 3387 1699 peccatorum,
3407 1638 3514 1688 563.
3534 1638 3628 1687 (Σισι⁸
3647 1646 3794 1686 tatem

2223 1697 2482 1760 repudiarit
2504 1699 2587 1758 qui
2624 1698 2688 1746 de
2725 1706 3032 1760 peccatorum
3057 1697 3343 1749 remissione
3365 1697 3660 1760 desperant,
3690 1699 3795 1747 190.

2221 1756 2443 1821 Christus
2467 1756 2593 1807 male
2618 1756 2856 1821 quondam
2895 1758 3077 1808 liberos
3111 1773 3138 1808 a
3177 1763 3356 1821 peccati
3381 1756 3621 1809 servitute
3650 1756 3796 1809 voluit

2223 1817 2452 1883 liberare,
2480 1827 2534 1868 ut
2557 1817 2646 1883 nos
2667 1819 2872 1883 doceret
2911 1821 3134 1883 invicem
3157 1817 3309 1869 libi-ra
3346 1823 3546 1883 caritate
3585 1822 3796 1883 servire,

2227 1880 2330 1929 165.
2357 1880 2442 1929 Cui
2467 1882 2644 1929 caritas
2664 1881 2923 1937 debeatur,
2949 1881 3057 1930 564.
3100 1882 3256 1931 Nemo
3281 1889 3356 1930 est
3378 1881 3593 1931 fidelium
3619 1884 3702 1937 qui
3725 1880 3797 1932 sic

2222 1943 2313 2005 sibi
2340 1944 2590 2005 caritatem
2613 1942 2800 2005 ﬂagitet
2824 1942 2991 2005 reddi,
3020 1953 3073 1993 ut
3096 1945 3201 2005 ipse
3229 1957 3321 1992 non
3347 1942 3471 2005 illam
3494 1956 3584 1991 suo
3615 1942 3796 1993 debeat

2223 2003 2433 2065 reddere
2455 2003 2693 2061 debitori,
2724 2003 2829 2053 161.
2873 2003 3349 2053 Βεὺίιυηϊεπὶιιιιίε
3385 2003 3539 2053 solum
3581 2012 3662 2052 est
3699 2017 3797 2065 quo

2224 2061 2543 2128 absolvinon
2587 2065 2704 2128 licet
2745 2065 2797 2128 in
2830 2065 2918 2112 hac
2943 2068 3060 2128 vita,
3082 2066 3195 2128 563.
3237 2065 3353 2114 Cum
3374 2068 3549 2114 caritas
3571 2061 3796 2114 redditur

2226 2123 2334 2183 plus
2354 2123 2584 2189 debetur,
2761 2125 2836 2189 Et,
2863 2139 2923 2175 eo
2962 2123 3118 2188 magis
3154 2128 3419 2188 acquiritur
3441 2140 3545 2189 quo
3577 2128 3798 2189 redditur

2224 2196 2334 2249 cum
2357 2185 2585 2249 debetur,
2610 2183 2724 2236 ibid.
2765 2186 2920 2236 Etiam
2944 2189 3000 2234 ad
3020 2183 3244 2249 inimicos
3267 2183 3665 2249 extendi'debet,
3686 2188 3799 2249 564,

2226 2247 2332 2296 565.
2385 2246 2803 2298 ΕΙιι-ίειὶοπιιιιιε
2841 2247 3070 2307 compulsi
3107 2255 3158 2298 et
3193 2251 3344 2298 honos
3368 2248 3616 2299 hortamur
3653 2246 3708 2298 ut
3749 2246 3798 2301 in

2227 2307 2353 2372 bono
2378 2314 2805 2372 permaneantlet
2835 2308 2986 2372 malos
3005 2309 3338 2372 compellimus
3362 2316 3415 2359 ut
3437 2323 3463 2358 a
3486 2308 3616 2358 malo
3641 2311 3799 2360 disce-

2227 2319 2353 2354 nono
2376 2319 2697 2417 Egrmaneant
2714 2346 2727 2367 ,
2754 2319 2805 2358 et
2835 2319 2986 2357 inatos
3005 2319 3338 2372 compellimus
3362 2319 3415 2359 ut
3437 2323 3463 2358 a
3486 2319 3616 2358 malo
3641 2319 3799 2360 uisce-

2225 2365 2356 2426 dant,
2398 2370 2420 2392 ’ν
2437 2369 2482 2415 7.
2508 2368 2684 2418 Sancta
2705 2370 2913 2420 Trinitas
2934 2369 3114 2420 faciens
3137 2373 3185 2420 in
3207 2373 3402 2421 homine
3426 2373 3729 2420 mansionem
3753 2375 3799 2421 in

2227 2439 2289 2476 eo
2311 2428 2593 2492 multiplicat
2614 2430 2946 2492 dilectionem,
2973 2431 3083 2480 411.
3129 2431 3178 2480 lit
3203 2433 3395 2482 diversa
3415 2431 3686 2480 dilectione
3709 2446 3799 2482 non

2229 2498 2306 2554 est
2329 2490 2486 2554 cordis
2509 2492 2810 2554 simplicitas,
2834 2489 2951 2541 ibid.
2997 2493 3048 2542 in
3071 2493 3191 2542 dura
3217 2495 3480 2554 negatione
3514 2500 3565 2554 et
3597 2506 3799 2552 respon-

2227 2551 2625 2617 sionisdiuturna
2647 2551 2878 2603 dilatione
2916 2554 3051 2603 Deus
3071 2551 3361 2617 quandoque
3384 2553 3668 2617 oll‘enditur,
3686 2551 3800 2606 163.

2228 2610 2492 2678 Christiana
2517 2615 2700 2678 caritas
2713 2616 2973 2678 utrobique
2996 2610 3162 2676 operis
3193 2617 3265 2663 sui
3282 2610 3716 2678 'partesexbibeat
3752 2625 3801 2667 ut

2231 2673 2644 2738 etsnllicientiam
2675 2674 2763 2724 Dei
2791 2673 3041 2738 htimilter
3059 2673 3362 2738 agnoscat'et
3386 2675 3673 2738 iiuiigentiaa
3695 2690 3800 2725 ser-

2230 2734 2310 2799 vili
2335 2737 2576 2799 patienter
2600 2738 2837 2799 ignoscat,
2867 2738 2973 2786 165.
3015 2734 3201 2787 Caritas
3221 2737 3398 2786 donum
3423 2735 3537 2796 Dei,
3560 2739 3802 2798 cupiditas

2231 2795 2432 2855 laqueus
2453 2795 2648 2861 diaboli,
2677 2799 2780 2847 565.
2810 2795 2991 2848 Caritas
3016 2799 3281 2861 principale
3304 2799 3518 2861 Spiritus
3540 2795 3696 2861 sancti
3721 2802 3802 2848 do-

2229 2869 2361 2916 num,
2391 2861 2470 2907 54.
2511 2859 2602 2907 Cor
2627 2861 2853 2909 mundum
2886 2859 3104 2909 caritatis
3132 2859 3420 2909 dumicilium
3460 2872 3523 2908 ex
3550 2860 3802 2918 Apostolo,

2229 2919 2337 2982 565.
2366 2917 2626 2982 Caritatem
2651 2934 2744 2969 non
2767 2933 2938 2971 omnes
2962 2925 3042 2982 qui
3068 2924 3300 2971 mirantur
3323 2929 3376 2970 et
3401 2919 3619 2982 laudant,
3645 2917 3802 2970 statim

2228 2979 2452 3042 diligunt,
2483 2981 2588 3029 182.
2631 2982 2859 3031 Sanctum
2883 2979 3102 3030 debitum
3129 2995 3221 3030 nec
3255 2983 3464 3032 reddere
3497 2981 3803 3042 aliquatenus

2229 3045 2339 3100 quis
2365 3044 2482 3103 vult,
2509 3043 2599 3090 nisi
2637 3046 2916 3093 misericors
2941 3044 3074 3093 Deus
3095 3044 3244 3092 donet
3283 3050 3335 3092 ut
3359 3043 3502 3102 velit,
3533 3042 3643 3092 165.
3692 3043 3801 3093 De-

2228 3114 2398 3150 mones
2419 3104 2533 3150 dum
2571 3106 2778 3153 credunt
2803 3106 3029 3154 videntur
3054 3106 3237 3153 habere
3261 3106 3423 3165 iidem,
3448 3105 3535 3152 sed
3573 3104 3696 3153 nihil
3733 3108 3803 3156 eis

2231 3167 2428 3223 proJest
2451 3166 2561 3225 quia
2589 3178 2680 3214 nou
2707 3167 2885 3215 habent
2907 3168 3178 3224 Caritatem,
3197 3168 3276 3215 55.
3302 3166 3419 3214 Siue
3443 3167 3653 3214 caritate
3675 3172 3802 3227 quis-

2228 3237 2371 3289 qn..m
2410 3239 2579 3289 sonum
2615 3227 2735 3276 dare
2769 3236 2950 3289 potest,
2977 3229 3122 3282 vitam
3143 3228 3328 3276 habere
3362 3234 3685 3289 nonpotcst,
3724 3229 3799 3276 54.

2233 3285 2283 3332 ln
2311 3294 2493 3350 tantum
2535 3287 2670 3336 Deus
2711 3285 2797 3336 nos
2838 3285 3023 3337 euitat
3063 3291 3110 3336 in
3139 3295 3377 3350 'quautum
3419 3285 3574 3334 aii'se
3619 3293 3802 3338 animas

2232 3354 2418 3409 nostras
2442 3347 2603 3406 levat,
2646 3358 2697 3398 et
2724 3351 2980 3398 veritatem
3002 3362 3102 3398 sum
3125 3347 3416 3409 cognitionis
3446 3361 3500 3398 ac
3523 3350 3804 3398 dilecdouis

2231 3407 2458 3464 insinuat.
2487 3410 2595 3459 251.
2641 3411 2825 3460 Caritas
2860 3425 2954 3457 non
2993 3424 3057 3460 ex
3096 3407 3255 3458 nosti-ii
3280 3409 3528 3458 voluntate
3566 3419 3652 3458 aut
3691 3424 3801 3459 esse

2231 3469 2396 3533 incipit
2418 3478 2501 3518 aut
2523 3475 2702 3521 crescit
2739 3472 2787 3519 in
2823 3474 2989 3533 nobis,
3022 3472 3112 3521 sed
3138 3485 3163 3518 a
3190 3472 3294 3521 Deo
3314 3469 3590 3520 iliil'unditur
3616 3473 3665 3518 in
3690 3485 3798 3520 cor-

2230 3530 2370 3579 dibus
2407 3535 2608 3584 nostris.
2633 3533 2741 3582 456.
2786 3530 3134 3582 Caritas'inter
3158 3533 3458 3583 Christianos
3490 3544 3630 3592 quam
3665 3544 3800 3582 arte

2230 3593 2488 3648 servanda,
2515 3593 2621 3655 164,
2648 3595 2755 3644 570.
2793 3593 3053 3644 Caritatem
3077 3595 3159 3654 qui
3212 3607 3306 3642 non
3329 3595 3478 3655 liabet
3511 3595 3631 3655 sibi.
3661 3594 3802 3644 alteri

2232 3665 2325 3716 non
2347 3654 2724 3716 impendit,i83.
2753 3657 2982 3705 Creainia
3004 3655 3248 3704 rationalis
3265 3654 3515 3716 perdenda
3533 3654 3764 3703 dilection
3782 3670 3806 3702 s

2232 3714 2382 3761 ordin.
2408 3729 2452 3761 ui
2479 3714 2638 3776 perdit
2658 3717 2884 3772 salutem,
2918 3719 2987 3766 16.
3030 3714 3294 3764 Malevolus
3316 3716 3412 3776 cari
3437 3723 3568 3763 atem
3593 3729 3691 3764 non
3718 3717 3808 3764 im-

2234 3777 2399 3838 pendit
2426 3775 2599 3838 alteri,
2642 3780 2752 3838 quia
2780 3791 2871 3825 nou
2899 3778 3042 3826 habet
3066 3778 3156 3826 sibi
3174 3816 3187 3837 ,
3218 3776 3322 3827 184.
3367 3775 3549 3825 Caritas
3572 3784 3626 3824 et
3652 3781 3809 3826 unitas

2233 3835 2342 3885 iidei
2369 3835 2599 3898 religiose
2621 3835 2880 3895 servanda,
2901 3840 3008 3888 579.
3037 3835 3194 3888 Deum
3219 3851 3337 3887 vere
3360 3838 3570 3898 diligunt
3590 3843 3676 3896 qui
3702 3841 3808 3897 ejus

2235 3908 2491 3962 praeeptis
2513 3901 2762 3954 obediunt.
2782 3901 2890 3951 595.
2917 3900 3099 3962 Corpus
3121 3909 3278 3962 potest
3304 3901 3426 3962 t-jndi
3446 3900 3554 3962 sine
3579 3901 3806 3962 caritate,

2232 3961 2388 4006 anima
2415 3973 2507 4022 non
2534 3967 2712 4022 potest,
2741 3963 2846 4012 150.
2891 3959 3109 4022 Christus
3133 3975 3228 4022 non
3250 3961 3408 4022 divit:
3433 3959 3552 4022 Quae
3577 3961 3715 4008 vobis
3738 3959 3810 4008 le;

2233 4020 2780 4087 cerutit_liom_i_ues,sed
2807 4028 2926 4083 Qua:
2947 4020 3084 4087 pultis
3118 4028 3171 4073 ut
3205 4021 3378 4087 faciunt
3415 4021 3544 4087 nobis
3578 4021 3808 4087 homines.

2234 4081 2348 4144 Cur,
2377 4083 2488 4132 573.
2527 4081 2669 4133 Τυηό
2689 4081 2834 4133 homo
2851 4098 2906 4132 se
2930 4084 3114 4144 diligit,
3139 4081 3249 4144 cuin
3266 4083 3576 4131 ddectionem
3602 4081 3696 4132 Dei
3717 4084 3810 4134 sibi

2233 4142 2440 4192 devotus
2481 4152 2533 4193 et
2571 4145 2763 4193 humilis
2783 4142 3052 4206 anteponit,
3079 4142 3185 4194 575.
3237 4143 3290 4192 In
3316 4144 3520 4192 caritate
3543 4147 3810 4194 crescimus

2234 4207 2490 4315 ἳυωῖἳοηο
2521 4219 2607 4268 gra
2633 4210 2694 4257 ite
2731 4206 2960 4268 spiritalis
2996 4213 3295 4256 creiuentun
3337 4209 3599 4268 accipimus
3635 4208 3810 4255 carita-

2259 4279 2344 4315 is..
2401 4302 2412 4313 .

2237 4268 2314 4321 tis,
2335 4268 2412 4315 54.

2294 4327 2415 4376 Caro
2441 4338 2529 4389 per
2549 4329 2757 4389 seipsam
2781 4341 2872 4377 nec
2896 4329 3014 4379 vivit
3037 4341 3131 4379 nec
3153 4331 3304 4378 sentit
3319 4363 3332 4385 ,
3358 4340 3450 4376 nec
3473 4329 3702 4376 tristatur-
3721 4342 3814 4378 nec

2234 4385 2503 4453 desiderat,
2533 4385 2644 4453 128.
2666 4389 2787 4439 Caro
2812 4392 2860 4437 in
2884 4391 3133 4453 Scriptura
3159 4392 3351 4453 ponitur
3377 4403 3476 4453 pro
3489 4390 3709 4451 homine,
3731 4391 3808 4444 83.

2236 4449 2358 4515 201.
2387 4449 2511 4515 Caro
2536 4451 2696 4500 Maria:
2727 4464 2840 4515 caro
2864 4449 3068 4515 peccati,
3089 4449 3216 4515 292ζ
3253 4449 3423 4498 Filium
3446 4451 3540 4498 Dei
3563 4449 3739 4515 genuit
3763 4453 3806 4499 in

2235 4510 2598 4576 similitudinem
2621 4513 2778 4560 carnis
2804 4510 3008 4576 peccati,
3030 4512 3151 4576 ibid.
3177 4513 3304 4576 _Caro
3326 4515 3539 4560 omnium
3563 4511 3809 4560 hominum

2234 4574 2298 4620 de
2339 4579 2522 4632 peccati
2567 4574 2682 4634 lege
2723 4573 2989 4636 concepta,
3016 4575 3124 4624 457.
3168 4573 3350 4624 Cariies
3390 4581 3472 4621 aut
3510 4575 3677 4621 vinum
3719 4584 3812 4636 non

2238 4641 2436 4694 propter
2459 4635 2919 4698 naturaeinialitiam,
2958 4637 3047 4685 sed
3087 4640 3521 4698 propterprorporis
3540 4635 3812 4698 castigatio-

2237 4707 2349 4742 nem
2392 4709 2417 4742 a
2453 4699 2612 4744 servis
2656 4697 2746 4746 Dei
2787 4711 2882 4745 non
2925 4695 3234 4757 adhibentur,
3268 4695 3552 4753 530.70uid
3587 4698 3655 4743 sit
3692 4695 3810 4742 facta

2237 4758 2399 4804 Carnis
2419 4761 2580 4816 sequi,
2609 4759 2716 4807 581.
2759 4760 2926 4807 Carnis
2954 4760 3252 4807 resurrectio
3286 4757 3423 4805 bonis
3445 4766 3498 4806 et
3521 4757 3661 4804 malis
3681 4769 3810 4805 com-

2237 4819 2414 4888 munis,
2443 4820 2700 4927 EPll‘lDutiU
2727 4819 2988 4881 dissimilis,
3017 4820 3122 4868 528.
3165 4819 3291 4867 Caro
3313 4831 3399 4866 cur
3423 4819 3667 4880 punienda
3702 4829 3810 4865 cum

2237 4891 2414 4927 anima.
2480 4917 2490 4926 .

2237 4891 2414 4926 animo.
2443 4891 2490 4926 ὕ.

2238 4917 2536 4990 "iniiinii:
2560 4940 2807 5002 plenitudo
2824 4943 3062 5002 scientiis,
3081 4941 3189 4992 9.50.
3209 4940 3366 5004 Super
3385 4939 3628 4990 Cherubin
3645 4951 3810 4987 ascen-

2238 5003 2360 5050 dere
2383 5006 2501 5051 (tuid
2528 5013 2609 5051 sit.
2637 5004 2744 5051 250.

2273 5015 2360 5050 ere
2383 5006 2501 5052 (tuid
2528 5013 2609 5052 sit.
2637 5006 2744 5052 250.

2305 5015 2360 5050 re
2383 5015 2501 5074 quin
2528 5015 2609 5064 sit,
2637 5015 2744 5052 aco.
3284 5063 3293 5074 ο
3616 5063 3626 5071 _
3679 5062 3689 5072 ο

2301 5062 2602 5122 Christianus
2643 5077 2668 5111 a
2694 5065 2882 5114 Christo
2919 5078 3094 5114 nomen
3133 5069 3338 5122 accepit,
3360 5061 3471 5111 200.
3514 5061 3812 5110 Christianus

2239 5120 2523 5192 nullat_euus
2547 5139 2658 5174 esse
2699 5133 2888 5188 potest,
2911 5126 3150 5192 quisquis
3169 5120 3332 5192 ipsum
3364 5123 3624 5192 Christum
3643 5121 3809 5192 Domi-

2241 5200 2354 5252 num
2375 5187 2535 5252 Deum
2558 5183 2713 5252 siiiini'
2740 5199 2850 5252 esse
2875 5183 3200 5252 nondiserit,
3219 5184 3340 5234 ibid.
3365 5183 3637 5252 Christiani
3661 5184 3812 5252 homi-

2241 5251 2316 5296 nis
2337 5249 2563 5310 cilicium,
2599 5250 2707 5299 575.
2732 5247 2986 5310 Christiani
3011 5244 3212 5297 arbores
3240 5254 3355 5296 sunt
3375 5249 3425 5296 in
3448 5257 3566 5310 agro
3604 5244 3808 5300 Domini,

2241 5310 2480 5373 5t8._Non
2503 5307 2674 5358 omnes
2691 5312 2778 5373 qui
2801 5309 2988 5373 (11η-1κιί¹
3007 5310 3267 5373 participes
3281 5314 3416 5364 sunt.
3437 5307 3812 5373 etiam-resima:

2241 5370 2404 5436 dendo
2439 5379 2636 5432 possunt
2671 5366 2944 5436 defendere
2982 5366 3110 5436 quod
3136 5366 3380 5436 credunt,
3435 5367 3539 5436 108.
3583 5366 3736 5414 Judiei
3761 5370 3812 5436 et

2243 5429 2643 5544 Genttilegsunum
2678 5432 2786 5483 facti
2808 5469 2823 5494 ,
2853 5429 3013 5482 uuum‘
3039 5432 3297 5482 Christiani
3333 5429 3623 5482 vacabulum
3656 5429 3811 5476 sortiti

2243 5508 2333 5544 sun
2363 5531 2377 5544 .
2402 5511 2430 5541 ς)
2497 5527 2511 5540 .

2243 5501 2377 5545 sunt.

2307 5531 2552 5606 Eliges.
2579 5553 2727 5604 Unica
2773 5555 2822 5603 in
2846 5553 3036 5604 Chri~to
3063 5564 3268 5614 persona
3306 5564 3368 5602 ex
3409 5549 3562 5614 forma
3582 5549 3812 5614 Baptismi

2244 5617 2621 5670 demonstratur,
2646 5617 2754 5663 298.
2779 5616 2879 5678 Qui
2895 5607 3139 5678 duplicem
3165 5625 3425 5678 personam
3441 5615 3488 5661 iii
3507 5607 3812 5678 marismari-

2247 5682 2410 5738 iuittit,
2430 5691 2522 5727 non
2539 5671 3070 5738 Trinitatis—cultorem,
3092 5671 3179 5724 sed
3199 5675 3568 5734 Quaternitatis,
3584 5671 3811 5738 298L899.

2246 5732 2419 5791 Deitas
2437 5740 2611 5790 Christi
2635 5751 2721 5787 cur
2741 5739 2967 5799 spiritum
2987 5732 3326 5799 accipere'nou
3351 5738 3522 5797 potuit,
3550 5735 3654 5784 252.
3675 5732 3811 5799 Chri-

2247 5810 2353 5851 stus
2374 5801 2612 5862 quomodo
2636 5800 2748 5862 liiiei
2770 5791 2970 5848 'nostrae
2990 5791 3164 5862 auctor
3201 5803 3255 5846 et
3290 5791 3673 5862 consummatur.
3700 5791 3809 5842 509.

2252 5858 2411 5912 Prima
2437 5863 2660 5911 itati.-itas
2684 5861 2860 5911 Christi
2888 5875 2949 5909 ex
2989 5859 3111 5921 Deo,
3135 5860 3350 5921 Secunda
3381 5871 3444 5921 ea
3471 5858 3697 5921 benigne:
3724 5867 3810 5921 no-

2252 5938 2352 5975 s.ra
2390 5936 2508 5975 vero
2537 5925 2689 5988 prima
2727 5935 2788 5972 ex
2818 5923 3011 5973 homine
3057 5915 3272 5972 secunda
3312 5934 3376 5972 ex
3411 5919 3537 5983 Deo,
3575 5917 3678 5969 293.
3719 5915 3809 5966 Cur
