2062 3265
304 213 342 241 ττΗ
954 217 1083 246 FELHIIS

1141 218 1202 246 ,Ριε
1223 218 1255 245 tv
1903 223 1930 249 με

1082 292 1918 305 *ψη-’έ-

726 316 1070 393 ξΕῙιῙῦῙδ
1108 317 1378 373 ΡΔΡΕ
1415 320 1520 373 ιν

448 413 479 438 ω
516 397 1729 495 EPISTOL/EEDECRETA.

470 507 633 535 EPISTOLA
653 509 756 536 PRIMA
776 509 867 545 (cun
887 509 941 544 tit).
1023 545 1025 547 _

387 563 465 582 FEl.l.\'
485 564 548 583 I’APA
573 565 599 583 IV
617 565 650 583 AD
671 564 806 584 ςμεςλιῑιωι
828 565 1028 584 Αῐιειιλτεκςειι.

313 598 352 627 De
366 599 439 626 laici:
455 600 488 626 ad
507 601 680 628 sacerdotium
703 606 762 628 ante
781 601 957 635 probationem
976 609 1026 627 non
1043 609 1100 636 pro-

643 647 783 673 movendis.

349 689 525 718 Diiectissimo
535 690 609 718 fratri
621 690 740 718 thsario
754 691 838 718 Felix.

348 734 410 768 Legi
427 735 498 769 quod
517 736 586 763 inter
600 736 792 763 fraternitatem
812 742 927 764 vestram
943 741 984 764 Est
997 737 1097 764 consti-

312 783 407 811 tutum,
424 787 477 807 non
492 780 573 808 licere
584 789 618 808 ex
635 781 702 808 laiea
717 782 923 809 conversatione
937 782 969 810 ad
982 782 1097 808 ol‘liriunt

312 825 479 852 sacerdotale
501 831 563 853 ante
588 827 773 861 probationem
799 831 900 854 temere
925 828 1096 862 promoveri:

311 871 345 897 de
360 879 411 905 qua
427 879 455 898 re
469 872 550 899 etiam
564 872 596 898 ad
610 880 658 899 nos
668 873 789 907 pervenit
804 872 905 906 opinio,
920 872 1023 906 aliquos
1038 877 1099 907 post

311 916 507 943 ordinationem
526 916 559 943 ad
575 917 635 944 vitae
655 917 790 944 s’ecularis
809 925 898 944 mores
921 917 1001 944 fuisse
1017 922 1100 944 trans-

310 968 425 994 gressos.
445 961 478 988 Et
494 961 556 989 licet
569 962 603 988 sit
622 962 682 989 talis
706 962 818 989 nefanda
836 964 1017 997 praesumptio,
1040 963 1100 997 plus

311 1011 399 1033 tamen
414 1011 454 1034 est
468 1007 618 1042 periculosa
639 1007 781 1041 neglectio.
798 1008 848 1041 Qui
863 1009 935 1036 enim
950 1013 1040 1043 potest
1053 1016 1099 1035 vc-

311 1052 394 1079 nienti
411 1053 482 1079 malo
507 1053 642 1087 resistere,
664 1059 690 1081 et
711 1054 762 1081 hoc
780 1054 950 1082 dissimulans
971 1055 1027 1081 lieri
1042 1062 1100 1089 per-

310 1097 400 1127 mittit.
420 1097 477 1131 il-se
499 1098 583 1132 magis
608 1098 670 1125 ntali
694 1103 788 1126 auctor
809 1100 898 1134 operis
923 1100 1096 1134 approbatur.

310 1141 394 1169 Nemo
404 1149 433 1169 se
452 1142 542 1176 itaque
555 1150 604 1177 per
617 1144 752 1177 antiquam
772 1144 991 1172 consuetudinem
1006 1150 1098 1180 speret

1112 515 1133 538 Λ
1152 508 1300 544 Pontiﬁcnli
1315 509 1549 538 Iinrennatenlium
1563 513 1739 547 episcoporum
1754 514 1854 549 uulgato
1868 523 1883 541 ιι
1897 515 1931 542 Cl.

1151 554 1299 587 Bacclu'm'o,
1313 559 1336 581 et
1350 564 1438 583 recuso
1454 565 1484 582 ac
1497 557 1530 583 ad
1544 566 1592 584 ms.
1605 558 1662 585 cod.
1684 560 1808 586 recensita
1822 569 1838 586 α
1853 560 1935 586 Mura-

1151 600 1215 625 tario
1230 599 1290 626 lter.
1307 599 1370 626 Ital.
1384 605 1443 627 tom.
1457 600 1498 633 II,
1510 607 1578 635 part.
1592 602 1617 634 l,
1633 603 1667 629 ad
1679 604 1757 630 vitam
1770 604 1800 631 S.
1817 604 1934 631 Ecclesia'

1152 643 1354 671 anennatensis
1368 646 1479 681 episcopi
1502 646 1673 674 Constitutum
1695 649 1824 682 quoddam
1844 649 1933 676 Felicis

1149 697 1223 723 papa:
1237 690 1355 721 servavit,
1371 690 1459 717 datum
1475 692 1609 719 occasione
1629 693 1730 719 dissidii
1753 694 1886 729 cujusdam
1909 695 1932 720 in

1151 735 1302 767 Ecclesium,
1317 741 1341 762 et
1351 736 1457 763 clericos
1470 737 1576 764 ditionis
1590 747 1652 765 sum.
1667 738 1707 765 En
1722 739 1787 765 illud
1801 748 1809 766 :

1306 781 1547 810 CONSTITUTUM
1575 784 1704 811 FELICIS
1730 784 1772 812 IV.

1344 835 1377 854 DE
1398 836 1521 859 Εεειιῐιλειλ
1537 836 1744 856 RAVENNATENSI.

1157 900 1160 903 _
1186 873 1259 900 Felix
1273 873 1329 908 (IV,
1345 873 1429 909 MUR.)
1445 874 1586 909 cpiscopus
1599 875 1671 902 urbis
1685 875 1786 903 Roma).

1186 919 1328 946 Laudanda
1347 923 1388 946 est
1410 919 1581 946 decesserunt
1606 925 1759 947 nostrorum
1786 922 1931 950 sollicitudo

1149 968 1182 993 de
1198 974 1262 1000 pace
1273 969 1300 993 et
1310 967 1401 1000 quiete
1414 966 1594 993 ecclesiastica
1614 967 1810 1002 (constitutum,
1835 968 1927 1003 illum),

1149 1013 1211 1047 quia
1230 1016 1322 1046 pastor
1331 1012 1376 1046 qui
1400 1011 1546 1045 advigilans
1567 1014 1705 1039 continere
1726 1012 1805 1039 debet
1825 1019 1919 1041 conten

1151 1059 1247 1091 tiones,
1268 1061 1314 1084 aut
1330 1057 1448 1089 damnat,
1472 1060 1518 1084 aut
1538 1057 1656 1090 corrigit.
1681 1056 1793 1091 Oportet
1817 1058 1843 1084 in
1865 1058 1930 1086 hunc

1150 1105 1236 1139 ipsum
1251 1104 1385 1130 tramitem
1407 1102 1484 1130 nobis
1501 1102 1697 1130 ambulantibus
1718 1103 1812 1131 similis
1825 1112 1884 1131 cum
1896 1105 1932 1132 eis

1150 1149 1286 1185 conspici;
1302 1149 1364 1184 quia
1377 1156 1489 1183 quorum
1504 1156 1552 1183 per
1566 1149 1612 1176 Dei
1627 1149 1836 1176 misericordiam
1848 1150 1931 1179 locum

311 1196 406 1215 eruere
417 1197 424 1221 ;
437 1188 498 1222 quia
509 1196 567 1223 quin
579 1189 669 1216 illicite
684 1189 807 1216 inchoata
819 1194 890 1222 sunt,
904 1191 926 1217 si
936 1190 1096 1217 damnentur
1111 1190 1132 1219 Β
1148 1195 1273 1230 gerimus,
1288 1194 1405 1229 ipsorum
1420 1194 1495 1228 sequi
1510 1201 1559 1224 nos
1573 1193 1650 1221 decet
1666 1195 1798 1228 cxetupla.
1815 1194 1857 1231 Ea
1868 1195 1920 1221 invi

311 1234 336 1260 in
361 1238 508 1268 posterum,
532 1242 596 1261 suos
617 1233 718 1261 fructus
739 1241 869 1267 generare
896 1242 948 1261 non
975 1240 1095 1269 possunt.

309 1279 377 1306 Nam
392 1279 464 1314 quod
478 1279 605 1313 gradibus
617 1279 746 1311 eruditur,
762 1280 784 1306 si
798 1280 856 1307 sine
873 1279 1039 1314 perfectione
1050 1281 1098 1307 do-

308 1326 402 1352 ctrinm
423 1325 456 1352 ad
482 1332 561 1352 suum
588 1326 728 1360 perveniat
749 1325 939 1357 constitutum,
959 1330 1031 1352 errat
1051 1333 1098 1360 per

308 1371 545 1403 examinationem,
556 1371 618 1405 quia
629 1379 682 1398 non
693 1371 789 1406 recipit
799 1372 970 1404 ﬁrmitatem;
984 1379 1033 1399 nec
1046 1371 1095 1399 ho-

309 1423 401 1442 norem
415 1416 476 1450 quis
488 1423 537 1450 per
551 1416 675 1443 timorem
691 1420 779 1450 potest
798 1424 916 1448 servare,
929 1417 975 1451 qui
990 1417 1017 1444 in
1039 1417 1096 1451 ejus

306 1461 419 1495 gloriam
440 1462 524 1488 semel
548 1461 640 1489 labore
654 1461 786 1496 pervenit.
808 1460 842 1488 Et
865 1462 922 1489 laus
947 1462 1034 1489 inanis
1052 1462 1094 1489 cui

307 1506 430 1533 tribuitur
455 1506 536 1540 laedit,
561 1506 594 1534 ad
614 1507 757 1534 elationem
782 1507 901 1534 nutriens
915 1507 999 1542 magis
1014 1515 1093 1542 quam

305 1560 455 1586 provocans
478 1552 513 1580 ad
536 1560 645 1587 operam
667 1560 737 1580 vera:
758 1552 871 1580 virtutis.
889 1552 942 1580 Vas
956 1552 1095 1580 electionis

305 1598 338 1625 ad
349 1605 426 1625 suum
438 1598 609 1625 vernaculum
621 1597 792 1625 Timotheum
810 1597 903 1625 scribit
917 1597 1007 1625 dicens
1020 1606 1027 1624 :
1044 1597 1069 1624 Ν
1072 1607 1095 1624 e-

304 1644 368 1671 mini
379 1644 428 1671 cito
443 1652 534 1671 manus
557 1644 719 1679 imposueris,
736 1651 782 1670 nec
802 1644 1025 1670 commnnicaveris
1039 1652 1097 1679 pec:

304 1691 369 1718 catis
392 1690 483 1718 alienis
498 1689 526 1726 (1
550 1689 615 1717 Tim.
638 1690 676 1725 v).
698 1690 768 1728 Quid
791 1690 840 1717 sibi
863 1690 941 1716 vult:
958 1697 992 1718 ne
1015 1690 1093 1717 citius

305 1738 426 1772 imponas
446 1736 562 1763 manus?
577 1735 644 1769 Quia
659 1736 773 1769 dignitas
787 1743 845 1770 qua:
859 1735 948 1768 datur,
969 1735 1029 1762 ideo
1044 1734 1092 1761 da-

303 1787 356 1814 tur,
374 1786 402 1808 ut
416 1782 494 1808 duret
508 1780 660 1808 immobilis.
676 1780 760 1808 Debet
771 1781 851 1812 enim,
868 1784 1011 1814 antequam
1027 1788 1092 1807 con-

303 1828 426 1861 cedatur,
440 1828 519 1861 longa
533 1826 582 1854 sub
596 1826 789 1854 deliberatione
811 1826 929 1854 tractari.
942 1825 1018 1853 Unde
1032 1833 1089 1852 ma-

1149 1242 1192 1269 dia
1206 1240 1389 1268 sacerdotibus
1403 1239 1529 1267 Ecclesia:
1551 1239 1713 1266 Ravennatis
1734 1240 1796 1266 talia
1816 1240 1920 1274 contige

1147 1291 1219 1319 runt,
1233 1285 1390 1321 qua:(quod,
1402 1284 1486 1318 Men.)
1497 1285 1616 1311 omnium
1625 1284 1817 1312 catholicorum
1832 1285 1932 1313 animos

1147 1331 1319 1358 contristasse
1345 1333 1510 1361 noscuntur,
1540 1329 1746 1360 altercationes.
1770 1330 1931 1362 seditiones,

1146 1378 1301 1412 pravitates,
1324 1383 1383 1410 qua:
1405 1383 1512 1414 omnem
1535 1364 1699 1410 disciplinam
1721 1375 1930 1403 ecclesiasticam

1145 1422 1310 1458 disrumpere
1338 1422 1495 1454 niterentur.
1521 1420 1573 1447 Ista
1598 1428 1648 1448 nos
1663 1420 1816 1448 iterum.....
1841 1428 1931 1447 verum

1145 1467 1192 1494 Dei
1208 1468 1330 1494 timorem
1358 1470 1420 1493 ante
1444 1466 1537 1493 oculos
1562 1465 1703 1499 habentes,
1719 1469 1748 1492 ut
1768 1473 1817 1493 nec
1835 1465 1932 1492 illicitis

1145 1513 1281 1540 audaciam
1304 1512 1398 1539 demus
1418 1511 1583 1545 excessibus,
1598 1514 1624 1537 et
1644 1519 1697 1537 non
1720 1510 1930 1544 abjiciamus.....

1145 1566 1192 1592 per
1203 1557 1378 1584 constitutum
1393 1560 1514 1583 nostrum
1538 1555 1673 1587 ordinare,
1694 1556 1763 1588 qqu
1777 1554 1877 1587 justum
1892 1559 1932 1581 est

1144 1603 1289 1631 secundum
1310 1602 1480 1629 Salomonem
1495 1601 1628 1628 dicentem
1645 1608 1651 1626 :
1669 1599 1730 1626 Non
1745 1599 1820 1625 dares
1833 1600 1930 1634 (dares,

1143 1648 1225 1683 th.)
1248 1649 1382 1674 transitum
1401 1655 1483 1681 aqum.
1504 1645 1575 1680 Ergo
1593 1649 1765 1672 recensentes
1779 1645 1903 1679 capitulis
1916 1653 1931 1671 a

1143 1694 1224 1721 fratre
1237 1698 1329 1720 nostro
1346 1693 1439 1728 (deest,
1459 1691 1541 1726 Muri.)
1564 1690 1693 1722 Ecclesio,
1716 1695 1744 1717 et
1764 1698 1777 1716 a
1793 1691 1932 1726 presbyte-

1143 1740 1189 1771 ris,
1205 1743 1232 1766 et
1245 1737 1410 1768 diaconibus,
1418 1741 1445 1763 et
1460 1736 1562 1763 clericis
1573 1735 1665 1770 (clero,
1682 1735 1811 1769 Muu.).et
1822 1736 1932 1762 notariis

1143 1784 1269 1811 Ecclesia:
1287 1782 1448 1809 Ravennatis
1468 1781 1544 1808 nobis
1558 1779 1663 1812 oblatis,
1689 1781 1865 1815 praesentibus
1878 1781 1932 1807 fra-

1143 1834 1183 1857 tre
1194 1834 1221 1856 et
1235 1828 1427 1856 consacerdote
1447 1831 1539 1854 nostro
1554 1826 1685 1857 Ecclesia,
1706 1831 1733 1853 et
1747 1827 1805 1861 ejus
1825 1827 1931 1854 clericis

303 1875 386 1908 gister
410 1874 454 1909 qui
470 1874 663 1906 elementorum
678 1873 783 1908 ignorat
796 1873 893 1900 initia?
908 1872 983 1900 Unde
994 1872 1090 1906 guber-
1104 1871 1127 1902 C
1144 1875 1253 1902 inferius
1267 1874 1420 1908 designatis,
1439 1873 1511 1908 quod
1526 1873 1623 1899 rationi
1645 1873 1760 1905 vidimus
1775 1873 1931 1905 convenire,

303 1924 382 1947 nator
398 1920 443 1953 qui
462 1919 532 1946 inter
546 1923 640 1945 nautas
654 1926 701 1946 sua
720 1918 827 1946 servitia
842 1927 896 1946 non
911 1918 1091 1946 monstravit?

302 1965 407 1999 Ignorat
436 1972 558 1999 quamam
584 1964 654 1991 ratio
679 1964 813 1997 magistris
843 1963 955 1991 debetur
986 1962 1031 1997 qui
1058 1962 1091 1988 ad

302 2010 483 2037 obedientiam
493 2018 541 2037 sua
554 2009 635 2037 corda
653 2017 706 2036 non
726 2008 809 2039 ﬂexit,
833 2009 902 2036 unde
916 2007 1091 2043 quemadmo-

302 2056 364 2082 dum
394 2057 421 2082 in
444 2056 524 2083 domo
545 2055 593 2081 Dei
619 2054 770 2081 conversari
795 2053 893 2080 debeat
919 2051 1092 2091 posteris/sit.

302 2101 465 2135 exemplum.
478 2100 519 2127 Sit
532 2100 558 2127 in
573 2099 696 2127 omnibus
710 2099 822 2131 clericis,
844 2102 870 2125 ct
883 2098 909 2125 in
924 2097 965 2124 his
976 2084 1090 2123 mbiime

301 2147 346 2181 qui
360 2151 424 2174 sunt
446 2146 482 2174 ad
500 2145 650 2174 sacerdotia
669 2145 812 2179 deligendi,
835 2143 988 2179 apostolica
1003 2143 1090 2170 moni-

301 2193 384 2220 tionis
396 2192 542 2226 eloquium,
558 2192 603 2226 qui
618 2192 674 2218 ait:
694 2191 802 2226 Oportet
820 2195 843 2217 et
861 2190 1034 2217 testimonium
1047 2190 1092 2216 ha-

301 2237 360 2264 bere
378 2237 470 2264 bonum
495 2237 526 2264 ab
550 2238 589 2264 Itis
603 2239 645 2273 qui
659 2238 723 2273 [oris
746 2241 806 2264 sunt
821 2235 847 2271 (Ι
868 2235 934 2262 Tim.
956 2236 1006 2269 nt).
1022 2235 1090 2269 Qua-

300 2288 411 2317 propter
422 2283 555 2310 communi
573 2290 717 2314 consensu,
738 2281 787 2309 sub
807 2280 996 2308 observatione
1009 2288 1090 2308 vene-

299 2328 423 2355 rabilium
435 2335 578 2360 canonum,
599 2327 774 2355 ordinandum
796 2326 886 2360 eligite
900 2325 1065 2353 sacerdotem
1082 2334 1087 2351 :

300 2377 330 2400 ut
345 2378 372 2401 et
385 2373 419 2401 de
433 2378 525 2401 nostra
537 2373 620 2401 simus
634 2374 720 2400 salute
734 2372 851 2402 solliciti,
872 2375 899 2398 et
914 2371 1019 2397 illorum
1034 2370 1089 2397 uli-

299 2421 418 2448 litatibus
437 2421 619 2453 consulamus,
637 2420 682 2455 qui
705 2419 803 2446 fuerint
823 2417 857 2444 ad
877 2418 948 2444 hunc
967 2416 1088 2444 ordinem

297 2468 439 2502 diligenter
448 2467 553 2494 adsciti.
571 2466 642 2493 Deus
661 2470 688 2492 te
700 2465 862 2492 incolumem
881 2463 1024 2495 custodiat,
1040 2463 1089 2489 fra-

299 2518 340 2540 ter
362 2512 508 2540 carissime.
538 2512 604 2539 Data
638 2519 665 2538 tu
699 2517 784 2537 nonas
815 2508 1005 2536 Februarias”|
1028 2512 1088 2543 post

1142 1927 1283 1947 censemus
1303 1927 1350 1947 eos
1363 1919 1507 1946 clericatus
1527 1918 1644 1945 cilicium
1665 1918 1764 1945 debere
1785 1918 1931 1952 suscipere,

1141 1971 1255 1998 quorum
1267 1964 1349 1991 vitam
1363 1968 1390 1990 et
1403 1963 1633 1991 conversationem
1645 1969 1783 1990 sacrarunt
1798 1969 1930 1989 canonum

1141 2017 1194 2037 non
1215 2011 1301 2045 possit
1321 2011 1476 2045 impugnare
1497 2010 1652 2036 auctoritas.
1668 2008 1785 2035 Clericos
1805 2016 1869 2035 vero
1888 2016 1933 2035 se-

1141 2056 1256 2084 cundum
1278 2060 1431 2082 sanctorum
1455 2054 1564 2080 Patrum
1585 2054 1692 2087 regulas
1715 2053 1836 2081 volentes
1863 2054 1932 2081 dun-

1142 2105 1215 2128 taxat
1230 2105 1257 2127 et
1268 2101 1453 2131 denuntiatos;
1465 2102 1593 2133 quantum
1605 2098 1637 2125 ad
1654 2099 1825 2134 presbyteros
1837 2104 1864 2126 et
1874 2099 1932 2125 dia-

1141 2153 1225 2173 conos
1246 2145 1371 2180 pertinet,
1393 2144 1500 2171 statutis
1514 2143 1638 2177 jubemus
1653 2144 1817 2178 temporibus
1831 2144 1933 2171 solem—

1141 2192 1212 2219 nitcr
1225 2189 1440 2227 prontoverisDe
1452 2197 1515 2216 vero
1527 2189 1710 2216 Ravennatum
1723 2194 1750 2217 et
1763 2189 1934 2217 Classicano-

1140 2245 1199 2264 rum
1217 2236 1344 2269 Ecclesia,
1368 2235 1476 2269 antiqua
1494 2234 1658 2262 consuetudo
1679 2240 1809 2262 servetur.
1832 2235 1932 2262 Clerici

1142 2290 1205 2309 vero
1222 2281 1262 2309 vel
1275 2280 1398 2309 monachi
1410 2280 1442 2307 ad
1453 2280 1599 2307 indebitum
1610 2280 1782 2307 obtinendum
1797 2279 1931 2311 ordinem,

1141 2328 1183 2355 vel
1198 2328 1295 2359 locum,
1317 2326 1466 2361 potentium
1482 2326 1630 2360 patrocinia
1651 2334 1704 2353 non
1721 2326 1867 2360 requirant,
1882 2333 1933 2360 per

1140 2381 1208 2408 quae,
1224 2377 1269 2400 aut
1290 2381 1344 2399 non
1367 2372 1488 2399 faciendo
1504 2372 1633 2406 ingratus,
1652 2377 1698 2398 aut
1722 2371 1844 2398 faciendo
1859 2370 1933 2405 inju-

1140 2422 1197 2445 stus
1216 2418 1340 2445 videatur
1360 2417 1511 2452 episcopus.
1529 2416 1628 2450 Quarta
1651 2416 1802 2451 patrimonii
1826 2416 1934 2442 Raven-

1140 2464 1258 2492 natensis
1270 2463 1404 2496 Ecclesiae,
1421 2464 1472 2490 hoc
1491 2467 1532 2490 est
1551 2463 1600 2490 tria
1615 2463 1697 2489 millia
1716 2462 1875 2495 solidorum,
1886 2470 1935 2489 so—

1140 2510 1194 2537 litis
1204 2509 1405 2543 erogationibus
1412 2509 1517 2536 clericis
1527 2509 1660 2541 omnibus,
1667 2509 1709 2534 vel
1719 2508 1816 2542 quibus
1826 2509 1936 2541 erogari

297 2558 465 2585 consulatum
490 2556 613 2584 Mavortii
636 2555 687 2582 viri
712 2554 852 2582 clarissimi
872 2556 963 2588 (anno
989 2553 1086 2581 Christi
1103 2548 1127 2578 Ι)
1141 2559 1182 2583 csl,
1196 2555 1314 2587 solitum,
1330 2555 1507 2589 compleatur,
1524 2554 1551 2580 Si
1567 2553 1630 2587 quid
1646 2557 1733 2580 tamen
1749 2561 1783 2580 ex
1796 2554 1938 2587 pensioni-

299 2602 350 2629 528

334 2603 367 2637 8)

334 2650 452 2685 Agnellus
466 2648 677 2678 Ravennatensis,
687 2647 748 2674 noni
763 2647 849 2674 siccati
863 2647 981 2681 scriptor.
997 2646 1024 2672 in
1038 2653 1084 2673 suo

332 2719 345 2733 ἰ
362 2714 425 2741 Post
439 2716 602 2753 consulatum
622 2711 755 2753 Mavortii]
772 2711 876 2753 Yulgati
890 2710 920 2738 Ρ.
940 2711 970 2738 C.
987 2710 1086 2753 ξίφη

296 2750 391 2776 Bon-ru
408 2757 431 2775 v.
449 2757 473 2776 c.
491 2749 554 2780 Quze
569 2748 634 2775 falsa
650 2746 809 2781 subscriptio
824 2754 968 2781 suspensos
986 2746 1085 2772 dudum

296 2785 389 2813 habuit
400 2785 472 2811 viros
485 2784 590 2815 doctos,
607 2790 668 2810 cum
691 2782 786 2810 Felicis
805 2781 837 2808 lll
853 2782 1027 2816 temporibus,
1041 2781 1084 2808 cui

295 2819 354 2848 haec
367 2819 481 2853 epistola
497 2822 607 2852 propter
622 2817 894 2853 Boetiirconsulatum
907 2816 1084 2849 tribuebatur,

296 2852 414 2886 Ca3sarii,
428 2854 473 2888 qui
494 2854 635 2888 episcopus
649 2852 766 2880 nondum
786 2857 853 2883 erat,
874 2858 1023 2888 congruere
1038 2859 1086 2888 no-

296 2897 357 2917 men
370 2884 421 2916 non
434 2884 710 2923 posse—intelligerent,
723 2892 750 2914 et
763 2884 1030 2923 contra¥cumlFelice
1042 2885 1085 2923 lV,

296 2925 339 2952 cui
354 2920 512 2957 congrueret
526 2920 637 2950 Cmsarii
655 2923 835 2957 episcopatus,
859 2921 944 2948 Boetii
962 2920 1071 2947 consula

295 2964 353 2987 tum
369 2956 475 2986 minime
495 2960 648 2987 convenire.
672 2956 834 2988 Nuncrvero,
848 2956 971 2984 restituta
987 2963 1018 2981 ex
1041 2963 1084 2981 co-

1141 2601 1191 2628 bus
1208 2601 1251 2628 vel
1271 2600 1472 2627 haereditatibus
1487 2606 1619 2630 crescere,
1643 2598 1756 2627 Domino
1776 2603 1869 2626 nostro
1885 2606 1935 2625 vo-

1141 2648 1213 2674 lente
1240 2646 1391 2679 contigerit,
1419 2645 1514 2672 eodem
1541 2643 1654 2671 Domino
1680 2643 1825 2675 mediante,
1850 2644 1939 2671 etiam

1140 2714 1198 2741 dice
1213 2713 1361 2740 Arelatensi
1374 2720 1435 2739 vera
1447 2711 1573 2742 lectione,
1588 2710 1713 2738 discussm
1723 2715 1784 2738 sunt
1794 2711 1937 2745 ambages.

1140 2754 1167 2776 et
1181 2748 1285 2775 reddita
1300 2747 1404 2775 auctori
1419 2754 1468 2773 suo
1487 2746 1609 2780 epistola,
1629 2746 1654 2772 id
1668 2750 1709 2773 est
1730 2746 1810 2773 Felici
1827 2745 1870 2778 IV,
1886 2753 1939 2772 cu-

1137 2784 1182 2818 jus
1205 2790 1290 2810 annus
1308 2781 1447 2818 secundus
1459 2781 1499 2818 in_
1513 2788 1573 2807 eum
1587 2781 1701 2818 incidit,
1728 2781 1777 2818 qui
1800 2781 1850 2818 luit
1870 2784 1940 2818 pysl

1139 2814 1307 2846 consulatum
1327 2816 1459 2848 Mavortii,
1476 2816 1502 2843 id
1525 2820 1565 2842 est
1586 2816 1611 2842 in
1636 2823 1734 2842 annum
1750 2815 1847 2842 Christi
1868 2814 1938 2844 528,

1138 2861 1192 2887 quo
1217 2852 1347 2879 Czcsarius
1366 2859 1470 2887 annum
1484 2851 1579 2887 agebat
1600 2851 1625 2876 in
1649 2851 1804 2887 episcopatu
1825 2858 1877 2887 squ
1899 2848 1941 2875 25

1141 2884 1207 2921 (imo
1218 2887 1262 2919 29,
1275 2895 1336 2914 cum
1348 2886 1380 2921 ad
1392 2894 1452 2912 cum
1461 2885 1515 2919 jam
1527 2885 1560 2911 ab
1572 2893 1634 2911 ann.
1645 2885 1696 2911 602
1707 2885 1847 2919 scripserit
1855 2884 1940 2912 Svut-

1141 2920 1250 2949 machus
1262 2922 1353 2956 papa).
1369 2920 1425 2948 hc.
1442 2921 1600 2947 SIRIONDUS.
