4124 6530
284 477 348 537 t3
764 476 774 486 ‘
1497 475 1848 536 erusteus.
1881 477 1968 533 ET
1999 473 2328 535 DECRE'M.
2501 475 2505 482 '
2564 533 2568 536 η
3034 442 3052 462 ’
3475 465 3537 542 η

277 605 481 650 uuarta:
525 605 755 664 portioni
801 594 1121 662 adjiciantur
1175 593 1468 663 (proficiat,
1516 593 1729 661 Mum);

277 696 455 740 tamen
507 694 565 740 ut
612 685 860 739 brevibus
906 684 1184 748 ordinatis,
1234 683 1377 751 quod
1429 683 1647 752 singulis
1674 683 1852 737 distri-

277 778 460 830 buitur
506 776 673 829 latere
712 790 818 829 non
866 775 1148 844 possit.....
1198 773 1487 834 secundum
1529 775 1739 837 merita,
1771 789 1858 828 se-

225 923 230 928 ,
277 868 509 922 cundum
538 867 674 930 loca,
705 867 830 936 quia
870 868 1049 921 omnia
1097 868 1238 922 Deus
1273 867 1566 922 secundum
1596 867 1856 936 justitiam

277 970 334 1016 et
363 975 665 1014 mensuram
695 961 1088 1013 constituit.....
1132 960 1205 1014 ita
1233 969 1290 1013 ut
1318 962 1680 1029 unusquisque
1706 967 1858 1014 extra

279 1053 652 1106 necessitatem
683 1050 1005 1104 inﬁrmitatis
1027 1059 1122 1104 aut
1161 1065 1377 1104 causam
1403 1051 1647 1104 idoneam
1678 1051 1862 1103 altaris

279 1143 459 1196 omnia
510 1143 563 1196 in
610 1158 708 1195 suo
747 1140 927 1195 oﬂicio
968 1140 1250 1208 vigilanter
1294 1141 1561 1194 observet.
1605 1139 1860 1193 Redditus

280 1238 553 1305 (excepta,
611 1233 777 1301 Men.)
816 1248 945 1286 vero
991 1233 1312 1302 prtediorum
1367 1233 1481 1286 sive
1526 1232 1863 1286 accessiones

281 1334 501 1397 propter
512 1325 590 1380 rei
611 1323 887 1379 familiaris
907 1333 1193 1393 expensas,
1215 1323 1300 1377 vel
1317 1323 1527 1388 exenia,
1551 1337 1670 1390 qua:
1689 1322 1864 1375 diver-

281 1417 356 1472 sis
367 1416 683 1482 oll‘eruntur,
705 1414 1016 1468 etcouvivia
1031 1414 1238 1482 quazeis
1259 1413 1530 1477 exhibere,
1546 1413 1739 1482 velpro
1761 1412 1863 1466 loci

281 1508 384 1573 sui,
417 1507 501 1562 vel
539 1507 752 1572 merito,
793 1505 878 1560 vel
925 1520 1022 1575 pro
1069 1499 1464 1559 advenientium
1503 1505 1860 1574 susceptione,

284 1612 506 1654 necesse
533 1605 634 1663 est,
660 1597 917 1666 episcOpo
951 1596 1328 1650 constituimus
1357 1596 1553 1650 debere
1581 1597 1863 1666 prolicere.

283 1687 493 1742 Nullam
522 1685 972 1754 conjurationem,
1004 1685 1208 1740 nullum
1238 1687 1692 1754 conventiculum,
1723 1689 1868 1756 quod

284 1779 371 1832 vel
395 1777 535 1846 apud
566 1777 734 1830 laieos
761 1790 881 1830 esse
919 1792 1024 1829 non
1055 1784 1235 1845 potest
1259 1777 1575 1844 impunitum
1600 1777 1652 1830 in
1685 1777 1868 1832 Eccle-

285 1870 367 1924 sia
395 1869 512 1934 Dei,
542 1868 682 1920 ullus
725 1866 902 1920 facere
934 1873 1103 1920 tentet
1127 1880 1200 1920 ex
1227 1865 1395 1920 clero.
1438 1865 1568 1918 Nam
1611 1868 1750 1920 sicut
1772 1884 1868 1922 nos

1785 594 1860 646 sic
1894 603 1937 652 Α
1965 592 2258 659 scriptione
2304 603 2615 676 suseiptant,
2665 603 2723 648 ut
2773 597 3024 663 quotiens
3067 599 3304 666 exegerit
3355 613 3534 663 causa,

1963 681 2189 736 fideliter
2240 681 2601 751 proferantur,
2642 685 2981 752 contradam,
3039 696 3201 756 atque
3255 689 3534 758 recipiant.

1959 769 2148 825 Omnia
2182 781 2357 826 tamen
2382 790 2503 827 cum
2540 774 2783 841 jussione
2830 785 2885 828 et
2925 777 3266 831 ordinatione
3302 779 3539 848 episcopi

1958 861 2040 914 sui
2076 862 2294 916 eosdem
2343 862 2594 932 jubemus
2649 863 2881 920 ellicere.
2924 866 3053 921 ldeo
3108 869 3251 922 enim
3293 870 3542 924 universa

1959 951 2309 1006 describenda
2351 963 2477 1007 sunt
2521 955 2879 1010 ecclesiastica
2925 959 3272 1024 documenta,
3318 974 3387 1014 ne
3436 959 3544 1013 ullo

1960 1043 2142 1104 modo,
2176 1052 2268 1096 aut
2295 1053 2540 1114 suscepta
2567 1056 2810 1114 pereant,
2853 1057 2945 1100 aut
2993 1058 3236 1120 tempore
3273 1067 3381 1121 quo
3418 1059 3546 1104 suiit

1960 1136 2264 1189 necessaria
2314 1137 2632 1192 utilitatibus
2687 1140 3067 1195 ecclesiasticis
3131 1143 3372 1196 exhiberi
3433 1157 3543 1196 nou

1962 1227 2188 1293 possint.
2232 1226 2335 1292 Qui
2374 1236 2553 1282 tamen
2592 1231 2788 1283 notarii
2843 1231 2896 1284 in
2927 1232 3102 1286 cilicio
3131 1249 3231 1287 suo
3260 1235 3544 1286 observan-

1964 1320 2064 1378 tes,
2107 1316 2331 1379 strenui,
2380 1327 2779 1386 consequantur
2827 1321 2943 1375 sine
2984 1323 3355 1379 imminutione
3396 1339 3543 1377 com-

1964 1407 2122 1459 moda
2160 1406 2279 1470 sibi,
2326 1409 2410 1462 vel
2468 1411 2737 1478 prioribus
2775 1413 2885 1467 suis
2938 1415 3231 1482 antiquitus
3266 1415 3538 1484 deputata.

1964 1495 2068 1566 lpsi
2088 1499 2271 1562 etiam,
2305 1500 2443 1554 sicut
2471 1502 2635 1570 exigit
2665 1503 2828 1569 ratio,
2873 1512 2928 1556 et
2957 1505 3250 1572 antiquitas
3277 1505 3544 1558 ordinavit

1963 1588 2194 1658 libellos,
2221 1600 2275 1644 et
2297 1594 2613 1648 securitates
2644 1597 2806 1649 totius
2834 1579 3543 1666 patrimoniiecclesiastici,

1965 1696 2193 1749 quorum
2222 1682 2449 1738 interest
2485 1687 2815 1755 subscriptus
2838 1688 3075 1756 episcopi
3107 1703 3294 1751 manu,
3327 1696 3546 1742 contra-

1967 1771 2116 1822 dant.
2145 1770 2348 1835 Quibus
2379 1789 2506 1828 vero
2537 1790 2657 1828 cum
2688 1776 2960 1829 strcularis
2995 1776 3420 1830 conversationis
3447 1775 3520 1827 ho

1970 1861 2203 1915 minibus
2233 1863 2432 1916 nullam
2472 1866 2845 1918 necessitatem
2885 1867 2962 1918 rei
3009 1866 3286 1919 l'amiliaris
3315 1867 3549 1919 toleran-

285 1973 536 2034 optamus
586 1978 654 2017 ne
707 1978 940 2031 superna
984 1962 1346 2016 misericordia
1377 1962 1611 2031 patiatur
1637 1962 1863 2024 admitti,
1899 1952 1945 2010 Β
1974 1951 2115 2006 libus
2147 1955 2498 2008 ecclesiastici
2523 1955 2658 2022 juris
2690 1956 2907 2024 pnndia,
2951 1957 3035 2009 vel
3067 1956 3288 2017 Ul'banat
3342 1956 3421 2006 vel
3456 1970 3548 2007 ιίι-

285 2054 383 2118 sic,
409 2054 452 2108 si
481 2053 600 2122 quis
625 2053 932 2113 tentaverit,
959 2054 1156 2107 sentiat
1176 2054 1549 2106 auctoritatem
1579 2068 1865 2116 canonum,

285 2152 344 2198 et
386 2143 804 2197 ecclesiasticam
842 2142 1176 2211 disciplinam
1220 2141 1513 2197 secundum
1553 2143 1866 2211 Apostoluni

285 2235 552 2290 dicentem
587 2253 599 2288 :
632 2235 954 2290 Excedentes
995 2237 1049 2288 in
1079 2246 1347 2306 conspectu
1385 2238 1611 2290 omnium
1649 2238 1864 2308 corrige,

286 2339 343 2381 ut
381 2329 574 2382 residui
603 2330 834 2382 timorem
872 2329 1113 2382 habeant.
1145 2329 1450 2384 Mereantur
1475 2329 1602 2386 boni
1633 2329 1864 2390 laudem,
1902 2375 1904 2377 .

287 2418 454 2486 quiin
483 2419 736 2488 operibus
774 2419 869 2473 Dei
897 2420 1117 2486 vigilant
1145 2435 1158 2481 ;
1190 2421 1425 2477 sentiant
1455 2419 1705 2475 allectum
1743 2437 1869 2490 pro-

286 2510 390 2580 prii
416 2511 728 2575 sacerdotis,
769 2512 860 2578 qui
905 2505 1000 2580 per
1038 2512 1398 2565 obedientiam
1430 2527 1582 2566 suam
1622 2513 1870 2565 videntur

287 2618 482 2656 ornare
527 2599 895 2672 propositum;
924 2605 1220 2671 glorientur
1244 2603 1311 2657 de
1355 2605 1439 2658 sui
1477 2618 1663 2658 amore
1691 2598 1871 2674 ponti-

288 2693 421 2757 llcis,
463 2693 552 2761 Qui
584 2693 638 2746 iu
679 2695 789 2747 suis
829 2692 1018 2747 officiis
1069 2695 1136 2747 ab
1185 2695 1438 2762 operibus
1496 2693 1608 2748 Deo
1663 2695 1870 2764 placitis

287 2797 412 2837 cum
432 2783 550 2850 ejus
561 2783 832 2851 obsequiis
850 2799 955 2837 non
977 2783 1266 2847 desistunt;
1294 2785 1433 2838 sicut
1447 2785 1624 2838 divina
1644 2785 1872 2854 loquun-

290 2882 378 2927 tur
397 2871 640 2940 cloquia:
666 2870 866 2942 Dignus
893 2882 968 2925 est
996 2875 1261 2942 operarius
1285 2874 1516 2926 mercede
1539 2891 1650 2926 sua.
1677 2875 1754 2927 Ad
1776 2891 1873 2942 pa-

287 2961 598 3017 trimonium
615 2977 744 3015 vero
767 2960 1018 3015 Ecclesia:
1039 2977 1107 3015 ex
1127 2976 1312 3015 eorum
1339 2963 1574 3030 episcopi
1599 2963 1866 3030 judicio...

287 3069 353 3109 ex
384 3054 532 3108 clero
562 3069 809 3123 persona:
847 3054 1032 3108 electa:
1079 3068 1202 3108 cum
1247 3054 1453 3108 solatiis
1490 3063 1609 3123 qum
1639 3071 1736 3124 pro
1776 3072 1874 3109 no-

286 3144 406 3198 titia
451 3143 791 3213 deputaverit
827 3144 1114 3213 epiSCOpus
1153 3144 1252 3198 sub
1290 3145 1482 3199 idonea
1532 3145 1872 3214 lidejussione

287 3234 586 3297 mittantur,
616 3249 844 3304 quorum
875 3232 1010 3288 fides'
1034 3233 1215 3308 fuerit,
1239 3243 1294 3289 et
1333 3235 1596 3294 industria
1623 3253 1872 3307 compro—

1967 2043 2102 2098 stica
2142 2044 2266 2098 data
2297 2054 2440 2110 sunt,
2473 2047 2709 2115 episcopi
2749 2047 3107 2106 sollicitudine
3144 2060 3240 2114 per
3274 2062 3388 2107 eos,
3431 2045 3549 2111 qui-

1970 2135 2070 2190 bus
2097 2135 2320 2204 jusserit
2353 2138 2579 2192 clericos
2609 2139 2672 2192 ad
2702 2139 2994 2193 dominium
3026 2147 3246 2193 revocet
3277 2137 3546 2199 Ecclesia},

1970 2241 2071 2280 nec
2104 2226 2375 2297 deinceps,
2428 2239 2622 2298 praeter
2659 2245 2880 2283 causam
2913 2230 3163 2298 superius
3199 2229 3550 2298 comprehen-

1968 2331 2105 2384 sam,
2153 2317 2283 2373 dare
2328 2329 2636 2388 praesumat.
2691 2321 2914 2376 Mastan
2963 2337 3090 2375 vero
3144 2322 3550 2377 archidiaconus

1971 2406 2224 2464 Ecclesia:
2280 2409 2606 2464 Ravennatis
2674 2413 2954 2466 commoda
3027 2413 3264 2480 ejusdem
3315 2413 3549 2481 (eidem,

1970 2495 2138 2567 Men.)
2169 2498 2288 2553 loco
2310 2499 2464 2567 juxta
2506 2501 2782 2568 antiquam
2820 2503 3260 2556 consuetudinem
3299 2503 3550 2570 deputata

1969 2587 2084 2642 sine
2110 2588 2480 2644 imminutione
2523 2592 2799 2660 percipiat,
2834 2591 2971 2646 sicut
3010 2608 3105 2645 eos
3144 2595 3234 2660 qui
3274 2601 3399 2646 ante
3427 2607 3551 2646 eum

1969 2676 2206 2741 fuerunt,
2234 2679 2487 2734 claruerit
2513 2691 2852 2735 consecutos.
2903 2681 3225 2736 Monasteria
3253 2698 3382 2736 vero
3411 2683 3554 2737 viro-

1971 2784 2088 2822 rum
2117 2770 2231 2824 sive
2256 2771 2568 2824 ancillarum
2613 2771 2708 2825 Dei
2755 2773 2822 2826 ab
2851 2772 3105 2842 episcopo
3136 2773 3468 2841 ordinentur,
3496 2780 3555 2828 ut

1971 2858 2221 2912 omnibus
2251 2860 2408 2923 ratio,
2461 2860 2690 2927 justitia,
2722 2877 2826 2930 pax
2871 2871 2929 2916 et
2973 2863 3248 2932 disciplina
3293 2871 3552 2919 servetur.

1973 2948 2018 2999 A
2047 2950 2204 3003 nobis
2231 2950 2345 3004 lucc
2381 2952 2482 3006 loci
2519 2954 2690 3006 nostri
2727 2955 2891 3020 exigit
2919 2955 3192 3027 ratio'uou
3243 2965 3420 3011 tacere
3450 2959 3556 3025 (ta-

1973 3039 2107 3103 ceri,
2137 3039 2330 3111 Motu),
2363 3034 2512 3094 fratri
2543 3052 2727 3095 nostro
2756 3042 2997 3098 Ecclesio
3027 3059 3090 3098 ea
3116 3046 3356 3099 imminet
3377 3053 3554 3100 custo-

1973 3131 2108 3194 dire,
2149 3132 2273 3200 quia
2321 3147 2507 3202 pacem
2558 3142 2780 3200 generat
2832 3149 2952 3188 cum
3000 3137 3296 3190 canonibus
3345 3146 3556 3194 servata

1967 3221 2195 3290 justitia.
2227 3223 2304 3278 De
2327 3223 2534 3292 justitia
2563 3225 2762 3279 caritas
2790 3226 3048 3296 procedit,
3081 3242 3178 3296 per
3204 3243 3364 3297 quam
3391 3229 3557 3288 Deum

288 3324 432 3388 bata,
465 3333 523 3378 ut
550 3334 606 3379 et
646 3325 896 3380 alimonia
927 3339 1223 3394 pauperum
1266 3321 1510 3380 fraudem
1561 3344 1666 3382 non
1698 3329 1869 3397 patia-
1896 3315 1940 3376 C
1970 3312 2229 3378 Videmus,
2253 3321 2309 3368 ει
2339 3330 2435 3383 Per
2472 3314 2626 3383 cuius
2658 3317 2884 3384 Βηηίθηι
2941 3317 3052 3371 hinc
3104 3333 3386 3386 Possumus
3421 3334 3556 3390 ΡΜ·

282 3423 394 3479 tur,
450 3423 506 3468 et
559 3416 829 3484 quantitas
876 3415 1185 3484 patrimonii
1241 3414 1492 3470 Ecclesizc
1540 3417 1708 3471 latere
1763 3433 1870 3472 non

284 3507 479 3576 possit.
532 3515 582 3560 et
624 3507 989 3575 unusquisque
1022 3506 1254 3560 clericus
1293 3506 1393 3559 sub
1435 3507 1626 3561 timore
1668 3505 1782 3574 Del,
1816 3516 1872 3563 et

288 3597 489 3667 proprii
520 3596 814 3651 sacerdotis
851 3595 918 3650 de
947 3597 1028 3650 his
1074 3611 1192 3666 qum
1221 3596 1321 3650 sibi
1359 3598 1644 3652 commissa
1675 3596 1873 3653 fuerint

288 3695 527 3758 exponat
556 3687 783 3742 fideliter
816 3688 1072 3741 rationes.
1116 3687 1250 3741 lllud
1296 3703 1425 3743 vero
1468 3689 1611 3758 quod
1649 3693 1871 3746 omnino

287 3793 352 3831 ac
377 3777 629 3845 religioso
657 3778 816 3831 debet
842 3778 1112 3832 exsecrari
1140 3779 1435 3847 proposito,
1462 3796 1560 3834 nos
1591 3797 1688 3836 nec
1710 3799 1873 3852 Opor—

289 3870 440 3924 tebat
467 3868 634 3937 loqui,
677 3884 776 3924 nec
805 3869 985 3922 verbis
1025 3883 1318 3936 exponere.
1370 3869 1624 3925 Pervenit
1657 3873 1724 3925 ad
1774 3889 1872 3927 nos

288 3960 498 4030 aliquos
525 3958 592 4013 de
645 3958 792 4013 clem
837 3959 1141 4027 spectaculo
1185 3961 1482 4030 interesse,
1529 3979 1646 4032 qua:
1683 3981 1770 4019 res
1801 3968 1871 4019 ita

237 4095 242 4100 .
289 4048 520 4103 crudelis
547 4058 648 4111 est,
677 4057 732 4102 ut
779 4049 986 4103 animas
1031 4051 1418 4106 catholicorum
1462 4069 1560 4122 pro
1607 4056 1689 4108 sui
1720 4072 1874 4110 exse-

289 4139 530 4194 cratione
550 4139 855 4207 conturbet,
879 4149 938 4194 ut
974 4156 1110 4209 quos
1137 4143 1188 4196 in
1221 4142 1381 4198 domo
1421 4143 1515 4199 Dei
1549 4143 1729 4199 divina
1760 4146 1874 4201 elo-

287 4231 414 4298 quia
463 4230 750 4285 recitantes
799 4231 1019 4298 audivit,
1063 4234 1280 4288 eosdem
1305 4244 1497 4289 contra
1538 4236 1789 4291 mandata
1818 4239 1870 4292 in

285 4325 612 4394 Spectaculis
634 4326 858 4395 aspiciat
884 4329 1192 4382 convenire.
1224 4327 1280 4382 lu
1322 4329 1403 4384 his
1440 4330 1720 4400 disciplina
1741 4347 1872 4387 con-

290 4415 549 4483 funditur,
586 4417 766 4470 divina
812 4429 1077 4487 praecepta
1119 4420 1414 4474 calcantur.
1456 4419 1606 4476 Unde
1654 4430 1872 4492 oportet

285 4505 604 4573 episcopum
639 4515 694 4560 et
721 4507 788 4560 de
811 4507 911 4561 hac
944 4517 1095 4576 parte
1124 4509 1540 4565 sollicitudinem
1569 4528 1777 4580 gerere,
1813 4523 1868 4566 ut

289 4597 335 4650 si
370 4613 476 4651 non
508 4596 728 4662 faciunt,
761 4614 867 4652 non
914 4599 1113 4654 faciant
1158 4602 1210 4656 in
1250 4601 1448 4666 futuro,
1489 4612 1540 4657 et
1571 4606 1614 4659 si
1645 4604 1866 4672 faciunt,

286 4685 438 4756 iuxta
477 4687 810 4758 disciplinain
847 4691 1263 4746 ecclesiasticam
1296 4697 1648 4762 corrigantur.
1692 4696 1747 4750 Si
1777 4671 1868 4766 qui
1897 4671 1946 4732 Ῑ)

287 4793 421 4833 vero
449 4779 516 4833 de
545 4779 692 4834 clero
720 4782 915 4850 [media
942 4784 1166 4844 urbana,
1215 4784 1299 4837 vel
1340 4786 1537 4838 rustica
1575 4787 1640 4838 ad
1683 4785 1870 4842 Eccle-

262 4870 424 4923 ‘siam
466 4871 784 4939 pertinentia
831 4872 1052 4937 detinet,
1098 4876 1304 4929 eisdem
1345 4876 1539 4930 libellis
1589 4880 1688 4932 sub
1726 4877 1868 4948 justa

287 4959 563 5029 pensionis
599 4962 956 5018 aestimatione
1003 4964 1154 5019 factis
1200 4967 1480 5021 statuimus
1521 4968 1867 5031 collocanda,

284 5052 390 5108 hac
411 5056 618 5108 ratione
641 5055 722 5124 (ut
742 5055 960 5119 exinde,
987 5056 1154 5128 Mus.)
1186 5059 1327 5128 quod
1356 5061 1408 5114 in
1431 5076 1538 5128 quo
1565 5061 1737 5116 modis
1761 5063 1870 5116 suis

287 5144 468 5199 solent
495 5146 738 5215 accipere
776 5147 874 5217 ipsi
917 5148 1204 5215 retineant,
1244 5151 1386 5220 quod
1417 5159 1662 5220 superest
1695 5152 1869 5209 eccle-

284 5234 518 5289 siastieis
548 5237 778 5292 inierant
805 5240 1136 5313 compendiis
1163 5241 1522 5310 profuturum.
1549 5241 1703 5297 Circa
1734 5260 1868 5312 prm-

280 5324 375 5378 dia
403 5325 628 5390 urbana,
653 5328 738 5381 vel
765 5330 958 5384 rustica
981 5339 1280 5399 czcteraque
1303 5333 1520 5386 mobilia
1551 5349 1649 5403 pro
1678 5335 1869 5388 anima:

283 5431 400 5471 sua:
424 5418 678 5474 mercede
705 5435 734 5472 a
776 5419 1017 5475 ﬁdelibus
1045 5424 1359 5477 nominatim
1387 5425 1612 5481 diversis
1636 5426 1871 5481 basilicis

283 5503 564 5568 derelicta,
597 5516 751 5562 vetus
802 5512 1132 5567 consuetudo
1177 5523 1440 5568 servetur.
1496 5514 1696 5571 Notarii
1742 5533 1868 5572 vero

281 5598 440 5666 juxta
479 5600 724 5656 ordinem
767 5603 1056 5657 matriculzc
1081 5646 1095 5670 ,
1135 5607 1453 5674 primicerii,
1493 5607 1864 5674 secundicerii,

287 5691 507 5758 tertius,
536 5703 779 5760 quartus,
823 5695 1061 5762 quintus,
1093 5707 1294 5762 sextus,
1339 5697 1615 5768 septimus,
1650 5715 1748 5754 suo
1778 5715 1871 5769 pc-

284 5791 462 5847 ricnlo
491 5794 542 5847 in
592 5804 882 5864 conspectu
931 5797 1380 5868 presbyterorum,
1425 5810 1480 5855 et
1520 5802 1869 5858 diacouorum

284 5891 613 5948 documenta
668 5897 1049 5957 ecclesiastica,
1099 5898 1195 5952 sub
1236 5898 1464 5954 fidelium
1509 5902 1747 5958 brevium
1781 5907 1872 5960 de-

1970 3414 2127 3474 cepta
2169 3420 2405 3460 servare.
2459 3405 2518 3460 lu
2569 3407 2718 3460 nullo
2761 3423 2890 3475 ergo
2920 3424 3039 3463 esse
3085 3411 3338 3465 wnvenit
3389 3413 3557 3480 negli-

1971 3504 2180 3562 gentes,
2222 3496 2314 3550 sed
2346 3497 2629 3563 vigilantes
2658 3498 2722 3550 ad
2770 3499 2970 3564 omnia,
3015 3508 3072 3552 ut
3110 3500 3389 3567 talentum,
3419 3505 3559 3572 quod

1972 3587 2130 3641 nobis
2181 3597 2264 3642 est
2318 3589 2598 3651 creditmu,
2649 3604 2769 3641 cum
2823 3589 2949 3643 boni
3005 3591 3185 3660 operis
3235 3602 3561 3659 augumento

1974 3680 2324 3746 (augmento,
2377 3679 2518 3734 hicn.
2562 3720 2577 3744 ,
2628 3679 2728 3749 ipsi
2778 3683 3017 3736 omnium
3064 3683 3326 3738 bonorum
3384 3685 3558 3740 datori

1973 3773 2280 3827 reddamus.
2315 3771 2760 3840 Recognovimus.
2791 3772 3010 3828 Cadius.

2044 3862 2194 3917 Felix
2239 3864 2523 3933 episcopus
2567 3863 2818 3919 ECClcniZB
2856 3867 3134 3922 catholicm
3185 3868 3334 3922 urbis
3381 3867 3560 3923 Roma:

1973 3954 2099 4007 huic
2125 3955 2420 4010 constituto
2445 3956 2586 4009 inter
2611 3965 2791 4024 partes
2818 3959 3128 4026 subscripsi.

1973 4058 2168 4098 NOMINA
2199 4061 2666 4107 PRESBYTERORUI,
2699 4063 3058 4115 υιΑεοΝοιιωι,
3091 4067 3190 4104 νει
3229 4067 3560 4108 ωιεκισοηῦκ

2043 4130 2474 4170 BAVENNATENSIS
2503 4132 2788 4181 ECCLESLE,
2820 4133 2906 4180 ουι
2945 4135 3121 4174 ΒΟΜΑΝ
3149 4137 3428 4177 VENERIJN'I'
3458 4138 3561 4179 οωι

2044 4199 2316 4239 εριδοορο.

1971 4271 2220 4328 Patritius
2248 4276 2545 4344 presbyter.

1971 4363 2274 4433 Stephanus
2299 4367 2597 4438 presbyter.

1969 4455 2350 4512 Constantinus
2379 4459 2656 4530 presbyter

1969 4545 2274 4601 Servandus
2301 4550 2596 4620 presbyter.

1973 4639 2276 4709 (Honorius
2355 4643 2654 4714 presbyter.

2047 4729 2214 4799 Men.)

1977 4819 2370 4891 Exuperantius
2427 4825 2724 4894 presbyter.

1975 4911 2223 4966 Clemens
2249 4913 2523 4968 diaconus.

1983 4998 2144 5055 Ursus
2171 5002 2444 5057 diaconus.

1975 5089 2336 5150 Felieissimus
2364 5093 2620 5149 diaconus

1977 5179 2200 5248 Vigilius
2235 5181 2508 5237 diaconus.

1977 5267 2126 5325 Neon
2155 5272 2434 5327 diaconus.

1975 5360 2209 5416 Joannes
2235 5361 2510 5418 diaconus.

1976 5453 2282 5523 Stephanus
2309 5455 2586 5512 diaconus.

1977 5542 2265 5598 Gerontius
2285 5545 2661 5604 subdiaconus.

1979 5630 2247 5688 Honorius
2279 5635 2656 5692 subdiaconus.

1981 5727 2169 5782 Petrus
2195 5731 2570 5786 subdiaconus.

1983 5819 2168 5873 \‘italis
2195 5821 2570 5877 subdiaconus.

1977 5908 2221 5964 Julianus
2253 5912 2512 5978 arolytus.

2798 4277 3085 4334 Faustinus
3108 4283 3373 4353 acolytns.

2799 4369 3076 4426 Romanus
3113 4375 3376 4445 acolytus.

2795 4461 3086 4519 Severinus
3115 4467 3372 4537 acolytus.

2799 4553 3066 4616 (Andreas
3094 4558 3357 4628 acolytus.
3393 4559 3564 4632 Mra.)

2808 4643 2998 4703 Petrus
3025 4647 3215 4706 lector.

2807 4734 3016 4792 Marcus
3044 4738 3232 4794 lector.

2801 4828 3042 4883 Asterius
3071 4829 3261 4884 lector.

2802 4914 2991 4972 Petrus
3014 4920 3151 4974 alter
3177 4922 3360 4976 lector.

2805 5006 3044 5063 Andreas
3068 5011 3253 5065 lector.

2806 5095 3040 5155 Marinus
3068 5100 3334 5156 defensor.
3387 5091 3404 5108 ’

2808 5185 3114 5254 Majoranus
3179 5193 3418 5248 notarius
3468 5196 3563 5250 dc—

2875 5278 3072 5334 feusor.

2800 5367 3128 5426 Hermolaus.

2875 5462 3146 5517 defensor.

2810 5551 3075 5608 llonorius
3104 5542 3312 5609 cantor.

2806 5640 3145 5710 Tranquillus
3172 5655 3378 5701 cantor.

2806 5736 3068 5792 Antonius
3095 5749 3296 5793 cautor.

2810 5826 3014 5880 Mclitus
3041 5839 3229 5884 cautor

3227 5373 3562 5444 primicerius
