4124 6522
578 433 652 499 is
1079 420 1093 435 °
1608 443 1695 497 Al)
1735 441 2101 501 EPISTOLAS
2142 448 2151 457 λ

2256 445 2406 502 μιοιε
2444 445 2644 500 ΡᾹΡᾹῘ
2682 445 2748 500 IV
3772 447 3838 501 l6

577 568 770 607 nautas
817 568 1282 615 rmzsavrsnom'u,
1329 570 1659 608 oucoxom‘n
1699 572 1787 619 om
1822 574 2010 612 nomn
2057 574 2150 610 νε-
2183 563 2232 616 Α
2256 572 2324 611 ex
2346 556 2635 612 Manichaee
2664 558 2808 611 circa
2840 558 2952 611 lucc
2983 565 3225 625 tempora
3281 571 3546 620 converSI,
3602 558 3838 627 legendis

651 660 857 700 NERUNT
899 660 1002 698 CIIII
1046 660 1269 699 VICTORE
1323 639 1655 700 PRESBY'IERO
1716 663 1783 701 ΕΤ
1846 663 2155 701 ιιλετλιοκε

576 766 587 777 ν
632 751 889 791 ωΑεοΝο.

570 820 898 883 ῐωυῑοιιιὶυς
916 829 1220 899 presbyter.

581 918 827 973 Rusticus
848 920 1145 989 presbyter.

576 1010 764 1066 Victor
786 1011 1082 1081 presbyter.

576 1101 810 1157 Thomas
831 1091 1129 1173 presbyter.

574 1192 827 1247 Mastalus
854 1193 1135 1248 diaconus.

1396 830 1594 886 Florus
1614 832 1802 887 lector.

1411 921 1710 990 Iieparatus
1732 922 1917 975 lector.

1401 1013 1719 1068 Luniinosus
1742 1012 1930 1066 lector.

1404 1104 1697 1158 Calunnius
1719 1104 1906 1156 lector.

1407 1193 1576 1246 Vsaac
1597 1193 1787 1247 lector.

574 1282 797 1351 Magnus
817 1283 1093 1339 diaconus.
1404 1283 1722 1338 Laurentius
1738 1282 2076 1336 horrearius.

573 1372 770 1429 Paulus
790 1375 1064 1430 diaconus.
1399 1375 1588 1430 Petrus
1613 1377 1867 1429 decanos.

573 1465 824 1533 Agnellus
843 1467 1119 1522 diaconus.
1400 1467 1706 1536 Stephanus
1724 1467 1981 1522 decanos.

1403 1552 1712 1614 Vindemius
1733 1560 1994 1630 acolytus.

1399 1648 1561 1704 Colos
1582 1644 1840 1720 acolytus.

1394 1738 1680 1795 Cassianus
1701 1742 1961 1813 acolytus.

572 1556 789 1613 Maurus
810 1554 1187 1613 subdiaconus.

572 1646 877 1717 Stephanus
903 1648 1161 1719 acolytuz.

574 1738 911 1794 Vincemalus
931 1740 1191 1810 acolyths.

572 1826 804 1883 Thomas
824 1829 1013 1885 lector.
1394 1830 1714 1886 Laurentius
1734 1833 1995 1904 acolytus.

574 1917 890 1975 Laurentius
912 1921 1101 1975 lector.
1399 1920 1704 1991 Stephanus
1725 1924 1983 1995 acolytus.

674 2033 767 2086 AD
797 2032 1207 2100 SEQUENTEM
1232 2032 1612 2089 EPISTOLAM
1649 2035 2035 2090 ADMONITIO.

644 2120 927 2192 Antiquam
952 2123 1096 2177 illam
1124 2139 1390 2179 canonum
1433 2125 1921 2195 epitomen,quam
1965 2129 2016 2180 in
2059 2145 2151 2181 vc-

573 2214 866 2268 tustissimo
933 2214 1161 2270 Lucensi
1205 2214 1392 2271 codice
1433 2225 1826 2285 nongentorum
1886 2234 2146 2273 annorum

569 2309 758 2358 nactus
797 2319 944 2367 sum,
991 2305 1296 2369 evolventi,
1325 2306 1561 2360 occurrit
1600 2308 1847 2378 synopsis
1912 2308 2149 2378 epistolzu

569 2393 845 2463 cujusdam
870 2396 1062 2452 Felicis
1094 2395 1160 2451 ad
1209 2396 1523 2453 Siculienses
1565 2400 1861 2474 episcopos,
1905 2415 2013 2470 quo
2051 2401 2148 2454 sub

574 2486 731 2553 titulo
761 2502 998 2543 canones
1026 2487 1060 2541 8
1090 2488 1442 2543 collocantur.
1477 2488 1609 2542 Cum
1630 2505 1761 2544 vero
1801 2490 1854 2544 in
1895 2491 1959 2545 iis
1986 2507 2150 2547 cano-

571 2577 725 2632 nibus
750 2578 993 2648 quasdam
1028 2582 1344 2647 agnoverim
1389 2595 1510 2647 qua:
1539 2580 1605 2633 ad
1652 2582 1971 2636 Arianorum
2016 2584 2150 2636 resi-

569 2672 1281 2742 piscentiumgreceptionem
1306 2673 1358 2727 in
1403 2671 1696 2727 Ecclesiam
1721 2674 2019 2743 pertinent,
2047 2674 2149 2729 alia

569 2777 700 2818 vero
729 2779 848 2834 qua:
877 2762 1284 2832 Pelagianorum
1320 2765 1406 2819 vel
1447 2764 1997 2835 Semipelagianorum
2040 2765 2149 2819 hm-

570 2852 729 2905 resim
746 2852 1077 2922 jugulabant,
1103 2868 1166 2908 ac
1189 2853 1403 2908 tandem
1436 2853 1678 2923 quaedam
1727 2854 1779 2908 in
1826 2853 2150 2909 Manicbzco-

569 2959 686 2999 rum
709 2943 1012 3012 dogma'de
1050 2943 1196 2999 malo
1236 2959 1266 2998 a
1308 2943 1421 3000 Deo
1464 2944 1729 3014 producto
1772 2945 2014 3010 invecta;
2040 2945 2153 2999 hare

568 3038 748 3091 omnia
772 3037 983 3092 nonnisi
1006 3053 1127 3091 cum
1150 3036 1327 3094 Felice
1354 3037 1420 3093 IV
1443 3054 1743 3109 congruere
1770 3054 1927 3108 posse
1946 3041 2149 3094 censui.

556 3128 752 3185 ‘Primo
774 3133 917 3186 enim
942 3130 1159 3185 haeresis
1182 3128 1471 3199 Pelagiana
1506 3148 1627 3186 cum
1668 3130 1847 3186 Felice
1894 3130 1937 3184 II
1977 3132 2153 3185 cohae-

574 3235 693 3273 rere
732 3234 1077 3297 nequaquam
1124 3220 1452 3288 potest,diu
1518 3221 1661 3274 enim
1703 3229 1825 3289 post
1873 3220 2154 3274 decessum

572 3308 769 3364 Felicis
808 3284 854 3362 II
902 3308 1243 3363 innotescere
1270 3323 1332 3361 ac
1354 3309 1594 3364 damnari
1640 3309 1823 3377 coepit.
1864 3307 1945 3363 Eo
1998 3309 2157 3377 igitur
2184 3284 2229 3348 Ο
2328 3301 2354 3340 ά
2379 3284 2585 3377 ΔβΪιιιιιηι
2615 3318 2717 3377 non
2765 3317 2873 3354 esse
2922 3317 2954 3351 a
2979 3297 3102 3377 Pco

570 3398 826 3468 pontiﬁce
847 3406 1078 3459 remoto.
1104 3397 1254 3452 Felix
1276 3397 1379 3466 III,
1403 3406 1458 3452 et
1480 3397 1628 3453 Felix
1673 3397 1738 3451 IV
1784 3397 2150 3453 succederent.

564 3491 617 3545 ‘A
637 3489 903 3546 Felice'III
923 3505 1020 3545 cur
1052 3490 1288 3559 epitome
1342 3491 1457 3546 haec
1497 3501 1680 3545 nostra
1731 3500 2076 3545 removeatur
2102 3492 2154 3545 id

570 3581 777 3644 suadet,
839 3581 984 3651 quod
1028 3580 1145 3650 ejus
1186 3589 1430 3652 tempore
1483 3582 1803 3639 Manichaee:
1857 3582 2150 3637 Ecclesium

553 3674 813 3728 Iturbasse
861 3673 1048 3728 nullibi
1085 3672 1331 3741 legimus.
1376 3673 1621 3728 Vicissim
1673 3682 1850 3728 autem
1877 3690 1997 3729 cum
2047 3673 2149 3727 Fc-

572 3764 674 3820 Iice
700 3764 766 3819 IV
788 3763 967 3818 omnia
995 3769 1314 3830 congruunt.
1349 3761 1528 3815 Ariani
1558 3762 1647 3831 qui
1670 3761 1899 3817 Africam
1948 3771 2004 3817 et
2050 3761 2152 3815 Ita-

564 3856 697 3909 ‘Iiam
728 3853 1088 3916 'itrl'estabant,
1137 3860 1195 3905 ut
1238 3866 1304 3905 ex
1352 3847 1581 3906 concilio
1608 3850 1997 3905 Vasensianno
2027 3850 2149 3921 529,

573 3944 626 3998 id
653 3952 735 3997 est
780 3943 879 3997 sub
906 3941 1085 3995 Felice
1109 3939 1175 3993 IV
1206 3939 1477 3995 celebrato
1526 3955 1646 4010 cap.
1674 3939 1712 3992 5
1754 3940 2022 3995 discimus.
2081 3939 2153 3992 De

572 4035 879 4091 Manichieis
928 4032 1149 4102 planum
1196 4042 1279 4087 est
1319 4048 1387 4086 ex
1417 4033 1876 4086 anathematismis
1903 4030 2155 4101 ProSperi

645 4167 721 4240 (a)
753 4167 869 4223 Iloc
897 4169 1069 4240 ipsum
1108 4176 1418 4240 excerptum
1450 4167 1693 4240 epistola;
1718 4166 1930 4240 Felicis;
1957 4167 2022 4240 ad
2053 4166 2150 4240 _Si-

572 4235 823 4306 cilicnses
849 4235 1228 4292 inVVcronensi
1251 4238 1435 4291 codice
1464 4235 1529 4290 59
1557 4238 1696 4292 nacti
1745 4236 2005 4306 Ballerini
2046 4237 2152 4290 fra-

574 4319 685 4364 tres
711 4307 1146 4362 animadvcrtunt
1171 4308 1466 4360 sententias
1488 4308 1585 4361 sub
1616 4309 1718 4362 hoc
1763 4308 1915 4359 titulo
1961 4305 2151 4359 allatas

572 4378 863 4435 contulisse
903 4392 963 4432 se
1004 4392 1125 4431 cum
1167 4375 1302 4430 libro
1332 4376 1787 4447 άςιέετιεείαειίεἱδ
1819 4374 2151 4447 Dogmatibus

573 4447 718 4505 edito
763 4447 815 4501 in
865 4447 1094 4516 append.
1142 4454 1271 4500 tom.
1322 4445 1431 4500 Vlll
1485 4447 1541 4501 S.
1569 4446 1868 4514 Augustini,
1900 4445 2059 4514 atque
2085 4462 2152 4498 ex

577 4517 815 4573 numeris
835 4532 901 4571 ac
929 4516 1089 4572 rebus
1122 4516 1249 4586 ipsis
1278 4518 1601 4585 comperisse
1640 4517 1767 4573 nihil
1818 4516 1957 4568 aciml
2009 4516 2151 4568 hisco.

2260 646 2399 714 apud
2424 645 2692 701 Labbeunt
2722 654 2851 700 tom.
2887 645 2950 712 V,
2981 660 3102 715 pag.
3161 645 3263 699 800
3316 646 3447 700 Ven.
3499 648 3629 704 edit.
3677 650 3837 707 Deni-

2258 750 2364 802 que
2417 735 2966 805 Semipeiagianorum
3021 737 3213 806 dogma
3263 740 3503 807 exagitat
3548 742 3835 813 concilium

2260 827 2640 882 Arausicanum
2688 844 2724 882 η
2770 843 2910 882 anno
2955 827 3147 884 eodem
3194 828 3297 882 529
3338 830 3601 887 habitum.
3648 833 3744 889 His
3781 836 3835 889 in

2258 926 2593 973 antecessum
2642 917 3042 983 animadversis,
3103 920 3263 973 modo
3303 922 3538 989 epitome
3593 923 3680 977 illa
3711 941 3835 993 pro—

2256 1010 2475 1076 menda,
2497 1025 2657 1078 quam
2689 1010 2904 1079 profero
2929 1020 2987 1065 ut
3015 1020 3098 1068 est
3126 1012 3179 1065 in
3207 1012 3395 1069 codice
3421 1030 3542 1069 cum
3585 1031 3835 1071 numera-

2258 1099 2392 1153 Iibus
2446 1100 2587 1155 notis
2631 1101 2853 1168 singulis
2892 1103 3189 1157 eanonibus
3237 1104 3514 1172 ascriptis;
3558 1121 3677 1175 qua:
3704 1122 3835 1161 sane

2258 1198 2397 1243 nota:
2425 1205 2543 1244 cum
2565 1206 2909 1245 numerorum
2936 1193 3132 1247 seriem
3175 1193 3394 1247 minime
3443 1196 3659 1265 quidem
3703 1213 3835 1253 con-

2256 1280 2540 1347 tinuatam,
2561 1282 2656 1336 sed
2684 1281 2930 1336 ordinem
2953 1283 3311 1352 intenruptum
3351 1294 3587 1351 servent,
3644 1297 3834 1356 aperto

2256 1372 2385 1425 satis
2427 1372 2635 1439 indicio;
2659 1360 3032 1429 demonstrant
3079 1388 3111 1428 e
3146 1374 3337 1443 majori
3365 1375 3548 1444 aliquo
3576 1388 3835 1447 excerpta

2256 1477 2318 1514 ca
2346 1475 2463 1529 qua:
2485 1462 2555 1515 ibi
2583 1462 2778 1517 dantur
2798 1462 3049 1533 decerpta
3079 1462 3263 1520 fuisse.

2817 1553 2914 1608 EX
2934 1554 3263 1611 EPIS'I'OLA

2553 1662 2762 1700 fl-ZLICIS
2786 1663 2856 1700 AD
2882 1662 3200 1703 SICILIENSES
3218 1665 3512 1706 EPISCOPOS.

2326 1733 2480 1788 XVII.
2502 1744 2526 1771 ι
2549 1734 2778 1790 Arianos
2798 1736 2849 1790 in
2877 1736 3145 1791 catholica
3168 1737 3271 1793 lide
3290 1740 3567 1796 venientes
3591 1758 3689 1811 per
3713 1759 3829 1797 ma-

2254 1841 2352 1880 nos
2372 1827 2726 1896 impositionis
2745 1828 3069 1898 recipianter
3090 1828 3208 1901 μεθ.
3229 1846 3326 1900 per
3339 1847 3591 1889 manuum
3611 1835 3828 1904 imposi-

2181 1925 2223 1983 Β
2253 1917 2453 1972 tionem
2475 1916 2778 1989 recipiant].

2321 2007 2501 2062 XVIII.
2534 2008 2560 2045 ι)
2592 2006 2746 2062 Omni
2773 2009 3046 2066 dominico
3069 2010 3158 2066 die
3203 2012 3600 2067 communicare
3625 2013 3826 2072 bonum

2251 2108 2352 2163 est,
2382 2099 2427 2153 si
2449 2114 2507 2153 se
2527 2099 2799 2153 abstinent
2818 2115 2848 2153 a
2880 2107 3123 2167 peccato.

2322 2188 2506 2242 XXIV.
2542 2200 2560 2226 ι·
2598 2189 2727 2243 Sine
2774 2189 3086 2244 invitatione
3135 2190 3230 2245 Dei
3274 2192 3450 2246 nullus
3495 2193 3563 2248 ad
3601 2194 3679 2249 sal

2250 2286 2416 2338 venit.
3012 2352 3015 2355 _
3662 2311 3673 2315 ’

2318 2374 2527 2451 XXVII.
2551 2373 2574 2410 ἀ
2602 2373 2797 2428 Malum
2827 2391 2933 2430 non
2961 2391 3081 2431 esse
3105 2391 3135 2431 a
3165 2377 3277 2433 Deo
3308 2377 3526 2436 factum.
3622 2387 3630 2396 '

2320 2462 2487 2519 XXX.
2511 2475 2533 2501 ε
2564 2464 2724 2518 Bona:
2751 2475 2876 2521 sunt
2901 2468 3120 2536 nuptiae.
3197 2479 3205 2486 ’

2322 2558 2511 2612 XXXI.
2545 2557 2733 2612 Melior
2762 2566 2846 2612 est
2868 2560 3221 2615 continentia.

2322 2667 2476 2705 NUTAS
2505 2666 2555 2703 IN
2585 2664 2864 2704 EXCERPTA
2906 2666 3209 2708 SUPERIOBIS
3236 2669 3506 2708 ηιξκιε
3536 2671 3755 2721 ημωε.

2324 2754 2344 2776 ι·
2373 2742 2616 2862 Αινὶαηοε,
2641 2748 2728 2794 etc
2800 2740 2878 2793 Ita
2905 2740 3129 2798 Siricius
3174 2758 3311 2813 papa
3351 2744 3419 2797 ad
3466 2743 3825 2801 Heimericum

2324 2829 2374 2862 II.
2446 2851 2456 2861 .

2338 2830 2374 2864 ὶ.
2408 2830 2456 2862 1.

2285 2828 2314 2866 a
2338 2830 2374 2864 ι.
2408 2828 2456 2862 ι.

2252 2830 2281 2868 c
2321 2829 2348 2920 ξ)
2377 2881 2533 2934 Omni
2566 2880 2835 2935 Dominico
2866 2882 2976 2941 die.
3003 2890 3108 2936 etc.
3138 2882 3214 2937 De
3235 2884 3615 2938 communione
3636 2883 3826 2941 dieons

2253 2952 2400 3006 festis
2444 2966 2564 3018 qua:
2616 2967 2714 3023 pro
2761 2960 3023 3007 consueto
3066 2968 3215 3023 more
3265 2954 3435 3023 accipi
3487 2952 3677 3009 diebus
3726 2954 3829 3012 illis

2252 3023 2577 3144 obtinﬁarat,
2606 3021 2727 3076 vide
2775 3023 3057 3093 concilium
3107 3021 3443 3078 Emeritense
3489 3038 3631 3079 anno
3685 3022 3832 3088 666,

2254 3109 2374 3144 can.
2476 3133 2487 3144 .
3812 3142 3819 3144 _

2289 3109 2314 3146 a
2362 3134 2374 3146 .
2400 3109 2487 3145 μ.
3812 3142 3821 3148 .

2254 3110 2285 3149 c
2322 3109 2355 3201 ἓ
2379 3163 2504 3217 Sine
2522 3163 2823 3216 invitatione
2849 3160 2962 3213 Dei.
2990 3159 3127 3222 Vide,
3145 3175 3424 3215 concmum
3450 3162 3830 3218 Arausicanum

2260 3249 2317 3288 ιι.
2350 3248 2469 3298 cap.
2505 3228 2619 3286 I9.’

3151 3299 3362 3420 {actum
3422 3299 3555 3355 Vide
3607 3300 3830 3356 anathe-

3167 3384 3266 3420 izco
3293 3369 3550 3420 signatos.
3608 3385 3728 3420 can.
3779 3369 3830 3420 1.

2261 3374 2540 3496 ιητιὲίειιιοδ
2582 3388 2613 3425 a
2660 3371 2923 3439 Prospero
2974 3368 3266 3422 Manichch
3293 3369 3550 3436 signatos.
3608 3385 3728 3439 cap.
3779 3369 3832 3424 l.

2261 3452 2313 3496 et
2377 3484 2391 3496 .
3817 3448 3822 3454 ”

2257 3452 2313 3498 et
2337 3448 2391 3497 2.
3817 3448 3822 3454 '

2331 3543 2356 3571 ε
2391 3532 2550 3587 Bona:
2578 3540 2698 3586 sunt
2728 3531 2950 3599 nuptiae,
2978 3529 3158 3599 melior
3203 3537 3296 3599 est
3325 3530 3661 3584 continentia.
3701 3529 3832 3585 Vide

2257 3604 2613 3672 Augustinum
2643 3609 2756 3654 toto
2789 3597 2880 3654 lib.
2911 3599 2978 3652 de
3002 3597 3149 3651 Bono
3177 3597 3442 3666 conjugali
3465 3600 3563 3669 (a).

2552 3708 2877 3767 EPISTOLA
2906 3707 3319 3763 ATIIALARICI
3346 3690 3544 3765 RE‘Gls

2715 3841 2780 3880 DE
2814 3838 3106 3878 ELECTIONIS
3154 3837 3373 3876 FELICIS.

2333 3937 2503 4007 (Hanc
2530 3936 2809 4007 epistolam
2859 3932 3050 3989 videsis
3098 3931 3233 3986 infra
3280 3932 3420 3986 inter
3464 3944 3590 4000 opp.
3621 3929 3807 3985 Cassm

2259 4029 2393 4096 dori,
2428 4027 2708 4083 Variarum
2736 4027 2830 4080 lib.
2861 4041 2972 4087 vm,
3004 4023 3161 4092 epist.
3191 4020 3312 4089 xv.)

2258 4178 2419 4231 quam
2473 4160 2743 4231 eumdem_
2765 4152 3241 4231 dedogmatihusn
3275 4150 3466 4204 iibrum
3545 4149 3831 4231 designari.

2260 4217 2463 4287 Nomen
2519 4244 2648 4283 vero
2702 4224 2896 4279 Felicis
2941 4217 3061 4275 ideo
3101 4217 3371 4288 pnriixum
3418 4230 3640 4275 censent
3673 4217 3835 4289 quod

2261 4303 2313 4356 in
2361 4300 2567 4363 co'lice,
2620 4296 2761 4349 unde
2811 4294 2925 4363 haec
2977 4290 3253 4363 breviator
3292 4289 3605 4357 desumpsit,
3644 4291 3833 4363 statim

2261 4380 2382 4440 post
2401 4358 2592 4440 Felicis
2617 4365 2680 4440 III
2706 4362 2988 4440 epistolaln
3017 4361 3082 4440 ad
3101 4358 3447 4440 Siciliensem
3455 4359 3833 4440 succederfpt.

2260 4427 2393 4495 Vide
2439 4427 2872 4503 Ballerin.0per.
2922 4430 2978 4485 S.
3026 4429 3218 4484 Leonis
3269 4438 3399 4483 tom.
3432 4429 3517 4493 Ill,
3557 4443 3675 4497 pag.
3710 4427 3831 4481 26!.

2264 4511 2445 4564 Maasr.

572 4590 3758 4638 Μ

1509 4642 1776 4651 _..-.-——-—-..

1783 4641 2013 4651 -—'—-

2979 4622 2985 4636 I
3020 4622 3026 4626 η
3126 4622 3129 4625 η

1378 4822 1383 4831 ,
1896 4720 2595 4835 APENDIX
3171 4865 3181 4873 .

1141 4923 1329 5096 AD
1475 4914 2916 5104 EPISTOMELIQIS
3039 4915 3232 5030 1v.

1152 5129 1482 5186 EPISTOIA
1504 5130 1563 5185 II.

860 5222 1015 5261 FELIX
1048 5221 1177 5259 PAPA
1205 5219 1255 5257 IV
1286 5219 1351 5255 AD
1381 5216 1551 5255 οηκεε
1580 5212 1870 5253 EPISCOI‘OS.

684 5296 846 5369 :(Iltec
859 5306 913 5353 et
933 5309 1164 5366 sequens
1183 5292 1411 5369 epistola
1432 5295 1617 5369 νήςζας
1632 5290 1758 5343 vitio
1772 5280 2062 5369 laborant.

568 5360 617 5417 Ι.
670 5357 817 5432 Quod
846 5357 1117 5422 missarum
1138 5357 1412 5417 celebratio
1436 5360 1559 5414 alibi
1591 5376 1745 5431 quam
1766 5360 1827 5412 in
1872 5357 2154 5432 Deodica-

646 5430 710 5492 ni
737 5440 863 5493 locis
891 5453 992 5492 non
1010 5434 1198 5490 debeat
1218 5432 1337 5502 ﬁeri
1363 5432 1462 5485 nisi
1491 5430 1679 5501 magna
1721 5430 2022 5496 compulerit
2062 5445 2150 5482 ue~

576 5519 1159 5632 llfegemzcclesiamm
1202 5572 1508 5632 sacrationis
1557 5571 1876 5624 aubitatione
1914 5571 2036 5640 quid
2088 5569 2155 5622 sit

645 5648 1013 5773 Iisilee’ctii‘s'giinis
1043 5712 1291 5767 fratribus
1313 5710 1850 5781 0mnibus_~episc0pis
1873 5724 1968 5779 per
1988 5709 2157 5762 diver-

574 5825 665 5867 sas
689 5807 991 5877 provincias
1019 5804 1322 5861 constitutis
1356 5802 1503 5859 Felix
1536 5804 1820 5873 cpiscopus
1844 5802 1895 5855 in
1914 5801 2152 5854 .Domino

586 5899 790 5955 adutem

2192 5132 2236 5186 υ
2332 5123 2522 5190 Magno
2561 5132 2781 5173 inunere
2826 5114 2909 5185 (S.
2951 5111 3075 5177 Leo,
3104 5129 3183 5181 ep.
3218 5109 3306 5181 54)
3338 5108 3702 5164 misericordia
3746 5109 3841 5164 Dei

2267 5215 2429 5269 totius
2476 5208 2723 5264 Ecclesia:
2754 5204 3029 5261 catholica:
3075 5200 3420 5271 multiplicata
3461 5207 3587 5254 sunt
3628 5196 3842 5267 gaudia,

2263 5329 2387 5369 cum
2424 5308 2778 5364 Ecclesiarum
2807 5310 2981 5357 status
3007 5299 3239 5368 rovviget
3265 5297 3452 5353 ordine
3476 5305 3589 5367 'quo
3623 5304 3841 5364 aposto-

2266 5406 2441 5459 lorum
2468 5410 2811 5455 successores
2850 5394 2999 5447 illum
3025 5397 3348 5446 statuerunt.
3388 5387 3602 5443 Etcum
3640 5386 3844 5454 antiqui

2262 5493 2434 5549 hostis
2459 5487 2659 5544 astutia
2700 5498 2822 5539 eum
2853 5480 3444 5549 turbarragnoscimus,
3486 5492 3592 5532 non
3633 5472 3841 5529 modico

2262 5592 2643 5648 contristamur
2667 5597 2918 5639 maerore.
2944 5581 3114 5648 Quam
3136 5580 3206 5635 ob
3225 5593 3440 5668 causam
3464 5574 3703 5646 (Iratnes)
3721 5575 3841 5629 hor-
3918 5650 3923 5657 η

2265 5704 2460 5759 tamur,
2488 5702 2769 5745 monemus
2790 5695 2845 5740 et
2870 5683 3187 5754 ﬂagitamus,
3231 5691 3291 5736 ut
3328 5697 3357 5734 a
3388 5679 3602 5733 tramite
3628 5686 3837 5748 aposto-

2264 5789 2376 5842 lica:
2401 5781 2748 5839 institutionis
2770 5792 3104 5848 nequaquam
3126 5774 3393 5829 recedatis
3414 5770 3607 5843 (Idem,
3630 5787 3711 5841 ep.
3728 5767 3839 5839 84),

2254 5903 2363 5943 nec
2390 5900 2419 5940 a
2450 5884 2624 5948 capite
2662 5877 2997 5942 rdissideatis,
3026 5873 3120 5931 sed
3147 5871 3303 5929 Iidem
3322 5881 3378 5928 et
3404 5870 3650 5930 ordinent
3684 5882 3840 5938 quem
