  <div class='ocr_page' id='page_1' title='image "/cluster/home/n/w/nwhite01/storage/ocr_20150623/65/hvd.32044015469315/016.png"; bbox 0 0 4124 6474; ppageno 0'>
   <div class='ocr_carea' id='block_1_1' title="bbox 329 363 1907 428">
    <p class='ocr_par' dir='ltr' id='par_1_1' title="bbox 329 363 1907 422">
     <span class='ocr_line' id='line_1_1' title="bbox 329 363 1907 422; baseline 0.003 -6"><span class='ocrx_word' id='word_1_1' title='bbox 329 364 350 416; x_wconf 83' lang='lat' dir='ltr'><strong>l</strong></span> <span class='ocrx_word' id='word_1_2' title='bbox 362 363 392 416; x_wconf 86' lang='lat'><strong>7</strong></span> <span class='ocrx_word' id='word_1_3' title='bbox 1775 366 1907 422; x_wconf 55' lang='lat' dir='ltr'><strong>APP!</strong></span> 
     </span>
    </p>
   </div>
   <div class='ocr_carea' id='block_1_2' title="bbox 2011 363 3620 428">
    <p class='ocr_par' dir='ltr' id='par_1_2' title="bbox 2011 365 3620 428">
     <span class='ocr_line' id='line_1_2' title="bbox 2011 365 3620 428; baseline 0.004 -7"><span class='ocrx_word' id='word_1_4' title='bbox 2011 365 2123 421; x_wconf 70' lang='grc' dir='ltr'><strong>ΠΧ.</strong></span> <span class='ocrx_word' id='word_1_5' title='bbox 3503 373 3563 428; x_wconf 76' lang='grc'><strong>13</strong></span> <span class='ocrx_word' id='word_1_6' title='bbox 3617 389 3620 392; x_wconf 77' lang='grc'><strong>’</strong></span> 
     </span>
    </p>
   </div>
   <div class='ocr_carea' id='block_1_3' title="bbox 326 445 3580 548">
    <p class='ocr_par' dir='ltr' id='par_1_3' title="bbox 326 475 3580 548">
     <span class='ocr_line' id='line_1_3' title="bbox 326 475 3580 548; baseline 0 -19"><span class='ocrx_word' id='word_1_7' title='bbox 326 477 557 544; x_wconf 78' lang='lat' dir='ltr'><strong>apostoli</strong></span> <span class='ocrx_word' id='word_1_8' title='bbox 601 484 658 530; x_wconf 92' lang='lat' dir='ltr'><strong>et</strong></span> <span class='ocrx_word' id='word_1_9' title='bbox 703 475 981 545; x_wconf 77' lang='lat' dir='ltr'><strong>apostolici</strong></span> <span class='ocrx_word' id='word_1_10' title='bbox 1029 476 1128 529; x_wconf 89' lang='lat' dir='ltr'><strong>viri</strong></span> <span class='ocrx_word' id='word_1_11' title='bbox 1173 481 1476 530; x_wconf 90' lang='lat' dir='ltr'><strong>statuerunt</strong></span> <span class='ocrx_word' id='word_1_12' title='bbox 1535 478 1736 546; x_wconf 85' lang='lat' dir='ltr'><strong>absque</strong></span> <span class='ocrx_word' id='word_1_13' title='bbox 1799 477 1904 530; x_wconf 86' lang='lat' dir='ltr'><strong>ulla</strong></span> <span class='ocrx_word' id='word_1_14' title='bbox 1936 489 1976 538; x_wconf 84' lang='grc' dir='ltr'>Α</span> <span class='ocrx_word' id='word_1_15' title='bbox 2012 486 2123 530; x_wconf 86' lang='lat' dir='ltr'><strong>tum</strong></span> <span class='ocrx_word' id='word_1_16' title='bbox 2155 479 2499 547; x_wconf 89' lang='lat' dir='ltr'><strong>sanguinem,</strong></span> <span class='ocrx_word' id='word_1_17' title='bbox 2540 493 2698 546; x_wconf 86' lang='lat' dir='ltr'><strong>quem</strong></span> <span class='ocrx_word' id='word_1_18' title='bbox 2736 476 3024 542; x_wconf 71' lang='lat' dir='ltr'><strong>effuderat,</strong></span> <span class='ocrx_word' id='word_1_19' title='bbox 3063 476 3362 548; x_wconf 80' lang='lat' dir='ltr'><strong>prohibitus</strong></span> <span class='ocrx_word' id='word_1_20' title='bbox 3391 485 3496 543; x_wconf 89' lang='lat' dir='ltr'><strong>est,</strong></span> <span class='ocrx_word' id='word_1_21' title='bbox 3526 487 3580 530; x_wconf 86' lang='lat' dir='ltr'><strong>et</strong></span> 
     </span>
    </p>
   </div>
   <div class='ocr_carea' id='block_1_4' title="bbox 327 559 1903 635">
    <p class='ocr_par' dir='ltr' id='par_1_4' title="bbox 327 559 1903 635">
     <span class='ocr_line' id='line_1_4' title="bbox 327 559 1903 635; baseline 0.001 -16"><span class='ocrx_word' id='word_1_22' title='bbox 327 565 662 620; x_wconf 63' lang='lat' dir='ltr'><strong>haesitatione</strong></span> <span class='ocrx_word' id='word_1_23' title='bbox 692 567 938 619; x_wconf 91' lang='lat' dir='ltr'><strong>teneatis.</strong></span> <span class='ocrx_word' id='word_1_24' title='bbox 979 559 1110 618; x_wconf 86' lang='lat' dir='ltr'><strong>Nam</strong></span> <span class='ocrx_word' id='word_1_25' title='bbox 1138 567 1182 620; x_wconf 87' lang='lat' dir='ltr'><strong>si</strong></span> <span class='ocrx_word' id='word_1_26' title='bbox 1230 566 1490 620; x_wconf 74' lang='lat' dir='ltr'><strong>columna:</strong></span> <span class='ocrx_word' id='word_1_27' title='bbox 1536 566 1758 635; x_wconf 83' lang='lat' dir='ltr'><strong>alicujus</strong></span> <span class='ocrx_word' id='word_1_28' title='bbox 1787 584 1903 621; x_wconf 84' lang='lat' dir='ltr'><strong>ma-</strong></span> 
     </span>
    </p>
   </div>
   <div class='ocr_carea' id='block_1_5' title="bbox 326 656 1900 726">
    <p class='ocr_par' dir='ltr' id='par_1_5' title="bbox 326 656 1900 726">
     <span class='ocr_line' id='line_1_5' title="bbox 326 656 1900 726; baseline 0.002 -16"><span class='ocrx_word' id='word_1_29' title='bbox 326 672 444 724; x_wconf 54' lang='lat' dir='ltr'><strong>gnas</strong></span> <span class='ocrx_word' id='word_1_30' title='bbox 467 656 657 710; x_wconf 88' lang='lat' dir='ltr'><strong>domus</strong></span> <span class='ocrx_word' id='word_1_31' title='bbox 684 657 920 721; x_wconf 85' lang='lat' dir='ltr'><strong>ruerint,</strong></span> <span class='ocrx_word' id='word_1_32' title='bbox 969 658 1081 726; x_wconf 90' lang='lat' dir='ltr'><strong>ipsa</strong></span> <span class='ocrx_word' id='word_1_33' title='bbox 1112 665 1299 726; x_wconf 85' lang='lat' dir='ltr'><strong>postea</strong></span> <span class='ocrx_word' id='word_1_34' title='bbox 1328 659 1518 712; x_wconf 89' lang='lat' dir='ltr'><strong>domus</strong></span> <span class='ocrx_word' id='word_1_35' title='bbox 1545 659 1762 713; x_wconf 89' lang='lat' dir='ltr'><strong>minime</strong></span> <span class='ocrx_word' id='word_1_36' title='bbox 1789 670 1900 713; x_wconf 88' lang='lat' dir='ltr'><strong>sta-</strong></span> 
     </span>
    </p>
   </div>
   <div class='ocr_carea' id='block_1_6' title="bbox 329 747 1901 818">
    <p class='ocr_par' dir='ltr' id='par_1_6' title="bbox 329 747 1901 818">
     <span class='ocr_line' id='line_1_6' title="bbox 329 747 1901 818; baseline 0.001 -15"><span class='ocrx_word' id='word_1_37' title='bbox 329 750 422 803; x_wconf 89' lang='lat' dir='ltr'><strong>bit.</strong></span> <span class='ocrx_word' id='word_1_38' title='bbox 455 747 542 803; x_wconf 93' lang='lat' dir='ltr'><strong>Sic</strong></span> <span class='ocrx_word' id='word_1_39' title='bbox 582 757 635 802; x_wconf 89' lang='lat' dir='ltr'><strong>et</strong></span> <span class='ocrx_word' id='word_1_40' title='bbox 669 764 783 809; x_wconf 88' lang='lat' dir='ltr'><strong>vos,</strong></span> <span class='ocrx_word' id='word_1_41' title='bbox 815 749 905 818; x_wconf 88' lang='lat' dir='ltr'><strong>qui</strong></span> <span class='ocrx_word' id='word_1_42' title='bbox 935 749 1195 804; x_wconf 74' lang='lat' dir='ltr'><strong>columna:</strong></span> <span class='ocrx_word' id='word_1_43' title='bbox 1224 748 1474 803; x_wconf 79' lang='lat' dir='ltr'><strong>Ecclesia:</strong></span> <span class='ocrx_word' id='word_1_44' title='bbox 1502 751 1651 817; x_wconf 82' lang='lat' dir='ltr'><strong>estis,</strong></span> <span class='ocrx_word' id='word_1_45' title='bbox 1682 751 1724 804; x_wconf 89' lang='lat' dir='ltr'><strong>si</strong></span> <span class='ocrx_word' id='word_1_46' title='bbox 1753 751 1901 804; x_wconf 83' lang='lat' dir='ltr'><strong>labe-</strong></span> 
     </span>
    </p>
   </div>
   <div class='ocr_carea' id='block_1_7' title="bbox 329 839 1901 911">
    <p class='ocr_par' dir='ltr' id='par_1_7' title="bbox 329 839 1901 911">
     <span class='ocr_line' id='line_1_7' title="bbox 329 839 1901 911; baseline 0.003 -19"><span class='ocrx_word' id='word_1_47' title='bbox 329 840 512 894; x_wconf 78' lang='lat' dir='ltr'><strong>factari</strong></span> <span class='ocrx_word' id='word_1_48' title='bbox 537 841 826 908; x_wconf 74' lang='lat' dir='ltr'><strong>cmperitis,</strong></span> <span class='ocrx_word' id='word_1_49' title='bbox 867 848 1051 894; x_wconf 89' lang='lat' dir='ltr'><strong>sancta</strong></span> <span class='ocrx_word' id='word_1_50' title='bbox 1078 839 1329 905; x_wconf 82' lang='lat' dir='ltr'><strong>Ecclesia,</strong></span> <span class='ocrx_word' id='word_1_51' title='bbox 1361 856 1479 909; x_wconf 75' lang='lat' dir='ltr'><strong>qua:</strong></span> <span class='ocrx_word' id='word_1_52' title='bbox 1516 857 1612 911; x_wconf 86' lang='lat' dir='ltr'><strong>per</strong></span> <span class='ocrx_word' id='word_1_53' title='bbox 1640 859 1735 896; x_wconf 89' lang='lat' dir='ltr'><strong>vos</strong></span> <span class='ocrx_word' id='word_1_54' title='bbox 1760 843 1901 909; x_wconf 80' lang='lat' dir='ltr'><strong>regi-</strong></span> 
     </span>
    </p>
   </div>
   <div class='ocr_carea' id='block_1_8' title="bbox 328 929 1902 1002">
    <p class='ocr_par' dir='ltr' id='par_1_8' title="bbox 328 929 1902 1002">
     <span class='ocr_line' id='line_1_8' title="bbox 328 929 1902 1002; baseline 0.003 -20"><span class='ocrx_word' id='word_1_55' title='bbox 328 939 432 996; x_wconf 87' lang='lat' dir='ltr'><strong>tur,</strong></span> <span class='ocrx_word' id='word_1_56' title='bbox 459 930 681 984; x_wconf 85' lang='lat' dir='ltr'><strong>tabescit</strong></span> <span class='ocrx_word' id='word_1_57' title='bbox 709 939 765 984; x_wconf 95' lang='lat' dir='ltr'><strong>et</strong></span> <span class='ocrx_word' id='word_1_58' title='bbox 791 929 1003 983; x_wconf 88' lang='lat' dir='ltr'><strong>labitur.</strong></span> <span class='ocrx_word' id='word_1_59' title='bbox 1037 929 1161 985; x_wconf 65' lang='lat' dir='ltr'><strong>Haac</strong></span> <span class='ocrx_word' id='word_1_60' title='bbox 1191 930 1425 1002; x_wconf 82' lang='lat' dir='ltr'><strong>(fratres)</strong></span> <span class='ocrx_word' id='word_1_61' title='bbox 1454 946 1571 1000; x_wconf 66' lang='lat' dir='ltr'><strong>quae</strong></span> <span class='ocrx_word' id='word_1_62' title='bbox 1599 932 1719 986; x_wconf 90' lang='lat' dir='ltr'><strong>dico</strong></span> <span class='ocrx_word' id='word_1_63' title='bbox 1750 933 1902 986; x_wconf 85' lang='lat' dir='ltr'><strong>valde</strong></span> 
     </span>
    </p>
   </div>
   <div class='ocr_carea' id='block_1_9' title="bbox 326 1019 1899 1091">
    <p class='ocr_par' dir='ltr' id='par_1_9' title="bbox 326 1019 1899 1091">
     <span class='ocr_line' id='line_1_9' title="bbox 326 1019 1899 1091; baseline 0.002 -19"><span class='ocrx_word' id='word_1_64' title='bbox 326 1019 560 1074; x_wconf 84' lang='lat' dir='ltr'><strong>timenda</strong></span> <span class='ocrx_word' id='word_1_65' title='bbox 590 1029 736 1082; x_wconf 92' lang='lat' dir='ltr'><strong>sunt,</strong></span> <span class='ocrx_word' id='word_1_66' title='bbox 774 1027 828 1074; x_wconf 90' lang='lat' dir='ltr'><strong>et</strong></span> <span class='ocrx_word' id='word_1_67' title='bbox 855 1035 1066 1074; x_wconf 90' lang='lat' dir='ltr'><strong>summo</strong></span> <span class='ocrx_word' id='word_1_68' title='bbox 1102 1021 1466 1075; x_wconf 82' lang='lat' dir='ltr'><strong>moderamine</strong></span> <span class='ocrx_word' id='word_1_69' title='bbox 1495 1021 1784 1091; x_wconf 86' lang='lat' dir='ltr'><strong>pensanda,</strong></span> <span class='ocrx_word' id='word_1_70' title='bbox 1817 1031 1899 1075; x_wconf 90' lang='lat' dir='ltr'><strong>at-</strong></span> 
     </span>
    </p>
   </div>
   <div class='ocr_carea' id='block_1_10' title="bbox 323 1107 1896 1178">
    <p class='ocr_par' dir='ltr' id='par_1_10' title="bbox 323 1107 1896 1178">
     <span class='ocr_line' id='line_1_10' title="bbox 323 1107 1896 1178; baseline 0.001 -16"><span class='ocrx_word' id='word_1_71' title='bbox 323 1124 430 1175; x_wconf 89' lang='lat' dir='ltr'><strong>que</strong></span> <span class='ocrx_word' id='word_1_72' title='bbox 462 1124 528 1162; x_wconf 93' lang='lat' dir='ltr'><strong>ne</strong></span> <span class='ocrx_word' id='word_1_73' title='bbox 558 1107 687 1162; x_wconf 83' lang='lat' dir='ltr'><strong>ﬁant</strong></span> <span class='ocrx_word' id='word_1_74' title='bbox 716 1109 971 1164; x_wconf 85' lang='lat' dir='ltr'><strong>cavenda.</strong></span> <span class='ocrx_word' id='word_1_75' title='bbox 1002 1108 1121 1178; x_wconf 86' lang='lat' dir='ltr'><strong>Ipsa</strong></span> <span class='ocrx_word' id='word_1_76' title='bbox 1149 1110 1293 1163; x_wconf 91' lang='lat' dir='ltr'><strong>enim</strong></span> <span class='ocrx_word' id='word_1_77' title='bbox 1325 1125 1420 1178; x_wconf 91' lang='lat' dir='ltr'><strong>per</strong></span> <span class='ocrx_word' id='word_1_78' title='bbox 1461 1125 1518 1164; x_wconf 91' lang='lat' dir='ltr'><strong>se</strong></span> <span class='ocrx_word' id='word_1_79' title='bbox 1547 1111 1746 1165; x_wconf 86' lang='lat' dir='ltr'><strong>veritas</strong></span> <span class='ocrx_word' id='word_1_80' title='bbox 1777 1111 1853 1164; x_wconf 89' lang='lat' dir='ltr'><strong>ait</strong></span> <span class='ocrx_word' id='word_1_81' title='bbox 1886 1131 1896 1163; x_wconf 88' lang='lat'><strong>:</strong></span> 
     </span>
    </p>
   </div>
   <div class='ocr_carea' id='block_1_11' title="bbox 336 1200 1900 1271">
    <p class='ocr_par' dir='ltr' id='par_1_11' title="bbox 336 1200 1900 1271">
     <span class='ocr_line' id='line_1_11' title="bbox 336 1200 1900 1271; baseline 0 -19"><span class='ocrx_word' id='word_1_82' title='bbox 336 1200 436 1253; x_wconf 77' lang='lat' dir='ltr'><strong>Vos</strong></span> <span class='ocrx_word' id='word_1_83' title='bbox 465 1201 586 1254; x_wconf 90' lang='lat' dir='ltr'><strong>estis</strong></span> <span class='ocrx_word' id='word_1_84' title='bbox 617 1201 697 1254; x_wconf 89' lang='lat' dir='ltr'><strong>sul</strong></span> <span class='ocrx_word' id='word_1_85' title='bbox 725 1210 905 1264; x_wconf 63' lang='lat' dir='ltr'><strong>terrae;</strong></span> <span class='ocrx_word' id='word_1_86' title='bbox 945 1200 1081 1271; x_wconf 89' lang='lat' dir='ltr'><strong>quod</strong></span> <span class='ocrx_word' id='word_1_87' title='bbox 1108 1202 1152 1253; x_wconf 97' lang='lat' dir='ltr'><strong>si</strong></span> <span class='ocrx_word' id='word_1_88' title='bbox 1181 1201 1262 1254; x_wconf 89' lang='lat' dir='ltr'><strong>sal</strong></span> <span class='ocrx_word' id='word_1_89' title='bbox 1289 1201 1568 1263; x_wconf 77' lang='lat' dir='ltr'><strong>euan‘uerit,</strong></span> <span class='ocrx_word' id='word_1_90' title='bbox 1610 1202 1663 1253; x_wconf 88' lang='lat' dir='ltr'><strong>in</strong></span> <span class='ocrx_word' id='word_1_91' title='bbox 1691 1218 1788 1270; x_wconf 83' lang='lat' dir='ltr'><strong>quo</strong></span> <span class='ocrx_word' id='word_1_92' title='bbox 1814 1217 1900 1254; x_wconf 90' lang='lat' dir='ltr'><strong>sa-</strong></span> 
     </span>
    </p>
   </div>
   <div class='ocr_carea' id='block_1_12' title="bbox 325 1289 1898 1361">
    <p class='ocr_par' dir='ltr' id='par_1_12' title="bbox 325 1289 1898 1361">
     <span class='ocr_line' id='line_1_12' title="bbox 325 1289 1898 1361; baseline 0.001 -19"><span class='ocrx_word' id='word_1_93' title='bbox 325 1290 477 1342; x_wconf 83' lang='lat' dir='ltr'><strong>tietur</strong></span> <span class='ocrx_word' id='word_1_94' title='bbox 507 1289 721 1360; x_wconf 80' lang='lat' dir='ltr'><strong>(Matth.</strong></span> <span class='ocrx_word' id='word_1_95' title='bbox 753 1291 849 1359; x_wconf 86' lang='lat' dir='ltr'><strong>v)?</strong></span> <span class='ocrx_word' id='word_1_96' title='bbox 877 1289 1003 1344; x_wconf 86' lang='lat' dir='ltr'><strong>Ideo</strong></span> <span class='ocrx_word' id='word_1_97' title='bbox 1043 1289 1347 1361; x_wconf 88' lang='lat' dir='ltr'><strong>(carissimi)</strong></span> <span class='ocrx_word' id='word_1_98' title='bbox 1377 1306 1474 1344; x_wconf 88' lang='lat' dir='ltr'><strong>vos</strong></span> <span class='ocrx_word' id='word_1_99' title='bbox 1502 1307 1695 1345; x_wconf 82' lang='lat' dir='ltr'><strong>moneo</strong></span> <span class='ocrx_word' id='word_1_100' title='bbox 1717 1332 1731 1354; x_wconf 92' lang='lat'><strong>,</strong></span> <span class='ocrx_word' id='word_1_101' title='bbox 1775 1291 1898 1359; x_wconf 85' lang='lat' dir='ltr'><strong>quia</strong></span> 
     </span>
    </p>
   </div>
   <div class='ocr_carea' id='block_1_13' title="bbox 323 1378 1898 1448">
    <p class='ocr_par' dir='ltr' id='par_1_13' title="bbox 323 1378 1898 1448">
     <span class='ocr_line' id='line_1_13' title="bbox 323 1378 1898 1448; baseline 0.001 -16"><span class='ocrx_word' id='word_1_102' title='bbox 323 1379 535 1434; x_wconf 85' lang='lat' dir='ltr'><strong>debitor</strong></span> <span class='ocrx_word' id='word_1_103' title='bbox 561 1395 680 1434; x_wconf 89' lang='lat' dir='ltr'><strong>sum</strong></span> <span class='ocrx_word' id='word_1_104' title='bbox 724 1380 907 1444; x_wconf 81' lang='lat' dir='ltr'><strong>vobis,</strong></span> <span class='ocrx_word' id='word_1_105' title='bbox 949 1386 1004 1432; x_wconf 92' lang='lat' dir='ltr'><strong>et</strong></span> <span class='ocrx_word' id='word_1_106' title='bbox 1034 1380 1186 1433; x_wconf 87' lang='lat' dir='ltr'><strong>valde</strong></span> <span class='ocrx_word' id='word_1_107' title='bbox 1228 1396 1322 1434; x_wconf 87' lang='lat' dir='ltr'><strong>vos</strong></span> <span class='ocrx_word' id='word_1_108' title='bbox 1359 1379 1538 1446; x_wconf 81' lang='lat' dir='ltr'><strong>diligo.</strong></span> <span class='ocrx_word' id='word_1_109' title='bbox 1591 1378 1659 1432; x_wconf 84' lang='lat' dir='ltr'><strong>Et</strong></span> <span class='ocrx_word' id='word_1_110' title='bbox 1687 1380 1898 1448; x_wconf 82' lang='lat' dir='ltr'><strong>quando</strong></span> 
     </span>
    </p>
   </div>
   <div class='ocr_carea' id='block_1_14' title="bbox 325 1468 1897 1537">
    <p class='ocr_par' dir='ltr' id='par_1_14' title="bbox 325 1468 1897 1537">
     <span class='ocr_line' id='line_1_14' title="bbox 325 1468 1897 1537; baseline 0 -15"><span class='ocrx_word' id='word_1_111' title='bbox 325 1470 464 1523; x_wconf 88' lang='lat' dir='ltr'><strong>bona</strong></span> <span class='ocrx_word' id='word_1_112' title='bbox 486 1469 644 1524; x_wconf 89' lang='lat' dir='ltr'><strong>audio</strong></span> <span class='ocrx_word' id='word_1_113' title='bbox 667 1468 733 1523; x_wconf 90' lang='lat' dir='ltr'><strong>de</strong></span> <span class='ocrx_word' id='word_1_114' title='bbox 754 1469 925 1533; x_wconf 87' lang='lat' dir='ltr'><strong>vobis,</strong></span> <span class='ocrx_word' id='word_1_115' title='bbox 955 1470 1109 1524; x_wconf 89' lang='lat' dir='ltr'><strong>nimis</strong></span> <span class='ocrx_word' id='word_1_116' title='bbox 1146 1485 1261 1523; x_wconf 91' lang='lat' dir='ltr'><strong>sum</strong></span> <span class='ocrx_word' id='word_1_117' title='bbox 1298 1469 1511 1537; x_wconf 78' lang='lat' dir='ltr'><strong>gavisus</strong></span> <span class='ocrx_word' id='word_1_118' title='bbox 1537 1488 1548 1522; x_wconf 90' lang='lat'>:</span> <span class='ocrx_word' id='word_1_119' title='bbox 1578 1479 1633 1524; x_wconf 89' lang='lat' dir='ltr'><strong>et</strong></span> <span class='ocrx_word' id='word_1_120' title='bbox 1677 1479 1897 1524; x_wconf 88' lang='lat' dir='ltr'><strong>econtra</strong></span> 
     </span>
    </p>
   </div>
   <div class='ocr_carea' id='block_1_15' title="bbox 324 1563 1900 1635">
    <p class='ocr_par' dir='ltr' id='par_1_15' title="bbox 324 1563 1900 1635">
     <span class='ocr_line' id='line_1_15' title="bbox 324 1563 1900 1635; baseline 0.002 -19"><span class='ocrx_word' id='word_1_121' title='bbox 324 1563 540 1633; x_wconf 87' lang='lat' dir='ltr'><strong>quando</strong></span> <span class='ocrx_word' id='word_1_122' title='bbox 569 1564 728 1631; x_wconf 89' lang='lat' dir='ltr'><strong>mala,</strong></span> <span class='ocrx_word' id='word_1_123' title='bbox 761 1565 918 1619; x_wconf 92' lang='lat' dir='ltr'><strong>nimis</strong></span> <span class='ocrx_word' id='word_1_124' title='bbox 943 1567 1312 1620; x_wconf 84' lang='lat' dir='ltr'><strong>conturbatus.</strong></span> <span class='ocrx_word' id='word_1_125' title='bbox 1344 1565 1454 1634; x_wconf 85' lang='lat' dir='ltr'><strong>Ego</strong></span> <span class='ocrx_word' id='word_1_126' title='bbox 1481 1581 1630 1633; x_wconf 90' lang='lat' dir='ltr'><strong>vero,</strong></span> <span class='ocrx_word' id='word_1_127' title='bbox 1658 1568 1900 1635; x_wconf 86' lang='lat' dir='ltr'><strong>quamvis</strong></span> 
     </span>
    </p>
   </div>
   <div class='ocr_carea' id='block_1_16' title="bbox 324 1655 1897 1724">
    <p class='ocr_par' dir='ltr' id='par_1_16' title="bbox 324 1655 1897 1724">
     <span class='ocr_line' id='line_1_16' title="bbox 324 1655 1897 1724; baseline 0 -17"><span class='ocrx_word' id='word_1_128' title='bbox 324 1669 355 1707; x_wconf 85' lang='lat' dir='ltr'><strong>a</strong></span> <span class='ocrx_word' id='word_1_129' title='bbox 399 1655 551 1710; x_wconf 88' lang='lat' dir='ltr'><strong>vobis</strong></span> <span class='ocrx_word' id='word_1_130' title='bbox 589 1672 685 1724; x_wconf 88' lang='lat' dir='ltr'><strong>per</strong></span> <span class='ocrx_word' id='word_1_131' title='bbox 731 1657 888 1724; x_wconf 90' lang='lat' dir='ltr'><strong>longa</strong></span> <span class='ocrx_word' id='word_1_132' title='bbox 916 1663 1182 1710; x_wconf 90' lang='lat' dir='ltr'><strong>terrarum</strong></span> <span class='ocrx_word' id='word_1_133' title='bbox 1229 1665 1388 1724; x_wconf 89' lang='lat' dir='ltr'><strong>atque</strong></span> <span class='ocrx_word' id='word_1_134' title='bbox 1429 1656 1591 1709; x_wconf 90' lang='lat' dir='ltr'><strong>maris</strong></span> <span class='ocrx_word' id='word_1_135' title='bbox 1621 1656 1897 1708; x_wconf 88' lang='lat' dir='ltr'><strong>intervalla</strong></span> 
     </span>
    </p>
   </div>
   <div class='ocr_carea' id='block_1_17' title="bbox 325 1742 1896 1814">
    <p class='ocr_par' dir='ltr' id='par_1_17' title="bbox 325 1742 1896 1814">
     <span class='ocr_line' id='line_1_17' title="bbox 325 1742 1896 1814; baseline 0.001 -14"><span class='ocrx_word' id='word_1_136' title='bbox 325 1742 619 1814; x_wconf 75' lang='lat' dir='ltr'><strong>disiunctus</strong></span> <span class='ocrx_word' id='word_1_137' title='bbox 647 1747 769 1811; x_wconf 89' lang='lat' dir='ltr'><strong>sim,</strong></span> <span class='ocrx_word' id='word_1_138' title='bbox 792 1761 910 1800; x_wconf 90' lang='lat' dir='ltr'><strong>sum</strong></span> <span class='ocrx_word' id='word_1_139' title='bbox 937 1755 1118 1800; x_wconf 89' lang='lat' dir='ltr'><strong>tamen</strong></span> <span class='ocrx_word' id='word_1_140' title='bbox 1148 1747 1366 1801; x_wconf 88' lang='lat' dir='ltr'><strong>omnino</strong></span> <span class='ocrx_word' id='word_1_141' title='bbox 1398 1747 1548 1800; x_wconf 85' lang='lat' dir='ltr'><strong>vobis</strong></span> <span class='ocrx_word' id='word_1_142' title='bbox 1577 1747 1742 1801; x_wconf 87' lang='lat' dir='ltr'><strong>corde</strong></span> <span class='ocrx_word' id='word_1_143' title='bbox 1765 1762 1896 1801; x_wconf 91' lang='lat' dir='ltr'><strong>con-</strong></span> 
     </span>
    </p>
   </div>
   <div class='ocr_carea' id='block_1_18' title="bbox 2008 566 3576 638">
    <p class='ocr_par' dir='ltr' id='par_1_18' title="bbox 2008 566 3576 638">
     <span class='ocr_line' id='line_1_18' title="bbox 2008 566 3576 638; baseline -0.001 -17"><span class='ocrx_word' id='word_1_144' title='bbox 2008 568 2124 636; x_wconf 90' lang='lat' dir='ltr'><strong>ipse</strong></span> <span class='ocrx_word' id='word_1_145' title='bbox 2144 567 2434 635; x_wconf 70' lang='lat' dir='ltr'><strong>collegerat</strong></span> <span class='ocrx_word' id='word_1_146' title='bbox 2453 583 2735 636; x_wconf 85' lang='lat' dir='ltr'><strong>expensas,</strong></span> <span class='ocrx_word' id='word_1_147' title='bbox 2759 567 3120 638; x_wconf 86' lang='lat' dir='ltr'><strong>Salomonque</strong></span> <span class='ocrx_word' id='word_1_148' title='bbox 3142 566 3278 622; x_wconf 80' lang='lat' dir='ltr'><strong>illius</strong></span> <span class='ocrx_word' id='word_1_149' title='bbox 3300 567 3416 636; x_wconf 87' lang='lat' dir='ltr'><strong>ejus</strong></span> <span class='ocrx_word' id='word_1_150' title='bbox 3437 567 3546 636; x_wconf 90' lang='lat' dir='ltr'><strong>idip</strong></span> <span class='ocrx_word' id='word_1_151' title='bbox 3563 599 3576 608; x_wconf 93' lang='lat'><strong>-</strong></span> 
     </span>
    </p>
   </div>
   <div class='ocr_carea' id='block_1_19' title="bbox 2005 657 3580 728">
    <p class='ocr_par' dir='ltr' id='par_1_19' title="bbox 2005 657 3580 728">
     <span class='ocr_line' id='line_1_19' title="bbox 2005 657 3580 728; baseline 0.001 -18"><span class='ocrx_word' id='word_1_152' title='bbox 2005 673 2142 721; x_wconf 89' lang='lat' dir='ltr'><strong>sum,</strong></span> <span class='ocrx_word' id='word_1_153' title='bbox 2166 657 2309 727; x_wconf 88' lang='lat' dir='ltr'><strong>quod</strong></span> <span class='ocrx_word' id='word_1_154' title='bbox 2331 658 2442 726; x_wconf 86' lang='lat' dir='ltr'><strong>ipse</strong></span> <span class='ocrx_word' id='word_1_155' title='bbox 2464 657 2639 713; x_wconf 81' lang='lat' dir='ltr'><strong>facere</strong></span> <span class='ocrx_word' id='word_1_156' title='bbox 2659 667 2954 728; x_wconf 89' lang='lat' dir='ltr'><strong>optaverat,</strong></span> <span class='ocrx_word' id='word_1_157' title='bbox 2975 658 3195 726; x_wconf 89' lang='lat' dir='ltr'><strong>jubente</strong></span> <span class='ocrx_word' id='word_1_158' title='bbox 3215 666 3274 713; x_wconf 89' lang='lat' dir='ltr'><strong>et</strong></span> <span class='ocrx_word' id='word_1_159' title='bbox 3289 658 3580 712; x_wconf 77' lang='lat' dir='ltr'><strong>auxiliante</strong></span> 
     </span>
    </p>
   </div>
   <div class='ocr_carea' id='block_1_20' title="bbox 2005 749 3578 820">
    <p class='ocr_par' dir='ltr' id='par_1_20' title="bbox 2005 749 3578 820">
     <span class='ocr_line' id='line_1_20' title="bbox 2005 749 3578 820; baseline 0 -18"><span class='ocrx_word' id='word_1_160' title='bbox 2005 749 2410 819; x_wconf 87' lang='lat' dir='ltr'><strong>Deo,.perfecit,</strong></span> <span class='ocrx_word' id='word_1_161' title='bbox 2435 761 2490 805; x_wconf 91' lang='lat' dir='ltr'><strong>et</strong></span> <span class='ocrx_word' id='word_1_162' title='bbox 2519 751 2775 820; x_wconf 88' lang='lat' dir='ltr'><strong>templum</strong></span> <span class='ocrx_word' id='word_1_163' title='bbox 2811 769 2932 806; x_wconf 89' lang='lat' dir='ltr'><strong>eum</strong></span> <span class='ocrx_word' id='word_1_164' title='bbox 2973 753 3151 816; x_wconf 88' lang='lat' dir='ltr'><strong>altari,</strong></span> <span class='ocrx_word' id='word_1_165' title='bbox 3192 760 3247 806; x_wconf 91' lang='lat' dir='ltr'><strong>et</strong></span> <span class='ocrx_word' id='word_1_166' title='bbox 3274 750 3478 820; x_wconf 84' lang='lat' dir='ltr'><strong>reliqua</strong></span> <span class='ocrx_word' id='word_1_167' title='bbox 3507 749 3578 802; x_wconf 87' lang='lat' dir='ltr'><strong>ad</strong></span> 
     </span>
    </p>
   </div>
   <div class='ocr_carea' id='block_1_21' title="bbox 2005 839 3578 910">
    <p class='ocr_par' dir='ltr' id='par_1_21' title="bbox 2005 839 3578 910">
     <span class='ocr_line' id='line_1_21' title="bbox 2005 839 3578 910; baseline -0.002 -16"><span class='ocrx_word' id='word_1_168' title='bbox 2005 841 2240 894; x_wconf 86' lang='lat' dir='ltr'><strong>divinum</strong></span> <span class='ocrx_word' id='word_1_169' title='bbox 2277 842 2477 894; x_wconf 86' lang='lat' dir='ltr'><strong>cultum</strong></span> <span class='ocrx_word' id='word_1_170' title='bbox 2516 841 2906 910; x_wconf 74' lang='lat' dir='ltr'><strong>peragendum,</strong></span> <span class='ocrx_word' id='word_1_171' title='bbox 2941 841 3307 901; x_wconf 84' lang='lat' dir='ltr'><strong>consecravit,</strong></span> <span class='ocrx_word' id='word_1_172' title='bbox 3347 841 3401 894; x_wconf 90' lang='lat' dir='ltr'><strong>in</strong></span> <span class='ocrx_word' id='word_1_173' title='bbox 3440 839 3578 893; x_wconf 87' lang='lat' dir='ltr'><strong>libro</strong></span> 
     </span>
    </p>
   </div>
   <div class='ocr_carea' id='block_1_22' title="bbox 2007 931 3578 1002">
    <p class='ocr_par' dir='ltr' id='par_1_22' title="bbox 2007 931 3578 1002">
     <span class='ocr_line' id='line_1_22' title="bbox 2007 931 3578 1002; baseline -0.001 -18"><span class='ocrx_word' id='word_1_174' title='bbox 2007 931 2210 1000; x_wconf 81' lang='lat' dir='ltr'><strong>Regum</strong></span> <span class='ocrx_word' id='word_1_175' title='bbox 2250 933 2388 986; x_wconf 89' lang='lat' dir='ltr'><strong>inter</strong></span> <span class='ocrx_word' id='word_1_176' title='bbox 2427 941 2620 986; x_wconf 80' lang='lat' dir='ltr'><strong>caetera</strong></span> <span class='ocrx_word' id='word_1_177' title='bbox 2660 933 2853 1000; x_wconf 84' lang='lat' dir='ltr'><strong>legitur</strong></span> <span class='ocrx_word' id='word_1_178' title='bbox 2897 933 3007 985; x_wconf 88' lang='lat' dir='ltr'><strong>ita:</strong></span> <span class='ocrx_word' id='word_1_179' title='bbox 3041 931 3338 1002; x_wconf 59' lang='lat' dir='ltr'><strong>zEdificans</strong></span> <span class='ocrx_word' id='word_1_180' title='bbox 3381 931 3578 1002; x_wconf 83' lang='lat' dir='ltr'><strong>(inquit</strong></span> 
     </span>
    </p>
   </div>
   <div class='ocr_carea' id='block_1_23' title="bbox 1995 1021 3578 1096">
    <p class='ocr_par' dir='ltr' id='par_1_23' title="bbox 1995 1021 3578 1096">
     <span class='ocr_line' id='line_1_23' title="bbox 1995 1021 3578 1096; baseline -0.001 -19"><span class='ocrx_word' id='word_1_181' title='bbox 1995 1023 2258 1078; x_wconf 84' lang='lat' dir='ltr'><strong>Salomon</strong></span> <span class='ocrx_word' id='word_1_182' title='bbox 2291 1023 2515 1078; x_wconf 90' lang='lat' dir='ltr'><strong>Domino</strong></span> <span class='ocrx_word' id='word_1_183' title='bbox 2548 1023 2666 1096; x_wconf 79' lang='lat' dir='ltr'><strong>[III</strong></span> <span class='ocrx_word' id='word_1_184' title='bbox 2705 1024 2831 1095; x_wconf 84' lang='lat' dir='ltr'><strong>Reg.</strong></span> <span class='ocrx_word' id='word_1_185' title='bbox 2864 1023 3006 1094; x_wconf 76' lang='lat' dir='ltr'><strong>vul})</strong></span> <span class='ocrx_word' id='word_1_186' title='bbox 3047 1024 3304 1094; x_wconf 76' lang='lat' dir='ltr'><strong>wdificavi</strong></span> <span class='ocrx_word' id='word_1_187' title='bbox 3334 1026 3389 1078; x_wconf 92' lang='lat' dir='ltr'><strong>in</strong></span> <span class='ocrx_word' id='word_1_188' title='bbox 3431 1021 3578 1077; x_wconf 64' lang='lat' dir='ltr'><strong>habio</strong></span> 
     </span>
    </p>
   </div>
   <div class='ocr_carea' id='block_1_24' title="bbox 2005 1098 3571 1183">
    <p class='ocr_par' dir='ltr' id='par_1_24' title="bbox 2005 1098 3571 1183">
     <span class='ocr_line' id='line_1_24' title="bbox 2005 1098 3571 1183; baseline 0 -18"><span class='ocrx_word' id='word_1_189' title='bbox 2005 1098 2230 1166; x_wconf 84' lang='lat' dir='ltr'><strong>taculum</strong></span> <span class='ocrx_word' id='word_1_190' title='bbox 2273 1122 2439 1176; x_wconf 89' lang='lat' dir='ltr'><strong>tuum,</strong></span> <span class='ocrx_word' id='word_1_191' title='bbox 2485 1114 2820 1183; x_wconf 83' lang='lat' dir='ltr'><strong>fortissimum</strong></span> <span class='ocrx_word' id='word_1_192' title='bbox 2869 1113 3272 1182; x_wconf 76' lang='lat' dir='ltr'><strong>(ﬁrmissimum;</strong></span> <span class='ocrx_word' id='word_1_193' title='bbox 3312 1114 3385 1167; x_wconf 87' lang='lat' dir='ltr'><strong>ita</strong></span> <span class='ocrx_word' id='word_1_194' title='bbox 3431 1121 3486 1166; x_wconf 88' lang='lat' dir='ltr'><strong>et</strong></span> <span class='ocrx_word' id='word_1_195' title='bbox 3523 1129 3571 1166; x_wconf 93' lang='lat' dir='ltr'><strong>c.</strong></span> 
     </span>
    </p>
   </div>
   <div class='ocr_carea' id='block_1_25' title="bbox 2001 1200 3575 1274">
    <p class='ocr_par' dir='ltr' id='par_1_25' title="bbox 2001 1200 3575 1274">
     <span class='ocr_line' id='line_1_25' title="bbox 2001 1200 3575 1274; baseline 0.001 -20"><span class='ocrx_word' id='word_1_196' title='bbox 2001 1200 2161 1271; x_wconf 84' lang='lat' dir='ltr'><strong>Just.)</strong></span> <span class='ocrx_word' id='word_1_197' title='bbox 2189 1201 2374 1255; x_wconf 79' lang='lat' dir='ltr'><strong>solium</strong></span> <span class='ocrx_word' id='word_1_198' title='bbox 2411 1211 2552 1254; x_wconf 89' lang='lat' dir='ltr'><strong>tuum</strong></span> <span class='ocrx_word' id='word_1_199' title='bbox 2591 1203 2642 1254; x_wconf 84' lang='lat' dir='ltr'><strong>in</strong></span> <span class='ocrx_word' id='word_1_200' title='bbox 2679 1204 3060 1271; x_wconf 81' lang='lat' dir='ltr'><strong>sempiternum.</strong></span> <span class='ocrx_word' id='word_1_201' title='bbox 3093 1203 3442 1274; x_wconf 84' lang='lat' dir='ltr'><strong>Convertitque</strong></span> <span class='ocrx_word' id='word_1_202' title='bbox 3484 1221 3575 1256; x_wconf 79' lang='lat' dir='ltr'><strong>rex</strong></span> 
     </span>
    </p>
   </div>
   <div class='ocr_carea' id='block_1_26' title="bbox 2003 1291 3576 1360">
    <p class='ocr_par' dir='ltr' id='par_1_26' title="bbox 2003 1291 3576 1360">
     <span class='ocr_line' id='line_1_26' title="bbox 2003 1291 3576 1360; baseline 0.003 -19"><span class='ocrx_word' id='word_1_203' title='bbox 2003 1291 2188 1360; x_wconf 89' lang='lat' dir='ltr'><strong>faciem</strong></span> <span class='ocrx_word' id='word_1_204' title='bbox 2212 1307 2377 1355; x_wconf 88' lang='lat' dir='ltr'><strong>suam,</strong></span> <span class='ocrx_word' id='word_1_205' title='bbox 2405 1300 2452 1343; x_wconf 92' lang='lat' dir='ltr'><strong>et</strong></span> <span class='ocrx_word' id='word_1_206' title='bbox 2479 1291 2740 1344; x_wconf 75' lang='lat' dir='ltr'><strong>benedixit</strong></span> <span class='ocrx_word' id='word_1_207' title='bbox 2767 1293 2905 1345; x_wconf 86' lang='lat' dir='ltr'><strong>omni</strong></span> <span class='ocrx_word' id='word_1_208' title='bbox 2923 1294 3150 1347; x_wconf 75' lang='lat' dir='ltr'><strong>ecclesia:</strong></span> <span class='ocrx_word' id='word_1_209' title='bbox 3181 1292 3368 1346; x_wconf 88' lang='lat' dir='ltr'><strong>Israel.</strong></span> <span class='ocrx_word' id='word_1_210' title='bbox 3394 1292 3576 1346; x_wconf 86' lang='lat' dir='ltr'><strong>Omnis</strong></span> 
     </span>
    </p>
   </div>
   <div class='ocr_carea' id='block_1_27' title="bbox 2001 1361 3572 1446">
    <p class='ocr_par' dir='ltr' id='par_1_27' title="bbox 2001 1361 3572 1446">
     <span class='ocr_line' id='line_1_27' title="bbox 2001 1361 3572 1446; baseline 0.004 -15"><span class='ocrx_word' id='word_1_211' title='bbox 2001 1381 2135 1432; x_wconf 89' lang='lat' dir='ltr'><strong>enim</strong></span> <span class='ocrx_word' id='word_1_212' title='bbox 2167 1361 2380 1434; x_wconf 73' lang='lat' dir='ltr'><strong>ecclesia</strong></span> <span class='ocrx_word' id='word_1_213' title='bbox 2403 1379 2577 1434; x_wconf 83' lang='lat' dir='ltr'><strong>‘Israel</strong></span> <span class='ocrx_word' id='word_1_214' title='bbox 2615 1380 2806 1446; x_wconf 81' lang='lat' dir='ltr'><strong>stabat,</strong></span> <span class='ocrx_word' id='word_1_215' title='bbox 2840 1392 2888 1434; x_wconf 90' lang='lat' dir='ltr'><strong>et</strong></span> <span class='ocrx_word' id='word_1_216' title='bbox 2916 1383 3026 1435; x_wconf 88' lang='lat' dir='ltr'><strong>ait:</strong></span> <span class='ocrx_word' id='word_1_217' title='bbox 3059 1382 3361 1436; x_wconf 76' lang='lat' dir='ltr'><strong>Benedictus</strong></span> <span class='ocrx_word' id='word_1_218' title='bbox 3393 1382 3572 1437; x_wconf 87' lang='lat' dir='ltr'><strong>Domi-</strong></span> 
     </span>
    </p>
   </div>
   <div class='ocr_carea' id='block_1_28' title="bbox 2002 1471 3575 1544">
    <p class='ocr_par' dir='ltr' id='par_1_28' title="bbox 2002 1471 3575 1544">
     <span class='ocr_line' id='line_1_28' title="bbox 2002 1471 3575 1544; baseline 0.004 -22"><span class='ocrx_word' id='word_1_219' title='bbox 2002 1489 2096 1524; x_wconf 84' lang='lat' dir='ltr'><strong>nus</strong></span> <span class='ocrx_word' id='word_1_220' title='bbox 2127 1471 2264 1525; x_wconf 86' lang='lat' dir='ltr'><strong>Deus</strong></span> <span class='ocrx_word' id='word_1_221' title='bbox 2297 1472 2485 1540; x_wconf 79' lang='lat' dir='ltr'><strong>Israel,</strong></span> <span class='ocrx_word' id='word_1_222' title='bbox 2509 1475 2592 1541; x_wconf 86' lang='lat' dir='ltr'><strong>qui</strong></span> <span class='ocrx_word' id='word_1_223' title='bbox 2621 1474 2817 1527; x_wconf 87' lang='lat' dir='ltr'><strong>locutus</strong></span> <span class='ocrx_word' id='word_1_224' title='bbox 2847 1484 2921 1528; x_wconf 87' lang='lat' dir='ltr'><strong>est</strong></span> <span class='ocrx_word' id='word_1_225' title='bbox 2947 1491 3036 1528; x_wconf 88' lang='lat' dir='ltr'><strong>ore</strong></span> <span class='ocrx_word' id='word_1_226' title='bbox 3060 1492 3151 1529; x_wconf 88' lang='lat' dir='ltr'><strong>suo</strong></span> <span class='ocrx_word' id='word_1_227' title='bbox 3185 1476 3254 1528; x_wconf 88' lang='lat' dir='ltr'><strong>ad</strong></span> <span class='ocrx_word' id='word_1_228' title='bbox 3292 1474 3459 1529; x_wconf 75' lang='lat' dir='ltr'><strong>Dauid</strong></span> <span class='ocrx_word' id='word_1_229' title='bbox 3479 1493 3575 1544; x_wconf 87' lang='lat' dir='ltr'><strong>pa-</strong></span> 
     </span>
    </p>
   </div>
   <div class='ocr_carea' id='block_1_29' title="bbox 2003 1563 3634 1638">
    <p class='ocr_par' dir='ltr' id='par_1_29' title="bbox 2003 1563 3634 1638">
     <span class='ocr_line' id='line_1_29' title="bbox 2003 1563 3634 1638; baseline 0.001 -21"><span class='ocrx_word' id='word_1_230' title='bbox 2003 1575 2126 1617; x_wconf 89' lang='lat' dir='ltr'><strong>trem</strong></span> <span class='ocrx_word' id='word_1_231' title='bbox 2158 1582 2340 1626; x_wconf 89' lang='lat' dir='ltr'><strong>meum,</strong></span> <span class='ocrx_word' id='word_1_232' title='bbox 2365 1575 2414 1617; x_wconf 88' lang='lat' dir='ltr'><strong>et</strong></span> <span class='ocrx_word' id='word_1_233' title='bbox 2442 1568 2495 1618; x_wconf 85' lang='lat' dir='ltr'><strong>in</strong></span> <span class='ocrx_word' id='word_1_234' title='bbox 2527 1566 2760 1619; x_wconf 87' lang='lat' dir='ltr'><strong>manibus</strong></span> <span class='ocrx_word' id='word_1_235' title='bbox 2786 1567 2899 1636; x_wconf 86' lang='lat' dir='ltr'><strong>ejus</strong></span> <span class='ocrx_word' id='word_1_236' title='bbox 2927 1569 3156 1638; x_wconf 77' lang='lat' dir='ltr'><strong>perfecit,</strong></span> <span class='ocrx_word' id='word_1_237' title='bbox 3187 1563 3359 1621; x_wconf 81' lang='lat' dir='ltr'><strong>dicens</strong></span> <span class='ocrx_word' id='word_1_238' title='bbox 3380 1583 3398 1620; x_wconf 91' lang='lat'><strong><em>:</em></strong></span> <span class='ocrx_word' id='word_1_239' title='bbox 3421 1569 3459 1618; x_wconf 79' lang='grc' dir='ltr'><em>Α</em></span> <span class='ocrx_word' id='word_1_240' title='bbox 3493 1567 3574 1620; x_wconf 82' lang='lat' dir='ltr'><strong>die</strong></span> <span class='ocrx_word' id='word_1_241' title='bbox 3623 1628 3634 1637; x_wconf 44' lang='lat'><strong>.</strong></span> 
     </span>
    </p>
   </div>
   <div class='ocr_carea' id='block_1_30' title="bbox 2002 1655 3574 1728">
    <p class='ocr_par' dir='ltr' id='par_1_30' title="bbox 2002 1655 3574 1728">
     <span class='ocr_line' id='line_1_30' title="bbox 2002 1655 3574 1728; baseline 0.003 -22"><span class='ocrx_word' id='word_1_242' title='bbox 2002 1672 2101 1724; x_wconf 87' lang='lat' dir='ltr'><strong>qua</strong></span> <span class='ocrx_word' id='word_1_243' title='bbox 2129 1655 2284 1707; x_wconf 75' lang='lat' dir='ltr'><strong>eduxi</strong></span> <span class='ocrx_word' id='word_1_244' title='bbox 2311 1661 2554 1724; x_wconf 85' lang='lat' dir='ltr'><strong>populum</strong></span> <span class='ocrx_word' id='word_1_245' title='bbox 2578 1673 2746 1710; x_wconf 89' lang='lat' dir='ltr'><strong>meum</strong></span> <span class='ocrx_word' id='word_1_246' title='bbox 2776 1656 2943 1710; x_wconf 80' lang='lat' dir='ltr'><strong>Israel</strong></span> <span class='ocrx_word' id='word_1_247' title='bbox 2963 1657 3026 1710; x_wconf 89' lang='lat' dir='ltr'><strong>de</strong></span> <span class='ocrx_word' id='word_1_248' title='bbox 3047 1657 3298 1728; x_wconf 66' lang='lat' dir='ltr'><strong>nggpto,</strong></span> <span class='ocrx_word' id='word_1_249' title='bbox 3322 1675 3423 1712; x_wconf 88' lang='lat' dir='ltr'><strong>non</strong></span> <span class='ocrx_word' id='word_1_250' title='bbox 3445 1657 3574 1728; x_wconf 85' lang='lat' dir='ltr'><strong>elegi</strong></span> 
     </span>
    </p>
   </div>
   <div class='ocr_carea' id='block_1_31' title="bbox 2002 1746 3574 1820">
    <p class='ocr_par' dir='ltr' id='par_1_31' title="bbox 2002 1746 3574 1820">
     <span class='ocr_line' id='line_1_31' title="bbox 2002 1746 3574 1820; baseline 0.005 -24"><span class='ocrx_word' id='word_1_251' title='bbox 2002 1746 2252 1798; x_wconf 89' lang='lat' dir='ltr'><strong>civitatem</strong></span> <span class='ocrx_word' id='word_1_252' title='bbox 2276 1747 2346 1806; x_wconf 86' lang='lat' dir='ltr'><strong>de</strong></span> <span class='ocrx_word' id='word_1_253' title='bbox 2375 1748 2625 1800; x_wconf 79' lang='lat' dir='ltr'><strong>universis</strong></span> <span class='ocrx_word' id='word_1_254' title='bbox 2655 1748 2882 1801; x_wconf 81' lang='lat' dir='ltr'><strong>tribubus</strong></span> <span class='ocrx_word' id='word_1_255' title='bbox 2926 1749 3118 1814; x_wconf 83' lang='lat' dir='ltr'><strong>Israel,</strong></span> <span class='ocrx_word' id='word_1_256' title='bbox 3147 1760 3203 1802; x_wconf 90' lang='lat' dir='ltr'><strong>ut</strong></span> <span class='ocrx_word' id='word_1_257' title='bbox 3230 1751 3574 1820; x_wconf 72' lang='lat' dir='ltr'><strong>aediﬁcaretur</strong></span> 
     </span>
    </p>
   </div>
   <div class='ocr_carea' id='block_1_32' title="bbox 325 1835 3574 1912">
    <p class='ocr_par' dir='ltr' id='par_1_32' title="bbox 325 1835 3574 1912">
     <span class='ocr_line' id='line_1_32' title="bbox 325 1835 3574 1912; baseline 0.002 -22"><span class='ocrx_word' id='word_1_258' title='bbox 325 1835 559 1905; x_wconf 75' lang='lat' dir='ltr'><strong>junctus.</strong></span> <span class='ocrx_word' id='word_1_259' title='bbox 589 1836 753 1906; x_wconf 82' lang='lat' dir='ltr'><strong>quue</strong></span> <span class='ocrx_word' id='word_1_260' title='bbox 784 1837 851 1891; x_wconf 92' lang='lat' dir='ltr'><strong>de</strong></span> <span class='ocrx_word' id='word_1_261' title='bbox 890 1836 1220 1890; x_wconf 87' lang='lat' dir='ltr'><strong>beatitudine</strong></span> <span class='ocrx_word' id='word_1_262' title='bbox 1247 1844 1423 1891; x_wconf 89' lang='lat' dir='ltr'><strong>vestra</strong></span> <span class='ocrx_word' id='word_1_263' title='bbox 1467 1850 1591 1904; x_wconf 87' lang='lat' dir='ltr'><strong>erga</strong></span> <span class='ocrx_word' id='word_1_264' title='bbox 1617 1851 1702 1890; x_wconf 88' lang='lat' dir='ltr'><strong>me</strong></span> <span class='ocrx_word' id='word_1_265' title='bbox 1731 1836 1899 1890; x_wconf 86' lang='lat' dir='ltr'><strong>modis</strong></span> <span class='ocrx_word' id='word_1_266' title='bbox 1931 1841 1973 1897; x_wconf 73' lang='grc' dir='ltr'><strong>Β</strong></span> <span class='ocrx_word' id='word_1_267' title='bbox 2002 1836 2201 1908; x_wconf 78' lang='lat' dir='ltr'><strong>domus,</strong></span> <span class='ocrx_word' id='word_1_268' title='bbox 2225 1846 2276 1890; x_wconf 92' lang='lat' dir='ltr'><strong>et</strong></span> <span class='ocrx_word' id='word_1_269' title='bbox 2303 1847 2436 1890; x_wconf 81' lang='lat' dir='ltr'><strong>esset</strong></span> <span class='ocrx_word' id='word_1_270' title='bbox 2477 1855 2660 1891; x_wconf 83' lang='lat' dir='ltr'><strong>nomen</strong></span> <span class='ocrx_word' id='word_1_271' title='bbox 2690 1855 2853 1892; x_wconf 85' lang='lat' dir='ltr'><strong>meum</strong></span> <span class='ocrx_word' id='word_1_272' title='bbox 2885 1840 2986 1904; x_wconf 85' lang='lat' dir='ltr'><strong>ibi;</strong></span> <span class='ocrx_word' id='word_1_273' title='bbox 3019 1841 3109 1894; x_wconf 85' lang='lat' dir='ltr'><strong>sed</strong></span> <span class='ocrx_word' id='word_1_274' title='bbox 3140 1842 3270 1912; x_wconf 80' lang='lat' dir='ltr'><strong>elegi</strong></span> <span class='ocrx_word' id='word_1_275' title='bbox 3307 1843 3490 1907; x_wconf 79' lang='lat' dir='ltr'><strong>David,</strong></span> <span class='ocrx_word' id='word_1_276' title='bbox 3518 1853 3574 1896; x_wconf 85' lang='lat' dir='ltr'><strong>ut</strong></span> 
     </span>
    </p>
   </div>
   <div class='ocr_carea' id='block_1_33' title="bbox 325 1927 1900 1997">
    <p class='ocr_par' dir='ltr' id='par_1_33' title="bbox 325 1927 1900 1997">
     <span class='ocr_line' id='line_1_33' title="bbox 325 1927 1900 1997; baseline -0.003 -13"><span class='ocrx_word' id='word_1_277' title='bbox 325 1928 576 1984; x_wconf 84' lang='lat' dir='ltr'><strong>omnibus</strong></span> <span class='ocrx_word' id='word_1_278' title='bbox 596 1927 826 1991; x_wconf 80' lang='lat' dir='ltr'><strong>Confido,</strong></span> <span class='ocrx_word' id='word_1_279' title='bbox 851 1927 976 1996; x_wconf 86' lang='lat' dir='ltr'><strong>quia</strong></span> <span class='ocrx_word' id='word_1_280' title='bbox 993 1944 1111 1982; x_wconf 87' lang='lat' dir='ltr'><strong>cum</strong></span> <span class='ocrx_word' id='word_1_281' title='bbox 1139 1944 1224 1982; x_wconf 88' lang='lat' dir='ltr'><strong>me</strong></span> <span class='ocrx_word' id='word_1_282' title='bbox 1250 1928 1482 1982; x_wconf 90' lang='lat' dir='ltr'><strong>vicissim</strong></span> <span class='ocrx_word' id='word_1_283' title='bbox 1504 1927 1740 1997; x_wconf 79' lang='lat' dir='ltr'><strong>diligitis,</strong></span> <span class='ocrx_word' id='word_1_284' title='bbox 1763 1943 1792 1979; x_wconf 89' lang='lat' dir='ltr'><strong>a</strong></span> <span class='ocrx_word' id='word_1_285' title='bbox 1815 1941 1900 1980; x_wconf 88' lang='lat' dir='ltr'><strong>me</strong></span> 
     </span>
    </p>
   </div>
   <div class='ocr_carea' id='block_1_34' title="bbox 327 2015 1900 2086">
    <p class='ocr_par' dir='ltr' id='par_1_34' title="bbox 327 2015 1900 2086">
     <span class='ocr_line' id='line_1_34' title="bbox 327 2015 1900 2086; baseline -0.001 -15"><span class='ocrx_word' id='word_1_286' title='bbox 327 2019 484 2086; x_wconf 88' lang='lat' dir='ltr'><strong>longe</strong></span> <span class='ocrx_word' id='word_1_287' title='bbox 524 2033 630 2072; x_wconf 92' lang='lat' dir='ltr'><strong>non</strong></span> <span class='ocrx_word' id='word_1_288' title='bbox 675 2017 826 2072; x_wconf 89' lang='lat' dir='ltr'><strong>estis.</strong></span> <span class='ocrx_word' id='word_1_289' title='bbox 862 2015 1013 2071; x_wconf 89' lang='lat' dir='ltr'><strong>Unde</strong></span> <span class='ocrx_word' id='word_1_290' title='bbox 1058 2017 1258 2084; x_wconf 81' lang='lat' dir='ltr'><strong>gratias</strong></span> <span class='ocrx_word' id='word_1_291' title='bbox 1306 2017 1587 2071; x_wconf 82' lang='lat' dir='ltr'><strong>referimus</strong></span> <span class='ocrx_word' id='word_1_292' title='bbox 1615 2017 1690 2070; x_wconf 86' lang='lat' dir='ltr'><strong>illi</strong></span> <span class='ocrx_word' id='word_1_293' title='bbox 1732 2032 1900 2086; x_wconf 88' lang='lat' dir='ltr'><strong>grano</strong></span> 
     </span>
    </p>
   </div>
   <div class='ocr_carea' id='block_1_35' title="bbox 325 2101 1901 2183">
    <p class='ocr_par' dir='ltr' id='par_1_35' title="bbox 325 2101 1901 2183">
     <span class='ocr_line' id='line_1_35' title="bbox 325 2101 1901 2183; baseline -0.002 -17"><span class='ocrx_word' id='word_1_294' title='bbox 325 2112 499 2181; x_wconf 84' lang='lat' dir='ltr'><strong>sinapi</strong></span> <span class='ocrx_word' id='word_1_295' title='bbox 521 2101 670 2183; x_wconf 86' lang='lat' dir='ltr'><strong>(Luc.</strong></span> <span class='ocrx_word' id='word_1_296' title='bbox 698 2127 818 2176; x_wconf 75' lang='lat' dir='ltr'><strong>xiv;</strong></span> <span class='ocrx_word' id='word_1_297' title='bbox 849 2109 1040 2163; x_wconf 82' lang='lat' dir='ltr'><strong>Matth.</strong></span> <span class='ocrx_word' id='word_1_298' title='bbox 1067 2113 1209 2178; x_wconf 81' lang='lat' dir='ltr'><strong>xm),</strong></span> <span class='ocrx_word' id='word_1_299' title='bbox 1235 2111 1325 2179; x_wconf 92' lang='lat' dir='ltr'><strong>qui</strong></span> <span class='ocrx_word' id='word_1_300' title='bbox 1352 2126 1420 2164; x_wconf 83' lang='lat' dir='ltr'><strong>ex</strong></span> <span class='ocrx_word' id='word_1_301' title='bbox 1442 2108 1639 2164; x_wconf 89' lang='lat' dir='ltr'><strong>modici</strong></span> <span class='ocrx_word' id='word_1_302' title='bbox 1662 2109 1901 2178; x_wconf 89' lang='lat' dir='ltr'><strong>despica-</strong></span> 
     </span>
    </p>
   </div>
   <div class='ocr_carea' id='block_1_36' title="bbox 327 2202 1903 2271">
    <p class='ocr_par' dir='ltr' id='par_1_36' title="bbox 327 2202 1903 2271">
     <span class='ocr_line' id='line_1_36' title="bbox 327 2202 1903 2271; baseline 0.002 -15"><span class='ocrx_word' id='word_1_303' title='bbox 327 2203 554 2271; x_wconf 87' lang='lat' dir='ltr'><strong>bilisque</strong></span> <span class='ocrx_word' id='word_1_304' title='bbox 593 2202 811 2256; x_wconf 89' lang='lat' dir='ltr'><strong>seminis</strong></span> <span class='ocrx_word' id='word_1_305' title='bbox 839 2203 1018 2271; x_wconf 88' lang='lat' dir='ltr'><strong>specie</strong></span> <span class='ocrx_word' id='word_1_306' title='bbox 1039 2242 1055 2266; x_wconf 93' lang='lat'><strong>,</strong></span> <span class='ocrx_word' id='word_1_307' title='bbox 1104 2203 1176 2255; x_wconf 90' lang='lat' dir='ltr'><strong>ita</strong></span> <span class='ocrx_word' id='word_1_308' title='bbox 1205 2203 1369 2257; x_wconf 90' lang='lat' dir='ltr'><strong>ramis</strong></span> <span class='ocrx_word' id='word_1_309' title='bbox 1396 2217 1465 2256; x_wconf 77' lang='lat' dir='ltr'><strong>ex</strong></span> <span class='ocrx_word' id='word_1_310' title='bbox 1492 2204 1678 2257; x_wconf 88' lang='lat' dir='ltr'><strong>eadem</strong></span> <span class='ocrx_word' id='word_1_311' title='bbox 1723 2204 1903 2259; x_wconf 89' lang='lat' dir='ltr'><strong>radice</strong></span> 
     </span>
    </p>
   </div>
   <div class='ocr_carea' id='block_1_37' title="bbox 327 2294 1904 2367">
    <p class='ocr_par' dir='ltr' id='par_1_37' title="bbox 327 2294 1904 2367">
     <span class='ocr_line' id='line_1_37' title="bbox 327 2294 1904 2367; baseline 0.002 -18"><span class='ocrx_word' id='word_1_312' title='bbox 327 2295 698 2363; x_wconf 77' lang='lat' dir='ltr'><strong>surgentibus,</strong></span> <span class='ocrx_word' id='word_1_313' title='bbox 744 2302 905 2362; x_wconf 90' lang='lat' dir='ltr'><strong>atque</strong></span> <span class='ocrx_word' id='word_1_314' title='bbox 947 2309 1007 2350; x_wconf 88' lang='lat' dir='ltr'><strong>se</strong></span> <span class='ocrx_word' id='word_1_315' title='bbox 1033 2294 1477 2358; x_wconf 84' lang='lat' dir='ltr'><strong>distendentibus,</strong></span> <span class='ocrx_word' id='word_1_316' title='bbox 1523 2311 1904 2367; x_wconf 86' lang='lat' dir='ltr'><strong>usquequaque</strong></span> 
     </span>
    </p>
   </div>
   <div class='ocr_carea' id='block_1_38' title="bbox 329 2386 1901 2460">
    <p class='ocr_par' dir='ltr' id='par_1_38' title="bbox 329 2386 1901 2460">
     <span class='ocr_line' id='line_1_38' title="bbox 329 2386 1901 2460; baseline 0.001 -19"><span class='ocrx_word' id='word_1_317' title='bbox 329 2386 554 2453; x_wconf 82' lang='lat' dir='ltr'><strong>dill‘usis,</strong></span> <span class='ocrx_word' id='word_1_318' title='bbox 585 2394 642 2441; x_wconf 93' lang='lat' dir='ltr'><strong>ut</strong></span> <span class='ocrx_word' id='word_1_319' title='bbox 680 2387 733 2440; x_wconf 93' lang='lat' dir='ltr'><strong>in</strong></span> <span class='ocrx_word' id='word_1_320' title='bbox 762 2387 841 2441; x_wconf 88' lang='lat' dir='ltr'><strong>eis</strong></span> <span class='ocrx_word' id='word_1_321' title='bbox 881 2386 1114 2441; x_wconf 87' lang='lat' dir='ltr'><strong>volatilia</strong></span> <span class='ocrx_word' id='word_1_322' title='bbox 1142 2387 1263 2443; x_wconf 65' lang='lat' dir='ltr'><strong>coeli</strong></span> <span class='ocrx_word' id='word_1_323' title='bbox 1309 2387 1542 2460; x_wconf 88' lang='lat' dir='ltr'><strong>(cuncta)</strong></span> <span class='ocrx_word' id='word_1_324' title='bbox 1586 2387 1856 2443; x_wconf 84' lang='lat' dir='ltr'><strong>nidiﬁcent</strong></span> <span class='ocrx_word' id='word_1_325' title='bbox 1887 2407 1901 2442; x_wconf 90' lang='lat'><strong>:</strong></span> 
     </span>
    </p>
   </div>
   <div class='ocr_carea' id='block_1_39' title="bbox 329 2475 1906 2546">
    <p class='ocr_par' dir='ltr' id='par_1_39' title="bbox 329 2475 1906 2546">
     <span class='ocr_line' id='line_1_39' title="bbox 329 2475 1906 2546; baseline 0.001 -16"><span class='ocrx_word' id='word_1_326' title='bbox 329 2477 605 2544; x_wconf 78' lang='lat' dir='ltr'><strong>gratiaque</strong></span> <span class='ocrx_word' id='word_1_327' title='bbox 645 2475 717 2531; x_wconf 88' lang='lat' dir='ltr'><strong>sit</strong></span> <span class='ocrx_word' id='word_1_328' title='bbox 742 2475 1006 2530; x_wconf 86' lang='lat' dir='ltr'><strong>fermento</strong></span> <span class='ocrx_word' id='word_1_329' title='bbox 1047 2477 1119 2531; x_wconf 91' lang='lat' dir='ltr'><strong>illi</strong></span> <span class='ocrx_word' id='word_1_330' title='bbox 1172 2477 1314 2546; x_wconf 92' lang='lat' dir='ltr'><strong>quod</strong></span> <span class='ocrx_word' id='word_1_331' title='bbox 1358 2479 1526 2532; x_wconf 89' lang='lat' dir='ltr'><strong>tribus</strong></span> <span class='ocrx_word' id='word_1_332' title='bbox 1564 2475 1748 2531; x_wconf 75' lang='lat' dir='ltr'><strong>farina:</strong></span> <span class='ocrx_word' id='word_1_333' title='bbox 1776 2478 1906 2533; x_wconf 88' lang='lat' dir='ltr'><strong>satis</strong></span> 
     </span>
    </p>
   </div>
   <div class='ocr_carea' id='block_1_40' title="bbox 332 2566 1903 2638">
    <p class='ocr_par' dir='ltr' id='par_1_40' title="bbox 332 2566 1903 2638">
     <span class='ocr_line' id='line_1_40' title="bbox 332 2566 1903 2638; baseline 0 -16"><span class='ocrx_word' id='word_1_334' title='bbox 332 2567 496 2622; x_wconf 86' lang='lat' dir='ltr'><strong>totius</strong></span> <span class='ocrx_word' id='word_1_335' title='bbox 521 2566 741 2620; x_wconf 89' lang='lat' dir='ltr'><strong>humani</strong></span> <span class='ocrx_word' id='word_1_336' title='bbox 771 2569 979 2636; x_wconf 77' lang='lat' dir='ltr'><strong>generis</strong></span> <span class='ocrx_word' id='word_1_337' title='bbox 1009 2583 1238 2621; x_wconf 85' lang='lat' dir='ltr'><strong>massam</strong></span> <span class='ocrx_word' id='word_1_338' title='bbox 1260 2568 1314 2621; x_wconf 89' lang='lat' dir='ltr'><strong>in</strong></span> <span class='ocrx_word' id='word_1_339' title='bbox 1343 2569 1546 2623; x_wconf 89' lang='lat' dir='ltr'><strong>unitate</strong></span> <span class='ocrx_word' id='word_1_340' title='bbox 1567 2569 1865 2638; x_wconf 88' lang='lat' dir='ltr'><strong>conspersit</strong></span> <span class='ocrx_word' id='word_1_341' title='bbox 1889 2587 1903 2622; x_wconf 88' lang='lat'><strong>:</strong></span> 
     </span>
    </p>
   </div>
   <div class='ocr_carea' id='block_1_41' title="bbox 334 2649 1910 2727">
    <p class='ocr_par' dir='ltr' id='par_1_41' title="bbox 334 2649 1910 2727">
     <span class='ocr_line' id='line_1_41' title="bbox 334 2649 1910 2727; baseline 0.001 -15"><span class='ocrx_word' id='word_1_342' title='bbox 334 2665 494 2725; x_wconf 86' lang='lat' dir='ltr'><strong>atque</strong></span> <span class='ocrx_word' id='word_1_343' title='bbox 521 2673 689 2727; x_wconf 90' lang='lat' dir='ltr'><strong>parvo</strong></span> <span class='ocrx_word' id='word_1_344' title='bbox 722 2657 905 2727; x_wconf 90' lang='lat' dir='ltr'><strong>lapidi,</strong></span> <span class='ocrx_word' id='word_1_345' title='bbox 945 2649 1036 2726; x_wconf 87' lang='lat' dir='ltr'><strong>qui</strong></span> <span class='ocrx_word' id='word_1_346' title='bbox 1067 2659 1333 2714; x_wconf 88' lang='lat' dir='ltr'><strong>abscissus</strong></span> <span class='ocrx_word' id='word_1_347' title='bbox 1362 2667 1444 2713; x_wconf 88' lang='lat' dir='ltr'><strong>est</strong></span> <span class='ocrx_word' id='word_1_348' title='bbox 1471 2659 1538 2714; x_wconf 85' lang='lat' dir='ltr'><strong>de</strong></span> <span class='ocrx_word' id='word_1_349' title='bbox 1581 2668 1766 2714; x_wconf 86' lang='lat' dir='ltr'><strong>monte</strong></span> <span class='ocrx_word' id='word_1_350' title='bbox 1794 2660 1910 2714; x_wconf 89' lang='lat' dir='ltr'><strong>sine</strong></span> 
     </span>
    </p>
   </div>
   <div class='ocr_carea' id='block_1_42' title="bbox 336 2748 1908 2817">
    <p class='ocr_par' dir='ltr' id='par_1_42' title="bbox 336 2748 1908 2817">
     <span class='ocr_line' id='line_1_42' title="bbox 336 2748 1908 2817; baseline 0.001 -14"><span class='ocrx_word' id='word_1_351' title='bbox 336 2748 598 2811; x_wconf 89' lang='lat' dir='ltr'><strong>manibus,</strong></span> <span class='ocrx_word' id='word_1_352' title='bbox 629 2756 684 2800; x_wconf 90' lang='lat' dir='ltr'><strong>et</strong></span> <span class='ocrx_word' id='word_1_353' title='bbox 704 2749 982 2817; x_wconf 85' lang='lat' dir='ltr'><strong>occupavit</strong></span> <span class='ocrx_word' id='word_1_354' title='bbox 1011 2749 1318 2804; x_wconf 85' lang='lat' dir='ltr'><strong>universam</strong></span> <span class='ocrx_word' id='word_1_355' title='bbox 1341 2750 1530 2804; x_wconf 82' lang='lat' dir='ltr'><strong>faciem</strong></span> <span class='ocrx_word' id='word_1_356' title='bbox 1561 2751 1706 2804; x_wconf 90' lang='lat' dir='ltr'><strong>orbis</strong></span> <span class='ocrx_word' id='word_1_357' title='bbox 1732 2759 1908 2814; x_wconf 82' lang='lat' dir='ltr'><strong>terrae,</strong></span> 
     </span>
    </p>
   </div>
   <div class='ocr_carea' id='block_1_43' title="bbox 335 2838 1910 2910">
    <p class='ocr_par' dir='ltr' id='par_1_43' title="bbox 335 2838 1910 2910">
     <span class='ocr_line' id='line_1_43' title="bbox 335 2838 1910 2910; baseline 0.001 -18"><span class='ocrx_word' id='word_1_358' title='bbox 335 2842 427 2910; x_wconf 90' lang='lat' dir='ltr'><strong>qui</strong></span> <span class='ocrx_word' id='word_1_359' title='bbox 448 2838 514 2893; x_wconf 90' lang='lat' dir='ltr'><strong>ad</strong></span> <span class='ocrx_word' id='word_1_360' title='bbox 533 2839 638 2894; x_wconf 86' lang='lat' dir='ltr'><strong>hoc</strong></span> <span class='ocrx_word' id='word_1_361' title='bbox 657 2853 716 2892; x_wconf 90' lang='lat' dir='ltr'><strong>se</strong></span> <span class='ocrx_word' id='word_1_362' title='bbox 733 2854 1116 2908; x_wconf 88' lang='lat' dir='ltr'><strong>usquequaque</strong></span> <span class='ocrx_word' id='word_1_363' title='bbox 1135 2839 1408 2904; x_wconf 87' lang='lat' dir='ltr'><strong>distendit,</strong></span> <span class='ocrx_word' id='word_1_364' title='bbox 1434 2849 1492 2894; x_wconf 94' lang='lat' dir='ltr'><strong>ut</strong></span> <span class='ocrx_word' id='word_1_365' title='bbox 1512 2843 1656 2896; x_wconf 90' lang='lat' dir='ltr'><strong>omni</strong></span> <span class='ocrx_word' id='word_1_366' title='bbox 1677 2843 1910 2895; x_wconf 87' lang='lat' dir='ltr'><strong>humano</strong></span> 
     </span>
    </p>
   </div>
   <div class='ocr_carea' id='block_1_44' title="bbox 334 2919 1911 3001">
    <p class='ocr_par' dir='ltr' id='par_1_44' title="bbox 334 2919 1911 3001">
     <span class='ocr_line' id='line_1_44' title="bbox 334 2919 1911 3001; baseline 0 -14"><span class='ocrx_word' id='word_1_367' title='bbox 334 2946 533 3001; x_wconf 81' lang='lat' dir='ltr'><strong>genere</strong></span> <span class='ocrx_word' id='word_1_368' title='bbox 561 2931 614 2984; x_wconf 92' lang='lat' dir='ltr'><strong>in</strong></span> <span class='ocrx_word' id='word_1_369' title='bbox 645 2930 904 2984; x_wconf 87' lang='lat' dir='ltr'><strong>unitatem</strong></span> <span class='ocrx_word' id='word_1_370' title='bbox 945 2930 1185 2996; x_wconf 90' lang='lat' dir='ltr'><strong>redacto,</strong></span> <span class='ocrx_word' id='word_1_371' title='bbox 1210 2932 1374 2985; x_wconf 91' lang='lat' dir='ltr'><strong>totius</strong></span> <span class='ocrx_word' id='word_1_372' title='bbox 1399 2919 1593 3000; x_wconf 75' lang='lat' dir='ltr'><strong>cdrpus</strong></span> <span class='ocrx_word' id='word_1_373' title='bbox 1623 2932 1911 3001; x_wconf 86' lang='lat' dir='ltr'><strong>perlicere—</strong></span> 
     </span>
    </p>
   </div>
   <div class='ocr_carea' id='block_1_45' title="bbox 338 3019 1913 3091">
    <p class='ocr_par' dir='ltr' id='par_1_45' title="bbox 338 3019 1913 3091">
     <span class='ocr_line' id='line_1_45' title="bbox 338 3019 1913 3091; baseline 0.001 -16"><span class='ocrx_word' id='word_1_374' title='bbox 338 3031 423 3075; x_wconf 83' lang='lat' dir='ltr'><strong>tur</strong></span> <span class='ocrx_word' id='word_1_375' title='bbox 449 3019 726 3085; x_wconf 70' lang='lat' dir='ltr'><strong>Ecclesim,</strong></span> <span class='ocrx_word' id='word_1_376' title='bbox 751 3027 911 3087; x_wconf 89' lang='lat' dir='ltr'><strong>atque</strong></span> <span class='ocrx_word' id='word_1_377' title='bbox 940 3020 1013 3072; x_wconf 86' lang='lat' dir='ltr'><strong>ita</strong></span> <span class='ocrx_word' id='word_1_378' title='bbox 1035 3019 1102 3073; x_wconf 90' lang='lat' dir='ltr'><strong>ad</strong></span> <span class='ocrx_word' id='word_1_379' title='bbox 1127 3020 1288 3075; x_wconf 90' lang='lat' dir='ltr'><strong>totius</strong></span> <span class='ocrx_word' id='word_1_380' title='bbox 1317 3021 1590 3090; x_wconf 81' lang='lat' dir='ltr'><strong>compagis</strong></span> <span class='ocrx_word' id='word_1_381' title='bbox 1620 3023 1913 3091; x_wconf 90' lang='lat' dir='ltr'><strong>pertineret</strong></span> 
     </span>
    </p>
   </div>
   <div class='ocr_carea' id='block_1_46' title="bbox 335 3110 1913 3178">
    <p class='ocr_par' dir='ltr' id='par_1_46' title="bbox 335 3110 1913 3178">
     <span class='ocr_line' id='line_1_46' title="bbox 335 3110 1913 3178; baseline 0 -11"><span class='ocrx_word' id='word_1_382' title='bbox 335 3111 675 3167; x_wconf 88' lang='lat' dir='ltr'><strong>commodum</strong></span> <span class='ocrx_word' id='word_1_383' title='bbox 698 3110 1056 3164; x_wconf 89' lang='lat' dir='ltr'><strong>membrorum</strong></span> <span class='ocrx_word' id='word_1_384' title='bbox 1071 3111 1307 3178; x_wconf 90' lang='lat' dir='ltr'><strong>partialis</strong></span> <span class='ocrx_word' id='word_1_385' title='bbox 1325 3111 1424 3165; x_wconf 91' lang='lat' dir='ltr'><strong>ista</strong></span> <span class='ocrx_word' id='word_1_386' title='bbox 1447 3111 1736 3166; x_wconf 86' lang='lat' dir='ltr'><strong>distinctio.</strong></span> <span class='ocrx_word' id='word_1_387' title='bbox 1763 3111 1913 3167; x_wconf 89' lang='lat' dir='ltr'><strong>Unde</strong></span> 
     </span>
    </p>
   </div>
   <div class='ocr_carea' id='block_1_47' title="bbox 2005 1928 3574 2002">
    <p class='ocr_par' dir='ltr' id='par_1_47' title="bbox 2005 1928 3574 2002">
     <span class='ocr_line' id='line_1_47' title="bbox 2005 1928 3574 2002; baseline 0.005 -24"><span class='ocrx_word' id='word_1_388' title='bbox 2005 1935 2135 1979; x_wconf 83' lang='lat' dir='ltr'><strong>esset</strong></span> <span class='ocrx_word' id='word_1_389' title='bbox 2160 1944 2310 1994; x_wconf 84' lang='lat' dir='ltr'><strong>super</strong></span> <span class='ocrx_word' id='word_1_390' title='bbox 2332 1928 2572 1996; x_wconf 85' lang='lat' dir='ltr'><strong>populum</strong></span> <span class='ocrx_word' id='word_1_391' title='bbox 2599 1945 2764 1982; x_wconf 89' lang='lat' dir='ltr'><strong>meum</strong></span> <span class='ocrx_word' id='word_1_392' title='bbox 2787 1928 2971 1983; x_wconf 82' lang='lat' dir='ltr'><strong>Israel.</strong></span> <span class='ocrx_word' id='word_1_393' title='bbox 3007 1930 3274 2002; x_wconf 85' lang='lat' dir='ltr'><strong>Voluitque</strong></span> <span class='ocrx_word' id='word_1_394' title='bbox 3292 1931 3461 1986; x_wconf 83' lang='lat' dir='ltr'><strong>David</strong></span> <span class='ocrx_word' id='word_1_395' title='bbox 3481 1951 3574 2002; x_wconf 89' lang='lat' dir='ltr'><strong>pa-</strong></span> 
     </span>
    </p>
   </div>
   <div class='ocr_carea' id='block_1_48' title="bbox 2005 2019 3572 2089">
    <p class='ocr_par' dir='ltr' id='par_1_48' title="bbox 2005 2019 3572 2089">
     <span class='ocr_line' id='line_1_48' title="bbox 2005 2019 3572 2089; baseline 0.007 -22"><span class='ocrx_word' id='word_1_396' title='bbox 2005 2025 2081 2069; x_wconf 88' lang='lat' dir='ltr'><strong>ter</strong></span> <span class='ocrx_word' id='word_1_397' title='bbox 2105 2033 2244 2070; x_wconf 90' lang='lat' dir='ltr'><strong>meus</strong></span> <span class='ocrx_word' id='word_1_398' title='bbox 2272 2019 2532 2087; x_wconf 68' lang='lat' dir='ltr'><strong>cedi/icore</strong></span> <span class='ocrx_word' id='word_1_399' title='bbox 2558 2020 2763 2073; x_wconf 86' lang='lat' dir='ltr'><strong>domum</strong></span> <span class='ocrx_word' id='word_1_400' title='bbox 2793 2024 2987 2075; x_wconf 89' lang='lat' dir='ltr'><strong>nomini</strong></span> <span class='ocrx_word' id='word_1_401' title='bbox 3015 2021 3226 2078; x_wconf 84' lang='lat' dir='ltr'><strong>Domini</strong></span> <span class='ocrx_word' id='word_1_402' title='bbox 3252 2023 3346 2078; x_wconf 87' lang='lat' dir='ltr'><strong>Dei</strong></span> <span class='ocrx_word' id='word_1_403' title='bbox 3387 2024 3572 2089; x_wconf 82' lang='lat' dir='ltr'><strong>Israel,</strong></span> 
     </span>
    </p>
   </div>
   <div class='ocr_carea' id='block_1_49' title="bbox 2003 2106 3574 2185">
    <p class='ocr_par' dir='ltr' id='par_1_49' title="bbox 2003 2106 3574 2185">
     <span class='ocr_line' id='line_1_49' title="bbox 2003 2106 3574 2185; baseline 0.007 -26"><span class='ocrx_word' id='word_1_404' title='bbox 2003 2116 2052 2160; x_wconf 89' lang='lat' dir='ltr'><strong>et</strong></span> <span class='ocrx_word' id='word_1_405' title='bbox 2077 2108 2150 2160; x_wconf 85' lang='lat' dir='ltr'><strong>ait</strong></span> <span class='ocrx_word' id='word_1_406' title='bbox 2178 2106 2426 2162; x_wconf 84' lang='lat' dir='ltr'><strong>Dominus</strong></span> <span class='ocrx_word' id='word_1_407' title='bbox 2447 2109 2514 2162; x_wconf 90' lang='lat' dir='ltr'><strong>ad</strong></span> <span class='ocrx_word' id='word_1_408' title='bbox 2536 2110 2702 2164; x_wconf 80' lang='lat' dir='ltr'><strong>David</strong></span> <span class='ocrx_word' id='word_1_409' title='bbox 2721 2122 2918 2182; x_wconf 89' lang='lat' dir='ltr'><strong>patrem</strong></span> <span class='ocrx_word' id='word_1_410' title='bbox 2940 2129 3103 2166; x_wconf 88' lang='lat' dir='ltr'><strong>meum</strong></span> <span class='ocrx_word' id='word_1_411' title='bbox 3125 2130 3142 2166; x_wconf 89' lang='lat'><strong><em>:</em></strong></span> <span class='ocrx_word' id='word_1_412' title='bbox 3167 2112 3315 2178; x_wconf 86' lang='lat' dir='ltr'><strong>Quod</strong></span> <span class='ocrx_word' id='word_1_413' title='bbox 3341 2118 3574 2185; x_wconf 82' lang='lat' dir='ltr'><strong>cogitasti</strong></span> 
     </span>
    </p>
   </div>
   <div class='ocr_carea' id='block_1_50' title="bbox 2005 2199 3574 2276">
    <p class='ocr_par' dir='ltr' id='par_1_50' title="bbox 2005 2199 3574 2276">
     <span class='ocr_line' id='line_1_50' title="bbox 2005 2199 3574 2276; baseline 0.004 -24"><span class='ocrx_word' id='word_1_414' title='bbox 2005 2200 2058 2252; x_wconf 90' lang='lat' dir='ltr'><strong>in</strong></span> <span class='ocrx_word' id='word_1_415' title='bbox 2087 2199 2240 2253; x_wconf 88' lang='lat' dir='ltr'><strong>corde</strong></span> <span class='ocrx_word' id='word_1_416' title='bbox 2273 2209 2355 2254; x_wconf 89' lang='lat' dir='ltr'><strong>tuo</strong></span> <span class='ocrx_word' id='word_1_417' title='bbox 2391 2201 2655 2271; x_wconf 77' lang='lat' dir='ltr'><strong>tediﬁcare</strong></span> <span class='ocrx_word' id='word_1_418' title='bbox 2682 2202 2887 2256; x_wconf 90' lang='lat' dir='ltr'><strong>domum</strong></span> <span class='ocrx_word' id='word_1_419' title='bbox 2917 2205 3111 2257; x_wconf 90' lang='lat' dir='ltr'><strong>nomini</strong></span> <span class='ocrx_word' id='word_1_420' title='bbox 3140 2221 3270 2269; x_wconf 90' lang='lat' dir='ltr'><strong>meo,</strong></span> <span class='ocrx_word' id='word_1_421' title='bbox 3302 2204 3427 2258; x_wconf 84' lang='lat' dir='ltr'><strong>bene</strong></span> <span class='ocrx_word' id='word_1_422' title='bbox 3447 2207 3574 2276; x_wconf 87' lang='lat' dir='ltr'><strong>feci-</strong></span> 
     </span>
    </p>
   </div>
   <div class='ocr_carea' id='block_1_51' title="bbox 2005 2293 3574 2365">
    <p class='ocr_par' dir='ltr' id='par_1_51' title="bbox 2005 2293 3574 2365">
     <span class='ocr_line' id='line_1_51' title="bbox 2005 2293 3574 2365; baseline 0.004 -20"><span class='ocrx_word' id='word_1_423' title='bbox 2005 2294 2090 2355; x_wconf 87' lang='lat' dir='ltr'><strong>sti,</strong></span> <span class='ocrx_word' id='word_1_424' title='bbox 2115 2293 2206 2348; x_wconf 91' lang='lat' dir='ltr'><strong>hoc</strong></span> <span class='ocrx_word' id='word_1_425' title='bbox 2223 2294 2387 2363; x_wconf 89' lang='lat' dir='ltr'><strong>ipsum</strong></span> <span class='ocrx_word' id='word_1_426' title='bbox 2409 2304 2574 2365; x_wconf 75' lang='lat' dir='ltr'><strong>mepte</strong></span> <span class='ocrx_word' id='word_1_427' title='bbox 2595 2304 2838 2349; x_wconf 87' lang='lat' dir='ltr'><strong>tractans.</strong></span> <span class='ocrx_word' id='word_1_428' title='bbox 2872 2295 3228 2350; x_wconf 85' lang='lat' dir='ltr'><strong>Verumtamen</strong></span> <span class='ocrx_word' id='word_1_429' title='bbox 3249 2306 3301 2350; x_wconf 90' lang='lat' dir='ltr'><strong>tu</strong></span> <span class='ocrx_word' id='word_1_430' title='bbox 3323 2315 3424 2351; x_wconf 89' lang='lat' dir='ltr'><strong>non</strong></span> <span class='ocrx_word' id='word_1_431' title='bbox 3445 2299 3574 2352; x_wconf 75' lang='lat' dir='ltr'><strong>tedi-</strong></span> 
     </span>
    </p>
   </div>
   <div class='ocr_carea' id='block_1_52' title="bbox 2007 2383 3577 2457">
    <p class='ocr_par' dir='ltr' id='par_1_52' title="bbox 2007 2383 3577 2457">
     <span class='ocr_line' id='line_1_52' title="bbox 2007 2383 3577 2457; baseline 0.004 -22"><span class='ocrx_word' id='word_1_432' title='bbox 2007 2383 2187 2453; x_wconf 84' lang='lat' dir='ltr'><strong>ficabis</strong></span> <span class='ocrx_word' id='word_1_433' title='bbox 2211 2383 2434 2448; x_wconf 87' lang='lat' dir='ltr'><strong>domum,</strong></span> <span class='ocrx_word' id='word_1_434' title='bbox 2458 2385 2547 2438; x_wconf 88' lang='lat' dir='ltr'><strong>sed</strong></span> <span class='ocrx_word' id='word_1_435' title='bbox 2567 2385 2706 2453; x_wconf 80' lang='lat' dir='ltr'><strong>[ilius</strong></span> <span class='ocrx_word' id='word_1_436' title='bbox 2732 2395 2866 2450; x_wconf 89' lang='lat' dir='ltr'><strong>tuus,</strong></span> <span class='ocrx_word' id='word_1_437' title='bbox 2903 2387 2987 2456; x_wconf 86' lang='lat' dir='ltr'><strong>qui</strong></span> <span class='ocrx_word' id='word_1_438' title='bbox 3022 2388 3312 2457; x_wconf 85' lang='lat' dir='ltr'><strong>egredietur</strong></span> <span class='ocrx_word' id='word_1_439' title='bbox 3340 2390 3404 2442; x_wconf 84' lang='lat' dir='ltr'><strong>de</strong></span> <span class='ocrx_word' id='word_1_440' title='bbox 3433 2391 3577 2444; x_wconf 87' lang='lat' dir='ltr'><strong>reni-</strong></span> 
     </span>
    </p>
   </div>
   <div class='ocr_carea' id='block_1_53' title="bbox 2008 2464 3576 2549">
    <p class='ocr_par' dir='ltr' id='par_1_53' title="bbox 2008 2464 3576 2549">
     <span class='ocr_line' id='line_1_53' title="bbox 2008 2464 3576 2549; baseline 0.004 -22"><span class='ocrx_word' id='word_1_441' title='bbox 2008 2474 2098 2528; x_wconf 86' lang='lat' dir='ltr'><strong>bus</strong></span> <span class='ocrx_word' id='word_1_442' title='bbox 2121 2477 2240 2536; x_wconf 85' lang='lat' dir='ltr'><strong>tuis,</strong></span> <span class='ocrx_word' id='word_1_443' title='bbox 2264 2466 2670 2545; x_wconf 67' lang='lat' dir='ltr'><strong>ipse‘wdificabit</strong></span> <span class='ocrx_word' id='word_1_444' title='bbox 2692 2464 2896 2530; x_wconf 85' lang='lat' dir='ltr'><strong>domum</strong></span> <span class='ocrx_word' id='word_1_445' title='bbox 2919 2478 3112 2532; x_wconf 85' lang='lat' dir='ltr'><strong>nomini</strong></span> <span class='ocrx_word' id='word_1_446' title='bbox 3131 2495 3263 2532; x_wconf 89' lang='lat' dir='ltr'><strong>meo.</strong></span> <span class='ocrx_word' id='word_1_447' title='bbox 3289 2479 3576 2549; x_wconf 75' lang='lat' dir='ltr'><strong>Conﬁrma-</strong></span> 
     </span>
    </p>
   </div>
   <div class='ocr_carea' id='block_1_54' title="bbox 2009 2565 3576 2640">
    <p class='ocr_par' dir='ltr' id='par_1_54' title="bbox 2009 2565 3576 2640">
     <span class='ocr_line' id='line_1_54' title="bbox 2009 2565 3576 2640; baseline 0.004 -22"><span class='ocrx_word' id='word_1_448' title='bbox 2009 2566 2076 2618; x_wconf 75' lang='lat' dir='ltr'><strong>vit</strong></span> <span class='ocrx_word' id='word_1_449' title='bbox 2106 2565 2357 2620; x_wconf 84' lang='lat' dir='ltr'><strong>Dominus</strong></span> <span class='ocrx_word' id='word_1_450' title='bbox 2384 2583 2668 2620; x_wconf 87' lang='lat' dir='ltr'><strong>sermonem</strong></span> <span class='ocrx_word' id='word_1_451' title='bbox 2696 2584 2861 2625; x_wconf 88' lang='lat' dir='ltr'><strong>suum.</strong></span> <span class='ocrx_word' id='word_1_452' title='bbox 2892 2586 3038 2640; x_wconf 82' lang='lat' dir='ltr'><strong>queat</strong></span> <span class='ocrx_word' id='word_1_453' title='bbox 3063 2571 3257 2624; x_wconf 90' lang='lat' dir='ltr'><strong>locutus</strong></span> <span class='ocrx_word' id='word_1_454' title='bbox 3285 2581 3381 2640; x_wconf 88' lang='lat' dir='ltr'><strong>est,</strong></span> <span class='ocrx_word' id='word_1_455' title='bbox 3411 2575 3576 2625; x_wconf 89' lang='lat' dir='ltr'><strong>stetit-</strong></span> 
     </span>
    </p>
   </div>
   <div class='ocr_carea' id='block_1_55' title="bbox 2010 2655 3577 2730">
    <p class='ocr_par' dir='ltr' id='par_1_55' title="bbox 2010 2655 3577 2730">
     <span class='ocr_line' id='line_1_55' title="bbox 2010 2655 3577 2730; baseline 0.006 -24"><span class='ocrx_word' id='word_1_456' title='bbox 2010 2671 2106 2724; x_wconf 87' lang='lat' dir='ltr'><strong>que</strong></span> <span class='ocrx_word' id='word_1_457' title='bbox 2125 2673 2218 2725; x_wconf 88' lang='lat' dir='ltr'><strong>pro</strong></span> <span class='ocrx_word' id='word_1_458' title='bbox 2238 2655 2405 2708; x_wconf 78' lang='lat' dir='ltr'><strong>David</strong></span> <span class='ocrx_word' id='word_1_459' title='bbox 2431 2665 2576 2726; x_wconf 89' lang='lat' dir='ltr'><strong>patre</strong></span> <span class='ocrx_word' id='word_1_460' title='bbox 2602 2674 2732 2721; x_wconf 92' lang='lat' dir='ltr'><strong>meo,</strong></span> <span class='ocrx_word' id='word_1_461' title='bbox 2759 2667 2808 2710; x_wconf 90' lang='lat' dir='ltr'><strong>et</strong></span> <span class='ocrx_word' id='word_1_462' title='bbox 2825 2659 2935 2712; x_wconf 90' lang='lat' dir='ltr'><strong>sedi</strong></span> <span class='ocrx_word' id='word_1_463' title='bbox 2959 2676 3110 2730; x_wconf 85' lang='lat' dir='ltr'><strong>super</strong></span> <span class='ocrx_word' id='word_1_464' title='bbox 3133 2661 3368 2716; x_wconf 84' lang='lat' dir='ltr'><strong>thronum</strong></span> <span class='ocrx_word' id='word_1_465' title='bbox 3390 2661 3577 2726; x_wconf 85' lang='lat' dir='ltr'><strong>Israel,</strong></span> 
     </span>
    </p>
   </div>
   <div class='ocr_carea' id='block_1_56' title="bbox 2010 2747 3578 2821">
    <p class='ocr_par' dir='ltr' id='par_1_56' title="bbox 2010 2747 3578 2821">
     <span class='ocr_line' id='line_1_56' title="bbox 2010 2747 3578 2821; baseline 0.006 -23"><span class='ocrx_word' id='word_1_466' title='bbox 2010 2747 2140 2798; x_wconf 83' lang='lat' dir='ltr'><strong>sicut</strong></span> <span class='ocrx_word' id='word_1_467' title='bbox 2169 2747 2365 2799; x_wconf 88' lang='lat' dir='ltr'><strong>locutus</strong></span> <span class='ocrx_word' id='word_1_468' title='bbox 2393 2757 2468 2801; x_wconf 88' lang='lat' dir='ltr'><strong>est</strong></span> <span class='ocrx_word' id='word_1_469' title='bbox 2490 2747 2759 2802; x_wconf 86' lang='lat' dir='ltr'><strong>Dominus.</strong></span> <span class='ocrx_word' id='word_1_470' title='bbox 2785 2749 2852 2802; x_wconf 85' lang='lat' dir='ltr'><strong>Et</strong></span> <span class='ocrx_word' id='word_1_471' title='bbox 2875 2751 3125 2821; x_wconf 78' lang='lat' dir='ltr'><strong>wdificavi</strong></span> <span class='ocrx_word' id='word_1_472' title='bbox 3149 2753 3354 2807; x_wconf 90' lang='lat' dir='ltr'><strong>domum</strong></span> <span class='ocrx_word' id='word_1_473' title='bbox 3385 2757 3578 2808; x_wconf 81' lang='lat' dir='ltr'><strong>nomini</strong></span> 
     </span>
    </p>
   </div>
   <div class='ocr_carea' id='block_1_57' title="bbox 2012 2833 3578 2916">
    <p class='ocr_par' dir='ltr' id='par_1_57' title="bbox 2012 2833 3578 2916">
     <span class='ocr_line' id='line_1_57' title="bbox 2012 2833 3578 2916; baseline 0.008 -30"><span class='ocrx_word' id='word_1_474' title='bbox 2012 2833 2220 2888; x_wconf 87' lang='lat' dir='ltr'><strong>Domini</strong></span> <span class='ocrx_word' id='word_1_475' title='bbox 2254 2836 2347 2890; x_wconf 89' lang='lat' dir='ltr'><strong>Dei</strong></span> <span class='ocrx_word' id='word_1_476' title='bbox 2373 2836 2557 2893; x_wconf 89' lang='lat' dir='ltr'><strong>Israel.</strong></span> <span class='ocrx_word' id='word_1_477' title='bbox 2582 2837 2649 2891; x_wconf 82' lang='lat' dir='ltr'><strong>Et</strong></span> <span class='ocrx_word' id='word_1_478' title='bbox 2677 2841 2915 2894; x_wconf 87' lang='lat' dir='ltr'><strong>constitui</strong></span> <span class='ocrx_word' id='word_1_479' title='bbox 2942 2843 3011 2895; x_wconf 88' lang='lat' dir='ltr'><strong>ibi</strong></span> <span class='ocrx_word' id='word_1_480' title='bbox 3040 2844 3206 2897; x_wconf 87' lang='lat' dir='ltr'><strong>locum</strong></span> <span class='ocrx_word' id='word_1_481' title='bbox 3225 2861 3380 2910; x_wconf 78' lang='lat' dir='ltr'><strong>arcte,</strong></span> <span class='ocrx_word' id='word_1_482' title='bbox 3402 2846 3455 2898; x_wconf 89' lang='lat' dir='ltr'><strong>in</strong></span> <span class='ocrx_word' id='word_1_483' title='bbox 3478 2863 3578 2916; x_wconf 87' lang='lat' dir='ltr'><strong>qua</strong></span> 
     </span>
    </p>
   </div>
   <div class='ocr_carea' id='block_1_58' title="bbox 2013 2922 3576 3001">
    <p class='ocr_par' dir='ltr' id='par_1_58' title="bbox 2013 2922 3576 3001">
     <span class='ocr_line' id='line_1_58' title="bbox 2013 2922 3576 3001; baseline 0.009 -26"><span class='ocrx_word' id='word_1_484' title='bbox 2013 2923 2178 2992; x_wconf 68' lang='lat' dir='ltr'><strong>fwdus</strong></span> <span class='ocrx_word' id='word_1_485' title='bbox 2193 2922 2399 2978; x_wconf 90' lang='lat' dir='ltr'><strong>Domini</strong></span> <span class='ocrx_word' id='word_1_486' title='bbox 2432 2936 2525 2991; x_wconf 88' lang='lat' dir='ltr'><strong>est,</strong></span> <span class='ocrx_word' id='word_1_487' title='bbox 2544 2928 2679 2997; x_wconf 90' lang='lat' dir='ltr'><strong>quod</strong></span> <span class='ocrx_word' id='word_1_488' title='bbox 2699 2931 2945 2998; x_wconf 86' lang='lat' dir='ltr'><strong>percussit</strong></span> <span class='ocrx_word' id='word_1_489' title='bbox 2972 2947 3086 2984; x_wconf 90' lang='lat' dir='ltr'><strong>cum</strong></span> <span class='ocrx_word' id='word_1_490' title='bbox 3113 2933 3342 3001; x_wconf 88' lang='lat' dir='ltr'><strong>patribus</strong></span> <span class='ocrx_word' id='word_1_491' title='bbox 3367 2940 3576 2998; x_wconf 87' lang='lat' dir='ltr'><strong>nostris,</strong></span> 
     </span>
    </p>
   </div>
   <div class='ocr_carea' id='block_1_59' title="bbox 2012 3016 3580 3093">
    <p class='ocr_par' dir='ltr' id='par_1_59' title="bbox 2012 3016 3580 3093">
     <span class='ocr_line' id='line_1_59' title="bbox 2012 3016 3580 3093; baseline 0.008 -24"><span class='ocrx_word' id='word_1_492' title='bbox 2012 3016 2218 3085; x_wconf 82' lang='lat' dir='ltr'><strong>quando</strong></span> <span class='ocrx_word' id='word_1_493' title='bbox 2257 3019 2448 3088; x_wconf 89' lang='lat' dir='ltr'><strong>egressi</strong></span> <span class='ocrx_word' id='word_1_494' title='bbox 2487 3027 2606 3072; x_wconf 84' lang='lat' dir='ltr'><strong>sunt</strong></span> <span class='ocrx_word' id='word_1_495' title='bbox 2652 3020 2713 3073; x_wconf 89' lang='lat' dir='ltr'><strong>de</strong></span> <span class='ocrx_word' id='word_1_496' title='bbox 2760 3031 2897 3074; x_wconf 89' lang='lat' dir='ltr'><strong>terra</strong></span> <span class='ocrx_word' id='word_1_497' title='bbox 2925 3021 3162 3093; x_wconf 57' lang='lat' dir='ltr'><strong>zﬁ&#39;gypti.</strong></span> <span class='ocrx_word' id='word_1_498' title='bbox 3213 3025 3368 3079; x_wconf 88' lang='lat' dir='ltr'><strong>Stetit</strong></span> <span class='ocrx_word' id='word_1_499' title='bbox 3410 3036 3580 3081; x_wconf 72' lang='lat' dir='ltr'><strong>autem</strong></span> 
     </span>
    </p>
   </div>
   <div class='ocr_carea' id='block_1_60' title="bbox 2016 3104 3580 3183">
    <p class='ocr_par' dir='ltr' id='par_1_60' title="bbox 2016 3104 3580 3183">
     <span class='ocr_line' id='line_1_60' title="bbox 2016 3104 3580 3183; baseline 0.008 -24"><span class='ocrx_word' id='word_1_500' title='bbox 2016 3104 2268 3160; x_wconf 89' lang='lat' dir='ltr'><strong>Salomon</strong></span> <span class='ocrx_word' id='word_1_501' title='bbox 2317 3115 2438 3161; x_wconf 89' lang='lat' dir='ltr'><strong>ante</strong></span> <span class='ocrx_word' id='word_1_502' title='bbox 2484 3107 2649 3161; x_wconf 87' lang='lat' dir='ltr'><strong>altare</strong></span> <span class='ocrx_word' id='word_1_503' title='bbox 2691 3108 2902 3182; x_wconf 82' lang='lat' dir='ltr'><strong>Domini</strong></span> <span class='ocrx_word' id='word_1_504' title='bbox 2941 3114 2996 3165; x_wconf 83' lang='lat' dir='ltr'><strong>in</strong></span> <span class='ocrx_word' id='word_1_505' title='bbox 3038 3113 3308 3183; x_wconf 83' lang='lat' dir='ltr'><strong>cons&#39;pectu</strong></span> <span class='ocrx_word' id='word_1_506' title='bbox 3357 3117 3580 3172; x_wconf 77' lang='lat' dir='ltr'><strong>ecclesia:</strong></span> 
     </span>
    </p>
   </div>
   <div class='ocr_carea' id='block_1_61' title="bbox 340 3193 3580 3271">
    <p class='ocr_par' dir='ltr' id='par_1_61' title="bbox 340 3193 3580 3271">
     <span class='ocr_line' id='line_1_61' title="bbox 340 3193 3580 3271; baseline 0.002 -17"><span class='ocrx_word' id='word_1_507' title='bbox 340 3219 437 3264; x_wconf 86' lang='lat' dir='ltr'><strong>nos</strong></span> <span class='ocrx_word' id='word_1_508' title='bbox 466 3216 679 3271; x_wconf 89' lang='lat' dir='ltr'><strong>quoque</strong></span> <span class='ocrx_word' id='word_1_509' title='bbox 706 3216 738 3254; x_wconf 88' lang='lat' dir='ltr'><strong>a</strong></span> <span class='ocrx_word' id='word_1_510' title='bbox 767 3201 916 3255; x_wconf 86' lang='lat' dir='ltr'><strong>vobis</strong></span> <span class='ocrx_word' id='word_1_511' title='bbox 957 3217 1066 3255; x_wconf 91' lang='lat' dir='ltr'><strong>non</strong></span> <span class='ocrx_word' id='word_1_512' title='bbox 1103 3201 1263 3270; x_wconf 90' lang='lat' dir='ltr'><strong>longe</strong></span> <span class='ocrx_word' id='word_1_513' title='bbox 1304 3216 1486 3256; x_wconf 90' lang='lat' dir='ltr'><strong>sumus</strong></span> <span class='ocrx_word' id='word_1_514' title='bbox 1516 3219 1528 3254; x_wconf 89' lang='lat'><strong>:</strong></span> <span class='ocrx_word' id='word_1_515' title='bbox 1558 3203 1682 3270; x_wconf 87' lang='lat' dir='ltr'><strong>quia</strong></span> <span class='ocrx_word' id='word_1_516' title='bbox 1723 3203 1775 3255; x_wconf 88' lang='lat' dir='ltr'><strong>in</strong></span> <span class='ocrx_word' id='word_1_517' title='bbox 1817 3203 1908 3257; x_wconf 91' lang='lat' dir='ltr'><strong>illo</strong></span> <span class='ocrx_word' id='word_1_518' title='bbox 1940 3203 1982 3263; x_wconf 88' lang='lat' dir='ltr'>C</span> <span class='ocrx_word' id='word_1_519' title='bbox 2016 3193 2205 3260; x_wconf 86' lang='lat' dir='ltr'><strong>Israel,</strong></span> <span class='ocrx_word' id='word_1_520' title='bbox 2232 3204 2281 3248; x_wconf 84' lang='lat' dir='ltr'><strong>et</strong></span> <span class='ocrx_word' id='word_1_521' title='bbox 2308 3197 2556 3266; x_wconf 76' lang='lat' dir='ltr'><strong>expandit</strong></span> <span class='ocrx_word' id='word_1_522' title='bbox 2583 3214 2767 3252; x_wconf 88' lang='lat' dir='ltr'><strong>manus</strong></span> <span class='ocrx_word' id='word_1_523' title='bbox 2791 3217 2913 3254; x_wconf 85' lang='lat' dir='ltr'><strong>suas</strong></span> <span class='ocrx_word' id='word_1_524' title='bbox 2932 3203 2986 3255; x_wconf 90' lang='lat' dir='ltr'><strong>in</strong></span> <span class='ocrx_word' id='word_1_525' title='bbox 3025 3205 3223 3268; x_wconf 75' lang='lat' dir='ltr'><strong>caelum,</strong></span> <span class='ocrx_word' id='word_1_526' title='bbox 3267 3213 3314 3258; x_wconf 92' lang='lat' dir='ltr'><strong>et</strong></span> <span class='ocrx_word' id='word_1_527' title='bbox 3344 3207 3446 3260; x_wconf 90' lang='lat' dir='ltr'><strong>ait:</strong></span> <span class='ocrx_word' id='word_1_528' title='bbox 3469 3207 3580 3262; x_wconf 91' lang='lat' dir='ltr'><strong>Do-</strong></span> 
     </span>
    </p>
   </div>
   <div class='ocr_carea' id='block_1_62' title="bbox 337 3275 1908 3364">
    <p class='ocr_par' dir='ltr' id='par_1_62' title="bbox 337 3275 1908 3364">
     <span class='ocr_line' id='line_1_62' title="bbox 337 3275 1908 3364; baseline 0.002 -18"><span class='ocrx_word' id='word_1_529' title='bbox 337 3292 426 3361; x_wconf 90' lang='lat' dir='ltr'><strong>qui</strong></span> <span class='ocrx_word' id='word_1_530' title='bbox 449 3293 645 3360; x_wconf 88' lang='lat' dir='ltr'><strong>ubique</strong></span> <span class='ocrx_word' id='word_1_531' title='bbox 678 3300 760 3346; x_wconf 91' lang='lat' dir='ltr'><strong>est</strong></span> <span class='ocrx_word' id='word_1_532' title='bbox 796 3308 958 3346; x_wconf 91' lang='lat' dir='ltr'><strong>unum</strong></span> <span class='ocrx_word' id='word_1_533' title='bbox 985 3308 1168 3348; x_wconf 87' lang='lat' dir='ltr'><strong>sumus</strong></span> <span class='ocrx_word' id='word_1_534' title='bbox 1189 3275 1366 3364; x_wconf 78' lang='lat' dir='ltr'><strong>(Joan.</strong></span> <span class='ocrx_word' id='word_1_535' title='bbox 1395 3293 1758 3362; x_wconf 81' lang='lat' dir='ltr'><strong>xx).Agamus</strong></span> <span class='ocrx_word' id='word_1_536' title='bbox 1779 3310 1908 3363; x_wconf 87' lang='lat' dir='ltr'><strong>ergo</strong></span> 
     </span>
    </p>
   </div>
   <div class='ocr_carea' id='block_1_63' title="bbox 338 3368 1911 3450">
    <p class='ocr_par' dir='ltr' id='par_1_63' title="bbox 338 3368 1911 3450">
     <span class='ocr_line' id='line_1_63' title="bbox 338 3368 1911 3450; baseline 0.002 -14"><span class='ocrx_word' id='word_1_537' title='bbox 338 3383 387 3436; x_wconf 90' lang='lat' dir='ltr'><strong>ei</strong></span> <span class='ocrx_word' id='word_1_538' title='bbox 411 3368 626 3450; x_wconf 68' lang='lat' dir='ltr'><strong>gratias,</strong></span> <span class='ocrx_word' id='word_1_539' title='bbox 655 3381 778 3450; x_wconf 85' lang='lat' dir='ltr'><strong>quia</strong></span> <span class='ocrx_word' id='word_1_540' title='bbox 800 3382 987 3437; x_wconf 91' lang='lat' dir='ltr'><strong>solutis</strong></span> <span class='ocrx_word' id='word_1_541' title='bbox 1007 3382 1294 3436; x_wconf 87' lang='lat' dir='ltr'><strong>inimicitiis</strong></span> <span class='ocrx_word' id='word_1_542' title='bbox 1317 3383 1373 3436; x_wconf 88' lang='lat' dir='ltr'><strong>in</strong></span> <span class='ocrx_word' id='word_1_543' title='bbox 1386 3398 1548 3438; x_wconf 87' lang='lat' dir='ltr'><strong>carne</strong></span> <span class='ocrx_word' id='word_1_544' title='bbox 1577 3401 1672 3439; x_wconf 90' lang='lat' dir='ltr'><strong>sua</strong></span> <span class='ocrx_word' id='word_1_545' title='bbox 1696 3385 1823 3440; x_wconf 86' lang='lat' dir='ltr'><strong>fecit</strong></span> <span class='ocrx_word' id='word_1_546' title='bbox 1855 3395 1911 3440; x_wconf 93' lang='lat' dir='ltr'><strong>ut</strong></span> 
     </span>
    </p>
   </div>
   <div class='ocr_carea' id='block_1_64' title="bbox 341 3471 1911 3542">
    <p class='ocr_par' dir='ltr' id='par_1_64' title="bbox 341 3471 1911 3542">
     <span class='ocr_line' id='line_1_64' title="bbox 341 3471 1911 3542; baseline 0.001 -14"><span class='ocrx_word' id='word_1_547' title='bbox 341 3474 394 3528; x_wconf 85' lang='lat' dir='ltr'><strong>in</strong></span> <span class='ocrx_word' id='word_1_548' title='bbox 424 3471 567 3524; x_wconf 89' lang='lat' dir='ltr'><strong>omni</strong></span> <span class='ocrx_word' id='word_1_549' title='bbox 606 3472 738 3526; x_wconf 82' lang='lat' dir='ltr'><strong>orb&#39;e</strong></span> <span class='ocrx_word' id='word_1_550' title='bbox 785 3479 1048 3525; x_wconf 88' lang='lat' dir='ltr'><strong>terrarum</strong></span> <span class='ocrx_word' id='word_1_551' title='bbox 1081 3487 1216 3526; x_wconf 91' lang='lat' dir='ltr'><strong>unus</strong></span> <span class='ocrx_word' id='word_1_552' title='bbox 1243 3481 1388 3528; x_wconf 87' lang='lat' dir='ltr'><strong>esset</strong></span> <span class='ocrx_word' id='word_1_553' title='bbox 1432 3488 1560 3542; x_wconf 77' lang='lat' dir='ltr'><strong>grex</strong></span> <span class='ocrx_word' id='word_1_554' title='bbox 1585 3516 1600 3539; x_wconf 95' lang='lat'><strong>,</strong></span> <span class='ocrx_word' id='word_1_555' title='bbox 1649 3485 1704 3529; x_wconf 87' lang='lat' dir='ltr'><strong>et</strong></span> <span class='ocrx_word' id='word_1_556' title='bbox 1747 3492 1911 3530; x_wconf 88' lang='lat' dir='ltr'><strong>unum</strong></span> 
     </span>
    </p>
   </div>
   <div class='ocr_carea' id='block_1_65' title="bbox 339 3561 1912 3636">
    <p class='ocr_par' dir='ltr' id='par_1_65' title="bbox 339 3561 1912 3636">
     <span class='ocr_line' id='line_1_65' title="bbox 339 3561 1912 3636; baseline 0.006 -23"><span class='ocrx_word' id='word_1_557' title='bbox 339 3561 478 3623; x_wconf 77' lang='lat' dir='ltr'><strong>ovile</strong></span> <span class='ocrx_word' id='word_1_558' title='bbox 503 3561 608 3618; x_wconf 87' lang='lat' dir='ltr'><strong>sub.</strong></span> <span class='ocrx_word' id='word_1_559' title='bbox 620 3576 677 3615; x_wconf 92' lang='lat' dir='ltr'><strong>se</strong></span> <span class='ocrx_word' id='word_1_560' title='bbox 706 3577 813 3615; x_wconf 90' lang='lat' dir='ltr'><strong>uno</strong></span> <span class='ocrx_word' id='word_1_561' title='bbox 846 3572 1078 3631; x_wconf 85' lang='lat' dir='ltr'><strong>pastore,</strong></span> <span class='ocrx_word' id='word_1_562' title='bbox 1110 3579 1322 3633; x_wconf 91' lang='lat' dir='ltr'><strong>semper</strong></span> <span class='ocrx_word' id='word_1_563' title='bbox 1349 3581 1614 3621; x_wconf 90' lang='lat' dir='ltr'><strong>memores</strong></span> <span class='ocrx_word' id='word_1_564' title='bbox 1642 3567 1768 3636; x_wconf 92' lang='lat' dir='ltr'><strong>quid</strong></span> <span class='ocrx_word' id='word_1_565' title='bbox 1815 3584 1912 3622; x_wconf 90' lang='lat' dir='ltr'><strong>nos</strong></span> 
     </span>
    </p>
   </div>
   <div class='ocr_carea' id='block_1_66' title="bbox 340 3652 1912 3720">
    <p class='ocr_par' dir='ltr' id='par_1_66' title="bbox 340 3652 1912 3720">
     <span class='ocr_line' id='line_1_66' title="bbox 340 3652 1912 3720; baseline 0.005 -14"><span class='ocrx_word' id='word_1_566' title='bbox 340 3653 582 3720; x_wconf 85' lang='lat' dir='ltr'><strong>egregius</strong></span> <span class='ocrx_word' id='word_1_567' title='bbox 617 3652 935 3720; x_wconf 73' lang='lat' dir='ltr'><strong>praedicator</strong></span> <span class='ocrx_word' id='word_1_568' title='bbox 968 3653 1254 3708; x_wconf 89' lang='lat' dir='ltr'><strong>admoneat</strong></span> <span class='ocrx_word' id='word_1_569' title='bbox 1289 3655 1471 3711; x_wconf 89' lang='lat' dir='ltr'><strong>dicens</strong></span> <span class='ocrx_word' id='word_1_570' title='bbox 1505 3675 1517 3710; x_wconf 91' lang='lat'>:</span> <span class='ocrx_word' id='word_1_571' title='bbox 1552 3657 1775 3713; x_wconf 75' lang='lat' dir='ltr'><strong>Solliciti</strong></span> <span class='ocrx_word' id='word_1_572' title='bbox 1804 3677 1912 3714; x_wconf 87' lang='lat' dir='ltr'><strong>ser-</strong></span> 
     </span>
    </p>
   </div>
   <div class='ocr_carea' id='block_1_67' title="bbox 342 3742 1908 3818">
    <p class='ocr_par' dir='ltr' id='par_1_67' title="bbox 342 3742 1908 3818">
     <span class='ocr_line' id='line_1_67' title="bbox 342 3742 1908 3818; baseline 0.004 -21"><span class='ocrx_word' id='word_1_573' title='bbox 342 3757 462 3797; x_wconf 79' lang='lat' dir='ltr'><strong>uare</strong></span> <span class='ocrx_word' id='word_1_574' title='bbox 504 3742 752 3793; x_wconf 89' lang='lat' dir='ltr'><strong>unitatem</strong></span> <span class='ocrx_word' id='word_1_575' title='bbox 798 3742 1007 3810; x_wconf 88' lang='lat' dir='ltr'><strong>spiritus</strong></span> <span class='ocrx_word' id='word_1_576' title='bbox 1039 3743 1092 3795; x_wconf 90' lang='lat' dir='ltr'><strong>in</strong></span> <span class='ocrx_word' id='word_1_577' title='bbox 1137 3744 1335 3798; x_wconf 88' lang='lat' dir='ltr'><strong>vinculo</strong></span> <span class='ocrx_word' id='word_1_578' title='bbox 1383 3748 1526 3815; x_wconf 85' lang='lat' dir='ltr'><strong>pacis</strong></span> <span class='ocrx_word' id='word_1_579' title='bbox 1557 3748 1771 3818; x_wconf 78' lang='lat' dir='ltr'><strong>(Ep/tes.</strong></span> <span class='ocrx_word' id='word_1_580' title='bbox 1815 3755 1908 3818; x_wconf 85' lang='lat' dir='ltr'><strong>Iv).</strong></span> 
     </span>
    </p>
   </div>
   <div class='ocr_carea' id='block_1_68' title="bbox 341 3820 1911 3909">
    <p class='ocr_par' dir='ltr' id='par_1_68' title="bbox 341 3820 1911 3909">
     <span class='ocr_line' id='line_1_68' title="bbox 341 3820 1911 3909; baseline 0.004 -20"><span class='ocrx_word' id='word_1_581' title='bbox 341 3833 652 3889; x_wconf 88' lang='lat' dir='ltr'><strong>Sanetitatis</strong></span> <span class='ocrx_word' id='word_1_582' title='bbox 664 3840 850 3887; x_wconf 66' lang='lat' dir='ltr'><strong>vestrm</strong></span> <span class='ocrx_word' id='word_1_583' title='bbox 869 3835 1101 3901; x_wconf 73' lang='lat' dir='ltr'><strong>scripta;</strong></span> <span class='ocrx_word' id='word_1_584' title='bbox 1117 3820 1236 3902; x_wconf 73' lang='lat' dir='ltr'><strong>quae</strong></span> <span class='ocrx_word' id='word_1_585' title='bbox 1263 3837 1327 3888; x_wconf 88' lang='lat' dir='ltr'><strong>ad</strong></span> <span class='ocrx_word' id='word_1_586' title='bbox 1354 3839 1537 3892; x_wconf 88' lang='lat' dir='ltr'><strong>sedem</strong></span> <span class='ocrx_word' id='word_1_587' title='bbox 1564 3843 1911 3909; x_wconf 84' lang='lat' dir='ltr'><strong>apostolicam</strong></span> 
     </span>
    </p>
   </div>
   <div class='ocr_carea' id='block_1_69' title="bbox 341 3923 1909 3998">
    <p class='ocr_par' dir='ltr' id='par_1_69' title="bbox 341 3923 1909 3998">
     <span class='ocr_line' id='line_1_69' title="bbox 341 3923 1909 3998; baseline 0.004 -19"><span class='ocrx_word' id='word_1_588' title='bbox 341 3924 559 3980; x_wconf 89' lang='lat' dir='ltr'><strong>misistis</strong></span> <span class='ocrx_word' id='word_1_589' title='bbox 597 3937 758 3991; x_wconf 91' lang='lat' dir='ltr'><strong>super</strong></span> <span class='ocrx_word' id='word_1_590' title='bbox 795 3923 1112 3991; x_wconf 87' lang='lat' dir='ltr'><strong>quibusdam</strong></span> <span class='ocrx_word' id='word_1_591' title='bbox 1138 3926 1417 3988; x_wconf 89' lang='lat' dir='ltr'><strong>consultis,</strong></span> <span class='ocrx_word' id='word_1_592' title='bbox 1460 3930 1613 3996; x_wconf 87' lang='lat' dir='ltr'><strong>quasi</strong></span> <span class='ocrx_word' id='word_1_593' title='bbox 1639 3930 1703 3984; x_wconf 88' lang='lat' dir='ltr'><strong>ad</strong></span> <span class='ocrx_word' id='word_1_594' title='bbox 1731 3941 1909 3998; x_wconf 87' lang='lat' dir='ltr'><strong>caput,</strong></span> 
     </span>
    </p>
   </div>
   <div class='ocr_carea' id='block_1_70' title="bbox 341 4004 1913 4084">
    <p class='ocr_par' dir='ltr' id='par_1_70' title="bbox 341 4004 1913 4084">
     <span class='ocr_line' id='line_1_70' title="bbox 341 4004 1913 4084; baseline 0.006 -16"><span class='ocrx_word' id='word_1_595' title='bbox 341 4032 399 4069; x_wconf 83' lang='lat' dir='ltr'><strong>ut</strong></span> <span class='ocrx_word' id='word_1_596' title='bbox 445 4014 568 4069; x_wconf 87' lang='lat' dir='ltr'><strong>inde</strong></span> <span class='ocrx_word' id='word_1_597' title='bbox 605 4004 920 4082; x_wconf 73' lang='lat' dir='ltr'><strong>acciperetis</strong></span> <span class='ocrx_word' id='word_1_598' title='bbox 958 4030 1236 4084; x_wconf 88' lang='lat' dir='ltr'><strong>respousa,</strong></span> <span class='ocrx_word' id='word_1_599' title='bbox 1287 4019 1426 4072; x_wconf 89' lang='lat' dir='ltr'><strong>unde</strong></span> <span class='ocrx_word' id='word_1_600' title='bbox 1473 4021 1648 4074; x_wconf 88' lang='lat' dir='ltr'><strong>omnis</strong></span> <span class='ocrx_word' id='word_1_601' title='bbox 1675 4021 1913 4078; x_wconf 87' lang='lat' dir='ltr'><strong>Ecclesia</strong></span> 
     </span>
    </p>
   </div>
   <div class='ocr_carea' id='block_1_71' title="bbox 343 4104 1911 4183">
    <p class='ocr_par' dir='ltr' id='par_1_71' title="bbox 343 4104 1911 4183">
     <span class='ocr_line' id='line_1_71' title="bbox 343 4104 1911 4183; baseline 0.006 -25"><span class='ocrx_word' id='word_1_602' title='bbox 343 4105 504 4158; x_wconf 85' lang='lat' dir='ltr'><strong>totius</strong></span> <span class='ocrx_word' id='word_1_603' title='bbox 531 4104 805 4172; x_wconf 83' lang='lat' dir='ltr'><strong>religionis</strong></span> <span class='ocrx_word' id='word_1_604' title='bbox 835 4105 1061 4174; x_wconf 90' lang='lat' dir='ltr'><strong>sumpsit</strong></span> <span class='ocrx_word' id='word_1_605' title='bbox 1080 4107 1379 4172; x_wconf 79' lang='lat' dir='ltr'><strong>exordium,</strong></span> <span class='ocrx_word' id='word_1_606' title='bbox 1395 4117 1671 4177; x_wconf 87' lang='lat' dir='ltr'><strong>gratanter</strong></span> <span class='ocrx_word' id='word_1_607' title='bbox 1683 4115 1911 4183; x_wconf 91' lang='lat' dir='ltr'><strong>suscepi,</strong></span> 
     </span>
    </p>
   </div>
   <div class='ocr_carea' id='block_1_72' title="bbox 341 4196 1563 4266">
    <p class='ocr_par' dir='ltr' id='par_1_72' title="bbox 341 4196 1563 4266">
     <span class='ocr_line' id='line_1_72' title="bbox 341 4196 1563 4266; baseline 0.004 -16"><span class='ocrx_word' id='word_1_608' title='bbox 341 4206 398 4251; x_wconf 91' lang='lat' dir='ltr'><strong>et</strong></span> <span class='ocrx_word' id='word_1_609' title='bbox 423 4197 656 4251; x_wconf 88' lang='lat' dir='ltr'><strong>breviter</strong></span> <span class='ocrx_word' id='word_1_610' title='bbox 682 4196 836 4250; x_wconf 90' lang='lat' dir='ltr'><strong>vobis</strong></span> <span class='ocrx_word' id='word_1_611' title='bbox 865 4198 1193 4266; x_wconf 89' lang='lat' dir='ltr'><strong>respondere</strong></span> <span class='ocrx_word' id='word_1_612' title='bbox 1221 4203 1424 4254; x_wconf 87' lang='lat' dir='ltr'><strong>curavi.</strong></span> <span class='ocrx_word' id='word_1_613' title='bbox 1559 4258 1563 4262; x_wconf 93' lang='lat'><strong>_</strong></span> 
     </span>
    </p>
   </div>
   <div class='ocr_carea' id='block_1_73' title="bbox 411 4289 1916 4359">
    <p class='ocr_par' dir='ltr' id='par_1_73' title="bbox 411 4289 1916 4359">
     <span class='ocr_line' id='line_1_73' title="bbox 411 4289 1916 4359; baseline 0.007 -17"><span class='ocrx_word' id='word_1_614' title='bbox 411 4289 450 4342; x_wconf 92' lang='lat' dir='ltr'><strong>l.</strong></span> <span class='ocrx_word' id='word_1_615' title='bbox 494 4289 568 4342; x_wconf 89' lang='lat' dir='ltr'><strong>De</strong></span> <span class='ocrx_word' id='word_1_616' title='bbox 593 4289 938 4343; x_wconf 88' lang='lat' dir='ltr'><strong>ecclesiarum</strong></span> <span class='ocrx_word' id='word_1_617' title='bbox 967 4290 1110 4344; x_wconf 89' lang='lat' dir='ltr'><strong>enim</strong></span> <span class='ocrx_word' id='word_1_618' title='bbox 1147 4295 1576 4359; x_wconf 89' lang='lat' dir='ltr'><strong>consecratione,</strong></span> <span class='ocrx_word' id='word_1_619' title='bbox 1606 4305 1660 4350; x_wconf 92' lang='lat' dir='ltr'><strong>et</strong></span> <span class='ocrx_word' id='word_1_620' title='bbox 1687 4296 1756 4351; x_wconf 92' lang='lat' dir='ltr'><strong>de</strong></span> <span class='ocrx_word' id='word_1_621' title='bbox 1791 4299 1916 4351; x_wconf 86' lang='lat' dir='ltr'><strong>mis-</strong></span> 
     </span>
    </p>
   </div>
   <div class='ocr_carea' id='block_1_74' title="bbox 341 4379 1916 4454">
    <p class='ocr_par' dir='ltr' id='par_1_74' title="bbox 341 4379 1916 4454">
     <span class='ocr_line' id='line_1_74' title="bbox 341 4379 1916 4454; baseline 0.006 -22"><span class='ocrx_word' id='word_1_622' title='bbox 341 4394 520 4437; x_wconf 88' lang='lat' dir='ltr'><strong>sarum</strong></span> <span class='ocrx_word' id='word_1_623' title='bbox 549 4379 1014 4446; x_wconf 87' lang='lat' dir='ltr'><strong>celebrationibus,</strong></span> <span class='ocrx_word' id='word_1_624' title='bbox 1047 4397 1153 4436; x_wconf 91' lang='lat' dir='ltr'><strong>non</strong></span> <span class='ocrx_word' id='word_1_625' title='bbox 1185 4381 1379 4438; x_wconf 89' lang='lat' dir='ltr'><strong>alicubi</strong></span> <span class='ocrx_word' id='word_1_626' title='bbox 1420 4400 1580 4454; x_wconf 88' lang='lat' dir='ltr'><strong>quam</strong></span> <span class='ocrx_word' id='word_1_627' title='bbox 1613 4385 1665 4440; x_wconf 87' lang='lat' dir='ltr'><strong>in</strong></span> <span class='ocrx_word' id='word_1_628' title='bbox 1695 4388 1916 4442; x_wconf 83' lang='lat' dir='ltr'><strong>sacratis</strong></span> 
     </span>
    </p>
   </div>
   <div class='ocr_carea' id='block_1_75' title="bbox 343 4468 1912 4540">
    <p class='ocr_par' dir='ltr' id='par_1_75' title="bbox 343 4468 1912 4540">
     <span class='ocr_line' id='line_1_75' title="bbox 343 4468 1912 4540; baseline 0.006 -18"><span class='ocrx_word' id='word_1_629' title='bbox 343 4468 568 4522; x_wconf 90' lang='lat' dir='ltr'><strong>Domino</strong></span> <span class='ocrx_word' id='word_1_630' title='bbox 598 4468 730 4522; x_wconf 89' lang='lat' dir='ltr'><strong>locis</strong></span> <span class='ocrx_word' id='word_1_631' title='bbox 758 4469 960 4537; x_wconf 87' lang='lat' dir='ltr'><strong>absque</strong></span> <span class='ocrx_word' id='word_1_632' title='bbox 989 4485 1179 4538; x_wconf 89' lang='lat' dir='ltr'><strong>magna</strong></span> <span class='ocrx_word' id='word_1_633' title='bbox 1201 4474 1521 4528; x_wconf 84' lang='lat' dir='ltr'><strong>necessitate</strong></span> <span class='ocrx_word' id='word_1_634' title='bbox 1551 4473 1662 4528; x_wconf 81' lang='lat' dir='ltr'><strong>fieri</strong></span> <span class='ocrx_word' id='word_1_635' title='bbox 1692 4475 1912 4540; x_wconf 88' lang='lat' dir='ltr'><strong>debere,</strong></span> 
     </span>
    </p>
   </div>
   <div class='ocr_carea' id='block_1_76' title="bbox 2013 3284 3578 3368">
    <p class='ocr_par' dir='ltr' id='par_1_76' title="bbox 2013 3284 3578 3368">
     <span class='ocr_line' id='line_1_76' title="bbox 2013 3284 3578 3368; baseline 0.009 -31"><span class='ocrx_word' id='word_1_636' title='bbox 2013 3287 2148 3339; x_wconf 89' lang='lat' dir='ltr'><strong>mine</strong></span> <span class='ocrx_word' id='word_1_637' title='bbox 2177 3284 2311 3339; x_wconf 87' lang='lat' dir='ltr'><strong>Deus</strong></span> <span class='ocrx_word' id='word_1_638' title='bbox 2336 3285 2524 3352; x_wconf 88' lang='lat' dir='ltr'><strong>Israel,</strong></span> <span class='ocrx_word' id='word_1_639' title='bbox 2564 3305 2667 3342; x_wconf 87' lang='lat' dir='ltr'><strong>non</strong></span> <span class='ocrx_word' id='word_1_640' title='bbox 2693 3298 2770 3343; x_wconf 87' lang='lat' dir='ltr'><strong>est</strong></span> <span class='ocrx_word' id='word_1_641' title='bbox 2795 3292 2978 3346; x_wconf 87' lang='lat' dir='ltr'><strong>similis</strong></span> <span class='ocrx_word' id='word_1_642' title='bbox 3019 3295 3092 3346; x_wconf 87' lang='lat' dir='ltr'><strong>tui</strong></span> <span class='ocrx_word' id='word_1_643' title='bbox 3122 3295 3175 3347; x_wconf 90' lang='lat' dir='ltr'><strong>in</strong></span> <span class='ocrx_word' id='word_1_644' title='bbox 3201 3295 3325 3348; x_wconf 63' lang='lat' dir='ltr'><strong>creto</strong></span> <span class='ocrx_word' id='word_1_645' title='bbox 3345 3297 3578 3368; x_wconf 85' lang='lat' dir='ltr'><strong>desuper,</strong></span> 
     </span>
    </p>
   </div>
   <div class='ocr_carea' id='block_1_77' title="bbox 2012 3378 3582 3454">
    <p class='ocr_par' dir='ltr' id='par_1_77' title="bbox 2012 3378 3582 3454">
     <span class='ocr_line' id='line_1_77' title="bbox 2012 3378 3582 3454; baseline 0.01 -26"><span class='ocrx_word' id='word_1_646' title='bbox 2012 3385 2059 3428; x_wconf 88' lang='lat' dir='ltr'><strong>et</strong></span> <span class='ocrx_word' id='word_1_647' title='bbox 2086 3391 2239 3444; x_wconf 87' lang='lat' dir='ltr'><strong>super</strong></span> <span class='ocrx_word' id='word_1_648' title='bbox 2268 3385 2460 3431; x_wconf 87' lang='lat' dir='ltr'><strong>terram</strong></span> <span class='ocrx_word' id='word_1_649' title='bbox 2482 3378 2735 3444; x_wconf 87' lang='lat' dir='ltr'><strong>deorsum,</strong></span> <span class='ocrx_word' id='word_1_650' title='bbox 2765 3382 2853 3451; x_wconf 87' lang='lat' dir='ltr'><strong>qui</strong></span> <span class='ocrx_word' id='word_1_651' title='bbox 2880 3383 3103 3438; x_wconf 87' lang='lat' dir='ltr'><strong>custodis</strong></span> <span class='ocrx_word' id='word_1_652' title='bbox 3136 3395 3340 3454; x_wconf 89' lang='lat' dir='ltr'><strong>pactum</strong></span> <span class='ocrx_word' id='word_1_653' title='bbox 3361 3396 3410 3441; x_wconf 89' lang='lat' dir='ltr'><strong>et</strong></span> <span class='ocrx_word' id='word_1_654' title='bbox 3432 3390 3582 3442; x_wconf 85' lang='lat' dir='ltr'><strong>mise-</strong></span> 
     </span>
    </p>
   </div>
   <div class='ocr_carea' id='block_1_78' title="bbox 2012 3465 3584 3543">
    <p class='ocr_par' dir='ltr' id='par_1_78' title="bbox 2012 3465 3584 3543">
     <span class='ocr_line' id='line_1_78' title="bbox 2012 3465 3584 3543; baseline 0.011 -27"><span class='ocrx_word' id='word_1_655' title='bbox 2012 3465 2290 3519; x_wconf 87' lang='lat' dir='ltr'><strong>ricordiam</strong></span> <span class='ocrx_word' id='word_1_656' title='bbox 2317 3469 2477 3522; x_wconf 85' lang='lat' dir='ltr'><strong>servis</strong></span> <span class='ocrx_word' id='word_1_657' title='bbox 2502 3470 2624 3534; x_wconf 87' lang='lat' dir='ltr'><strong>tuis,</strong></span> <span class='ocrx_word' id='word_1_658' title='bbox 2649 3472 2734 3543; x_wconf 87' lang='lat' dir='ltr'><strong>qui</strong></span> <span class='ocrx_word' id='word_1_659' title='bbox 2781 3470 3048 3526; x_wconf 87' lang='lat' dir='ltr'><strong>ambulant</strong></span> <span class='ocrx_word' id='word_1_660' title='bbox 3089 3491 3264 3530; x_wconf 90' lang='lat' dir='ltr'><strong>coram</strong></span> <span class='ocrx_word' id='word_1_661' title='bbox 3291 3487 3340 3531; x_wconf 89' lang='lat' dir='ltr'><strong>te</strong></span> <span class='ocrx_word' id='word_1_662' title='bbox 3383 3481 3438 3532; x_wconf 87' lang='lat' dir='ltr'><strong>in</strong></span> <span class='ocrx_word' id='word_1_663' title='bbox 3478 3489 3584 3534; x_wconf 90' lang='lat' dir='ltr'><strong>toto</strong></span> 
     </span>
    </p>
   </div>
   <div class='ocr_carea' id='block_1_79' title="bbox 2013 3556 3584 3638">
    <p class='ocr_par' dir='ltr' id='par_1_79' title="bbox 2013 3556 3584 3638">
     <span class='ocr_line' id='line_1_79' title="bbox 2013 3556 3584 3638; baseline 0.01 -30"><span class='ocrx_word' id='word_1_664' title='bbox 2013 3556 2164 3609; x_wconf 89' lang='lat' dir='ltr'><strong>corde</strong></span> <span class='ocrx_word' id='word_1_665' title='bbox 2200 3573 2311 3610; x_wconf 91' lang='lat' dir='ltr'><strong>suo.</strong></span> <span class='ocrx_word' id='word_1_666' title='bbox 2360 3556 2768 3622; x_wconf 33' lang='lat' dir='ltr'><strong>Qui’cuslodisti</strong></span> <span class='ocrx_word' id='word_1_667' title='bbox 2807 3579 2949 3617; x_wconf 83' lang='lat' dir='ltr'><strong>servo</strong></span> <span class='ocrx_word' id='word_1_668' title='bbox 2981 3573 3066 3618; x_wconf 90' lang='lat' dir='ltr'><strong>tuo</strong></span> <span class='ocrx_word' id='word_1_669' title='bbox 3094 3565 3262 3620; x_wconf 86' lang='lat' dir='ltr'><strong>David</strong></span> <span class='ocrx_word' id='word_1_670' title='bbox 3306 3570 3444 3638; x_wconf 90' lang='lat' dir='ltr'><strong>patri</strong></span> <span class='ocrx_word' id='word_1_671' title='bbox 3472 3587 3584 3624; x_wconf 90' lang='lat' dir='ltr'><strong>meo</strong></span> 
     </span>
    </p>
   </div>
   <div class='ocr_carea' id='block_1_80' title="bbox 2011 3649 3584 3732">
    <p class='ocr_par' dir='ltr' id='par_1_80' title="bbox 2011 3649 3584 3732">
     <span class='ocr_line' id='line_1_80' title="bbox 2011 3649 3584 3732; baseline 0.012 -34"><span class='ocrx_word' id='word_1_672' title='bbox 2011 3662 2126 3716; x_wconf 72' lang='lat' dir='ltr'><strong>qua:</strong></span> <span class='ocrx_word' id='word_1_673' title='bbox 2153 3649 2349 3702; x_wconf 89' lang='lat' dir='ltr'><strong>locutus</strong></span> <span class='ocrx_word' id='word_1_674' title='bbox 2370 3666 2423 3702; x_wconf 88' lang='lat' dir='ltr'><strong>es</strong></span> <span class='ocrx_word' id='word_1_675' title='bbox 2448 3651 2514 3705; x_wconf 90' lang='lat' dir='ltr'><strong>ei.</strong></span> <span class='ocrx_word' id='word_1_676' title='bbox 2539 3650 2643 3704; x_wconf 88' lang='lat' dir='ltr'><strong>Ore</strong></span> <span class='ocrx_word' id='word_1_677' title='bbox 2667 3653 2862 3707; x_wconf 87' lang='lat' dir='ltr'><strong>locutus</strong></span> <span class='ocrx_word' id='word_1_678' title='bbox 2885 3672 2960 3722; x_wconf 88' lang='lat' dir='ltr'><strong>es,</strong></span> <span class='ocrx_word' id='word_1_679' title='bbox 2982 3667 3031 3709; x_wconf 89' lang='lat' dir='ltr'><strong>et</strong></span> <span class='ocrx_word' id='word_1_680' title='bbox 3051 3659 3283 3713; x_wconf 86' lang='lat' dir='ltr'><strong>manibus</strong></span> <span class='ocrx_word' id='word_1_681' title='bbox 3303 3665 3584 3732; x_wconf 85' lang='lat' dir='ltr'><strong>perfecisti,</strong></span> 
     </span>
    </p>
   </div>
   <div class='ocr_carea' id='block_1_81' title="bbox 2013 3736 3585 3819">
    <p class='ocr_par' dir='ltr' id='par_1_81' title="bbox 2013 3736 3585 3819">
     <span class='ocr_line' id='line_1_81' title="bbox 2013 3736 3585 3819; baseline 0.013 -33"><span class='ocrx_word' id='word_1_682' title='bbox 2013 3744 2069 3786; x_wconf 88' lang='lat' dir='ltr'><strong>ut</strong></span> <span class='ocrx_word' id='word_1_683' title='bbox 2097 3736 2205 3789; x_wconf 79' lang='lat' dir='ltr'><strong>hwc</strong></span> <span class='ocrx_word' id='word_1_684' title='bbox 2233 3737 2341 3791; x_wconf 85' lang='lat' dir='ltr'><strong>dies</strong></span> <span class='ocrx_word' id='word_1_685' title='bbox 2367 3738 2635 3807; x_wconf 87' lang='lat' dir='ltr'><strong>probat.N</strong></span> <span class='ocrx_word' id='word_1_686' title='bbox 2644 3758 2741 3795; x_wconf 88' lang='lat' dir='ltr'><strong>unc</strong></span> <span class='ocrx_word' id='word_1_687' title='bbox 2771 3744 2946 3814; x_wconf 88' lang='lat' dir='ltr'><strong>igitur,</strong></span> <span class='ocrx_word' id='word_1_688' title='bbox 2975 3745 3196 3802; x_wconf 90' lang='lat' dir='ltr'><strong>Domine</strong></span> <span class='ocrx_word' id='word_1_689' title='bbox 3221 3749 3361 3804; x_wconf 90' lang='lat' dir='ltr'><strong>Deus</strong></span> <span class='ocrx_word' id='word_1_690' title='bbox 3394 3751 3585 3819; x_wconf 87' lang='lat' dir='ltr'><strong>Israel,</strong></span> 
     </span>
    </p>
   </div>
   <div class='ocr_carea' id='block_1_82' title="bbox 2014 3827 3583 3907">
    <p class='ocr_par' dir='ltr' id='par_1_82' title="bbox 2014 3827 3583 3907">
     <span class='ocr_line' id='line_1_82' title="bbox 2014 3827 3583 3907; baseline 0.015 -31"><span class='ocrx_word' id='word_1_691' title='bbox 2014 3841 2257 3879; x_wconf 87' lang='lat' dir='ltr'><strong>conserva</strong></span> <span class='ocrx_word' id='word_1_692' title='bbox 2288 3827 2459 3881; x_wconf 84' lang='lat' dir='ltr'><strong>David</strong></span> <span class='ocrx_word' id='word_1_693' title='bbox 2493 3831 2686 3900; x_wconf 87' lang='lat' dir='ltr'><strong>famulo</strong></span> <span class='ocrx_word' id='word_1_694' title='bbox 2731 3843 2814 3886; x_wconf 92' lang='lat' dir='ltr'><strong>tuo</strong></span> <span class='ocrx_word' id='word_1_695' title='bbox 2841 3836 2979 3903; x_wconf 90' lang='lat' dir='ltr'><strong>patri</strong></span> <span class='ocrx_word' id='word_1_696' title='bbox 3009 3854 3120 3892; x_wconf 90' lang='lat' dir='ltr'><strong>meo</strong></span> <span class='ocrx_word' id='word_1_697' title='bbox 3154 3856 3266 3907; x_wconf 79' lang='lat' dir='ltr'><strong>qua:</strong></span> <span class='ocrx_word' id='word_1_698' title='bbox 3293 3841 3493 3897; x_wconf 87' lang='lat' dir='ltr'><strong>locutus</strong></span> <span class='ocrx_word' id='word_1_699' title='bbox 3529 3864 3583 3900; x_wconf 85' lang='lat' dir='ltr'><strong>es</strong></span> 
     </span>
    </p>
   </div>
   <div class='ocr_carea' id='block_1_83' title="bbox 2015 3917 3586 4003">
    <p class='ocr_par' dir='ltr' id='par_1_83' title="bbox 2015 3917 3586 4003">
     <span class='ocr_line' id='line_1_83' title="bbox 2015 3917 3586 4003; baseline 0.013 -35"><span class='ocrx_word' id='word_1_700' title='bbox 2015 3917 2083 3979; x_wconf 85' lang='lat' dir='ltr'><strong>ei,</strong></span> <span class='ocrx_word' id='word_1_701' title='bbox 2116 3917 2287 3972; x_wconf 87' lang='lat' dir='ltr'><strong>dicens</strong></span> <span class='ocrx_word' id='word_1_702' title='bbox 2311 3935 2328 3971; x_wconf 89' lang='lat'><em>:</em></span> <span class='ocrx_word' id='word_1_703' title='bbox 2352 3918 2476 3975; x_wconf 86' lang='lat' dir='ltr'><strong>Non</strong></span> <span class='ocrx_word' id='word_1_704' title='bbox 2495 3923 2759 3991; x_wconf 80' lang='lat' dir='ltr'><strong>auferetur</strong></span> <span class='ocrx_word' id='word_1_705' title='bbox 2787 3926 2850 3977; x_wconf 90' lang='lat' dir='ltr'><strong>de</strong></span> <span class='ocrx_word' id='word_1_706' title='bbox 2877 3935 2924 3979; x_wconf 90' lang='lat' dir='ltr'><strong>te</strong></span> <span class='ocrx_word' id='word_1_707' title='bbox 2946 3929 3023 3980; x_wconf 79' lang='lat' dir='ltr'><strong>rir</strong></span> <span class='ocrx_word' id='word_1_708' title='bbox 3049 3946 3221 3982; x_wconf 87' lang='lat' dir='ltr'><strong>coram</strong></span> <span class='ocrx_word' id='word_1_709' title='bbox 3249 3949 3346 3997; x_wconf 88' lang='lat' dir='ltr'><strong>me,</strong></span> <span class='ocrx_word' id='word_1_710' title='bbox 3392 3937 3478 4003; x_wconf 84' lang='lat' dir='ltr'><strong>qui</strong></span> <span class='ocrx_word' id='word_1_711' title='bbox 3502 3952 3586 3988; x_wconf 85' lang='lat' dir='ltr'><strong>se-</strong></span> 
     </span>
    </p>
   </div>
   <div class='ocr_carea' id='block_1_84' title="bbox 2017 4005 3587 4083">
    <p class='ocr_par' dir='ltr' id='par_1_84' title="bbox 2017 4005 3587 4083">
     <span class='ocr_line' id='line_1_84' title="bbox 2017 4005 3587 4083; baseline 0.014 -27"><span class='ocrx_word' id='word_1_712' title='bbox 2017 4005 2137 4056; x_wconf 85' lang='lat' dir='ltr'><strong>deat</strong></span> <span class='ocrx_word' id='word_1_713' title='bbox 2164 4023 2317 4076; x_wconf 86' lang='lat' dir='ltr'><strong>super</strong></span> <span class='ocrx_word' id='word_1_714' title='bbox 2346 4009 2585 4062; x_wconf 85' lang='lat' dir='ltr'><strong>thronum</strong></span> <span class='ocrx_word' id='word_1_715' title='bbox 2613 4009 2798 4076; x_wconf 88' lang='lat' dir='ltr'><strong>Israel,</strong></span> <span class='ocrx_word' id='word_1_716' title='bbox 2832 4016 2906 4066; x_wconf 89' lang='lat' dir='ltr'><strong>ita</strong></span> <span class='ocrx_word' id='word_1_717' title='bbox 2953 4026 3146 4083; x_wconf 89' lang='lat' dir='ltr'><strong>tamen,</strong></span> <span class='ocrx_word' id='word_1_718' title='bbox 3188 4021 3232 4073; x_wconf 88' lang='lat' dir='ltr'><strong>si</strong></span> <span class='ocrx_word' id='word_1_719' title='bbox 3256 4023 3587 4078; x_wconf 86' lang='lat' dir='ltr'><strong>custodierint</strong></span> 
     </span>
    </p>
   </div>
   <div class='ocr_carea' id='block_1_85' title="bbox 2017 4098 3588 4177">
    <p class='ocr_par' dir='ltr' id='par_1_85' title="bbox 2017 4098 3588 4177">
     <span class='ocr_line' id='line_1_85' title="bbox 2017 4098 3588 4177; baseline 0.013 -28"><span class='ocrx_word' id='word_1_720' title='bbox 2017 4098 2116 4170; x_wconf 84' lang='lat' dir='ltr'><strong>ﬁlii</strong></span> <span class='ocrx_word' id='word_1_721' title='bbox 2145 4098 2217 4149; x_wconf 89' lang='lat' dir='ltr'><strong>tui</strong></span> <span class='ocrx_word' id='word_1_722' title='bbox 2245 4099 2576 4162; x_wconf 83' lang='lat' dir='ltr'><strong>viamsuam,</strong></span> <span class='ocrx_word' id='word_1_723' title='bbox 2625 4109 2679 4153; x_wconf 92' lang='lat' dir='ltr'><strong>ut</strong></span> <span class='ocrx_word' id='word_1_724' title='bbox 2708 4102 2967 4158; x_wconf 88' lang='lat' dir='ltr'><strong>ambulent</strong></span> <span class='ocrx_word' id='word_1_725' title='bbox 2993 4103 3168 4162; x_wconf 86' lang='lat' dir='ltr'><strong>coram</strong></span> <span class='ocrx_word' id='word_1_726' title='bbox 3214 4127 3314 4177; x_wconf 90' lang='lat' dir='ltr'><strong>me,</strong></span> <span class='ocrx_word' id='word_1_727' title='bbox 3361 4113 3494 4168; x_wconf 91' lang='lat' dir='ltr'><strong>sicut</strong></span> <span class='ocrx_word' id='word_1_728' title='bbox 3536 4126 3588 4169; x_wconf 86' lang='lat' dir='ltr'><strong>tu</strong></span> 
     </span>
    </p>
   </div>
   <div class='ocr_carea' id='block_1_86' title="bbox 2017 4185 3588 4276">
    <p class='ocr_par' dir='ltr' id='par_1_86' title="bbox 2017 4185 3588 4276">
     <span class='ocr_line' id='line_1_86' title="bbox 2017 4185 3588 4276; baseline 0.015 -38"><span class='ocrx_word' id='word_1_729' title='bbox 2017 4185 2292 4242; x_wconf 88' lang='lat' dir='ltr'><strong>ambulasti</strong></span> <span class='ocrx_word' id='word_1_730' title='bbox 2313 4190 2365 4242; x_wconf 87' lang='lat' dir='ltr'><strong>in</strong></span> <span class='ocrx_word' id='word_1_731' title='bbox 2392 4200 2662 4259; x_wconf 76' lang='lat' dir='ltr'><strong>conspectu</strong></span> <span class='ocrx_word' id='word_1_732' title='bbox 2687 4209 2817 4246; x_wconf 90' lang='lat' dir='ltr'><strong>meo.</strong></span> <span class='ocrx_word' id='word_1_733' title='bbox 2849 4193 2920 4249; x_wconf 84' lang='lat' dir='ltr'><strong>Et</strong></span> <span class='ocrx_word' id='word_1_734' title='bbox 2939 4212 3094 4266; x_wconf 89' lang='lat' dir='ltr'><strong>nunc,</strong></span> <span class='ocrx_word' id='word_1_735' title='bbox 3119 4198 3256 4255; x_wconf 84' lang='lat' dir='ltr'><strong>Deus</strong></span> <span class='ocrx_word' id='word_1_736' title='bbox 3281 4202 3463 4271; x_wconf 86' lang='lat' dir='ltr'><strong>Israel,</strong></span> <span class='ocrx_word' id='word_1_737' title='bbox 3491 4208 3588 4276; x_wconf 77' lang='lat' dir='ltr'><strong>ﬁr-</strong></span> 
     </span>
    </p>
   </div>
   <div class='ocr_carea' id='block_1_87' title="bbox 2019 4277 3588 4369">
    <p class='ocr_par' dir='ltr' id='par_1_87' title="bbox 2019 4277 3588 4369">
     <span class='ocr_line' id='line_1_87' title="bbox 2019 4277 3588 4369; baseline 0.016 -41"><span class='ocrx_word' id='word_1_738' title='bbox 2019 4288 2218 4330; x_wconf 88' lang='lat' dir='ltr'><strong>mentur</strong></span> <span class='ocrx_word' id='word_1_739' title='bbox 2240 4277 2389 4332; x_wconf 85' lang='lat' dir='ltr'><strong>verba</strong></span> <span class='ocrx_word' id='word_1_740' title='bbox 2431 4290 2536 4346; x_wconf 90' lang='lat' dir='ltr'><strong>tua,</strong></span> <span class='ocrx_word' id='word_1_741' title='bbox 2559 4298 2672 4352; x_wconf 68' lang='lat' dir='ltr'><strong>qua:</strong></span> <span class='ocrx_word' id='word_1_742' title='bbox 2699 4283 2894 4339; x_wconf 88' lang='lat' dir='ltr'><strong>locutus</strong></span> <span class='ocrx_word' id='word_1_743' title='bbox 2924 4303 2976 4341; x_wconf 88' lang='lat' dir='ltr'><strong>es</strong></span> <span class='ocrx_word' id='word_1_744' title='bbox 3005 4287 3175 4344; x_wconf 86' lang='lat' dir='ltr'><strong>David</strong></span> <span class='ocrx_word' id='word_1_745' title='bbox 3203 4310 3344 4349; x_wconf 69' lang='lat' dir='ltr'><strong>seruo</strong></span> <span class='ocrx_word' id='word_1_746' title='bbox 3385 4306 3467 4351; x_wconf 87' lang='lat' dir='ltr'><strong>tuo</strong></span> <span class='ocrx_word' id='word_1_747' title='bbox 3492 4316 3588 4369; x_wconf 90' lang='lat' dir='ltr'><strong>pa-</strong></span> 
     </span>
    </p>
   </div>
   <div class='ocr_carea' id='block_1_88' title="bbox 2019 4371 3590 4451">
    <p class='ocr_par' dir='ltr' id='par_1_88' title="bbox 2019 4371 3590 4451">
     <span class='ocr_line' id='line_1_88' title="bbox 2019 4371 3590 4451; baseline 0.015 -29"><span class='ocrx_word' id='word_1_748' title='bbox 2019 4372 2082 4423; x_wconf 88' lang='lat' dir='ltr'><strong>tri</strong></span> <span class='ocrx_word' id='word_1_749' title='bbox 2118 4387 2248 4425; x_wconf 89' lang='lat' dir='ltr'><strong>meo.</strong></span> <span class='ocrx_word' id='word_1_750' title='bbox 2282 4371 2488 4442; x_wconf 84' lang='lat' dir='ltr'><strong>Ergone</strong></span> <span class='ocrx_word' id='word_1_751' title='bbox 2515 4376 2800 4443; x_wconf 85' lang='lat' dir='ltr'><strong>putandum</strong></span> <span class='ocrx_word' id='word_1_752' title='bbox 2825 4389 2900 4432; x_wconf 87' lang='lat' dir='ltr'><strong>est</strong></span> <span class='ocrx_word' id='word_1_753' title='bbox 2927 4382 3062 4451; x_wconf 86' lang='lat' dir='ltr'><strong>quod</strong></span> <span class='ocrx_word' id='word_1_754' title='bbox 3091 4401 3203 4439; x_wconf 84' lang='lat' dir='ltr'><strong>vere</strong></span> <span class='ocrx_word' id='word_1_755' title='bbox 3231 4374 3368 4442; x_wconf 89' lang='lat' dir='ltr'><strong>Deus</strong></span> <span class='ocrx_word' id='word_1_756' title='bbox 3397 4390 3590 4445; x_wconf 88' lang='lat' dir='ltr'><strong>habitet</strong></span> 
     </span>
    </p>
   </div>
   <div class='ocr_carea' id='block_1_89' title="bbox 2020 4467 3592 4553">
    <p class='ocr_par' dir='ltr' id='par_1_89' title="bbox 2020 4467 3592 4553">
     <span class='ocr_line' id='line_1_89' title="bbox 2020 4467 3592 4553; baseline 0.015 -39"><span class='ocrx_word' id='word_1_757' title='bbox 2020 4480 2170 4533; x_wconf 88' lang='lat' dir='ltr'><strong>super</strong></span> <span class='ocrx_word' id='word_1_758' title='bbox 2199 4467 2428 4519; x_wconf 86' lang='lat' dir='ltr'><strong>terram?</strong></span> <span class='ocrx_word' id='word_1_759' title='bbox 2455 4467 2515 4520; x_wconf 88' lang='lat' dir='ltr'><strong>Si</strong></span> <span class='ocrx_word' id='word_1_760' title='bbox 2538 4470 2674 4521; x_wconf 86' lang='lat' dir='ltr'><strong>enim</strong></span> <span class='ocrx_word' id='word_1_761' title='bbox 2701 4471 2880 4525; x_wconf 70' lang='lat' dir='ltr'><strong>caelum</strong></span> <span class='ocrx_word' id='word_1_762' title='bbox 2897 4483 2945 4526; x_wconf 88' lang='lat' dir='ltr'><strong>et</strong></span> <span class='ocrx_word' id='word_1_763' title='bbox 2959 4476 3072 4529; x_wconf 74' lang='grc' dir='ltr'><strong>εωιὶ</strong></span> <span class='ocrx_word' id='word_1_764' title='bbox 3086 4478 3325 4533; x_wconf 78' lang='lat' dir='ltr'><strong>caelorum</strong></span> <span class='ocrx_word' id='word_1_765' title='bbox 3348 4490 3395 4534; x_wconf 91' lang='lat' dir='ltr'><strong>te</strong></span> <span class='ocrx_word' id='word_1_766' title='bbox 3410 4499 3592 4553; x_wconf 80' lang='lat' dir='ltr'><strong>capere</strong></span> 
     </span>
    </p>
   </div>
   <div class='ocr_carea' id='block_1_90' title="bbox 342 4559 1907 4642">
    <p class='ocr_par' dir='ltr' id='par_1_90' title="bbox 342 4559 1907 4629">
     <span class='ocr_line' id='line_1_90' title="bbox 342 4559 1907 4629; baseline 0.008 -18"><span class='ocrx_word' id='word_1_767' title='bbox 342 4559 507 4627; x_wconf 90' lang='lat' dir='ltr'><strong>liquet</strong></span> <span class='ocrx_word' id='word_1_768' title='bbox 533 4559 781 4613; x_wconf 89' lang='lat' dir='ltr'><strong>omnibus</strong></span> <span class='ocrx_word' id='word_1_769' title='bbox 810 4561 1003 4629; x_wconf 90' lang='lat' dir='ltr'><strong>quibus</strong></span> <span class='ocrx_word' id='word_1_770' title='bbox 1033 4570 1156 4616; x_wconf 89' lang='lat' dir='ltr'><strong>sunt</strong></span> <span class='ocrx_word' id='word_1_771' title='bbox 1185 4570 1311 4616; x_wconf 89' lang='lat' dir='ltr'><strong>nota</strong></span> <span class='ocrx_word' id='word_1_772' title='bbox 1337 4561 1471 4617; x_wconf 90' lang='lat' dir='ltr'><strong>Novi</strong></span> <span class='ocrx_word' id='word_1_773' title='bbox 1500 4573 1556 4619; x_wconf 92' lang='lat' dir='ltr'><strong>et</strong></span> <span class='ocrx_word' id='word_1_774' title='bbox 1579 4565 1789 4621; x_wconf 81' lang='lat' dir='ltr'><strong>Veteris</strong></span> <span class='ocrx_word' id='word_1_775' title='bbox 1822 4567 1907 4623; x_wconf 77' lang='lat' dir='ltr'><strong>Te</strong></span> 
     </span>
    </p>
   </div>
   <div class='ocr_carea' id='block_1_91' title="bbox 2011 4559 3590 4642">
    <p class='ocr_par' dir='ltr' id='par_1_91' title="bbox 2021 4563 3590 4642">
     <span class='ocr_line' id='line_1_91' title="bbox 2021 4563 3590 4642; baseline 0.012 -35"><span class='ocrx_word' id='word_1_776' title='bbox 2021 4571 2123 4608; x_wconf 89' lang='lat' dir='ltr'><strong>non</strong></span> <span class='ocrx_word' id='word_1_777' title='bbox 2153 4567 2384 4624; x_wconf 86' lang='lat' dir='ltr'><strong>possunt,</strong></span> <span class='ocrx_word' id='word_1_778' title='bbox 2417 4568 2606 4625; x_wconf 87' lang='lat' dir='ltr'><strong>quanto</strong></span> <span class='ocrx_word' id='word_1_779' title='bbox 2634 4563 2800 4630; x_wconf 89' lang='lat' dir='ltr'><strong>magis</strong></span> <span class='ocrx_word' id='word_1_780' title='bbox 2821 4563 3000 4618; x_wconf 89' lang='lat' dir='ltr'><strong>domus</strong></span> <span class='ocrx_word' id='word_1_781' title='bbox 3030 4567 3158 4633; x_wconf 63' lang='lat' dir='ltr'><strong>ha’c,</strong></span> <span class='ocrx_word' id='word_1_782' title='bbox 3180 4585 3331 4639; x_wconf 88' lang='lat' dir='ltr'><strong>quam</strong></span> <span class='ocrx_word' id='word_1_783' title='bbox 3358 4572 3590 4642; x_wconf 73' lang='lat' dir='ltr'><strong>cedi/ica-</strong></span> 
     </span>
    </p>
   </div>
   <div class='ocr_carea' id='block_1_92' title="bbox 340 4651 1914 4721">
    <p class='ocr_par' dir='ltr' id='par_1_92' title="bbox 340 4651 1914 4721">
     <span class='ocr_line' id='line_1_92' title="bbox 340 4651 1914 4721; baseline 0.006 -17"><span class='ocrx_word' id='word_1_784' title='bbox 340 4651 590 4705; x_wconf 86' lang='lat' dir='ltr'><strong>stamenti</strong></span> <span class='ocrx_word' id='word_1_785' title='bbox 612 4661 897 4721; x_wconf 65' lang='lat' dir='ltr'><strong>prascepta.</strong></span> <span class='ocrx_word' id='word_1_786' title='bbox 913 4651 1336 4708; x_wconf 90' lang='lat' dir='ltr'><strong>Tabernacnlum</strong></span> <span class='ocrx_word' id='word_1_787' title='bbox 1346 4671 1474 4710; x_wconf 88' lang='lat' dir='ltr'><strong>vero</strong></span> <span class='ocrx_word' id='word_1_788' title='bbox 1486 4655 1666 4713; x_wconf 89' lang='lat' dir='ltr'><strong>Mosen</strong></span> <span class='ocrx_word' id='word_1_789' title='bbox 1690 4659 1914 4714; x_wconf 87' lang='lat' dir='ltr'><strong>Domino</strong></span> 
     </span>
    </p>
   </div>
   <div class='ocr_carea' id='block_1_93' title="bbox 341 4740 1914 4810">
    <p class='ocr_par' dir='ltr' id='par_1_93' title="bbox 341 4740 1914 4810">
     <span class='ocr_line' id='line_1_93' title="bbox 341 4740 1914 4810; baseline 0.009 -17"><span class='ocrx_word' id='word_1_790' title='bbox 341 4741 684 4810; x_wconf 65' lang='lat' dir='ltr'><strong>praecipiente</strong></span> <span class='ocrx_word' id='word_1_791' title='bbox 711 4740 918 4807; x_wconf 81' lang='lat' dir='ltr'><strong>fecisse,</strong></span> <span class='ocrx_word' id='word_1_792' title='bbox 951 4752 1006 4798; x_wconf 89' lang='lat' dir='ltr'><strong>et</strong></span> <span class='ocrx_word' id='word_1_793' title='bbox 1032 4759 1294 4809; x_wconf 89' lang='lat' dir='ltr'><strong>sacrasse,</strong></span> <span class='ocrx_word' id='word_1_794' title='bbox 1321 4761 1440 4800; x_wconf 92' lang='lat' dir='ltr'><strong>cum</strong></span> <span class='ocrx_word' id='word_1_795' title='bbox 1472 4763 1655 4804; x_wconf 90' lang='lat' dir='ltr'><strong>mensa</strong></span> <span class='ocrx_word' id='word_1_796' title='bbox 1675 4759 1732 4804; x_wconf 92' lang='lat' dir='ltr'><strong>et</strong></span> <span class='ocrx_word' id='word_1_797' title='bbox 1759 4752 1914 4807; x_wconf 88' lang='lat' dir='ltr'><strong>altari</strong></span> 
     </span>
    </p>
   </div>
   <div class='ocr_carea' id='block_1_94' title="bbox 340 4829 1913 4898">
    <p class='ocr_par' dir='ltr' id='par_1_94' title="bbox 340 4829 1913 4898">
     <span class='ocr_line' id='line_1_94' title="bbox 340 4829 1913 4898; baseline 0.008 -15"><span class='ocrx_word' id='word_1_798' title='bbox 340 4829 473 4897; x_wconf 84' lang='lat' dir='ltr'><strong>ejus,</strong></span> <span class='ocrx_word' id='word_1_799' title='bbox 505 4839 562 4884; x_wconf 90' lang='lat' dir='ltr'><strong>et</strong></span> <span class='ocrx_word' id='word_1_800' title='bbox 586 4833 795 4886; x_wconf 73' lang='lat' dir='ltr'><strong>cwteris</strong></span> <span class='ocrx_word' id='word_1_801' title='bbox 832 4833 968 4887; x_wconf 90' lang='lat' dir='ltr'><strong>vasis</strong></span> <span class='ocrx_word' id='word_1_802' title='bbox 998 4834 1328 4890; x_wconf 76' lang='lat' dir='ltr'><strong>utensilibus.</strong></span> <span class='ocrx_word' id='word_1_803' title='bbox 1350 4836 1416 4890; x_wconf 91' lang='lat' dir='ltr'><strong>ad</strong></span> <span class='ocrx_word' id='word_1_804' title='bbox 1448 4838 1684 4892; x_wconf 90' lang='lat' dir='ltr'><strong>divinum</strong></span> <span class='ocrx_word' id='word_1_805' title='bbox 1713 4841 1913 4898; x_wconf 89' lang='lat' dir='ltr'><strong>cultum</strong></span> 
     </span>
    </p>
   </div>
   <div class='ocr_carea' id='block_1_95' title="bbox 341 4920 1916 4993">
    <p class='ocr_par' dir='ltr' id='par_1_95' title="bbox 341 4920 1916 4993">
     <span class='ocr_line' id='line_1_95' title="bbox 341 4920 1916 4993; baseline 0.01 -21"><span class='ocrx_word' id='word_1_806' title='bbox 341 4920 659 4986; x_wconf 84' lang='lat' dir='ltr'><strong>explendum</strong></span> <span class='ocrx_word' id='word_1_807' title='bbox 691 4921 914 4990; x_wconf 83' lang='lat' dir='ltr'><strong>legimus</strong></span> <span class='ocrx_word' id='word_1_808' title='bbox 945 4921 1130 4992; x_wconf 86' lang='lat' dir='ltr'><strong>(Num.</strong></span> <span class='ocrx_word' id='word_1_809' title='bbox 1163 4924 1253 4993; x_wconf 87' lang='lat' dir='ltr'><strong>vn)</strong></span> <span class='ocrx_word' id='word_1_810' title='bbox 1281 4943 1292 4977; x_wconf 88' lang='lat'>:</span> <span class='ocrx_word' id='word_1_811' title='bbox 1318 4934 1498 4980; x_wconf 90' lang='lat' dir='ltr'><strong>etnon</strong></span> <span class='ocrx_word' id='word_1_812' title='bbox 1523 4929 1695 4982; x_wconf 89' lang='lat' dir='ltr'><strong>solum</strong></span> <span class='ocrx_word' id='word_1_813' title='bbox 1725 4929 1916 4986; x_wconf 87' lang='lat' dir='ltr'><strong>divinis</strong></span> 
     </span>
    </p>
   </div>
   <div class='ocr_carea' id='block_1_96' title="bbox 343 5011 1918 5080">
    <p class='ocr_par' dir='ltr' id='par_1_96' title="bbox 343 5011 1918 5080">
     <span class='ocr_line' id='line_1_96' title="bbox 343 5011 1918 5080; baseline 0.008 -18"><span class='ocrx_word' id='word_1_814' title='bbox 343 5011 626 5078; x_wconf 60' lang='lat' dir='ltr'><strong>praeceptis</strong></span> <span class='ocrx_word' id='word_1_815' title='bbox 654 5027 717 5066; x_wconf 89' lang='lat' dir='ltr'><strong>ac</strong></span> <span class='ocrx_word' id='word_1_816' title='bbox 760 5012 1010 5080; x_wconf 89' lang='lat' dir='ltr'><strong>precibus</strong></span> <span class='ocrx_word' id='word_1_817' title='bbox 1047 5030 1110 5067; x_wconf 85' lang='lat' dir='ltr'><strong>ea</strong></span> <span class='ocrx_word' id='word_1_818' title='bbox 1146 5029 1406 5079; x_wconf 87' lang='lat' dir='ltr'><strong>sacrasse,</strong></span> <span class='ocrx_word' id='word_1_819' title='bbox 1438 5015 1534 5076; x_wconf 86' lang='lat' dir='ltr'><strong>sed</strong></span> <span class='ocrx_word' id='word_1_820' title='bbox 1563 5017 1721 5071; x_wconf 87' lang='lat' dir='ltr'><strong>etiam</strong></span> <span class='ocrx_word' id='word_1_821' title='bbox 1748 5021 1918 5076; x_wconf 90' lang='lat' dir='ltr'><strong>sancti</strong></span> 
     </span>
    </p>
   </div>
   <div class='ocr_carea' id='block_1_97' title="bbox 341 5099 1912 5176">
    <p class='ocr_par' dir='ltr' id='par_1_97' title="bbox 341 5099 1912 5176">
     <span class='ocr_line' id='line_1_97' title="bbox 341 5099 1912 5176; baseline 0.008 -25"><span class='ocrx_word' id='word_1_822' title='bbox 341 5099 447 5152; x_wconf 91' lang='lat' dir='ltr'><strong>olei</strong></span> <span class='ocrx_word' id='word_1_823' title='bbox 491 5101 763 5166; x_wconf 90' lang='lat' dir='ltr'><strong>unctione,</strong></span> <span class='ocrx_word' id='word_1_824' title='bbox 805 5102 1032 5157; x_wconf 85' lang='lat' dir='ltr'><strong>Domino</strong></span> <span class='ocrx_word' id='word_1_825' title='bbox 1059 5105 1296 5172; x_wconf 86' lang='lat' dir='ltr'><strong>jubente,</strong></span> <span class='ocrx_word' id='word_1_826' title='bbox 1329 5107 1609 5176; x_wconf 87' lang='lat' dir='ltr'><strong>perlinisse</strong></span> <span class='ocrx_word' id='word_1_827' title='bbox 1649 5111 1912 5166; x_wconf 90' lang='lat' dir='ltr'><strong>novimus.</strong></span> 
     </span>
    </p>
   </div>
   <div class='ocr_carea' id='block_1_98' title="bbox 339 5187 1915 5268">
    <p class='ocr_par' dir='ltr' id='par_1_98' title="bbox 339 5187 1915 5268">
     <span class='ocr_line' id='line_1_98' title="bbox 339 5187 1915 5268; baseline 0.011 -29"><span class='ocrx_word' id='word_1_828' title='bbox 339 5187 579 5252; x_wconf 83' lang='lat' dir='ltr'><strong>Qualiter</strong></span> <span class='ocrx_word' id='word_1_829' title='bbox 608 5198 785 5243; x_wconf 87' lang='lat' dir='ltr'><strong>autem</strong></span> <span class='ocrx_word' id='word_1_830' title='bbox 809 5190 922 5245; x_wconf 61' lang='lat' dir='ltr'><strong>haec</strong></span> <span class='ocrx_word' id='word_1_831' title='bbox 951 5191 1087 5246; x_wconf 87' lang='lat' dir='ltr'><strong>facta</strong></span> <span class='ocrx_word' id='word_1_832' title='bbox 1119 5193 1243 5256; x_wconf 89' lang='lat' dir='ltr'><strong>sint,</strong></span> <span class='ocrx_word' id='word_1_833' title='bbox 1268 5203 1323 5248; x_wconf 88' lang='lat' dir='ltr'><strong>et</strong></span> <span class='ocrx_word' id='word_1_834' title='bbox 1341 5197 1612 5263; x_wconf 90' lang='lat' dir='ltr'><strong>quomodo</strong></span> <span class='ocrx_word' id='word_1_835' title='bbox 1633 5199 1744 5268; x_wconf 90' lang='lat' dir='ltr'><strong>ipsa</strong></span> <span class='ocrx_word' id='word_1_836' title='bbox 1766 5216 1915 5256; x_wconf 87' lang='lat' dir='ltr'><strong>sacra</strong></span> 
     </span>
    </p>
   </div>
   <div class='ocr_carea' id='block_1_99' title="bbox 339 5280 1914 5356">
    <p class='ocr_par' dir='ltr' id='par_1_99' title="bbox 339 5280 1914 5356">
     <span class='ocr_line' id='line_1_99' title="bbox 339 5280 1914 5356; baseline 0.01 -24"><span class='ocrx_word' id='word_1_837' title='bbox 339 5295 445 5332; x_wconf 83' lang='lat' dir='ltr'><strong>non</strong></span> <span class='ocrx_word' id='word_1_838' title='bbox 488 5280 577 5333; x_wconf 90' lang='lat' dir='ltr'><strong>alii</strong></span> <span class='ocrx_word' id='word_1_839' title='bbox 616 5296 777 5348; x_wconf 90' lang='lat' dir='ltr'><strong>quam</strong></span> <span class='ocrx_word' id='word_1_840' title='bbox 824 5284 1136 5338; x_wconf 88' lang='lat' dir='ltr'><strong>sacerdotes</strong></span> <span class='ocrx_word' id='word_1_841' title='bbox 1183 5301 1335 5339; x_wconf 89' lang='lat' dir='ltr'><strong>sacra</strong></span> <span class='ocrx_word' id='word_1_842' title='bbox 1380 5288 1632 5343; x_wconf 84' lang='lat' dir='ltr'><strong>unctione</strong></span> <span class='ocrx_word' id='word_1_843' title='bbox 1675 5291 1914 5356; x_wconf 87' lang='lat' dir='ltr'><strong>delibuti.</strong></span> 
     </span>
    </p>
   </div>
   <div class='ocr_carea' id='block_1_100' title="bbox 338 5370 1916 5447">
    <p class='ocr_par' dir='ltr' id='par_1_100' title="bbox 338 5370 1916 5447">
     <span class='ocr_line' id='line_1_100' title="bbox 338 5370 1916 5447; baseline 0.01 -25"><span class='ocrx_word' id='word_1_844' title='bbox 338 5370 678 5438; x_wconf 88' lang='lat' dir='ltr'><strong>Dominoque</strong></span> <span class='ocrx_word' id='word_1_845' title='bbox 710 5387 831 5425; x_wconf 91' lang='lat' dir='ltr'><strong>cum</strong></span> <span class='ocrx_word' id='word_1_846' title='bbox 870 5375 1106 5428; x_wconf 87' lang='lat' dir='ltr'><strong>vestibus</strong></span> <span class='ocrx_word' id='word_1_847' title='bbox 1148 5377 1350 5432; x_wconf 86' lang='lat' dir='ltr'><strong>sanctis</strong></span> <span class='ocrx_word' id='word_1_848' title='bbox 1384 5381 1620 5447; x_wconf 73' lang='lat' dir='ltr'><strong>sacrati,</strong></span> <span class='ocrx_word' id='word_1_849' title='bbox 1653 5390 1707 5436; x_wconf 90' lang='lat' dir='ltr'><strong>et</strong></span> <span class='ocrx_word' id='word_1_850' title='bbox 1748 5383 1916 5438; x_wconf 70' lang='lat' dir='ltr'><strong>levita:</strong></span> 
     </span>
    </p>
   </div>
   <div class='ocr_carea' id='block_1_101' title="bbox 337 5459 1918 5544">
    <p class='ocr_par' dir='ltr' id='par_1_101' title="bbox 337 5459 1918 5544">
     <span class='ocr_line' id='line_1_101' title="bbox 337 5459 1918 5544; baseline 0.009 -30"><span class='ocrx_word' id='word_1_851' title='bbox 337 5461 662 5526; x_wconf 88' lang='lat' dir='ltr'><strong>tractabant,</strong></span> <span class='ocrx_word' id='word_1_852' title='bbox 693 5459 954 5530; x_wconf 83' lang='lat' dir='ltr'><strong>ferebant,</strong></span> <span class='ocrx_word' id='word_1_853' title='bbox 977 5466 1270 5536; x_wconf 88' lang='lat' dir='ltr'><strong>erigebant,</strong></span> <span class='ocrx_word' id='word_1_854' title='bbox 1295 5477 1352 5522; x_wconf 91' lang='lat' dir='ltr'><strong>et</strong></span> <span class='ocrx_word' id='word_1_855' title='bbox 1373 5468 1734 5540; x_wconf 89' lang='lat' dir='ltr'><strong>deponebant,</strong></span> <span class='ocrx_word' id='word_1_856' title='bbox 1764 5473 1815 5527; x_wconf 91' lang='lat' dir='ltr'><strong>in</strong></span> <span class='ocrx_word' id='word_1_857' title='bbox 1840 5475 1918 5544; x_wconf 86' lang='lat' dir='ltr'><strong>ip-</strong></span> 
     </span>
    </p>
   </div>
   <div class='ocr_carea' id='block_1_102' title="bbox 311 5550 1917 5631">
    <p class='ocr_par' dir='ltr' id='par_1_102' title="bbox 311 5550 1917 5631">
     <span class='ocr_line' id='line_1_102' title="bbox 311 5550 1917 5631; baseline 0.012 -32"><span class='ocrx_word' id='word_1_858' title='bbox 311 5550 410 5604; x_wconf 53' lang='lat' dir='ltr'><strong>-sis</strong></span> <span class='ocrx_word' id='word_1_859' title='bbox 439 5550 880 5614; x_wconf 81' lang='lat' dir='ltr'><strong>institutionibus,</strong></span> <span class='ocrx_word' id='word_1_860' title='bbox 913 5569 1032 5622; x_wconf 73' lang='lat' dir='ltr'><strong>qua:</strong></span> <span class='ocrx_word' id='word_1_861' title='bbox 1056 5556 1304 5625; x_wconf 90' lang='lat' dir='ltr'><strong>(Domino</strong></span> <span class='ocrx_word' id='word_1_862' title='bbox 1328 5558 1570 5630; x_wconf 89' lang='lat' dir='ltr'><strong>jubente)</strong></span> <span class='ocrx_word' id='word_1_863' title='bbox 1606 5576 1702 5631; x_wconf 89' lang='lat' dir='ltr'><strong>per</strong></span> <span class='ocrx_word' id='word_1_864' title='bbox 1735 5562 1917 5618; x_wconf 81' lang='lat' dir='ltr'><strong>Mosen</strong></span> 
     </span>
    </p>
   </div>
   <div class='ocr_carea' id='block_1_103' title="bbox 336 5641 1919 5719">
    <p class='ocr_par' dir='ltr' id='par_1_103' title="bbox 336 5641 1919 5719">
     <span class='ocr_line' id='line_1_103' title="bbox 336 5641 1919 5719; baseline 0.009 -26"><span class='ocrx_word' id='word_1_865' title='bbox 336 5641 656 5711; x_wconf 74' lang='lat' dir='ltr'><strong>conscripta:</strong></span> <span class='ocrx_word' id='word_1_866' title='bbox 685 5652 832 5709; x_wconf 87' lang='lat' dir='ltr'><strong>sunt,</strong></span> <span class='ocrx_word' id='word_1_867' title='bbox 865 5643 919 5697; x_wconf 89' lang='lat' dir='ltr'><strong>in</strong></span> <span class='ocrx_word' id='word_1_868' title='bbox 953 5644 1072 5711; x_wconf 82' lang='lat' dir='ltr'><strong>lege</strong></span> <span class='ocrx_word' id='word_1_869' title='bbox 1111 5646 1322 5702; x_wconf 91' lang='lat' dir='ltr'><strong>Domini</strong></span> <span class='ocrx_word' id='word_1_870' title='bbox 1362 5651 1646 5719; x_wconf 88' lang='lat' dir='ltr'><strong>reperitur.</strong></span> <span class='ocrx_word' id='word_1_871' title='bbox 1681 5652 1919 5717; x_wconf 86' lang='lat' dir='ltr'><strong>Qualiter</strong></span> 
     </span>
    </p>
   </div>
   <div class='ocr_carea' id='block_1_104' title="bbox 337 5733 1916 5810">
    <p class='ocr_par' dir='ltr' id='par_1_104' title="bbox 337 5733 1916 5810">
     <span class='ocr_line' id='line_1_104' title="bbox 337 5733 1916 5810; baseline 0.008 -25"><span class='ocrx_word' id='word_1_872' title='bbox 337 5746 466 5799; x_wconf 87' lang='lat' dir='ltr'><strong>ergo</strong></span> <span class='ocrx_word' id='word_1_873' title='bbox 489 5733 649 5787; x_wconf 88' lang='lat' dir='ltr'><strong>David</strong></span> <span class='ocrx_word' id='word_1_874' title='bbox 675 5749 857 5802; x_wconf 77' lang='lat' dir='ltr'><strong>regum</strong></span> <span class='ocrx_word' id='word_1_875' title='bbox 876 5734 1144 5803; x_wconf 88' lang='lat' dir='ltr'><strong>piissimus</strong></span> <span class='ocrx_word' id='word_1_876' title='bbox 1163 5738 1567 5807; x_wconf 86' lang='lat' dir='ltr'><strong>ampliticaverit</strong></span> <span class='ocrx_word' id='word_1_877' title='bbox 1581 5743 1780 5797; x_wconf 91' lang='lat' dir='ltr'><strong>cultum</strong></span> <span class='ocrx_word' id='word_1_878' title='bbox 1805 5744 1916 5810; x_wconf 89' lang='lat' dir='ltr'><strong>Dei,</strong></span> 
     </span>
    </p>
   </div>
   <div class='ocr_carea' id='block_1_105' title="bbox 344 5824 1919 5904">
    <p class='ocr_par' dir='ltr' id='par_1_105' title="bbox 344 5824 1919 5904">
     <span class='ocr_line' id='line_1_105' title="bbox 344 5824 1919 5904; baseline 0.006 -26"><span class='ocrx_word' id='word_1_879' title='bbox 344 5831 397 5878; x_wconf 84' lang='lat' dir='ltr'><strong>et</strong></span> <span class='ocrx_word' id='word_1_880' title='bbox 426 5824 680 5893; x_wconf 87' lang='lat' dir='ltr'><strong>templum</strong></span> <span class='ocrx_word' id='word_1_881' title='bbox 705 5825 914 5881; x_wconf 90' lang='lat' dir='ltr'><strong>Domini</strong></span> <span class='ocrx_word' id='word_1_882' title='bbox 937 5824 1199 5882; x_wconf 68' lang='lat' dir='ltr'><strong>aedificare</strong></span> <span class='ocrx_word' id='word_1_883' title='bbox 1226 5831 1408 5894; x_wconf 73' lang='lat' dir='ltr'><strong>voluit,</strong></span> <span class='ocrx_word' id='word_1_884' title='bbox 1431 5833 1522 5886; x_wconf 80' lang='lat' dir='ltr'><strong>sed</strong></span> <span class='ocrx_word' id='word_1_885' title='bbox 1545 5843 1762 5904; x_wconf 80' lang='lat' dir='ltr'><strong>propter</strong></span> <span class='ocrx_word' id='word_1_886' title='bbox 1785 5836 1919 5888; x_wconf 84' lang='lat' dir='ltr'><strong>mul-</strong></span> 
     </span>
    </p>
   </div>
   <div class='ocr_carea' id='block_1_106' title="bbox 2022 4647 3592 4732">
    <p class='ocr_par' dir='ltr' id='par_1_106' title="bbox 2022 4647 3592 4732">
     <span class='ocr_line' id='line_1_106' title="bbox 2022 4647 3592 4732; baseline 0.013 -33"><span class='ocrx_word' id='word_1_887' title='bbox 2022 4648 2109 4699; x_wconf 80' lang='lat' dir='ltr'><strong>vi?</strong></span> <span class='ocrx_word' id='word_1_888' title='bbox 2139 4647 2245 4702; x_wconf 86' lang='lat' dir='ltr'><strong>Sed</strong></span> <span class='ocrx_word' id='word_1_889' title='bbox 2272 4650 2466 4718; x_wconf 85' lang='lat' dir='ltr'><strong>respice</strong></span> <span class='ocrx_word' id='word_1_890' title='bbox 2496 4650 2563 4702; x_wconf 89' lang='lat' dir='ltr'><strong>ad</strong></span> <span class='ocrx_word' id='word_1_891' title='bbox 2582 4654 2865 4706; x_wconf 85' lang='lat' dir='ltr'><strong>orationem</strong></span> <span class='ocrx_word' id='word_1_892' title='bbox 2900 4658 3029 4709; x_wconf 84' lang='lat' dir='ltr'><strong>servi</strong></span> <span class='ocrx_word' id='word_1_893' title='bbox 3075 4662 3168 4725; x_wconf 83' lang='lat' dir='ltr'><strong>tui,</strong></span> <span class='ocrx_word' id='word_1_894' title='bbox 3218 4670 3267 4712; x_wconf 90' lang='lat' dir='ltr'><strong>et</strong></span> <span class='ocrx_word' id='word_1_895' title='bbox 3312 4662 3382 4714; x_wconf 90' lang='lat' dir='ltr'><strong>ad</strong></span> <span class='ocrx_word' id='word_1_896' title='bbox 3419 4681 3592 4732; x_wconf 83' lang='lat' dir='ltr'><strong>preces</strong></span> 
     </span>
    </p>
   </div>
   <div class='ocr_carea' id='block_1_107' title="bbox 2021 4736 3592 4822">
    <p class='ocr_par' dir='ltr' id='par_1_107' title="bbox 2021 4736 3592 4822">
     <span class='ocr_line' id='line_1_107' title="bbox 2021 4736 3592 4822; baseline 0.014 -34"><span class='ocrx_word' id='word_1_897' title='bbox 2021 4736 2151 4806; x_wconf 83' lang='lat' dir='ltr'><strong>ejus,</strong></span> <span class='ocrx_word' id='word_1_898' title='bbox 2183 4736 2402 4794; x_wconf 79' lang='lat' dir='ltr'><strong>Domine</strong></span> <span class='ocrx_word' id='word_1_899' title='bbox 2433 4739 2568 4793; x_wconf 88' lang='lat' dir='ltr'><strong>Deus</strong></span> <span class='ocrx_word' id='word_1_900' title='bbox 2607 4758 2765 4798; x_wconf 85' lang='lat' dir='ltr'><strong>meus.</strong></span> <span class='ocrx_word' id='word_1_901' title='bbox 2797 4744 2951 4811; x_wconf 81' lang='lat' dir='ltr'><strong>Audi,</strong></span> <span class='ocrx_word' id='word_1_902' title='bbox 2986 4746 3222 4815; x_wconf 88' lang='lat' dir='ltr'><strong>Domine,</strong></span> <span class='ocrx_word' id='word_1_903' title='bbox 3275 4752 3518 4822; x_wconf 80' lang='lat' dir='ltr'><strong>hymnum</strong></span> <span class='ocrx_word' id='word_1_904' title='bbox 3543 4769 3592 4810; x_wconf 89' lang='lat' dir='ltr'><strong>et</strong></span> 
     </span>
    </p>
   </div>
   <div class='ocr_carea' id='block_1_108' title="bbox 2023 4830 3593 4902">
    <p class='ocr_par' dir='ltr' id='par_1_108' title="bbox 2023 4830 3593 4902">
     <span class='ocr_line' id='line_1_108' title="bbox 2023 4830 3593 4902; baseline 0.015 -23"><span class='ocrx_word' id='word_1_905' title='bbox 2023 4830 2334 4898; x_wconf 82' lang='lat' dir='ltr'><strong>arationem,</strong></span> <span class='ocrx_word' id='word_1_906' title='bbox 2353 4848 2505 4902; x_wconf 87' lang='lat' dir='ltr'><strong>quam</strong></span> <span class='ocrx_word' id='word_1_907' title='bbox 2531 4849 2702 4887; x_wconf 81' lang='lat' dir='ltr'><strong>servus</strong></span> <span class='ocrx_word' id='word_1_908' title='bbox 2733 4846 2844 4890; x_wconf 87' lang='lat' dir='ltr'><strong>tuus</strong></span> <span class='ocrx_word' id='word_1_909' title='bbox 2875 4851 2992 4891; x_wconf 88' lang='lat' dir='ltr'><strong>orat</strong></span> <span class='ocrx_word' id='word_1_910' title='bbox 3019 4856 3194 4895; x_wconf 87' lang='lat' dir='ltr'><strong>coram</strong></span> <span class='ocrx_word' id='word_1_911' title='bbox 3236 4853 3285 4897; x_wconf 91' lang='lat' dir='ltr'><strong>te</strong></span> <span class='ocrx_word' id='word_1_912' title='bbox 3325 4846 3479 4900; x_wconf 81' lang='lat' dir='ltr'><strong>hodie</strong></span> <span class='ocrx_word' id='word_1_913' title='bbox 3500 4864 3517 4901; x_wconf 92' lang='lat'><strong><em>:</em></strong></span> <span class='ocrx_word' id='word_1_914' title='bbox 3538 4860 3593 4901; x_wconf 88' lang='lat' dir='ltr'><strong>ut</strong></span> 
     </span>
    </p>
   </div>
   <div class='ocr_carea' id='block_1_109' title="bbox 2021 4920 3589 5006">
    <p class='ocr_par' dir='ltr' id='par_1_109' title="bbox 2021 4920 3589 5006">
     <span class='ocr_line' id='line_1_109' title="bbox 2021 4920 3589 5006; baseline 0.014 -33"><span class='ocrx_word' id='word_1_915' title='bbox 2021 4920 2124 4974; x_wconf 88' lang='lat' dir='ltr'><strong>sint</strong></span> <span class='ocrx_word' id='word_1_916' title='bbox 2149 4923 2284 4975; x_wconf 89' lang='lat' dir='ltr'><strong>oculi</strong></span> <span class='ocrx_word' id='word_1_917' title='bbox 2312 4925 2382 4975; x_wconf 91' lang='lat' dir='ltr'><strong>tui</strong></span> <span class='ocrx_word' id='word_1_918' title='bbox 2426 4928 2591 4994; x_wconf 79' lang='lat' dir='ltr'><strong>aperti</strong></span> <span class='ocrx_word' id='word_1_919' title='bbox 2617 4944 2770 4994; x_wconf 86' lang='lat' dir='ltr'><strong>super</strong></span> <span class='ocrx_word' id='word_1_920' title='bbox 2796 4928 3000 4985; x_wconf 89' lang='lat' dir='ltr'><strong>domum</strong></span> <span class='ocrx_word' id='word_1_921' title='bbox 3038 4934 3171 4988; x_wconf 87' lang='lat' dir='ltr'><strong>hanc</strong></span> <span class='ocrx_word' id='word_1_922' title='bbox 3210 4949 3359 4993; x_wconf 89' lang='lat' dir='ltr'><strong>nocte</strong></span> <span class='ocrx_word' id='word_1_923' title='bbox 3397 4951 3448 4993; x_wconf 86' lang='lat' dir='ltr'><strong>et</strong></span> <span class='ocrx_word' id='word_1_924' title='bbox 3488 4941 3589 5006; x_wconf 86' lang='lat' dir='ltr'><strong>die,</strong></span> 
     </span>
    </p>
   </div>
   <div class='ocr_carea' id='block_1_110' title="bbox 2022 5013 3594 5099">
    <p class='ocr_par' dir='ltr' id='par_1_110' title="bbox 2022 5013 3594 5099">
     <span class='ocr_line' id='line_1_110' title="bbox 2022 5013 3594 5099; baseline 0.014 -35"><span class='ocrx_word' id='word_1_925' title='bbox 2022 5027 2174 5080; x_wconf 83' lang='lat' dir='ltr'><strong>super</strong></span> <span class='ocrx_word' id='word_1_926' title='bbox 2201 5013 2408 5068; x_wconf 88' lang='lat' dir='ltr'><strong>domum</strong></span> <span class='ocrx_word' id='word_1_927' title='bbox 2432 5017 2498 5069; x_wconf 88' lang='lat' dir='ltr'><strong>de</strong></span> <span class='ocrx_word' id='word_1_928' title='bbox 2525 5033 2621 5085; x_wconf 87' lang='lat' dir='ltr'><strong>qua</strong></span> <span class='ocrx_word' id='word_1_929' title='bbox 2649 5019 2824 5073; x_wconf 76' lang='lat' dir='ltr'><strong>dixisti</strong></span> <span class='ocrx_word' id='word_1_930' title='bbox 2850 5038 2867 5073; x_wconf 91' lang='lat'><em>:</em></span> <span class='ocrx_word' id='word_1_931' title='bbox 2893 5021 3009 5076; x_wconf 82' lang='lat' dir='ltr'><strong>Erit</strong></span> <span class='ocrx_word' id='word_1_932' title='bbox 3028 5041 3209 5080; x_wconf 85' lang='lat' dir='ltr'><strong>nomen</strong></span> <span class='ocrx_word' id='word_1_933' title='bbox 3234 5046 3396 5082; x_wconf 87' lang='lat' dir='ltr'><strong>meum</strong></span> <span class='ocrx_word' id='word_1_934' title='bbox 3425 5032 3516 5099; x_wconf 89' lang='lat' dir='ltr'><strong>ibi,</strong></span> <span class='ocrx_word' id='word_1_935' title='bbox 3539 5043 3594 5086; x_wconf 91' lang='lat' dir='ltr'><strong>ut</strong></span> 
     </span>
    </p>
   </div>
   <div class='ocr_carea' id='block_1_111' title="bbox 2019 5104 3595 5181">
    <p class='ocr_par' dir='ltr' id='par_1_111' title="bbox 2019 5104 3595 5181">
     <span class='ocr_line' id='line_1_111' title="bbox 2019 5104 3595 5181; baseline 0.015 -26"><span class='ocrx_word' id='word_1_936' title='bbox 2019 5104 2269 5158; x_wconf 74' lang='lat' dir='ltr'><strong>exaudias</strong></span> <span class='ocrx_word' id='word_1_937' title='bbox 2295 5108 2599 5173; x_wconf 87' lang='lat' dir='ltr'><strong>orationem,</strong></span> <span class='ocrx_word' id='word_1_938' title='bbox 2641 5129 2792 5181; x_wconf 88' lang='lat' dir='ltr'><strong>quam</strong></span> <span class='ocrx_word' id='word_1_939' title='bbox 2817 5125 2934 5168; x_wconf 89' lang='lat' dir='ltr'><strong>orat</strong></span> <span class='ocrx_word' id='word_1_940' title='bbox 2962 5117 3016 5170; x_wconf 86' lang='lat' dir='ltr'><strong>in</strong></span> <span class='ocrx_word' id='word_1_941' title='bbox 3037 5117 3148 5172; x_wconf 90' lang='lat' dir='ltr'><strong>loco</strong></span> <span class='ocrx_word' id='word_1_942' title='bbox 3191 5122 3290 5174; x_wconf 86' lang='lat' dir='ltr'><strong>isto</strong></span> <span class='ocrx_word' id='word_1_943' title='bbox 3321 5123 3390 5174; x_wconf 91' lang='lat' dir='ltr'><strong>ad</strong></span> <span class='ocrx_word' id='word_1_944' title='bbox 3415 5132 3463 5176; x_wconf 88' lang='lat' dir='ltr'><strong>te</strong></span> <span class='ocrx_word' id='word_1_945' title='bbox 3488 5142 3595 5180; x_wconf 82' lang='lat' dir='ltr'><strong>ser-</strong></span> 
     </span>
    </p>
   </div>
   <div class='ocr_carea' id='block_1_112' title="bbox 2021 5201 3595 5286">
    <p class='ocr_par' dir='ltr' id='par_1_112' title="bbox 2021 5201 3595 5286">
     <span class='ocr_line' id='line_1_112' title="bbox 2021 5201 3595 5286; baseline 0.017 -40"><span class='ocrx_word' id='word_1_946' title='bbox 2021 5211 2107 5248; x_wconf 81' lang='lat' dir='ltr'><strong>rus</strong></span> <span class='ocrx_word' id='word_1_947' title='bbox 2135 5205 2275 5259; x_wconf 73' lang='lat' dir='ltr'><strong>tuus,‘</strong></span> <span class='ocrx_word' id='word_1_948' title='bbox 2307 5210 2361 5251; x_wconf 88' lang='lat' dir='ltr'><strong>ut</strong></span> <span class='ocrx_word' id='word_1_949' title='bbox 2388 5201 2635 5256; x_wconf 75' lang='lat' dir='ltr'><strong>exaudias</strong></span> <span class='ocrx_word' id='word_1_950' title='bbox 2650 5204 3058 5274; x_wconf 86' lang='lat' dir='ltr'><strong>deprecationem</strong></span> <span class='ocrx_word' id='word_1_951' title='bbox 3077 5214 3207 5265; x_wconf 79' lang='lat' dir='ltr'><strong>servi</strong></span> <span class='ocrx_word' id='word_1_952' title='bbox 3238 5216 3329 5276; x_wconf 89' lang='lat' dir='ltr'><strong>tui,</strong></span> <span class='ocrx_word' id='word_1_953' title='bbox 3347 5225 3395 5268; x_wconf 91' lang='lat' dir='ltr'><strong>et</strong></span> <span class='ocrx_word' id='word_1_954' title='bbox 3420 5223 3595 5286; x_wconf 81' lang='lat' dir='ltr'><strong>populi</strong></span> 
     </span>
    </p>
   </div>
   <div class='ocr_carea' id='block_1_113' title="bbox 1957 5286 3563 5371">
    <p class='ocr_par' dir='ltr' id='par_1_113' title="bbox 1957 5286 3563 5371">
     <span class='ocr_line' id='line_1_113' title="bbox 1957 5286 3563 5371; baseline 0.016 -32"><span class='ocrx_word' id='word_1_955' title='bbox 1957 5340 1964 5348; x_wconf 70' lang='grc'><em>,</em></span> <span class='ocrx_word' id='word_1_956' title='bbox 2020 5288 2095 5340; x_wconf 90' lang='lat' dir='ltr'><strong>tui</strong></span> <span class='ocrx_word' id='word_1_957' title='bbox 2122 5286 2312 5353; x_wconf 78' lang='lat' dir='ltr'><strong>Israel,</strong></span> <span class='ocrx_word' id='word_1_958' title='bbox 2344 5293 2672 5366; x_wconf 88' lang='lat' dir='ltr'><strong>quodcunque</strong></span> <span class='ocrx_word' id='word_1_959' title='bbox 2707 5302 2958 5354; x_wconf 84' lang='lat' dir='ltr'><strong>oraverint</strong></span> <span class='ocrx_word' id='word_1_960' title='bbox 2983 5303 3036 5356; x_wconf 88' lang='lat' dir='ltr'><strong>in</strong></span> <span class='ocrx_word' id='word_1_961' title='bbox 3065 5305 3176 5357; x_wconf 92' lang='lat' dir='ltr'><strong>loco</strong></span> <span class='ocrx_word' id='word_1_962' title='bbox 3206 5307 3321 5371; x_wconf 89' lang='lat' dir='ltr'><strong>isto,</strong></span> <span class='ocrx_word' id='word_1_963' title='bbox 3353 5319 3400 5362; x_wconf 90' lang='lat' dir='ltr'><strong>et</strong></span> <span class='ocrx_word' id='word_1_964' title='bbox 3430 5327 3563 5364; x_wconf 77' lang='lat' dir='ltr'><strong>exau</strong></span> 
     </span>
    </p>
   </div>
   <div class='ocr_carea' id='block_1_114' title="bbox 2021 5373 3603 5469">
    <p class='ocr_par' dir='ltr' id='par_1_114' title="bbox 2021 5373 3603 5469">
     <span class='ocr_line' id='line_1_114' title="bbox 2021 5373 3603 5469; baseline 0.016 -37"><span class='ocrx_word' id='word_1_965' title='bbox 2021 5380 2141 5436; x_wconf 83' lang='lat' dir='ltr'><strong>dias</strong></span> <span class='ocrx_word' id='word_1_966' title='bbox 2165 5384 2218 5436; x_wconf 89' lang='lat' dir='ltr'><strong>in</strong></span> <span class='ocrx_word' id='word_1_967' title='bbox 2248 5384 2359 5438; x_wconf 90' lang='lat' dir='ltr'><strong>loco</strong></span> <span class='ocrx_word' id='word_1_968' title='bbox 2382 5386 2660 5442; x_wconf 86' lang='lat' dir='ltr'><strong>habitaculi</strong></span> <span class='ocrx_word' id='word_1_969' title='bbox 2689 5393 2757 5444; x_wconf 90' lang='lat' dir='ltr'><strong>tui</strong></span> <span class='ocrx_word' id='word_1_970' title='bbox 2788 5393 2841 5445; x_wconf 89' lang='lat' dir='ltr'><strong>in</strong></span> <span class='ocrx_word' id='word_1_971' title='bbox 2869 5394 3012 5458; x_wconf 69' lang='lat' dir='ltr'><strong>caelo,</strong></span> <span class='ocrx_word' id='word_1_972' title='bbox 3061 5405 3108 5447; x_wconf 89' lang='lat' dir='ltr'><strong>et</strong></span> <span class='ocrx_word' id='word_1_973' title='bbox 3136 5414 3249 5451; x_wconf 88' lang='lat' dir='ltr'><strong>cum</strong></span> <span class='ocrx_word' id='word_1_974' title='bbox 3279 5373 3603 5469; x_wconf 37' lang='lat' dir='ltr'><strong>exaudieris;</strong></span> 
     </span>
    </p>
   </div>
   <div class='ocr_carea' id='block_1_115' title="bbox 2022 5473 3587 5558">
    <p class='ocr_par' dir='ltr' id='par_1_115' title="bbox 2022 5473 3587 5558">
     <span class='ocr_line' id='line_1_115' title="bbox 2022 5473 3587 5558; baseline 0.016 -36"><span class='ocrx_word' id='word_1_975' title='bbox 2022 5473 2273 5541; x_wconf 89' lang='lat' dir='ltr'><strong>propitius</strong></span> <span class='ocrx_word' id='word_1_976' title='bbox 2302 5476 2421 5528; x_wconf 81' lang='lat' dir='ltr'><strong>eris.</strong></span> <span class='ocrx_word' id='word_1_977' title='bbox 2464 5475 2523 5530; x_wconf 88' lang='lat' dir='ltr'><strong>Si</strong></span> <span class='ocrx_word' id='word_1_978' title='bbox 2553 5483 2834 5547; x_wconf 80' lang='lat' dir='ltr'><strong>peccaverit</strong></span> <span class='ocrx_word' id='word_1_979' title='bbox 2863 5483 3012 5537; x_wconf 87' lang='lat' dir='ltr'><strong>homo</strong></span> <span class='ocrx_word' id='word_1_980' title='bbox 3037 5486 3087 5538; x_wconf 90' lang='lat' dir='ltr'><strong>in</strong></span> <span class='ocrx_word' id='word_1_981' title='bbox 3119 5490 3407 5556; x_wconf 74' lang='lat' dir='ltr'><strong>proximum</strong></span> <span class='ocrx_word' id='word_1_982' title='bbox 3428 5509 3587 5558; x_wconf 90' lang='lat' dir='ltr'><strong>suum,</strong></span> 
     </span>
    </p>
   </div>
   <div class='ocr_carea' id='block_1_116' title="bbox 2022 5562 3592 5646">
    <p class='ocr_par' dir='ltr' id='par_1_116' title="bbox 2022 5562 3592 5646">
     <span class='ocr_line' id='line_1_116' title="bbox 2022 5562 3592 5646; baseline 0.015 -34"><span class='ocrx_word' id='word_1_983' title='bbox 2022 5569 2071 5613; x_wconf 88' lang='lat' dir='ltr'><strong>et</strong></span> <span class='ocrx_word' id='word_1_984' title='bbox 2105 5562 2334 5619; x_wconf 87' lang='lat' dir='ltr'><strong>habuerit</strong></span> <span class='ocrx_word' id='word_1_985' title='bbox 2355 5567 2565 5636; x_wconf 89' lang='lat' dir='ltr'><strong>aliquod</strong></span> <span class='ocrx_word' id='word_1_986' title='bbox 2578 5569 2952 5640; x_wconf 87' lang='lat' dir='ltr'><strong>juramentum,</strong></span> <span class='ocrx_word' id='word_1_987' title='bbox 2969 5592 3066 5644; x_wconf 90' lang='lat' dir='ltr'><strong>quo</strong></span> <span class='ocrx_word' id='word_1_988' title='bbox 3088 5587 3318 5634; x_wconf 88' lang='lat' dir='ltr'><strong>teneatur</strong></span> <span class='ocrx_word' id='word_1_989' title='bbox 3339 5584 3592 5646; x_wconf 80' lang='lat' dir='ltr'><strong>astrictus,</strong></span> 
     </span>
    </p>
   </div>
   <div class='ocr_carea' id='block_1_117' title="bbox 2023 5657 3592 5730">
    <p class='ocr_par' dir='ltr' id='par_1_117' title="bbox 2023 5657 3592 5730">
     <span class='ocr_line' id='line_1_117' title="bbox 2023 5657 3592 5730; baseline 0.015 -25"><span class='ocrx_word' id='word_1_990' title='bbox 2023 5663 2071 5705; x_wconf 88' lang='lat' dir='ltr'><strong>et</strong></span> <span class='ocrx_word' id='word_1_991' title='bbox 2100 5657 2288 5709; x_wconf 81' lang='lat' dir='ltr'><strong>venerit</strong></span> <span class='ocrx_word' id='word_1_992' title='bbox 2318 5667 2526 5728; x_wconf 89' lang='lat' dir='ltr'><strong>propter</strong></span> <span class='ocrx_word' id='word_1_993' title='bbox 2547 5660 2896 5730; x_wconf 84' lang='lat' dir='ltr'><strong>juramentum</strong></span> <span class='ocrx_word' id='word_1_994' title='bbox 2919 5682 3095 5720; x_wconf 80' lang='lat' dir='ltr'><strong>coram</strong></span> <span class='ocrx_word' id='word_1_995' title='bbox 3124 5670 3281 5724; x_wconf 88' lang='lat' dir='ltr'><strong>altari</strong></span> <span class='ocrx_word' id='word_1_996' title='bbox 3308 5681 3391 5726; x_wconf 84' lang='lat' dir='ltr'><strong>tuo</strong></span> <span class='ocrx_word' id='word_1_997' title='bbox 3418 5674 3472 5727; x_wconf 88' lang='lat' dir='ltr'><strong>in</strong></span> <span class='ocrx_word' id='word_1_998' title='bbox 3500 5674 3592 5728; x_wconf 91' lang='lat' dir='ltr'><strong>do-</strong></span> 
     </span>
    </p>
   </div>
   <div class='ocr_carea' id='block_1_118' title="bbox 2026 5752 3594 5832">
    <p class='ocr_par' dir='ltr' id='par_1_118' title="bbox 2026 5752 3594 5832">
     <span class='ocr_line' id='line_1_118' title="bbox 2026 5752 3594 5832; baseline 0.013 -36"><span class='ocrx_word' id='word_1_999' title='bbox 2026 5760 2162 5797; x_wconf 84' lang='lat' dir='ltr'><strong>mum</strong></span> <span class='ocrx_word' id='word_1_1000' title='bbox 2193 5754 2349 5831; x_wconf 83' lang='lat' dir='ltr'><strong>tuam,</strong></span> <span class='ocrx_word' id='word_1_1001' title='bbox 2380 5760 2431 5803; x_wconf 88' lang='lat' dir='ltr'><strong>tu</strong></span> <span class='ocrx_word' id='word_1_1002' title='bbox 2459 5752 2700 5806; x_wconf 73' lang='lat' dir='ltr'><strong>exaudies</strong></span> <span class='ocrx_word' id='word_1_1003' title='bbox 2729 5754 2779 5808; x_wconf 90' lang='lat' dir='ltr'><strong>in</strong></span> <span class='ocrx_word' id='word_1_1004' title='bbox 2803 5756 2948 5821; x_wconf 78' lang='lat' dir='ltr'><strong>caelo,</strong></span> <span class='ocrx_word' id='word_1_1005' title='bbox 2973 5767 3022 5811; x_wconf 88' lang='lat' dir='ltr'><strong>et</strong></span> <span class='ocrx_word' id='word_1_1006' title='bbox 3052 5761 3233 5830; x_wconf 80' lang='lat' dir='ltr'><strong>facies,</strong></span> <span class='ocrx_word' id='word_1_1007' title='bbox 3261 5771 3308 5814; x_wconf 88' lang='lat' dir='ltr'><strong>et</strong></span> <span class='ocrx_word' id='word_1_1008' title='bbox 3335 5763 3594 5832; x_wconf 79' lang='lat' dir='ltr'><strong>judicabis</strong></span> 
     </span>
    </p>
   </div>
   <div class='ocr_carea' id='block_1_119' title="bbox 2025 5844 3611 5918">
    <p class='ocr_par' dir='ltr' id='par_1_119' title="bbox 2025 5844 3611 5918">
     <span class='ocr_line' id='line_1_119' title="bbox 2025 5844 3611 5918; baseline 0.016 -31"><span class='ocrx_word' id='word_1_1009' title='bbox 2025 5852 2192 5892; x_wconf 73' lang='lat' dir='ltr'><strong>servos</strong></span> <span class='ocrx_word' id='word_1_1010' title='bbox 2215 5848 2344 5904; x_wconf 82' lang='lat' dir='ltr'><strong>tuos,</strong></span> <span class='ocrx_word' id='word_1_1011' title='bbox 2366 5844 2709 5897; x_wconf 72' lang='lat' dir='ltr'><strong>condemnatis</strong></span> <span class='ocrx_word' id='word_1_1012' title='bbox 2734 5848 2964 5918; x_wconf 75' lang='lat' dir='ltr'><strong>impium,</strong></span> <span class='ocrx_word' id='word_1_1013' title='bbox 2989 5861 3036 5902; x_wconf 77' lang='lat' dir='ltr'><strong>et</strong></span> <span class='ocrx_word' id='word_1_1014' title='bbox 3057 5852 3271 5907; x_wconf 68' lang='grc' dir='ltr'><strong>γριΙιιεης</strong></span> <span class='ocrx_word' id='word_1_1015' title='bbox 3296 5874 3301 5879; x_wconf 94' lang='grc'><strong>·</strong></span> <span class='ocrx_word' id='word_1_1016' title='bbox 3327 5855 3424 5906; x_wconf 88' lang='lat' dir='ltr'><strong>iam</strong></span> <span class='ocrx_word' id='word_1_1017' title='bbox 3449 5873 3611 5915; x_wconf 61' lang='lat' dir='ltr'><strong>suam.</strong></span> 
     </span>
    </p>
   </div>
  </div>
