4124 6460
567 356 639 417 i9
1625 364 1714 421 AD
1750 363 2113 423 EPISTOLAS

2234 368 2401 425 LICIS
2439 371 2638 428 ΡᾹΡᾸΞ
2676 376 2739 430 IV
3747 385 3816 443 30

569 491 726 544 super
743 482 898 545 caput
922 475 1053 545 ejvs,
1079 479 1474 549 justiﬁcansque
1493 488 1709 549 justum,
1736 486 1786 534 et
1807 481 2146 536 retribuensei
2175 486 2217 539 Α
2247 498 2369 550 rem,
2394 495 2450 538 ut
2473 489 2579 540 sint
2604 488 2737 542 oculi
2762 490 2834 542 tui
2857 493 3021 556 aperti
3045 488 3126 553 ad
3140 492 3548 563 deprecationem
3584 499 3713 555 serti
3741 501 3815 554 tui

569 563 848 619 secundum
862 560 1115 634 jnsi'itiam
1136 583 1300 621 suam.
1322 568 1381 623 Si
1398 570 1584 639 fugerit
1606 572 1957 641 populus‘tuus
1974 571 2141 626 Israel

567 651 801 706 inimicos
822 669 939 708 suos
976 654 1115 726 (quia
1135 667 1434 726 peccaturus
1454 670 1528 713 est
1555 659 1670 732 tibi)
1691 671 1741 715 et
1760 672 1965 733 agentes
1979 663 2142 733 paeni-

569 743 801 806 tentiam,
833 752 881 796 et
911 747 1211 813 conﬁtentes
1232 751 1427 803 nomini
1457 761 1561 819 tuo,
1587 754 1834 819 venerint,
1877 761 1926 806 et
1963 771 2139 808 orave-

566 833 688 890 rint,
713 840 765 884 et
789 833 1046 902 deprecati
1073 846 1121 888 te
1139 837 1329 907 fuerint
1346 840 1400 892 in
1422 840 1573 895 domo
1590 841 1703 903 hac,
1725 843 1914 896 exaudi
1925 844 1980 896 in
1992 845 2136 908 caelo,

566 929 615 972 et
640 921 838 975 dimitte
863 933 1122 992 peccatum
1141 928 1318 996 populi
1340 931 1411 983 tui
1433 928 1621 994 Israel,
1651 943 1698 985 et
1728 932 1934 986 reduces
1979 950 2064 988 eos
2085 935 2139 987 in

567 1020 759 1064 terram
804 1028 957 1083 quam
1014 1014 1201 1091 dedisti
1246 1018 1477 1088 patribus
1527 1037 1722 1075 eorum.
1786 1022 1848 1077 Si
1907 1025 2139 1079 clausum

570 1101 722 1168 fuerit
767 1103 948 1157 calum
992 1116 1041 1158 et
1087 1123 1192 1161 non
1237 1109 1422 1179 pluerit
1486 1122 1695 1183 propter
1737 1124 1998 1184 peccatum
2048 1134 2139 1172 eo-

568 1207 700 1255 rum,
731 1202 781 1251 et
806 1205 1015 1249 orantes
1059 1199 1113 1251 in
1153 1199 1267 1253 loco
1305 1201 1405 1255 ista
1436 1204 1788 1273 paenitentiam
1824 1207 2020 1276 egerint
2047 1224 2143 1262 no-

567 1284 695 1336 mini
733 1293 840 1349 tuo,
878 1297 928 1339 et
964 1305 996 1341 a
1034 1293 1255 1357 peccatis
1294 1294 1400 1346 suis
1437 1296 1664 1347 conversi
1706 1297 1897 1368 fuerint
1934 1308 2140 1369 propter

567 1371 892 1440 aﬂlictionem
919 1393 1085 1439 suam,
1121 1382 1309 1435 exaudi
1339 1399 1424 1436 eos
1452 1383 1505 1437 in
1534 1384 1681 1452 caelo,
1715 1396 1765 1439 et
1800 1387 1997 1443 dimitte
2023 1408 2140 1460 pec-

483 1462 493 1477 ‘
567 1472 682 1515 cata
708 1479 969 1519 servorum
998 1477 1220 1536 tuorum,
1249 1482 1298 1524 et
1323 1474 1496 1541 populi
1534 1475 1607 1527 tui
1644 1475 1834 1544 Israel,
1857 1488 1908 1531 et
1932 1482 2140 1536 ostende

566 1553 638 1607 eis
658 1555 791 1608 viam
819 1556 1026 1623 bonam,
1047 1578 1141 1630 per
1166 1579 1319 1633 quam
1345 1564 1621 1627 ambulent,
1647 1577 1695 1621 et
1715 1569 1782 1623 da
1806 1573 2027 1638 pluviam
2054 1590 2115 1627 sur

567 1659 657 1708 per
690 1653 898 1711 terram,
928 1665 1081 1719 quam
1109 1651 1511 1724 dedisti'populo
1552 1648 1714 1711 tuoin
1740 1663 2130 1728 possessionem.

571 1730 758 1787 Fames
798 1737 843 1789 si
887 1737 1068 1793 oborta
1116 1743 1267 1799 fuerit
1298 1745 1353 1797 in
1391 1754 1546 1813 terra,
1586 1759 1676 1802 aut
1708 1753 2016 1820 pestilentia,
2046 1764 2136 1809 aut

2241 582 2291 626 et
2324 575 2498 644 populi
2528 578 2616 656 tui
2639 575 2810 631 Israel
2832 586 2883 631 et
2907 580 3153 635 exaudies
3186 594 3272 637 eos
3306 585 3361 637 in
3402 587 3650 641 universis
3670 627 3685 651 ,
3718 605 3812 656 pro

2240 663 2420 733 quibus
2447 651 2879 722 invocaverint‘te.
2911 667 2986 722 Tu
3012 673 3148 725 enim
3174 677 3427 743 separasti
3451 693 3536 731 eos
3567 678 3618 731 in
3647 678 3811 733 luere-

2243 754 2454 809 ditatem
2476 757 2539 810 de
2558 759 2808 813 universis
2832 761 3033 831 populis
3068 772 3234 827 terrae,
3268 766 3401 819 sicut
3421 765 3620 821 locutus
3646 785 3701 822 es
3723 787 3814 839 per

2241 843 2424 898 Mosen
2444 863 2643 900 servum
2676 857 2834 914 tuum,
2858 852 3061 921 quando
3081 853 3304 907 eduxisti
3326 864 3501 925 patres
3527 867 3729 914 nostros
3750 860 3814 913 de

2241 939 2379 988 terra
2417 934 2636 1007 Egypti
2681 936 2978 1011 (zEgypto),
3017 938 3235 996 Domine
3274 941 3433 998 Deus.
3478 943 3701 1000 Factum
3737 957 3811 1003 est

2242 1034 2432 1093 autem,
2456 1043 2568 1080 cum
2591 1028 2892 1098 complesset
2929 1031 3177 1086 Salomon
3205 1051 3362 1088 orans
3393 1035 3671 1091 Dominum
3700 1056 3809 1093 om-

2241 1131 2355 1169 nem
2377 1118 2661 1172 orationem
2682 1127 2731 1172 et
2751 1120 3162 1190 deprecationem
3185 1124 3334 1189 hanc,
3359 1129 3583 1180 surrexit
3604 1127 3668 1181 de
3687 1145 3810 1182 con-

2239 1219 2413 1275 spectu
2441 1208 2623 1264 altaris
2651 1208 2881 1265 Domini.
2915 1212 3194 1287 Utrumque
3228 1218 3365 1271 enim
3406 1236 3535 1289 genu
3572 1220 3627 1274 in
3672 1232 3806 1276 terra

2239 1296 2446 1366 ﬁxerat.
2471 1309 2521 1352 et
2540 1316 2722 1356 manus
2742 1306 3063 1373 expanderat
3088 1308 3157 1359 ad
3182 1308 3383 1363 caelum.
3420 1309 3575 1364 Stetit
3593 1328 3734 1382 ergo,
3758 1321 3809 1367 ct

2241 1387 2499 1444 benedixit
2532 1394 2671 1446 omni
2706 1395 2934 1450 ecclesia:
2964 1395 3161 1463 Israel,
3208 1417 3327 1455 voce
3358 1419 3550 1473 magna
3579 1405 3753 1458 dicens
3784 1423 3802 1459 :

2241 1477 2541 1535 Benedictus
2582 1482 2860 1551 Dominus,
2903 1487 2989 1558 qui
3035 1489 3176 1543 dedit
3222 1494 3444 1562 requiem
3483 1496 3670 1565 populo
3711 1514 3804 1552 suo

2212 1569 2410 1640 Israel
2440 1573 2595 1643 juxta
2636 1577 2809 1630 omnia
2844 1594 2959 1648 qua:
3000 1580 3197 1634 locutus
3237 1591 3342 1646 est;
3382 1602 3483 1638 non
3519 1587 3702 1640 cecidit
3741 1605 3806 1642 ne

2236 1674 2368 1714 unus
2391 1662 2593 1731 quidem
2612 1680 2780 1718 sermo
2801 1666 2855 1719 in
2883 1667 3115 1722 omnibus
3141 1669 3227 1741 (ex
3253 1673 3484 1726 omnibus
3508 1672 3671 1744 bonis)
3695 1691 3806 1746 qua

2237 1751 2431 1805 locutus
2459 1762 2536 1806 est
2554 1769 2646 1822 per
2665 1753 2845 1810 Mosen
2874 1774 3071 1812 servum
3098 1776 3262 1815 suum.
3293 1762 3376 1817 Sit
3398 1760 3646 1818 Dominus
3670 1764 3804 1820 Deus

567 1836 834 1892 romulus
863 1845 971 1895 aer.
999 1845 1088 1885 aut
1114 1850 1306 1907 wmgo,
1344 1846 1433 1891 aut
1471 1841 1685 1907 locusta,
1727 1845 1803 1899 vel
1846 1847 2043 1918 rubigo,
2087 1860 2136 1903 et
2172 1840 2212 1899 Β
2239 1852 2412 1896 noster
2440 1844 2726 1913 nobiscum,
2756 1848 2887 1900 sicut
2924 1850 3021 1920 fuit
3052 1867 3165 1904 cum
3201 1856 3429 1922 patribus
3464 1858 3671 1920 nostris,
3703 1873 3803 1911 non

558 1916 805 1985 a/flixerit
830 1938 949 1976 eum
971 1925 1208 1980 inimicus
1227 1929 1337 1998 ejus
1359 1940 1535 2000 portas
1557 1936 1815 2005 obsidens,
1837 1941 2001 1994 omnis
2021 1942 2136 2013 pla-

566 2024 650 2075 ga,
682 2012 918 2066 universa
956 2015 1256 2085 inﬁrmitas,
1287 2032 1565 2093 cunctaque
1589 2027 1844 2083 devotatio
1869 2041 1919 2083 et
1944 2032 2135 2103 impre—

566 2098 721 2160 catio,
747 2117 862 2170 qua:
890 2105 1132 2158 acciderit
1154 2112 1293 2163 omni
1321 2111 1512 2166 homini
1534 2114 1596 2168 de
1615 2117 1801 2185 populo
1824 2129 1907 2173 tuo
1938 2098 2135 2191 Israel;

566 2185 608 2239 si
635 2189 747 2256 quis
775 2196 1038 2260 agnoverit
1064 2197 1271 2268 plagam
1300 2202 1471 2257 cordis
1499 2205 1598 2269 sui,
1619 2213 1667 2258 et
1687 2209 1991 2277 expanderit
2021 2185 2135 2266 ma;

567 2293 664 2335 nus
702 2296 822 2334 suas
862 2284 912 2335 iu
961 2286 1112 2340 domo
1152 2289 1267 2351 hac,
1301 2300 1353 2343 tu
1390 2295 1724 2351 exaudies.in
1765 2300 1909 2365 caelo,
1941 2303 1995 2355 in
2025 2303 2136 2358 loco

569 2368 897 2427 habitationis
922 2385 1053 2441 tum,
1096 2390 1145 2432 et
1181 2385 1617 2452 repropitiaberis,
1654 2399 1704 2442 et
1744 2393 1923 2460 facies,
1953 2402 2009 2447 ut
2049 2396 2137 2451 des

566 2462 835 2534 unicuique
862 2469 1139 2523 secundum
1166 2489 1341 2528 omnes
1369 2477 1478 2529 vias
1510 2494 1648 2542 suas,
1678 2481 1808 2533 sicut
1836 2483 2021 2538 videris
2050 2502 2138 2540 cor

563 2549 673 2620 ejus
703 2553 842 2623 (quia
870 2563 925 2608 tu
953 2560 1086 2612 nosti
1122 2562 1262 2615 solas
1302 2580 1391 2618 cor
1429 2568 1657 2621 omnium
1695 2570 1921 2638 ﬁliorum
1966 2575 2134 2631 homi-

563 2646 738 2712 num);
768 2658 823 2702 ut
851 2651 1065 2705 timeant
1087 2662 1137 2708 te
1160 2659 1559 2713 sunctis‘diebus
1585 2661 1764 2730 quibus
1791 2666 1958 2719 vivunt
1984 2683 2137 2737 super

488 2738 497 2743 “
562 2736 747 2804 faciem
776 2746 951 2806 terrm,
985 2758 1138 2812 quam
1178 2745 1366 2800 dedisti
1405 2749 1638 2816 patribus
1674 2756 1882 2808 nostris.
1915 2736 2136 2827 Insuper

561 2836 610 2881 et
637 2827 948 2900 alienigena,
977 2835 1065 2904 qui
1092 2852 1195 2890 non
1231 2847 1307 2891 est
1348 2840 1411 2892 de
1443 2843 1630 2911 populo
1673 2853 1757 2899 tuo
1800 2843 1986 2909 Israel,
2020 2864 2133 2903 cum

562 2921 754 2976 venerit
771 2921 835 2974 de
856 2930 993 2976 terra
1013 2927 1292 2998 longinqua
1319 2941 1526 3002 propter
1549 2950 1731 2989 nomen
1764 2946 1902 2992 tuum
1932 2940 2133 3009 (audie-

560 3015 645 3063 tur
662 3010 799 3065 enim
823 3027 1006 3067 nomen
1034 3025 1461 3091 tuum.magnum,
1484 3033 1534 3077 et
1560 3041 1745 3081 manus
1773 3036 1859 3081 tua
1884 3032 2053 3099 fortis,
2085 3042 2134 3085 et

559 3094 821 3155 brachium
854 3112 993 3157 tuum
1019 3119 1277 3164 extentum
1305 3112 1531 3186 ubique),
1559 3133 1673 3171 cum
1697 3094 1894 3174 venerit
1915 3139 2055 3192 ergo,
2086 3134 2134 3178 et

2240 1929 2617 2002 derelinquens,
2647 1950 2813 2005 neque
2844 1937 3143 2008 projiciens,
3173 1942 3264 1995 sed
3285 1945 3493 2002 inclinet
3521 1946 3677 1999 corda
3712 1963 3805 1999 uo-

2237 2028 2346 2073 stra
2368 2020 2437 2074 ad
2457 2038 2533 2087 se,
2554 2032 2613 2076 ut
2629 2023 2941 2081 ambulemus
2960 2029 3015 2081 in
3040 2031 3288 2086 universis
3313 2033 3405 2086 viis
3424 2034 3554 2103 ejus,
3575 2045 3625 2089 et
3644 2045 3806 2090 custo-

2238 2110 2439 2166 diamus
2457 2113 2706 2167 mandata
2735 2116 2866 2186 ejus,
2895 2127 2945 2171 et
2973 2121 3323 2187 caeremonias,
3349 2131 3401 2176 et
3419 2123 3641 2194 judicia,
3664 2142 3801 2197 qua:-

2238 2215 2432 2269 cunque
2458 2203 2717 2257 mandavit
2736 2205 2966 2275 patribus
2993 2210 3203 2277 nostris,
3230 2219 3281 2264 et
3306 2213 3410 2266 sint
3429 2229 3684 2269 sermones
3707 2217 3805 2270 mei

2239 2291 2342 2352 isti,
2367 2291 2547 2361 quibus
2577 2294 2877 2364 deprecatus
2901 2315 3014 2353 sum
3041 2314 3215 2356 coram
3248 2302 3491 2370 Domino,
3527 2309 3803 2377 appropin-

2230 2395 2448 2456 quantes
2478 2387 2699 2443 Domino
2724 2390 2834 2446 Deo
2862 2404 3037 2447 nostro
3065 2395 3151 2449 die
3174 2413 3236 2449 ac
3263 2408 3429 2465 nocte,
3459 2409 3515 2452 ut
3534 2401 3695 2470 faciat
3711 2401 3801 2471 ju-

2237 2474 2425 2529 dicium
2445 2492 2588 2531 servo
2609 2495 2720 2543 suo,
2745 2490 2793 2533 et
2811 2484 2997 2552 populo
3012 2500 3104 2538 suo
3127 2483 3295 2540 Israel
3315 2503 3405 2557 per
3422 2489 3650 2559 singulos
3671 2490 3801 2557 dies,

2235 2574 2285 2618 et
2319 2568 2485 2620 sciant
2523 2584 2699 2623 omnes
2739 2572 2926 2641 populi
2952 2583 3120 2639 terrm,
3151 2576 3270 2645 quia
3297 2575 3549 2630 Dominus
3579 2580 3688 2649 ipse
3728 2588 3804 2633 cst

2240 2656 2394 2720 Deus,
2425 2668 2475 2712 et
2501 2675 2603 2713 non
2625 2669 2701 2714 est
2727 2661 2867 2714 ultra
2900 2663 3088 2735 absque
3127 2681 3207 2718 eo.
3240 2664 3323 2720 Sit
3349 2683 3543 2738 quoque
3579 2685 3668 2722 cor
3703 2686 3800 2723 no-

2234 2760 2394 2804 strum
2421 2753 2701 2822 perfectum
2728 2771 2841 2808 cum
2872 2753 3093 2811 Domina
3124 2755 3232 2812 Deo
3262 2766 3459 2826 nostro,
3487 2769 3543 2812 ut
3571 2758 3799 2815 ambule-

2233 2858 2345 2897 mus
2366 2845 2419 2897 in
2440 2843 2653 2898 decretis
2673 2844 2805 2923 ejus,
2831 2856 2881 2900 et
2902 2849 3247 2903 custodiamus
3275 2850 3523 2903 mandata
3542 2851 3650 2921 ejus
3672 2852 3801 2906 sicut

2233 2942 2282 2986 et
2304 2934 2470 2987 hodie.
2499 2933 2671 3006 Igitur
2691 2952 2783 2990 rea:
2804 2946 2852 2989 et
2875 2940 3040 2993 omnis
3064 2937 3234 2994 Israel
3254 2956 3366 2993 cum
3387 2957 3446 2994 eo
3466 2940 3801 2995 immolabant

2233 3024 2462 3078 victimas
2491 3041 2663 3079 coram
2687 3025 2929 3082 Domino.
2962 3028 3304 3102 Mactavitque
3327 3029 3586 3086 Salomon.
3606 3035 3800 3088 hostias

2233 3118 2500 3186 paciﬁcus,
2543 3118 2669 3189 quas
2704 3120 2983 3173 immolavit
3009 3119 3263 3187 ‘Domino,
3302 3123 3452 3176 boum
3484 3123 3663 3192 viginti
3694 3123 3798 3176 ιιι-ο

558 3191 781 3244 oraverit
802 3192 855 3244 in
876 3193 1121 3261 (aeoliae,
1151 3208 1204 3252 tu
1224 3205 1469 3259 exaudies
1483 3207 1541 3259 in
1561 3208 1706 3273 caelo,
1732 3210 1787 3263 in
1806 3189 2131 3279 ﬁrmamento
2157 3189 2201 3251 (ἶ
2233 3209 2417 3276 millia,
2445 3220 2494 3263 et
2515 3212 2681 3264 ovium
2714 3220 2913 3265 centum
2944 3212 3123 3282 viginti
3152 3213 3335 3279 millia,
3360 3222 3410 3266 et
3441 3212 3798 3268 dedicaverunt

560 3276 843 3343 habitaculi
865 3287 967 3353 tui,
985 3299 1035 3341 et
1058 3292 1217 3359 facies
1244 3296 1417 3349 omnia
1444 3313 1537 3365 pro
1556 3299 1734 3369 quibus
1759 3276 2063 3358 invocaverit
2085 3316 2131 3360 te

559 3367 873 3442 alienigena,
897 3386 952 3430 ut
980 3379 1182 3435 discant
1208 3386 1434 3440 universi
1461 3367 1635 3457 populi
1665 3388 1918 3449 terrarum
1944 3413 2127 3452 nomen

559 3467 698 3517 tuum
723 3466 916 3536 timere,
940 3473 1073 3525 sicut
1099 3477 1316 3545 populus
1345 3477 1545 3536 Israel:
1570 3493 1619 3537 et
1648 3487 1859 3556 probent
1881 3492 2001 3559 quia
2028 3509 2125 3547 no-

558 3568 671 3610 men
701 3564 841 3613 tuum
860 3562 1148 3618 invocatum
1165 3577 1242 3620 est
1260 3584 1412 3636 super
1430 3571 1635 3628 domum
1655 3576 1806 3643 hanc,
1829 3595 1980 3650 quam
2000 3582 2128 3637 cedi-

558 3645 725 3714 ﬁcaui.
756 3648 818 3703 Si
851 3666 1085 3721 egressus
1126 3657 1280 3725 fuerit
1305 3661 1523 3730 populus
1552 3671 1666 3718 tuus
1693 3666 1763 3719 ad
1788 3645 1971 3724 bellum
1999 3688 2124 3726 con»-

557 3744 637 3793 ενα
653 3739 889 3796 inimicos
910 3759 1048 3808 suos,
1071 3762 1163 3815 per
1182 3748 1317 3802 viam
1340 3767 1635 3825 quocunque
1660 3758 1859 3812 miseris
1878 3776 1982 3826 eos,
2006 3779 2127 3816 ora-

555 3826 681 3885 bunt
709 3838 757 3882 te
793 3838 974 3893 centra
1003 3834 1138 3888 viam
1178 3837 1398 3893 civitatis
1436 3858 1589 3912 quam
1620 3829 1837 3916 elegisti,
1868 3858 1917 3903 et
1944 3859 2125 3904 contra
2170 3902 2177 3907 .

556 3918 761 3974 domum
801 3938 955 3992 quam
992 3926 1247 3995 aediﬁcavi
1295 3933 1492 3986 nomini
1530 3943 1644 3999 tuo,
1687 3947 1737 3990 et
1782 3941 2027 3995 exaudies
2069 3944 2125 3996 in

555 4008 678 4067 caelo
705 4014 1192 4084 orationemLeorum
1221 4030 1271 4073 et
1299 4038 1471 4090 preces
1493 4040 1687 4091 eorum,
1715 4038 1764 4083 et
1797 4033 1955 4100 facies
1974 4034 2123 4103 judi-

556 4101 687 4155 cium
715 4119 910 4159 eorum.
962 4105 1112 4170 Quod
1149 4111 1195 4164 si
1230 4117 1550 4182 peccaverint
1585 4118 1674 4172 tibi
1713 4122 1836 4191 (non
1874 4132 1950 4176 est
1978 4101 2125 4179 enim

556 4191 705 4249 homo
732 4197 817 4265 qui
847 4213 947 4251 non
977 4202 1193 4269 peccet),
1221 4213 1271 4256 et
1293 4206 1455 4260 iratus
1489 4206 1763 4265 tradideris
1790 4230 1875 4268 eos
1903 4214 2125 4271 inimicis

554 4282 679 4355 suis,
701 4293 750 4336 et
768 4288 955 4353 captivi
978 4287 1119 4341 ducti
1141 4293 1327 4360 fuerint
1347 4295 1402 4349 in
1424 4306 1611 4352 terram
1634 4301 1958 4356 inimicorum
1975 4304 2125 4376 longe

553 4370 631 4431 vel
660 4389 837 4444 prope,
866 4385 915 4428 et
945 4380 1139 4447 egerint
1164 4383 1512 4450 paenitentiam
1547 4389 1602 4442 in
1631 4391 1785 4445 corde
1810 4407 1901 4446 suo
1929 4394 1983 4448 in
2012 4370 2124 4450 loco

553 4464 887 4533 captivitatis,
915 4476 962 4519 et
989 4474 1219 4526 conversi
1246 4475 1503 4544 deprecati
1532 4481 1722 4550 fuerint
1750 4491 1797 4536 te
1824 4485 1878 4537 in
1908 4488 2121 4555 captivi-

2232 3301 2472 3370 templum
2499 3298 2708 3353 Domini
2732 3317 2824 3354 rea:
2849 3310 2899 3354 et
2925 3301 3024 3369 ﬁlii
3054 3299 3244 3355 Israel.
3285 3301 3349 3355 In
3379 3302 3462 3356 die
3488 3303 3585 3357 illa,
3605 3304 3797 3360 sancti-

2229 3390 2402 3458 ﬁcavit
2426 3405 2519 3442 rex
2552 3389 2775 3442 medium
2808 3390 2950 3454 atrii,
2981 3389 3115 3459 quod
3156 3400 3265 3443 erat
3294 3390 3652 3467 antedomum
3688 3390 3796 3444 Do-

2229 3480 2374 3534 mini.
2420 3478 2565 3533 Fecit
2599 3487 2769 3531 autem
2797 3478 2870 3532 ibi
2897 3479 3267 3546 holocaustum,
3296 3489 3343 3533 et
3379 3481 3711 3549 sacriﬁcium,
3748 3487 3797 3534 vt

2227 3573 2432 3642 adipem
2460 3572 2824 3641 paciﬁcorum;
2852 3572 2972 3642 quia
3009 3572 3173 3625 altare
3200 3589 3392 3626 terteum
3416 3573 3550 3644 quod
3577 3584 3687 3626 erat
3708 3589 3796 3626 co-

2227 3680 2339 3716 ram
2366 3661 2610 3729 Domino,
2633 3663 2803 3716 minus
2826 3672 2956 3722 erat,
2986 3671 3036 3715 et
3079 3680 3259 3731 capere
3286 3680 3391 3718 non
3428 3672 3626 3733 poterat
3654 3664 3799 3716 holo-

2227 3763 2479 3819 caustum,
2507 3762 2557 3806 et
2578 3753 2909 3824 sacriﬁcium,
2941 3762 2991 3807 et
3031 3754 3232 3824 adipem
3259 3754 3608 3824 paciﬁcorum.
3650 3751 3798 3806 Fecit

2226 3861 2346 3916 ergo
2376 3844 2623 3899 Salomon
2652 3846 2706 3899 in
2736 3852 2960 3915 tempore
2987 3838 3075 3898 illo
3102 3845 3426 3915 festivitatem
3457 3844 3720 3913 celebrem,
3750 3856 3799 3899 et

2226 3938 2393 3991 omnis
2441 3935 2610 3991 Israel
2657 3952 2772 3989 cum
2820 3952 2898 3994 eo,
2941 3934 3211 3987 multitudo
3252 3949 3443 4004 magna
3486 3932 3549 3986 ab
3587 3934 3797 3987 introitu

2226 4028 2417 4083 Emam
2445 4044 2604 4096 usque
2631 4027 2699 4080 ad
2724 4027 2884 4079 rivum
2901 4022 3120 4094 Egypti
3140 4041 3313 4078 caram
3337 4023 3553 4079 Domino
3580 4024 3683 4077 Deo
3704 4040 3798 4077 no-

2226 4133 2334 4178 stro
2360 4132 2551 4192 septem
2585 4117 2762 4173 diebus
2789 4126 2838 4171 et
2855 4125 3044 4187 septem
3074 4115 3269 4179 diebus,
3311 4116 3368 4169 id
3389 4125 3466 4170 est
3493 4115 3800 4188 quatuorde-

2226 4214 2322 4266 cim
2353 4214 2546 4273 diebus,
2576 4218 2643 4261 .et
2691 4209 2747 4260 in
2790 4207 2875 4261 die
2897 4214 3085 4266 ,octara
3123 4206 3326 4285 dimisit.
3369 4205 3602 4276 populos.
3631 4203 3798 4259 Judmi

2225 4317 2354 4370 ergo
2391 4302 2509 4357 loca
2556 4300 2609 4353 in
2655 4299 2849 4368 quibus
2904 4297 3130 4352 Domino
3180 4297 3553 4352 sacrilicabant
3608 4295 3800 4349 divinis

2226 4391 2493 4446 habebant
2527 4386 3003 4458 supplicationibus
3029 4395 3342 4441 consecrata
3373 4384 3800 4455 (supplicationi-

2225 4484 2325 4537 bus
2351 4479 2781 4548 consecrabant),
2807 4491 2909 4531 ncc
2938 4477 2990 4530 in
3019 4475 3136 4530 aliis
3182 4491 3339 4541 quam
3388 4476 3442 4529 in
3473 4474 3585 4529 Deo
3613 4474 3804 4528 dicatis

554 4558 659 4607 tate
691 4567 806 4617 sua,
837 4556 1105 4611 dicentes:
1137 4560 1494 4633 Peccavimus,
1528 4569 1699 4641 inique
1726 4572 1943 4642 egimus,
1972 4576 2126 4647 impie

2231 4570 2363 4626 locis
2386 4584 2610 4624 munera
2639 4567 2865 4621 Domino
2888 4565 3204 4621 edet-ebant.
3236 4564 3290 4619 Si
3322 4565 3462 4619 enim
3492 4562 3681 4632 Juda‘i,
3709 4563 3800 4632 qui

551 4640 817 4711 gessimus,
847 4656 896 4700 et
915 4651 1102 4703 reversi
1124 4652 1311 4721 fuerint
1331 4655 1401 4708 ad
1421 4665 1466 4710 te
1489 4658 1544 4712 in
1574 4662 1808 4716 universo
1833 4664 1986 4718 corde
2009 4682 2127 4733 suo,

551 4741 602 4795 et
622 4742 727 4793 tota
748 4737 921 4793 anima
940 4754 1056 4805 sua,
1070 4742 1123 4793 in
1145 4752 1279 4797 terra
1298 4746 1623 4803 inimicorum
1640 4767 1868 4816 suorum,
1887 4755 1956 4807 ad
1974 4771 2127 4824 quam

553 4826 739 4893 captivi
768 4826 908 4882 ducti
934 4832 1161 4901 fuerant,
1186 4847 1235 4890 et
1261 4842 1483 4893 oraverit
1512 4849 1561 4895 te
1587 4854 1769 4898 contra
1804 4846 1939 4899 viam
1973 4857 2126 4903 terra:

554 4931 685 4982 sate,
723 4934 876 4986 quam
913 4920 1100 4977 dedisti
1137 4928 1369 4995 patribus
1408 4947 1603 4993 eorum.
1638 4944 1689 4987 et
1711 4934 1934 5011 .civitatis
1972 4954 2125 5009 quam

551 5007 771 5077 elegisti,
796 5019 846 5064 et
866 5014 1042 5083 templi
1085 5018 1221 5086 quod
1241 5019 1494 5089 aediﬁcavi
1516 5007 1718 5076 nomini
1737 5033 1853 5088 tuo;
1879 5007 2122 5081 exaudies

551 5100 605 5159 in
634 5099 783 5165 calo,
814 5102 867 5159 in
901 5102 1228 5171 ﬁrmamento
1260 5109 1379 5162 solii
1414 5113 1509 5177 tui,
1542 5114 1824 5166 orationem
1865 5131 2038 5168 eorum
2074 5127 2125 5170 et

550 5204 724 5258 preces
743 5207 937 5257 eorum,
962 5203 1012 5249 et
1033 5196 1191 5266 facies
1206 5197 1462 5264 judicium
1480 5217 1672 5263 eorum,
1698 5212 1747 5255 et
1764 5192 2124 5273 propitiaberis

550 5279 738 5351 populo
775 5289 879 5345 tuo,
916 5284 1002 5353 qui
1031 5287 1256 5354 peccavit
1277 5286 1368 5341 tibi
1390 5304 1409 5341 :
1430 5297 1480 5341 et
1508 5291 1743 5345 omnibus
1766 5293 2122 5365 iniquitatibus

548 5383 740 5445 eorum,
765 5371 945 5439 quibus
976 5376 1302 5444 prteraricati
1334 5387 1453 5431 sunt
1481 5378 1535 5433 in
1568 5390 1654 5433 te:
1678 5391 1727 5433 et
1746 5380 1893 5437 dabis
1920 5386 2122 5439 miseri-

546 5458 777 5537 cordiam
797 5477 973 5525 coram
994 5464 1090 5528 eis,
1114 5466 1198 5534 qui
1219 5482 1306 5522 eos
1327 5469 1551 5534 captivos
1574 5469 1864 5539 habuerint,
1884 5483 1940 5527 ut
1960 5477 2115 5530 mise-

545 5559 757 5605 reantur
788 5553 882 5608 eis.
924 5552 1151 5623 Populus
1184 5558 1317 5615 enim
1350 5567 1465 5613 tuus
1495 5570 1590 5623 est,
1616 5571 1665 5614 et
1700 5561 1971 5619 ltwreditas
2006 5576 2113 5635 tua,

547 5655 669 5704 quos
689 5644 917 5705 eduxisti
946 5647 1010 5705 de
1034 5655 1171 5702 terra
1195 5651 1432 5721 As'gypti,
1459 5655 1523 5706 de
1548 5656 1717 5710 medio
1746 5660 1974 5728 fornacis
2006 5662 2111 5731 fer-

2230 4661 2430 4715 umbra:
2480 4659 2614 4727 legis
2665 4657 3067 4721 dcserviebant,
3114 4657 3229 4711 bznc
3277 4656 3583 4719 faciebant,
3630 4656 3801 4709 multo

2227 4754 2397 4822 magis
2442 4752 2634 4821 quibus
2673 4751 2874 4806 veritas
2913 4749 3180 4820 patetacta
3221 4756 3304 4803 est
3343 4749 3422 4818 (a)
3466 4746 3663 4816 templa
3695 4747 3799 4800 Do-

2228 4844 2374 4899 mino
2401 4841 2689 4907 aediﬁcare,
2719 4851 2775 4897 et
2805 4842 2988 4911 (prout
3024 4840 3212 4894 melius
3248 4837 3553 4908 possumus)
3585 4851 3799 4898 ornare,

2226 4950 2397 5005 caque
2425 4934 2621 4989 divinis
2658 4932 2925 5001 precibus,
2973 4939 3028 4984 et
3066 4929 3267 4984 sanctis
3318 4927 3660 4983 unctionibus
3694 4925 3802 4981 suis

2226 5042 2346 5080 cum
2376 5025 2631 5080 altaribus
2657 5032 2712 5078 et
2738 5024 2900 5086 vasis,
2949 5021 3185 5076 vestibus
3211 5036 3444 5090 quoque,
3488 5028 3542 5075 et
3586 5018 3801 5087 reliquis

2226 5114 2292 5167 ad
2332 5113 2570 5168 divinum
2621 5113 2820 5167 cultum
2868 5110 3188 5181 explendum
3228 5109 3567 5176 utensilibus,
3610 5109 3801 5163 devote

2225 5213 2281 5257 et
2307 5204 2619 5259 solemniter
2645 5219 2883 5267 sacrare,
2928 5211 2985 5258 et
3010 5218 3116 5257 non
3163 5204 3217 5257 in
3247 5203 3364 5257 aliis
3398 5202 3532 5257 locis
3558 5216 3715 5271 quam
3749 5201 3801 5255 in

2227 5295 2455 5350 Domino
2481 5295 2705 5350 sacratis
2734 5293 2802 5347 ab
2839 5294 3124 5364 episcopis,
3172 5301 3228 5349 et
3261 5309 3369 5349 non
3398 5309 3428 5348 a
3457 5294 3801 5363 chorepisco-

2225 5386 2331 5456 pia,
2359 5385 2449 5454 qui
2477 5400 2619 5455 szepe
2651 5378 2906 5454 prohibiti
2944 5391 3085 5449 sunt,
3119 5384 3217 5439 nisi
3249 5386 3331 5456 (ut
3352 5385 3665 5455 prmdictum
3697 5382 3799 5448 est)

2224 5490 2432 5530 summa
2467 5475 2715 5543 exigente
2764 5474 3102 5539 necessitate,
3149 5475 3341 5529 missas
3380 5474 3672 5533 celebrare,
3704 5484 3801 5525 nec

2222 5564 2483 5621 sacriﬁcia
2512 5560 2707 5619 offerre
2736 5563 2963 5619 Domino
2987 5564 3263 5620 debemus.
3296 5562 3493 5616 Et‘boc
3519 5563 3564 5617 si
3588 5575 3797 5619 summa

2223 5656 2512 5712 necessitas
2532 5668 2691 5729 agere
2716 5654 3055 5723 compulerit,
3083 5670 3189 5711 non
3218 5656 3272 5710 in
3302 5652 3566 5719 domibus,
3596 5651 3721 5727 quia
3745 5652 3797 5706 in

623 5755 703 5820 (a)
745 5753 938 5817 Burria.
972 5755 1115 5812 addit
1146 5758 1236 5812 lib.
1280 5775 1360 5818 ιιι.
1388 5774 1506 5830 cap.
1542 5760 1626 5821 εδει,
1678 5774 1726 5815 et
1766 5768 1955 5831 gratia,
1984 5779 2032 5822 ct
2061 5770 2249 5823 veritas
2273 5785 2367 5826 per
2391 5766 2563 5820 .Icsum
2598 5766 2718 5819 data
2744 5776 2836 5841 est.
2864 5765 3051 5823 Mss-SI.
