4124 6484
1552 362 1878 433 pnospem
1916 377 2003 433 ex
2045 379 2419 438 umerum
2456 370 2795 441 CONVERSI-
2867 438 2871 443 .
3757 396 3836 456 es

589 483 860 537 Dominum
888 484 1013 539 bene
1037 488 1156 553 erit,
1183 497 1231 539 et
1254 489 1309 540 in
1333 488 1507 543 diebus
1537 478 1991 548 consummationis
2014 496 2153 549 illius
2186 506 2227 557 Λ
2258 495 2354 549 Est
2375 500 2524 553 enim”
2550 488 2785 568 confusio
2812 492 3383 573 adducenspeccatum,
3413 497 3473 560 ei
3496 501 3583 562 έεί
3600 513 3834 582 confusio

585 574 927 628 bcneaicetur.
954 576 1228 632 Plenitudo
1257 581 1525 649 sapientia:
1554 594 1633 647 est
1654 584 1829 638 timere
1850 585 2159 646 Dominum;

582 677 630 718 et
660 666 920 734 plenitudo
962 686 992 719 η
1027 670 1251 723 ructibus
1289 672 1448 726 illius.
1499 673 1714 729 Omnem
1759 678 1965 733 domum
2013 680 2152 732 illius

581 756 809 827 implebit
837 776 867 810 a
895 761 1328 829 generationibus,
1371 772 1421 816 et
1468 770 1786 836 receptacula
1835 788 1866 822 a
1898 771 2151 826 thesauris

581 848 738 900 illius.
771 846 975 902 (ἴοι-οῖδα
1003 851 1287 918 sapientice,
1317 855 1467 907 timor
1488 854 1722 922 Domini,
1752 862 1948 928 replens
1976 876 2151 931 pacem

580 947 626 988 et
654 937 835 992 salutis
863 942 1113 1009 fructum;
1143 952 1191 994 et
1219 944 1360 1007 vidit,
1391 956 1440 998 et
1481 949 1816 1004 dinumeravit
1844 970 1976 1015 eam,
2008 965 2150 1008 utra-

580 1043 675 1096 que
703 1038 873 1083 autem
915 1042 1032 1084 sunt
1077 1033 1213 1086 dona
1256 1034 1371 1089 Dei.
1423 1038 1705 1094 Scientiam
1744 1052 1794 1094 et
1840 1045 2148 1099 intellectum

580 1120 864 1180 prudentia:
900 1124 1153 1191 sapientia
1190 1131 1571 1196 compartietur;
1621 1142 1670 1184 et
1714 1134 1932 1203 gloriam
1973 1148 2148 1191 tenen-

580 1210 706 1261 tium
754 1227 806 1263 se
860 1213 1072 1267 exultat.
1120 1213 1295 1271 Radix
1322 1221 1587 1281 sapientia:
1629 1234 1704 1276 est
1735 1227 1912 1280 timere
1968 1227 2150 1283 Domi-

580 1318 720 1366 num,
764 1312 812 1356 et
859 1306 989 1357 rami
1029 1307 1167 1361 illius
1205 1309 1441 1380 longievi.
1486 1311 1551 1366 In
1583 1315 1832 1371 thesauris
1860 1322 2145 1388 sapientiae,

578 1392 859 1448 intéllectus
888 1405 936 1448 et
977 1398 1208 1452 scientiae
1254 1402 1563 1471 religiositas
1604 1422 1622 1458 :
1660 1411 1942 1464 exsecratio
1980 1423 2147 1467 autem

577 1485 943 1551 peccatoribus,
992 1491 1266 1558 sapientia.
1317 1493 1490 1547 Timor
1538 1496 1744 1552 Domini
1790 1505 1996 1571 expellit
2040 1522 2162 1574 pec-‘

577 1572 781 1638 catum;
828 1593 948 1630 nam
975 1578 1060 1649 qui
1085 1580 1195 1633 sine
1223 1581 1406 1635 timore
1430 1594 1525 1649 est,
1558 1604 1658 1641 non
1689 1593 1875 1658 poterit
1906 1594 2150 1664 iustiﬁca-

578 1666 643 1717 ri.-
672 1660 952 1719 Iracundia
988 1668 1132 1720 enim
1154 1670 1499 1741 animositatis
1522 1677 1681 1743 illius,
1724 1683 1980 1735 subrersio
2009 1660 2159 1738 illius‘

577 1766 669 1809 est.
697 1755 868 1824 Usque
896 1746 946 1810 in
978 1768 1172 1827 tempus
1199 1762 1466 1817 sustinebit
1494 1768 1714 1834 patiens,
1746 1780 1795 1823 et
1817 1783 1995 1842 postea
2025 1777 2144 1829 red-

2254 587 2514 641 adducens
2535 591 2758 658 gratiam
2796 603 2844 643 et
2875 592 3113 660 gloriam.
3160 593 3245 648 Ne
3282 599 3505 667 accipias
3533 601 3716 669 {aciem
3741 604 3836 656 ad-

2254 687 2426 729 versus
2463 680 2646 747 facient
2677 690 2835 745 tuam,
2864 698 2956 733 nec
2992 684 3235 738 adversus
3258 688 3487 741 animum
3536 698 3675 742 tuam
3700 708 3836 745 men-

2255 768 2483 821 dacium;
2509 767 2629 822 Non
2659 773 2935 824 rererearis
2964 775 3256 857 proximum
3292 786 3435 830 tuum
3479 781 3534 833 in
3566 798 3690 834 casu
3724 791 3843 847 tuo,

2253 876 2344 912 nec
2372 861 2593 913 retineas
2620 862 2825 915 rerbum
2853 866 2905 917 in
2933 875 3155 933 tempore
3179 868 3381 923 salutis.
3406 856 3835 929 Non‘abscondas

2251 952 2560 1020 sapientiam
2594 962 2731 1006 tuam
2760 955 2812 1007 in
2842 956 3020 1008 decore
3046 956 3177 1025 ejus.
3213 956 3279 1012 In
3306 960 3482 1030 lingua
3516 964 3650 1015 enim
3679 979 3834 1035 agno-

2251 1043 2411 1095 scitur
2438 1044 2795 1111 sapientiayet
2817 1064 3017 1115 sensus,
3047 1058 3096 1102 et
3132 1052 3379 1119 scientia,
3411 1064 3459 1107 et
3501 1055 3735 1111 doctrina
3779 1061 3835 1113 in

2251 1132 2413 1184 verbis
2441 1134 2669 1187 veritatis
2701 1134 2869 1198 (rerbo
2897 1139 3131 1204 sensati),
3163 1147 3213 1193 et
3237 1141 3618 1209 ﬁrmamentum
3641 1147 3696 1199 in
3716 1163 3835 1217 ope-

2251 1223 2391 1277 ribus
2410 1224 2647 1293 justititz.
2682 1224 2804 1281 Non
2830 1230 3158 1285 contradicas’
3199 1235 3404 1287 veritati
3429 1236 3534 1290 ullo
3563 1239 3740 1303 modo;
3783 1250 3832 1293 et

2251 1312 2313 1365 de
2339 1315 2605 1368 mendacio
2648 1317 3007 1371 iueruditionis
3049 1328 3151 1374 tua:
3178 1325 3516 1392 confundere;
3567 1325 3693 1381 Non
3719 1344 3821 1381 con-

2251 1403 2488 1472 [undaris
2517 1406 2747 1473 conﬁteri
2794 1418 3005 1477 peccata
3041 1419 3162 1474 tua;
3190 1420 3241 1465 et
3268 1430 3331 1467 ne
3359 1416 3604 1485 subjicias
3625 1427 3674 1470 te
3694 1421 3829 1473 omni

2250 1496 2445 1549 homini
2474 1514 2568 1567 pro
2601 1510 2837 1569 peccato;
2863 1500 2996 1556 Noli
3029 1505 3263 1559 resistere
3290 1518 3470 1561 contra
3510 1511 3694 1580 faciem
3737 1529 3829 1581 pe-

2249 1589 2430 1652 tentis;
2457 1605 2549 1642 nec
2577 1592 2775 1645 coneris
2804 1603 2984 1647 contra
3022 1597 3179 1649 ictum
3207 1598 3452 1666 ﬂuminis.
3494 1600 3601 1655 Pro‘
3620 1601 3826 1672 justitia

2247 1679 2528 1747 agonizare
2577 1697 2671 1747 pro
2715 1683 2891 1735 anima
2938 1693 3043 1746 tua,
3085 1694 3132 1738 et
3169 1703 3326 1758 usque
3351 1689 3419 1742 ad
3445 1680 3827 1747 mortem'certa

2248 1786 2340 1836 pro
2360 1768 2589 1839 justitia.
2619 1782 2668 1826 et
2695 1771 2835 1826 Deus
2873 1777 3185 1846 expugnabit
3213 1796 3307 1848 pro
3356 1792 3403 1835 te
3435 1783 3672 1838 inimicos
3696 1793 3826 1840 tuos.

576 1848 700 1900 ditio
719 1848 1093 1918 jucundttatisr'
1115 1850 1287 1905 Bonus
1313 1871 1488 1909 sensus
1516 1874 1672 1930 usque
1701 1862 1770 1914 ad
1799 1873 1991 1933 tempus
2020 1866 2140 1920 ubs-
2182 1861 2222 1916 Β
2249 1858 2378 1915 Noli
2404 1864 2590 1916 citatus
2620 1881 2730 1918 esse
2755 1867 2810 1918 in
2831 1866 3008 1938 lingua
3035 1877 3163 1934 tua;
3193 1882 3242 1924 et
3274 1873 3474 1926 inutilis
3500 1884 3551 1926 et
3591 1877 3825 1931 remissus

576 1938 757 1992 condet
793 1939 943 1993 verba
963 1941 1101 1994 illius
1118 1985 1131 2009 ,
1163 1954 1210 1995 et
1237 1943 1375 1998 labia
1398 1948 1670 2003 multorum
1698 1954 2010 2018 enarrabunt
2033 1974 2147 2012 sen-

577 2042 688 2082 sum
728 2031 889 2084 illius.
936 2030 1000 2084 In
1032 2034 1282 2090 thesauris
1320 2040 1589 2107 sapientiw
1634 2043 1947 2114 signiﬁcatio
1990 2049 2148 2102 disci-

576 2120 758 2190 plltttL’,‘
797 2124 1080 2177 exsecratio
1119 2136 1287 2180 autem
1333 2132 1587 2197 peccatori
1631 2136 1831 2188 cultura
1876 2135 1987 2191 Dei.
2021 2137 2145 2203 Fili,

576 2210 935 2280 concupiscens
959 2216 1285 2285 sapientiam,
1318 2236 1460 2273 serra
1474 2221 1750 2291 justitiam,
1782 2236 1829 2279 et
1858 2226 1994 2281 Deus
2015 2246 2150 2299 prte-

576 2296 709 2351 bebit
750 2300 894 2353 illam
926 2301 1037 2357 tibi.
1087 2303 1359 2375 Sapientia
1405 2312 1539 2363 enim
1580 2322 1628 2364 et
1671 2314 1961 2385 disciplina,
1996 2296 2149 2372 timor

581 2386 831 2453 Domini;~
871 2401 920 2444 et
972 2392 1085 2457 hoc,
1126 2395 1262 2464 quod
1311 2395 1677 2465 beneplacitum
1717 2413 1791 2456 est
1820 2405 1914 2469 illi,
1946 2406 2075 2475 [ides
2102 2418 2150 2460 et

576 2475 929 2544 mansuetudo,
963 2493 1012 2535 et
1041 2484 1338 2555 adimplebit
1373 2490 1636 2545 thesauros
1673 2494 1830 2547 illius.
1859 2494 2148 2551 Contumaa'

575 2586 674 2623 non
699 2572 789 2634 sis,
814 2570 873 2625 et'
891 2561 1207 2629 incredibilis
1244 2579 1415 2631 timori
1458 2580 1695 2644 Domini,»
1716 2594 1763 2637 et
1791 2601 1855 2638 ne
1878 2591 2148 2644 accesseris

574 2650 653 2712 ad.
670 2661 814 2745 illum
856 2661 1049 2735 duplici
1088 2665 1259 2720 corde.
1314 2667 1397 2722 Ne
1437 2672 1595 2741 fueris
1629 2674 1895 2745 hypocrita
1940 2680 1992 2731 in
2023 2696 2147 2732 con-

573 2744 746 2820 spectu
781 2754 1059 2821 hominum,
1106 2766 1155 2810 et
1202 2775 1303 2813 non
1340 2762 1707 2817 scandalizeris
1736 2765 1884 2820 [abiis
1913 2770 2029 2821 tuis.
2058 2769 2148 2821 At-

530 2844 537 2851 ’
575 2842 725 2896 lende
752 2845 806 2898 in
824 2846 946 2911 illis,
977 2863 1041 2900 ne
1061 2850 1195 2918 forte
1220 2851 1397 2916 cadas,
1420 2862 1468 2905 et
1506 2871 1670 2923 ponas
1697 2857 1998 2912 scandalum
2028 2861 2146 2914 ani-

576 2951 673 2989 ma:
704 2946 822 2999 tute,
868 2949 917 2992 et
963 2941 1190 2997 adducas
1238 2944 1682 3003 inhonorationem
1738 2951 1827 3005 tibi
1870 2963 1918 3007 et
1966 2958 2150 3010 revelet

576 3025 713 3081 Deus
740 3027 991 3084 ubsconsa
1015 3042 1121 3086 tua.
1153 3033 1260 3087 Pro
1299 3036 1404 3106 ﬁde
1441 3047 1490 3090 et
1525 3039 1750 3108 justitia,
1782 3060 1842 3096 ac
1866 3062 1958 3112 pro
1985 3046 2149 3100 salute

576 3110 761 3175 aniina:
780 3132 918 3176 certa
946 3121 1162 3196 semper,
1204 3137 1252 3180 et
1280 3147 1373 3197 pro
1401 3130 1661 3200 adjutorio
1691 3110 1907 3203 fratrum
1938 3137 2149 3192 viriliter

2249 1956 2303 2009 in
2324 1956 2561 2025 operibus
2586 1961 2703 2011 tuis.
2734 1957 2861 2014 Noli
2883 1977 2995 2015 esse
3015 1964 3146 2016 sicut
3172 1963 3249 2018 leo
3277 1964 3331 2018 in
3373 1967 3526 2019 domo
3545 1975 3654 2031 tua,
3684 1984 3826 2021 ever-

2251 2055 2361 2101 tens
2389 2047 2694 2103 domesticos
2723 2058 2854 2113 tuos,
2886 2060 2933 2103 et
2960 2054 3250 2122 opprimens
3283 2054 3536 2125 subjectos
3558 2056 3667 2111 tibi.
3700 2056 3824 2113 Non

2250 2137 2319 2188 sit
2345 2135 2436 2190 tibi
2468 2153 2649 2191 manus
2670 2148 2757 2192 tua
2783 2153 3018 2210 porrecta
3036 2144 3105 2196 ad
3132 2147 3505 2215 accipiendum,
3535 2158 3586 2202 et
3611 2149 3681 2202 ad
3698 2150 3822 2203 dan.

2249 2226 2368 2279 dum
2398 2228 2632 2282 collecta.
2682 2228 2774 2284 His
2811 2229 2939 2285 fulta
2979 2231 3375 2303 Scripturarum
3421 2239 3823 2296 auctoritatibus

2248 2302 2459 2387 semper
2482 2326 2566 2373 sta
2596 2330 2759 2387 recta,
2791 2332 2847 2376 et
2874 2338 2903 2376 a
2943 2324 3028 2377 via
3061 2327 3302 2381 veritatis
3348 2344 3417 2383 ne
3460 2331 3741 2398 averteris,
3768 2340 3821 2388 ul

2248 2410 2472 2476 gratiam
2496 2410 2591 2465 Dei
2615 2414 2882 2489 acquiras,
2913 2422 2968 2469 et
2990 2415 3254 2473 bonorum
3282 2419 3557 2475 hominum
3594 2422 3824 2480 amicitia

2248 2499 2440 2555 fruaris
2472 2520 2485 2554 ε
2516 2510 2774 2572 tantoque
2828 2512 2917 2558 tua
2973 2506 3224 2562 voluntas
3267 2509 3463 2578 (mens)
3501 2511 3709 2566 facilius
3757 2512 3825 2566 ah

2249 2608 2434 2648 amore
2456 2593 2613 2663 hujus
2641 2596 2818 2649 saeculi
2842 2605 3020 2661 exeat,
3050 2606 3252 2671 quanto
3289 2608 3345 2653 et
3371 2600 3678 2669 impellitur,
3697 2600 3824 2657 dum

2250 2692 2485 2737 vocatur.
2517 2684 2649 2739 Nam
2676 2702 2775 2740 nos
2803 2696 2858 2740 et
2894 2696 3183 2755 pnesentes
3211 2704 3306 2742 vos
3345 2676 3527 2744 videre
3555 2690 3824 2759 cupimus,

2247 2784 2302 2830 et
2328 2775 2634 2832 absentibus
2661 2793 2758 2847 per
2800 2778 3081 2848 epistolam
3128 2780 3317 2834 saltem
3354 2779 3589 2848 colloqui
3614 2778 3820 2834 deside-

2247 2882 2446 2922 ramus.
2478 2866 2627 2923 Unde
2655 2876 2709 2923 et
2734 2878 3013 2938 optamus,
3030 2880 3109 2924 ut.
3134 2887 3229 2925 vos
3258 2872 3449 2925 beatus
3478 2869 3669 2925 Petrus
3694 2885 3822 2939 apo-

2248 2956 2506 3012 stolorum
2534 2960 2781 3029 princeps
2814 2960 2880 3014 ad
2920 2976 3015 3014 sua
3051 2960 3232 3017 limina
3279 2961 3508 3016 feliciter
3545 2959 3822 3030 perducat,

2247 3057 2510 3117 quatenus
2537 3051 2590 3105 in
2631 3052 3016 3120 omnipotentis
3039 3054 3218 3121 gratia
3242 3052 3446 3122 perfrui
3477 3062 3650 3108 vestra
3691 3068 3827 3123 prus!

2246 3140 2417 3193 sentia
2462 3155 2780 3195 mereamur.
2826 3151 2848 3179 ο
2905 3141 3038 3194 Data
3082 3158 3157 3195 xu
3191 3140 3462 3195 calendas
3512 3140 3833 3196 Novembris

576 3228 686 3281 age,
717 3222 832 3270 uta
871 3212 1093 3271 Domino
1124 3220 1341 3289 recipias
1370 3226 1848 3279 remunerationem.
1880 3226 2143 3298 Scriptum
2174 3216 2218 3278 Ο
2250 3236 2396 3289 (ann.
2448 3230 2549 3285 550
2602 3240 2835 3286 exeunte
2887 3230 3108 3286 Octobri
3161 3231 3385 3285 sedebat
3436 3230 3620 3305 Roma:
3664 3231 3831 3286 Βοηίδ

575 3302 654 3355 est
680 3302 822 3356 enim
846 3300 1032 3374 (Eccli.
1063 3309 1137 3377 tv)
1174 3326 1185 3360 :
1220 3299 1350 3377 Fili,
1380 3326 1621 3365 conserva
1652 3325 1864 3383 tempus,
1905 3326 1952 3369 et
1982 3318 2146 3371 devita

579 3408 602 3443 ι
625 3385 780 3447 mulo.
816 3395 921 3450 Pro
950 3392 1125 3452 anima
1156 3408 1241 3453 tua
1270 3418 1371 3454 non
1400 3398 1732 3473 cunfun‘daris
1760 3406 1927 3458 dicere
1954 3425 2143 3463 verum.

642 3545 667 3571 ἰ
696 3535 836 3590 Data
877 3554 949 3595 xu
996 3540 1201 3618 calend.
1246 3540 1598 3618 Novembris]
1653 3545 1775 3618 Haec
1802 3547 2142 3618 chrononzgia

584 3616 845 3662 neustrua
874 3609 1129 3664 mendosa
1155 3620 1240 3665 est
1273 3614 1388 3681 (sed
1418 3622 1474 3667 et
1504 3609 1613 3667 tota
1642 3617 1799 3684 cplst;
1824 3618 1986 3673 licia).
2014 3609 2145 3674 Nam

584 3748 666 3761 .—

2246 3320 2432 3384 facius,
2464 3336 2570 3374 non
2600 3319 2804 3389 Felix),
2823 3310 3113 3388 Lampadio
3151 3331 3208 3373 et
3244 3320 3434 3374 Oreste
3464 3320 3589 3375 viris
3616 3321 3832 3375 clariss.»

2249 3428 2368 3467 COSS
2377 3454 2389 3466 .

2249 3554 2353 3608 hoc
2378 3567 2561 3606 mense
2590 3544 2893 3609 Bonifacius
2931 3543 3044 3621 jam
3082 3552 3319 3623 pontifex
3361 3559 3573 3607 creatus
3606 3560 3743 3616 erat,
3766 3560 3832 3607 ut

2251 3630 2401 3692 patet
2423 3637 2603 3691 supra.
2636 3623 2760 3676 Suv.
2796 3623 2998 3678 Βικιιέί
3344 3632 3351 3643 ’

3747 3728 3824 3759 η

1913 3840 2131 3883 EODEM
2179 3843 2499 3886 TEMPUBE.

640 3973 643 3976 ⁴
723 3926 1410 4065 PROSPER
1479 3941 1686 4066 EX
1745 3942 2614 4144 maternae
2691 3949 3659 4082 CONVERSUS.

1311 4183 1933 4287 PROSPERI
1995 4184 2172 4293 AN
2178 4180 3077 4292 ATHEMATISMI

1385 4339 1513 4413 ET
1546 4338 1813 4415 FIDEI
1847 4316 2445 4466 annonast
2460 4341 3034 4423 PROFESSIO.

1947 4458 2329 4467 ——__.___.

570 4500 819 4546 IAM-rum
850 4505 1030 4544 ssnon
1062 4507 1333 4547 sucusrm
1354 4506 1472 4554 Qum
1498 4508 1736 4546 neeum
1768 4509 1980 4549 PUBLICA
2011 4514 2139 4551 voce
2173 4506 2216 4559 1)
2314 4498 2396 4551 Ill.
2430 4498 2531 4564 Qui
2581 4496 2751 4551 credit
2776 4507 2981 4566 partem
3022 4496 3117 4551 Dei
3155 4496 3369 4565 ligatam
3401 4503 3455 4550 et
3498 4495 3834 4563 inquinatam

632 4574 911 4614 BELEGEBB
944 4574 1010 4613 ΕΤ
1041 4576 1180 4615 HANU
1227 4576 1443 4616 PROPR“
1493 4578 1837 4617 SUBSCRIBERE
1866 4582 1916 4619 ιω
1959 4583 2140 4629 01118138

633 4645 865 4684 ευειιιοιο
900 4646 996 4684 EST
1025 4646 1161 4693 QUOD
1191 4647 1454 4687 ΙΑΝῘΟΗᾸΞῙ
1482 4650 1620 4687 SlN'l't

633 4741 673 4796 1.
705 4742 804 4809 Qui
831 4742 999 4797 credit
1038 4742 1169 4799 duas
1217 4758 1336 4799 esse
1375 4753 1593 4799 naturas
1631 4740 1892 4814 ingenitas
1917 4746 2142 4801 diversis

563 4837 840 4908 principiis
865 4837 1172 4903 existentes,
1205 4844 1367 4893 unam'
1422 4840 1637 4903 bonum.
1689 4842 1831 4909 quod
1868 4848 1953 4896 est
1979 4842 2138 4906 Deus,

566 4929 789 4982 alteram
817 4929 1027 4995 malam,
1049 4945 1207 5000 quam
1238 4947 1343 4986 non
1374 4932 1576 4985 creavit
1596 4931 1757 4995 Deus,
1787 4933 1889 4988 sibi
1916 4933 2142 4988 invicem

565 5023 928 5087 adversantes,
953 5024 1237 5078 anathema
1284 5025 1354 5079 sit
1382 5025 1469 5084 (In
1503 5025 1676 5079 codice
1714 5024 2026 5080 Cervasiano
2050 5027 2146 5080 ha-

565 5116 778 5170 bentem
807 5116 1075 5186 principes
1113 5132 1258 5180 suos,
1291 5120 1344 5171 et
1371 5117 1509 5170 mala
1539 5124 1635 5171 su’u
1664 5129 1781 5187 qua:
1812 5134 1918 5173 non
1945 5119 2148 5172 creavit

568 5206 727 5271 Deus,
754 5208 936 5261 anath.
969 5208 1080 5277 sit).

635 5316 697 5369 ll.
724 5314 823 5383 Qui
852 5318 1021 5373 credit
1065 5319 1200 5372 duus
1245 5316 1466 5373 naturas
1515 5305 1708 5372 bellum
1759 5313 1896 5373 inter
1937 5336 1995 5373 se
2027 5334 2149 5387 ges:

568 5410 732 5465 sisse:
765 5419 819 5464 et
848 5420 1051 5480 partem
1100 5420 1303 5465 natura:
1334 5411 1427 5464 Dei
1465 5411 1519 5464 in
1557 5410 1743 5464 eodem
1789 5411 1928 5464 bello
1953 5399 2148 5479 princi-

520 5498 531 5509 ’
568 5502 719 5570 pilius
749 5506 1109 5567 tenebrarum,
1156 5514 1211 5557 et
1256 5503 1504 5557 omnibus
1551 5503 1797 5570 gentibus
1838 5503 1903 5556 ad
1950 5502 2143 5556 malam

568 5602 809 5648 naturam
856 5595 1244 5665 pertinentibus
1299 5593 1461 5649 fuisse
1519 5596 1835 5666 permixtam
1884 5603 1939 5650 et
1974 5595 2041 5650 ab
2067 5596 2145 5650 eis

568 5687 735 5742 terreri
766 5687 1090 5754 colligatum,
1121 5702 1450 5755 oppressam,
1500 5688 1848 5757 inquinatam,
1880 5703 1974 5756 per
2001 5687 2143 5758 quod

567 5789 622 5830 ct
662 5776 807 5832 credi
837 5776 959 5831 facit
994 5777 1086 5829 Dei
1124 5786 1366 5830 naturam
1403 5794 1520 5833 csse
1551 5779 1856 5836 Izmtabilcm
1899 5786 1953 5832 et
1993 5779 2144 5834 coin-

567 5868 909 5933 uuinabilcm.
943 5869 1223 5923 anathema
1253 5870 1339 5925 sit.

2252 4590 2418 4644 teneri
2448 4591 2501 4643 in
2530 4588 2885 4654 dte‘monibus,
2914 4596 2970 4641 et
2998 4588 3049 4640 in
3075 4588 3332 4643 omnibus
3353 4587 3688 4648 animalibus,
3714 4585 3819 4640 frte

2249 4692 2538 4752 ctuumque
2562 4679 2961 4752 (fruticumque)
2988 4681 3295 4749 generibus,
3329 4691 3382 4735 et
3409 4695 3505 4750 per
3542 4693 3695 4735 escas
3720 4677 3804 4734 Ma

2249 4774 2575 4830 nichteoi'um
2614 4774 2910 4828 electorum
2953 4774 3086 4828 solvi
3127 4782 3289 4842 atque
3331 4772 3582 4841 purgari;
3620 4779 3679 4825 ut
3714 4785 3826 4826 cre-

2249 4864 2408 4918 datur
2456 4877 2581 4933 pars
2629 4849 2723 4917 Dei
2778 4863 2982 4932 polluta
3032 4863 3201 4916 teneri
3249 4862 3302 4915 in
3341 4861 3732 4924 cuoumeribus,
3778 4860 3831 4917 in

2251 4959 2585 5023 melonihus,
2629 4966 2683 5011 et
2732 4955 3010 5017 radiculis,
3061 4963 3117 5008 et
3160 4955 3364 5023 porris,
3411 4953 3831 5022 etquibuscun-

2250 5066 2355 5119 que
2407 5049 2681 5103 vilissimis
2732 5048 2968 5103 herbulis
3015 5046 3268 5115 (herbis),
3319 5054 3373 5099 et
3421 5045 3470 5099 ei
3526 5041 3830 5105 subveniri,

2248 5159 2369 5197 cum
2420 5143 2486 5195 ab
2531 5141 2718 5196 electis
2772 5139 3180 5194 Manichaeorum
3234 5138 3333 5191 ista
3385 5137 3654 5199 eduntur,
3702 5148 3830 5187 anas

2252 5231 2431 5288 lltcmu
2474 5236 2558 5288 sit.

2322 5327 2408 5381 IV.
2442 5327 2539 5393 Qui
2563 5327 2732 5381 credit
2751 5320 3021 5380 hominem
3047 5323 3274 5391 primum
3299 5321 3410 5392 (qui
3432 5328 3513 5374 est
3536 5319 3832 5389 appellatus

2253 5415 2444 5485 Adam)
2479 5432 2583 5469 non
2621 5432 2649 5468 a
2690 5414 2801 5467 Deo
2831 5414 3051 5475 factum,
3087 5411 3181 5467 sed
3229 5428 3259 5465 a
3312 5411 3639 5481 principibus
3678 5418 3839 5463 tene--

2253 5508 2466 5561 hrarum
2505 5506 2761 5574 genitum,
2793 5512 2852 5556 ut
2886 5519 3008 5572 pars
3038 5502 3151 5565 Dei,
3179 5518 3300 5571 quzc
3355 5503 3407 5555 in
3437 5516 3623 5554 eorum
3664 5515 3832 5553 mem-

2254 5597 2363 5652 bris
2386 5597 2593 5664 captiva
2617 5594 2923 5659 tenebatur,-
2943 5593 3213 5663 COpiosius
3231 5600 3285 5646 et
3312 5589 3666 5645 abundantius
3692 5589 3744 5643 in
3765 5606 3831 5642 eo

2253 5695 2543 5749 teneretur,
2577 5685 2862 5738 anathema
2892 5685 2981 5737 sit.

2324 5777 2385 5828 V.
2440 5775 2538 5840 Qui
2581 5773 2753 5828 credit
2798 5790 2863 5827 eo
2907 5774 3065 5826 modo
3095 5779 3332 5826 creatum
3365 5766 3657 5838 hominem,
3686 5768 3831 5839 quod

2255 5868 2473 5923 masculi
2506 5875 2557 5920 rt
2594 5866 2799 5921 feminu‘
2832 5865 3099 5927 principes
3141 5861 3478 5916 tenebrarum
3509 5859 3830 5919 concubuis-
