4074 6472
255 424 325 479 Si
717 457 720 460 ~
1198 413 1750 479 ᾸΝΛἸἮΕΜᾹΤΙΞΜΙ
1790 419 1874 473 ΕΤ
1915 419 2082 474 FIDE!
2121 409 2506 476 PROFESSIO.
3439 414 3511 470 9.6

255 544 400 602 sent,
430 541 484 588 et
513 545 650 590 ten...
673 552 815 591 νιος
855 536 1042 605 majori
1084 537 1308 606 principi
1353 538 1692 591 tenebrarum
1738 535 1834 589 de-
1864 537 1907 592 Λ
1939 534 2180 599 rendam,
2209 543 2262 588 et
2291 534 2551 589 honorem
2575 535 2676 595 eis,
2706 534 2790 588 vel
2835 527 2941 589 Ieci
2976 533 3060 588 isti
3090 533 3282 590 visibili
3313 532 3513 600 aliquid

257 627 479 689 dissent,
511 625 673 680 etille
695 642 882 680 onmes
901 626 1240 692 comedisset,
1259 636 1316 681 et
1337 643 1458 680 eum
1485 642 1580 680 sua
1607 624 1834 692 conjuge

263 716 656 782 concubuisset,
699 725 860 784 atque
893 717 965 770 ita
995 733 1063 771 ex
1091 717 1180 771 illa
1209 717 1479 770 Atlantem
1507 715 1834 783 quemblas—

259 811 516 878 phetnant
543 817 748 876 patrem
789 807 915 862 Adae
953 817 1282 876 generasset,
1326 807 1492 875 ligans
1519 807 1584 860 in-
1609 806 1701 859 illo
1729 820 1837 857 rna-

259 914 415 966 gnam
444 907 650 966 partem
682 899 794 962 Dei,
835 913 953 966 qua:
985 899 1142 966 ligata
1180 897 1354 951 fuerat
1394 898 1446 951 in
1479 897 1724 951 omnibus
1758 895 1836 949 fe-

261 987 403 1041 tibus
432 987 728 1056 principum
761 987 1118 1052 tenebrarum,
1174 1003 1308 1055 quos
1347 986 1397 1040 ei
1441 983 1837 1042 manducandos

259 1076 546 1143 dederunt,
567 1079 848 1132 anathema
869 1078 955 1133 sit.
1273 1061 1277 1066 ’

339 1167 422 1221 VI.
455 1169 556 1234 Qui
597 1169 768 1223 credit
813 1169 1080 1240 principes
1122 1171 1460 1225 tenebrarum
1507 1171 1696 1237 ligatos
1723 1185 1839 1224 esse

264 1259 318 1311 in
344 1258 483 1313 ctelo
507 1259 655 1313 velut
695 1260 920 1328 sphaera,
952 1261 1214 1316 habentes
1252 1261 1305 1315 in
1345 1276 1404 1316 se
1437 1261 1738 1328 colligatum
1785 1261 1837 1314 in

191 1351 198 1357 ”
265 1352 527 1419 angustiis
573 1361 734 1422 atque
771 1337 1056 1420 angoribus
1095 1353 1308 1408 vitalem
1337 1355 1705 1416 substantiam,
1738 1354 1842 1408 hoc

264 1450 350 1495 est
369 1450 578 1510 partem
607 1441 722 1504 Dei,
751 1450 806 1495 et
829 1444 990 1496 modo
1023 1443 1235 1496 liberari
1263 1443 1331 1498 de
1359 1443 1610 1497 membris
1629 1458 1840 1508 eorum,

265 1547 388 1585 cum
417 1531 607 1586 beatus
629 1540 808 1601 pater,-
829 1533 917 1601 qui
944 1533 1144 1587 lucidas
1165 1549 1334 1588 naves
1362 1534 1524 1588 habet
1551 1534 1841 1589 diversoria

267 1631 323 1676 et
344 1623 672 1688 habitacula,
712 1621 762 1676 id
811 1631 894 1677 est
925 1623 1092 1677 solem
1120 1633 1175 1678 et
1200 1625 1414 1690 limam,-
1453 1625 1676 1678 virtutes
1719 1640 1842 1677 suas

268 1710 611 1781 transﬁgurat
639 1713 693 1766 in
721 1711 944 1768 feminas
973 1713 1222 1783 pulchras
1240 1756 1254 1780 ,
1292 1730 1424 1781 quas
1465 1714 1690 1783 opponit
1715 1729 1844 1768 con-

270 1805 618 1875 cupiscendas
655 1806 905 1860 masculis
943 1806 1239 1875 principum
1284 1806 1654 1872 tenebrarum;
1693 1815 1750 1860 et
1791 1806 1842 1880 in

1937 623 2229 677 divinitatis
2253 627 2488 686 ascribit,
2523 636 2576 679 ct
2604 642 2709 679 non
2744 627 2879 679 sicut
2928 625 3183 693 reliquam
3211 632 3510 678 creaturam

1938 713 2005 767 ad
2048 715 2403 782 ministerium
2435 717 2721 768 humanum
2751 733 2781 769 a
2824 715 3050 769 Domino
3084 714 3206 768 cmli
3254 730 3316 767 ac
3357 721 3515 767 terra:

1937 804 2232 870 conditam,-
2264 806 2549 859 anathema
2572 806 2660 858 sit.

2012 895 2144 949 XIV.
2197 897 2297 961 Qui
2344 895 2516 950 credit
2571 911 2785 964 omnem
2831 907 3048 950 carnem
3087 890 3510 961 quadrupedum,

1940 987 2289 1054 serpentium,
2332 987 2626 1039 volatilium
2676 995 2732 1040 et
2779 986 3098 1050 natatilium,
3143 985 3228 1037 vel
3275 967 3514 1036 omnium

1941 1090 2058 1142 quae
2089 1076 2140 1128 in
2169 1077 2364 1128 mundo
2392 1087 2535 1138 sunt,
2570 1092 2674 1130 non
2705 1092 2736 1129 a
2775 1076 2885 1130 Deo
2915 1090 3043 1129 vero
3069 1083 3324 1135 ereatam,
3361 1073 3454 1126 sed
3483 1089 3514 1125 a

1943 1165 2270 1234 principibus
2293 1165 2652 1227 tenebrarmn,
2685 1166 2968 1218 anathema
2997 1165 3086 1218 sit.

2014 1254 2124 1308 XV.
2167 1253 2264 1320 Qui
2302 1254 2600 1326 symbolum
2647 1255 2727 1308 vel
2767 1254 3065 1308 orationem
3107 1252 3516 1308 Manichaeorum

1945 1360 2054 1398 non
2080 1345 2370 1405 detestans,
2407 1344 2500 1396 sed
2532 1359 2810 1407 venerans,
2842 1351 2934 1397 aut
2971 1342 3260 1406 recordari,
3289 1350 3382 1396 aut
3422 1357 3517 1396 ore

1947 1435 2186 1504 proferre
2215 1435 2459 1502 voluerit,
2492 1435 2773 1486 anathema
2802 1435 2890 1486 sit.

2017 1523 2151 1577 XVI.
2184 1523 2284 1589 Qui
2308 1524 2478 1578 credit
2499 1524 2704 1577 animas
2727 1523 2987 1577 humanas
3013 1540 3079 1578 ex
3108 1524 3402 1578 substantia
3424 1522 3518 1578 Dei

1946 1628 2086 1683 esse,
2116 1624 2169 1669 et
2198 1630 2422 1684 corpora
2468 1616 2698 1668 humana
2726 1631 2755 1668 a
2801 1615 3041 1684 principe
3070 1617 3406 1670 tenebrarum
3435 1615 3518 1669 vel

1946 1706 2089 1760 facta
2118 1706 2203 1759 vel
2235 1703 2371 1768 ﬁeri,
2401 1707 2685 1758 anathema
2725 1707 2813 1759 sit.

2019 1796 2176 1849 XVII.
2209 1795 2309 1861 Qui
2332 1796 2502 1849 credit
2529 1796 2802 1850 diabolum
2828 1812 2934 1849 non
2969 1811 3086 1850 esse
3115 1811 3144 1848 a
3185 1795 3295 1850 Deo
3324 1794 3527 1850 factum
3619 1779 3629 1789 ’

273 1896 542 1951 masculos
591 1897 882 1965 pulchros,
939 1912 1075 1964 quos
1123 1897 1350 1966 opponit
1395 1896 1848 1966 concupiscendos
1879 1889 2198 1960 Bangelum
2267 1888 2506 1950 bonum,
2562 1895 2618 1940 et
2670 1887 2884 1955 [ll‘Opl‘la
2955 1887 3226 1941 voluntate
3284 1901 3379 1955 per
3433 1903 3518 1940 SU-
3583 1941 3588 1946 ,

274 1987 485 2042 fetutinis
513 1987 810 2056 principum
842 1988 1198 2051 tenebrarum,
1233 1996 1291 2040 ut
1323 2003 1420 2056 per
1447 1988 1616 2055 ipsam
1643 2003 1844 2042 concu-

274 2079 590 2148 piscentiam
618 2081 856 2134 solvatur
882 2095 946 2134 ex
978 2082 1056 2134 eis
1105 2082 1282 2135 vitalis
1329 2081 1646 2147 substantia,
1691 2082 1742 2134 id
1767 2088 1848 2135 est

275 2186 404 2240 pars
441 2170 562 2235 Dei,
593 2179 649 2224 et
694 2186 758 2224 ex
798 2186 982 2224 eorum
1019 2171 1270 2225 membris
1315 2171 1539 2226 liberata
1574 2181 1845 2242 purgetur,

278 2261 563 2314 anathema
593 2261 682 2314 sit.

349 2345 458 2406 VII.
504 2351 604 2418 Qui
641 2351 811 2407 credit
847 2361 1054 2422 partem
1094 2351 1212 2418 Dei,
1260 2368 1379 2422 qua:
1419 2352 1486 2406 de
1524 2349 1850 2405 admixtione

281 2443 706 2513 (commixtione)
735 2444 909 2510 gentis
938 2444 1277 2497 tenebrarum
1308 2460 1412 2497 non
1451 2445 1687 2512 poluerit
1712 2444 1846 2497 libe-

280 2535 388 2588 rari
417 2544 578 2603 atque
615 2537 847 2605 purgari,
875 2537 1117 2590 damnari
1147 2551 1283 2599 eam,
1315 2544 1369 2589 et
1398 2537 1449 2589 in
1485 2544 1744 2589 :cternum
1774 2535 1852 2587 af-

281 2627 371 2694 tigi
401 2625 586 2698 (afﬁci)
632 2614 872 2682 horribili
919 2617 1098 2694 globo,
1151 2627 1202 2680 in
1246 2642 1353 2694 quo
1381 2626 1539 2693 globo
1569 2624 1854 2680 includitur

281 2731 411 2786 gens
442 2717 799 2784 tenebrarum,
832 2707 1111 2771 anathema
1142 2717 1227 2771 sit.

355 2807 485 2861 VIII.
516 2806 617 2874 Qui
644 2808 814 2862 credit
853 2808 1022 2874 legem
1051 2814 1168 2877 qua:
1211 2806 1333 2861 data
1360 2816 1443 2862 est
1480 2823 1576 2878 per
1616 2807 1851 2878 Moysen:

288 2914 394 2951 non
424 2912 540 2952 esse
567 2913 598 2950 a
626 2898 770 2951 bono
799 2905 854 2951 et
879 2912 1010 2950 vero
1039 2897 1149 2951 Dco
1176 2898 1374 2960 datam,
1407 2907 1464 2952 et
1490 2897 1631 2968 (nec)
1656 2897 1853 2967 Spiritu

289 2987 380 3041 Dei
422 2986 548 3042 boni
601 2996 657 3041 et
684 2987 794 3041 veri
845 2977 1050 3041 locutos
1098 2987 1387 3056 prephetas
1422 2988 1513 3056 qui
1565 2987 1776 3041 fuerunt
1803 2988 1856 3039 in

289 3079 487 3147 popqu
532 3076 722 3144 Israel,
772 3085 826 3132 et
865 3078 917 3131 in
965 3092 1172 3132 canone
1218 3076 1612 3146 Scripturarum
1655 3077 1858 3131 divinas

289 3184 406 3222 rum
445 3168 707 3223 habentur
742 3167 883 3237 apud
920 3166 1239 3222 catholicam
1286 3166 1601 3234 Ecclesium,
1636 3169 1868 3222 anathe-,

291 3275 376 3313 tna
415 3260 501 3313 sit.

361 3347 450 3405 IX.
483 3353 583 3419 Qui
611 3352 780 3408 credit
807 3370 913 3407 non
941 3352 1190 3407 habuisse
1217 3366 1397 3406 veram
1427 3365 1642 3406 carnem
1674 3351 1874 3408 Filium.

294 3443 388 3497 Dei
429 3443 607 3497 Jcsum
634 3443 921 3508 Christum,
964 3458 1137 3512 neque
1163 3457 1234 3496 ex
1258 3442 1459 3496 semine
1488 3441 1650 3494 David
1681 3449 1871 3494 natum-

294 3548 412 3587 essc
438 3533 504 3586 de
532 3533 734 3600 virgine
763 3531 948 3600 Maria,
963 3548 1136 3602 neque
1164 3547 1348 3587 verum
1377 3548 1570 3601 corpus
1597 3532 1862 3593 habuisse,

296 3637 396 3676 nec
441 3639 619 3676 veram
667 3636 829 3678 carne
876 3633 1106 3677 mortem
1161 3621 1322 3677 fuisse
1375 3638 1703 3691 perpessum,
1753 3630 1862 3676 eta

295 3715 520 3787 mortuis
574 3716 929 3768 resurrexisse
956 3747 974 3776 ,~
1041 3715 1133 3767 sed
1195 3714 1566 3768 tantummodo
1621 3715 1864 3783 spiritum

295 3805 457 3858 fuisse
487 3803 624 3873 (sine
648 3803 851 3871 carne),
899 3803 974 3856 sic
1002 3811 1176 3856 autem
1209 3804 1259 3856 in
1298 3819 1458 3874 carne
1483 3820 1740 3872 apparere
1770 3820 1867 3857 vo-

297 3894 479 3958 luisse,
513 3891 648 3946 utet
674 3907 799 3947 caro
837 3900 1114 3961 putaretur
1136 3909 1252 3960 qua:
1281 3909 1386 3946 non
1413 3903 1554 3957 erat;
1579 3902 1741 3961 atque
1767 3895 1867 3949 hoc

297 3985 456 4040 modo
482 3974 803 4038 contradicit
847 3982 1153 4050 Evangelio,
1198 3983 1424 4036 Domino
1463 3983 1576 4050 ipso
1618 3983 1865 4037 dicente:

309 4075 484 4128 Videte
523 4091 704 4128 atauus
735 4091 872 4128 meas
900 4084 948 4126 et
970 4074 1122 4143 pedes
1163 4089 1336 4127 meos:
1365 4075 1572 4141 palpate
1599 4084 1649 4127 et
1690 4074 1867 4136 videte,

299 4170 418 4238 quia
454 4169 663 4238 spiritus
693 4182 808 4220 ossa
836 4177 883 4219 et
907 4183 1113 4219 carnem
1139 4183 1241 4220 non
1271 4165 1436 4228 habet,
1469 4168 1598 4219 sicut
1624 4183 1705 4218 me
1731 4165 1868 4219 vide-

301 4259 366 4310 tis
395 4257 578 4310 habere
604 4256 753 4327 (Luc.
781 4256 948 4325 xxrv).
994 4255 1096 4322 Qui
1123 4270 1250 4323 ergo
1293 4257 1371 4311 sie
1405 4257 1691 4310 conﬁtetur
1717 4254 1873 4309 Chri-

301 4359 440 4405 stum
471 4349 634 4404 Dento
658 4363 866 4416 verum,
899 4355 958 4402 ut
985 4348 1248 4415 integrum
1291 4349 1454 4401 etiam
1485 4347 1756 4403 hominem
1778 4363 1872 4401 nc-

302 4449 408 4506 get,
439 4440 723 4493 anathema
746 4440 835 4494 sit.

376 4529 440 4584 X.
473 4532 789 4598 Quicunque
824 4531 1110 4586 adventum
1145 4531 1373 4601 Spiritus
1401 4529 1684 4594 Paracleti,
1712 4543 1870 4597 quem

1950 1979 2186 2048 perbiam
2233 1978 2439 2047 lapsum
2482 1977 2676 2031 factum
2720 1993 2837 2032 esse
2882 1977 3180 2042 diabolum,
3239 1976 3517 2031 eumdem-

1948 2085 2054 2138 que
2091 2068 2283 2122 asserit
2319 2084 2427 2121 non
2476 2082 2594 2121 esse
2635 2067 2774 2120 inter
2815 2066 3048 2134 reliquos
3091 2068 3310 2133 angelos
3345 2082 3374 2119 a
3414 2066 3520 2120 Deo

1949 2167 2224 2226 creatum,
2256 2158 2349 2213 sed
2401 2166 2613 2226 semper
2655 2165 2978 2212 co:cternum
3027 2155 3136 2210 Deo
3169 2155 3366 2220 fuisse,
3397 2171 3522 2210 ana-

1954 2252 2132 2305 thema
2173 2252 2260 2305 sit.

2022 2338 2199 2392 XVIII.
2241 2337 2344 2405 Qui
2395 2338 2564 2392 credit
2607 2337 2836 2402 Manem,
2874 2339 2988 2391 sive
3037 2335 3406 2402 Manichzeum,
3435 2335 3559 2404 qui'

1951 2429 2313 2498 suprascripta
2341 2428 2518 2482 omnia
2548 2437 2668 2494 qua:
2709 2427 3049 2480 anathemate
3087 2433 3142 2478 et
3186 2423 3526 2478 damnatione

1951 2528 2077 2574 sunt
2115 2519 2271 2586 digna
2312 2516 2639 2587 prmdicavit,
2697 2515 2950 2584 Spiritum
2998 2523 3238 2568 sanctum
3285 2501 3528 2566 habuisse

1956 2608 2307 2671 Paracletum,
2330 2623 2450 2660 cum
2469 2621 2534 2660 ea
2564 2606 2742 2660 omnia
2762 2606 2956 2659 docere
2982 2619 3089 2658 non
3114 2603 3285 2672 potuit
3302 2602 3529 2672 Spiritus

1955 2698 2216 2764 veritatis,
2246 2697 2337 2752 sed
2367 2697 2584 2766 spiritus
2611 2695 2876 2759 falsitatis,
2906 2693 3184 2747 anathema
3209 2692 3299 2745 sit.

2031 2784 2161 2840 XIX.
2195 2785 2493 2839 Anatbema
2541 2785 2702 2838 etiam
2744 2783 2844 2852 ipsi
2880 2781 3040 2846 Mani,
3089 2781 3174 2835 vel
3219 2778 3528 2844 Manichaee,

1956 2880 2047 2947 qui
2073 2894 2260 2933 omnes
2288 2878 2622 2947 supradictas
2659 2877 2978 2945 impietates,
3011 2885 3066 2929 et
3092 2875 3225 2930 alias
3249 2873 3531 2942 sacrilegas

1957 2977 2013 3023 et
2040 2968 2370 3022 damnabiles
2411 2967 2617 3022 fabulas
2661 2966 2841 3020 docuit
2879 2974 2934 3020 et
2970 2964 3304 3034 conscripsit,
3335 2970 3390 3017 et
3418 2977 3532 3016 cre-

1959 3058 2160 3112 dendas
2192 3057 2402 3112 miseris
2456 3056 2778 3126 persuadere
2826 3063 3051 3109 conatus
3098 3062 3199 3116 est,
3259 3051 3547 3105 intendens-

1961 3151 2237 3221 spiritibus
2263 3150 2652 3212 seductoribus,
2689 3157 2745 3204 et
2777 3147 3032 3202 doctrinis
3069 3146 3454 3200 diemoniornm
3482 3155 3534 3198 et

1889 3264 1934 3326 ρ
1966 3240 2511 3308 mendaciloquorum.

2035 3327 2147 3382 XX.
2187 3330 2483 3382 Anathema
2525 3328 2828 3404 Adimanto,
2879 3337 2934 3382 et
2980 3327 3224 3383 omnibus
3267 3325 3537 3396 discipulis

1965 3435 2028 3472 ac
2054 3418 2410 3472 sectatoribus
2438 3418 2591 3486 ejus;
2622 3425 2698 3482 et,
2738 3417 2876 3471 sicut
2914 3416 3025 3484 jam
3072 3417 3268 3471 dictum
3315 3425 3416 3480 est,
3447 3417 3552 3484 qui'

1966 3509 2019 3561 in
2061 3523 2183 3561 eum
2230 3507 2484 3576 Spirittnn
2536 3504 2866 3559 Paracletum
2903 3505 3114 3559 venisse
3158 3504 3359 3569 credit,
3406 3519 3538 3558 ana-

1966 3597 2144 3650 thema
2173 3595 2263 3651 sit.

2036 3687 2170 3740 XXI.
2202 3685 2458 3742 Omnibus
2485 3688 2644 3742 etiam
2689 3686 3002 3756 supradicta:
3048 3684 3414 3754 pervcrsitatis
3441 3701 3538 3738 au-

1967 3776 2224 3841 ctoribus,
2253 3784 2309 3829 et
2331 3777 2605 3838 doctrinae,
2651 3770 2735 3828 vel
2781 3775 2883 3842 legi
2929 3790 3137 3837 eorum,
3185 3774 3268 3827 vel
3295 3774 3542 3828 omnibus

1969 3864 2215 3930 secretis,
2239 3873 2294 3917 et
2321 3864 2599 3917 Catholica:
2639 3864 2756 3917 ﬁdei
2784 3863 3088 3925 contrariis,
3119 3861 3452 3916 orationibus
3479 3876 3546 3916 ae

1968 3953 2259 4019 sacrilegiis
2303 3968 2508 4014 eorum,
2551 3961 2607 4005 et
2648 3952 2852 4006 cunctis
2889 3949 3168 4019 scripturis
3205 3964 3391 4002 eorum
3425 3962 3546 4017 qua!

1970 4042 2101 4095 citra
2132 4056 2392 4094 canonem
2423 4041 2686 4093 habentur
2732 4039 3000 4101 Ecclesize,
3048 4052 3182 4105 quas
3230 4035 3358 4090 ﬁdes
3401 4049 3547 4093 recta

1974 4147 2080 4185 non
2105 4130 2346 4200 suscipit,
2368 4130 2650 4184 anathema
2677 4131 2766 4184 sit.

2269 4257 2551 4295 ABJURATIO
2580 4258 2648 4296 ΕΤ
2676 4256 2954 4296 ινιιοηεειο
2985 4256 3250 4295 Ριιοενεκι.

2044 4351 2099 4404 In
2128 4349 2326 4405 Christi
2366 4351 2600 4414 nomine,
2646 4365 2746 4418 ego
2795 4348 3025 4419 Prosper
3069 4350 3208 4404 hanc
3253 4349 3558 4404 chartulam:

1980 4442 2332 4496 anathematis
2359 4440 2773 4497 Maniclncornm
2815 4443 3000 4510 relegi,
3051 4452 3105 4496 et
3139 4443 3418 4496 anathema
3472 4439 3545 4495 di-

1975 4549 2104 4586 cens
2149 4533 2413 4598 omnibus,
2457 4534 2835 4602 suprascriptis
2882 4534 3172 4595 erroribus,
3223 4549 3381 4586 manu
3428 4549 3552 4603 pros

306 4623 563 4676 Dominus
606 4623 659 4678 in
697 4621 986 4691 Evangelio
1041 4623 1305 4692 promittit
1349 4637 1467 4675 esse
1503 4630 1779 4686 venturum
1821 4620 1872 4673 in
1909 4627 1953 4684 ι)
1981 4625 2093 4693 pria
2116 4624 2426 4693 subscripsi,
2460 4632 2514 4677 et
2557 4625 2850 4694 repudiatis
2879 4625 3122 4678 omnibus
3151 4640 3335 4678 eorum
3364 4621 3556 4693 impica
3649 4617 3655 4623 ’

305 4711 597 4779 apostolos,
630 4720 752 4780 post
796 4713 1164 4766 ascensionem
1193 4711 1422 4776 Domini,
1464 4712 1515 4765 in
1551 4711 1637 4764 die
1682 4709 1877 4782 Pente-

304 4811 501 4865 costes,
533 4818 637 4856 non
673 4805 850 4856 statim
875 4803 1044 4857 credit
1071 4803 1344 4872 impletum
1370 4820 1384 4868 ;
1415 4803 1507 4858 sed
1536 4812 1658 4872 post
1681 4805 1878 4858 multos

305 4909 477 4946 annos
499 4892 550 4944 in
581 4891 736 4946 Mane
763 4894 844 4946 vel
868 4895 918 4947 in
940 4892 1226 4948 Adimanto
1247 4894 1504 4963 discipulo
1524 4894 1638 4963 ejus
1669 4896 1877 4949 venisse

306 4985 478 5038 credit
505 4985 788 5039 anathema
817 4987 904 5040 sit.

379 5071 465 5126 XI.
505 5077 517 5094 ’
547 5074 860 5144 Quicunque
893 5091 1107 5132 carnem
1139 5077 1276 5132 hanc
1321 5093 1480 5145 quam
1510 5088 1795 5146 gestamus,
1828 5079 1876 5132 id

306 5176 390 5219 est
440 5182 668 5237 corpora
722 5169 983 5232 lnnnana,
1040 5178 1460 5222 resurrecturum
1518 5179 1702 5237 negat,
1754 5187 1880 5223 ana-

307 5259 486 5310 thema
527 5260 594 5311 sit

383 5347 493 5402 XII.
534 5348 632 5414 Qui
682 5350 888 5404 animas
935 5352 1194 5406 humanas
1242 5350 1539 5404 ινειιιεῆιιίόὶ
1589 5353 1780 5406 iterum
1829 5355 1880 5407 in

309 5442 429 5492 aliis
457 5443 773 5510 corporibus
797 5443 880 5496 vel
907 5445 1226 5498 animalibus
1251 5443 1443 5508 credit,
1480 5443 1762 5496 anathema
1791 5445 1879 5497 sit.

386 5530 513 5584 XIII.
548 5533 864 5600 Quicunque
908 5534 1075 5588 solem
1103 5545 1159 5589 et
1191 5535 1368 5588 lunam
1413 5551 1576 5589 naves
1613 5550 1732 5589 esse
1778 5551 1885 5590 ca:-

314 5621 476 5675 les’tes
504 5622 648 5685 dicit,
682 5621 747 5675 ad
787 5623 991 5676 animas
1023 5625 1107 5678 vel
1141 5626 1232 5679 Dei
1281 5627 1632 5680 substantiam
1664 5627 1886 5680 transfe-

389 5765 406 5781 ‘
434 5760 531 5828 Qui
560 5771 853 5830 sequuntur
881 5763 1086 5817 articuli
1117 5781 1222 5816 non
1254 5765 1496 5830 leguntur
1526 5767 1576 5820 in
1606 5783 1653 5821 c.
1683 5766 1875 5823 Cerva-

314 5834 496 5896 siano,
523 5833 758 5900 exceptis
791 5833 855 5885 18
893 5843 944 5887 ct
981 5833 1060 5893 19,
1092 5833 1540 5903 quemadmodum
1579 5853 1677 5890 nec
1719 5838 1768 5890 in
1801 5855 1888 5905 ap-

1985 4717 2197 4778 tatibns,
2231 4715 2332 4768 ﬁde
2363 4716 2666 4784 plenissima
2695 4715 2956 4769 doctrinis
2994 4732 3181 4769 eorum
3229 4725 3283 4769 et
3315 4716 3557 4770 ινξιόίιίοί

1983 4807 2139 4860 nibus
2193 4805 2476 4858 anathema
2527 4805 2639 4858 dixi
2690 4813 2746 4857 et
2791 4805 2943 4867 dico;
3001 4815 3054 4857 et
3106 4821 3191 4859 me
3227 4822 3562 4876 quaecunque

1981 4894 2216 4947 Ecclesia
2245 4893 2504 4947 catholica
2526 4893 2810 4947 conﬁtetur
2830 4894 3050 4948 credere
3084 4903 3140 4949 et
3177 4897 3327 4964 sequi
3359 4897 3410 4950 in
3439 4914 3556 4951 om-

1982 4985 2137 5037 nibus
2165 4983 2262 5036 sub
2299 4983 2673 5038 tcstiliCatione
2717 4985 2893 5038 divina
2937 4986 3192 5055 polliceor
3230 4998 3390 5056 atque
3433 5004 3558 5058 pro-

1985 5075 2154 5127 mitto.
2205 5072 2324 5126 Not.
2368 5075 2467 5127 sub
2506 5074 2592 5128 die
2641 5092 2731 5129 xm
2776 5077 3026 5130 calendas
3066 5077 3389 5138 Decembris,
3437 5076 3560 5149 Oly.

1986 5165 2100 5216 hrio
2147 5163 2367 5218 iuniore
2413 5165 2528 5218 viro
2571 5166 2868 5220 clarissimo
2906 5169 3126 5222 consule
3163 5167 3326 5236 (anno
3365 5161 3564 5222 Christi
3617 5231 3620 5233 Α

1986 5255 2132 5322 seu).

2379 5342 2515 5381 NOTA
2549 5343 2722 5382 JACOBI
2752 5344 3021 5389 SIIIIONDI,
3053 5344 3098 5381 S.
3129 5344 3170 5380 δ.

2059 5417 2117 5473 In
2146 5417 2333 5471 codice
2356 5416 2607 5470 Ecclesia:
2643 5417 3026 5483 Lugdunensis,
3056 5418 3145 5484 qui
3175 5417 3288 5470 hare
3330 5419 3568 5486 capitula

1985 5487 2140 5542 nobis
2166 5487 2542 5556 suppeditavit,
2579 5487 2926 5556 subjiciuntur
2949 5487 3176 5556 concilio
3210 5486 3566 5556 Carpentora-t

1985 5557 2155 5612 ctensi
2190 5575 2201 5609 :
2234 5556 2328 5610 sed
2381 5556 2657 5610 consulum
2706 5555 2840 5606 ordo
2871 5555 3058 5623 hexigit
3112 5565 3168 5608 ut
3223 5557 3561 5610 antecedant.

1986 5626 2232 5698 Olybrius
2259 5627 2400 5680 enim
2447 5643 2588 5679 anno
2629 5623 2822 5677 Christi
2991 5621 3353 5681 consulatum
3379 5627 3564 5691 gessit.

1990 5765 2211 5888 Rendice
2251 5765 2541 5833 pcnultima
2585 5763 2646 5813 ad
2700 5770 2826 5811 tonz.
2889 5763 2928 5815 Χ
2976 5781 3197 5837 operum
3230 5763 3466 5815 oritniutn
3509 5756 3562 5817 Et.

2039 5838 2289 5888 nuustlni.

2039 5837 2289 5900 ngustini.
