4074 6500
561 400 637 456 37
880 393 1210 458 PROSPERI
1249 402 1336 456 EX
1374 387 1748 458 MANICHEO
1783 400 2115 458 CONVEBSI
2159 403 2714 464 ANATHEMATISMI
2754 408 2838 463 ΕΤ
2877 410 3050 466 FIDE!
3093 413 3480 472 PROFESSIO.

562 512 860 598 Mavortius
894 529 1037 594 anno
1070 514 1343 581 sequenti.
1379 513 1668 598 Hlisnpo‘rro
1704 514 1971 598 simillima
1999 527 2144 598 sunt;
2182 526 2221 575 Α
2250 516 2358 570 lum
2385 518 2580 574 timuit.
2608 520 2746 587 Quid
2788 530 2843 577 tu
2889 524 3136 593 gloriaris
3182 529 3306 598 quia
3362 545 3471 583 non
3529 530 3687 584 times
3729 532 3837 586 bo-

561 584 672 664 .nisi
700 584 1133 667 quodnpauciora
1151 598 1269 651 quae
1297 584 1438 667 apud
1468 582 1900 667 Augustinum
1929 593 2077 667 tumo
2104 583 2150 638 X

572 655 622 705 in
644 651 937 722 appendice
963 653 1207 722 leguntur
1231 653 1328 706 sub
1351 651 1456 708 hoc
1479 653 1634 707 titulo
1656 671 1669 706 :
1691 652 2151 722 Commonitorium

572 722 633 775 Β.
656 721 926 792 Augustini
954 723 1021 775 ad
1043 721 1329 792 Ecclesium
1349 724 1657 791 (universam
1679 721 1968 777 Ecclesia»:
1992 724 2150 776 desti-

568 791 768 869 natum)
798 794 889 869 sub
919 810 1017 869 qua
1046 794 1247 845 cautela
1276 791 1572 857 Manichtei,
1602 793 1649 846 si
1680 795 1911 847 conversi
1937 796 2147 865 fuerint,

508 882 517 891 ”
570 863 762 927 suscipi
791 862 1024 917 debeant.
1464 930 1473 938 ο

882 970 1208 1011 ωεειινλτιο
1237 970 1459 1009 νωιιιηη
1482 970 1669 1018 ιηιε.
1704 970 1751 1009 8.
1781 970 1824 1009 Ι.

636 1041 696 1125 In
726 1044 894 1126 veteri
918 1045 1122 1126 codice,
1371 1045 1423 1099 in
1444 1045 1761 1126 bibliotheca
1783 1045 1995 1126 collegii
2012 1044 2149 1126 Ger-

569 1113 1076 1197 xasianiuParisiis,
1105 1113 1426 1197 .diciturque
1479 1115 1647 1197 fuisse
1697 1116 1833 1197 liber
1874 1113 2150 1197 Aprioratus

564 1182 627 1237 S.
665 1182 1121 1268 salyiinepiscopi
1176 1195 1231 1267 et
1284 1182 1537 1257 martyris
1584 1182 2041 1268 ad"Valen_tianas
2080 1187 2146 1268 .in

569 1253 805 1325 marchia
832 1252 1081 1325 Francth
1108 1255 1337 1325 scriptus
1363 1252 1616 1325 tempore
1663 1252 1901 1325 Hugonis
1928 1256 2142 1325 prioris,

567 1330 694 1392 post
721 1323 910 1377 librum
940 1323 997 1377 S.
1035 1322 1312 1392 Augustini
1344 1324 1410 1378 de
1440 1322 1744 1378 Haeresibus
1758 1322 1829 1379 ad
1850 1322 2147 1391 Quodvult-

568 1390 726 1465 deum
756 1394 1061 1465 episcopum
1111 1390 1351 1465 proxime
1394 1402 1687 1465 sequuntur
1725 1390 1998 1460 nonnulla,
2029 1410 2146 1465 qua:

572 1460 746 1516 lucem
774 1460 1061 1517 concilient
1088 1460 1405 1532 praecedenti
1434 1460 1711 1533 opusculo.
1880 1468 1889 1475 '

640 1568 767 1608 ΙΤΕΙΙ
792 1569 1111 1609 AUGUSTINUS
1138 1569 1410 1609 EPISCOPUS
1445 1570 1708 1609 ECCLESIE
1739 1570 2068 1610 CATBOLIC£.

616 1622 757 1696 'Jam
786 1644 1121 1697 anathemavi
1151 1642 1516 1708 Manicheum,
1541 1656 1595 1699 et
1621 1645 1919 1700 doctrinam
1946 1646 2063 1714 ejus
2089 1655 2144 1701 et

482 1758 489 1765 -
570 1734 810 1803 spiritum
840 1735 928 1803 qui
970 1751 1068 1805 per
1095 1751 1216 1790 eum
1250 1744 1357 1789 tam
1399 1738 1753 1794 exsecrabiles
1786 1737 2143 1806 blaspbemias

571 1824 777 1881 locutus
807 1834 908 1891 est,
934 1826 1056 1894 quia
1078 1826 1300 1896 spiritus
1328 1825 1579 1882 seductor
1615 1836 1750 1892 erat,
1791 1844 1897 1883 non
1938 1828 2140 1884 verita-

514 1914 531 1925 ‘
570 1915 657 1980 tis,
689 1914 784 1971 sed
816 1913 1025 1969 nefandi
1064 1916 1283 1985 erroris,
1332 1925 1387 1970 et
1432 1933 1573 1974 nunc
1625 1920 1912 1974 anathemo
1953 1935 2140 1990 supra-

567 2004 767 2060 dictum
796 2005 1141 2061 Manichmum
1191 2016 1246 2060 et
1290 2008 1533 2076 spiritum
1584 2010 1783 2065 erroris
1812 2010 1995 2080 ipsius.
2031 2010 2140 2081 Ego

569 2095 717 2153 Felix
747 2097 838 2164 qui
866 2093 1158 2151 Manichmo
1186 2097 1517 2153 credideram
1544 2116 1685 2155 nunc
1704 2102 1991 2157 anathemo
2018 2118 2140 2157 eum

570 2168 626 2240 et
671 2185 967 2240 doctrinam
1014 2186 1180 2254 ipsius
1219 2196 1274 2240 et
1318 2187 1563 2256 spiritum
1599 2189 1938 2245 seductorem
1966 2194 2056 2262 qui
2086 2193 2140 2247 in

552 2277 662 2345 illo
708 2275 828 2344 fuit,
856 2277 946 2347 qui
975 2277 1107 2333 dixit
1152 2276 1317 2333 Deum
1366 2276 1580 2334 Patrem
1608 2297 1761 2336 suum
1809 2286 1955 2351 genti
1991 2293 2142 2339 tene-

570 2369 785 2423 brarum
813 2364 1089 2438 miscuisse
1118 2376 1382 2435 naturam,
1410 2378 1465 2423 et
1492 2385 1609 2425 eam
1641 2373 1867 2442 turpiter
1891 2374 2136 2445 liberare,

570 2466 629 2519 ut
663 2459 887 2517 virtutes
921 2474 1046 2515 suas
1076 2458 1414 2531 transfiguret
1461 2461 1514 2516 in
1542 2462 1765 2520 feminas
1792 2475 1978 2521 contra
2022 2483 2127 2523 ma-

567 2550 769 2609 sculina
822 2550 1123 2619 daemonia,
1172 2552 1248 2607 ita
1306 2560 1363 2606 ut
1418 2563 1605 2623 postea
1668 2556 1921 2625 reliquias
1975 2558 2142 2630 ipsius

568 2643 734 2711 partis
781 2658 891 2697 suae
930 2642 1168 2714 cuntigat
1211 2644 1263 2697 in
1308 2653 1567 2701 :eternum
1604 2647 1723 2702 labe
1776 2649 2135 2705 tenebrarum.

568 2733 674 2793 llas
699 2751 887 2794 cannas
926 2745 974 2791 et
1024 2743 1247 2792 exteras
1292 2737 1649 2810 blasphemias
1692 2738 1964 2797 Manichtei
2000 2757 2132 2807 ana-

567 2825 766 2883 thema.

635 2917 748 2988 Ego
794 2936 1086 2981 conversus
1130 2937 1265 2982 unus
1300 2939 1371 2981 ex
1416 2922 1719 2983 Manichaeis
1756 2926 1975 2997 scripsi,
2009 2929 2135 2999 quia

563 3010 610 3065 si
678 3010 976 3069 discessero
1032 3022 1320 3083 antequam
1379 3026 1529 3086 gesta
1594 3018 1998 3075 subscribantur
2056 3021 2136 3077 sic

562 3116 713 3157 suum
755 3101 1030 3159 habendus
1055 3118 1119 3159 ac
1162 3105 1206 3160 si
1245 3104 1592 3161 Manichacum
1634 3123 1743 3162 non
1781 3109 2136 3166 anathemati-

563 3206 817 3246 laverim.

2255 607 2474 671 minem,
2515 624 2636 664 eum
2686 610 2852 666 Deum
2889 613 3050 668 talem
3090 615 3187 671 tibi
3232 617 3401 686 fingas
3445 620 3534 689 qui
3582 621 3838 678 tenebras

2251 695 2447 759 timuit,
2480 705 2539 751 ut
2566 700 2938 756 commisceret
2959 701 3159 759 bonum
3180 713 3236 761 et
3262 708 3481 762 malum.
3505 708 3622 763 Noli
3649 716 3832 766 autem

2249 786 2438 840 extolli
2463 788 2644 843 animo
2670 791 2809 845 sicut
2832 792 3114 861 scripsisti,
3161 797 3284 867 quia
3311 812 3409 853 vos
3441 812 3664 867 magnos
3698 800 3834 857 faci-

2249 890 2368 929 mus
2386 891 2459 931 eo
2479 877 2625 946 quod
2653 878 2913 950 impedire
2943 883 3188 940 volumus
3207 901 3415 941 venena
3438 896 3634 953 vestra,
3667 905 3734 945 ne
3760 892 3833 946 ad

2250 964 2494 1021 homines
2512 969 2817 1037 pestilentia
2845 982 3045 1043 serpat.
3076 974 3192 1029 Non
3220 978 3361 1031 enim
3388 980 3665 1047 apostolus
3689 995 3831 1050 quos

2248 1069 2411 1110 canes
2435 1059 2690 1126 appellat,
2718 1077 2940 1130 magnos
2967 1062 3090 1119 facit
3110 1080 3228 1119 cum
3252 1065 3412 1123 dicit:
3437 1068 3619 1124 Cavete
3637 1088 3789 1126 canes
3805 1089 3828 1135 :

2248 1140 2342 1197 aut
2368 1145 2490 1200 illos
2517 1162 2743 1215 magnos
2786 1151 3032 1219 faciebat,
3078 1167 3308 1223 quorum
3344 1172 3648 1214 sermonem
3673 1162 3825 1218 diee—

2246 1234 2339 1288 bat
2364 1252 2567 1306 serpere
2591 1248 2648 1293 ut
2676 1257 2879 1297 cancer.
2904 1243 3087 1314 Itaque
3110 1246 3372 1304 denuntio
3400 1250 3495 1304 tibi
3524 1252 3578 1304 in
3608 1254 3825 1310 numine

2246 1323 2464 1392 Christi,
2505 1336 2565 1382 ut
2591 1330 2636 1384 si
2664 1339 2883 1400 paratus
2908 1346 2968 1389 es
2992 1335 3205 1391 solvere
3231 1339 3602 1406 quastionem,
3634 1342 3689 1395 in
3715 1358 3821 1413 qua

2246 1412 2443 1469 defecit
2470 1432 2768 1486 praecessor
2795 1429 2918 1476 tuus
2958 1421 3302 1490 Fortunatus,
3328 1435 3384 1481 et
3410 1427 3484 1481 ita
3513 1429 3637 1485 hinc
3658 1412 3818 1496 ierat,

2248 1512 2307 1556 ut
2332 1520 2438 1558 non
2465 1507 2666 1562 rediret
2704 1510 2804 1564 nisi
2832 1526 2954 1566 cum
2998 1514 3111 1568 suis
3134 1514 3499 1586 disputatione
3527 1519 3719 1575 collata
3746 1521 3821 1575 in-

2245 1596 2453 1681 veniret
2478 1598 2605 1665 quid
2631 1609 2820 1656 contra
2847 1606 3175 1673 respondere
3199 1618 3401 1678 posset,
3430 1612 3669 1681 disputes
3695 1630 3816 1669 cum

2242 1680 2516 1740 fratribus.
2561 1685 2621 1742 Si
2669 1699 2847 1745 autem
2897 1694 2967 1747 ad
2995 1694 3099 1751 hoc
3144 1712 3254 1753 non
3304 1714 3367 1755 es
3411 1680 3658 1770 paratus,
3708 1704 3816 1759 dis-

2243 1772 2374 1828 cede
2398 1773 2523 1831 binc
2545 1784 2602 1831 et
2621 1778 2731 1832 noli
2778 1793 3088 1849 pervertere
3109 1787 3224 1842 vias
3243 1787 3454 1845 Domini
3483 1801 3538 1846 et
3562 1792 3813 1863 illaquea~

2174 1880 2215 1938 Β
2245 1880 2322 1927 re,
2345 1874 2399 1921 et
2418 1869 2639 1925 venenis
2676 1870 2895 1928 inlicere
2932 1877 3135 1933 animas
3155 1879 3410 1946 intimas,
3440 1898 3511 1937 ne
3530 1883 3813 1953 adjuvante

2241 1955 2462 2102 mra
2488 1957 2699 2017 Domini
2722 1966 2895 2020 nostri
2933 1970 3205 2035 quomodo
3241 1987 3348 2027 non
3394 1976 3666 2043 putaveris
3691 1991 3811 2030 eru-

2403 2063 2447 2102 s.

2403 2063 2447 2102 S.

2241 2150 2675 2196 COIIONITORIUI
2717 2159 2902 2201 ιλιιοτι
2955 2162 3228 2205 Ληουεῖ-ιω
3274 2168 3504 2208 Βηπονι
3548 2170 3810 2211 επιεςω

2312 2223 2643 2276 οΑτιίοιιωε,
2686 2230 2932 2277 ρυοκουο
2972 2234 3052 2272 ξιτ
3094 2237 3335 2276 AGENDUI
3377 2240 3482 2278 CUI
3522 2241 3811 2281 HANICII‘IS

2311 2292 2397 2339 QUI
2424 2295 2867 2353 CONVERTUNTUR,
2892 2303 2961 2341 ΕΤ
2980 2304 3110 2352 QUOS
3130 2307 3377 2347 ΡωΝΙΤΕΤ
3406 2309 3565 2350 HUIUS
3588 2311 3809 2351 NEPLNDI

2313 2362 2553 2404 EBROIUS.
2867 2388 2877 2397 π

2309 2436 2442 2493 Cum
2480 2443 3053 2503 anathematizaverint
3098 2451 3338 2507 eamdem
3368 2454 3610 2510 haeresim
3639 2455 3808 2512 Mani-

2239 2526 2509 2583 chaeorum
2546 2534 2839 2589 secundum
2885 2534 3110 2593 formam
3156 2534 3312 2596 infra'
3335 2543 3587 2614 scriptam
3612 2563 3628 2611 ;
3655 2547 3807 2603 libel-

2240 2615 2458 2689 lumque
2498 2620 2708 2678 dederit
2735 2629 3098 2698 unusquisque
3143 2646 3330 2687 eorum
3367 2635 3716 2691 confessionis
3755 2646 3805 2692 et

2239 2711 2568 2779 paenitentia:
2596 2730 2723 2782 sum,
2773 2726 2934 2788 atque
2971 2720 3323 2778 anathematis
3350 2739 3537 2780 eorum
3575 2735 3760 2797 petens
3786 2729 3805 2749 ‘

2238 2800 2292 2854 in
2312 2802 2537 2858 ecclesia
2562 2805 2647 2859 vel
2676 2808 3064 2875 catechumeni,
3096 2812 3179 2866 vel
3208 2815 3515 2883 ptenitentis
3543 2816 3737 2881 locum,
3764 2819 3805 2874 si

2238 2893 2451 2948 libellus
2474 2894 2590 2964 ejus
2616 2899 2659 2919 ·⁶
2686 2896 2939 2970 episcopo
2971 2902 3253 2972 placuerit,
3300 2922 3529 2978 eumque
3556 2925 3805 2980 suscepe-

2235 2983 2323 3049 rit,
2355 2983 2446 3039 det
2471 2987 2520 3039 ei
2547 2986 2827 3056 epistolam
2850 3006 2970 3044 cum
2992 2991 3079 3047 die
3099 3001 3155 3048 et
3176 2997 3413 3063 consule,
3444 3006 3500 3051 ut
3520 2999 3715 3063 nullam
3741 3001 3806 3055 de

2235 3070 2514 3146 superiore
2543 3087 2784 3149 tempore
2800 3082 3118 3150 molestiam,
3147 3087 3228 3141 vel
3248 3087 3317 3143 de
3335 3089 3559 3159 publicis
3583 3091 3802 3159 legibus,

2239 3169 2321 3223 vel
2350 3169 2416 3224 de
2445 3169 2723 3241 disciplina
2753 3175 3115 3233 ecclesiastica
3161 3182 3416 3249 patiatur.
3463 3181 3530 3238 Et
3575 3195 3696 3254 post
3724 3185 3803 3256 ip-

630 3237 1114 3343 comm
1161 3303 1227 3341 ex
1274 3286 1575 3345 Manichmis
1610 3289 1720 3349 dm
1755 3292 1855 3348 sub
1893 3292 2139 3349 κεύθω,
2163 3237 2210 3300 c
2238 3275 2354 3313 sum
2382 3259 2523 3315 diem
2550 3237 2595 3317 si
2623 3264 2885 3333 aliquibus
2915 3269 3120 3325 indiciis
3141 3237 3457 3331 illanichams
3479 3237 3801 3347 apparuerit,

561 3364 829 3431 tione'Dei
854 3390 942 3429 me
966 3377 1145 3432 omnia
1170 3394 1295 3434 vera
1332 3382 1595 3444 confiteri,
1627 3382 1696 3437 de
1735 3400 1843 3453 quo
1883 3385 1994 3439 scio
2015 3400 2135 3441 esse

560 3464 878 3521 Manichaeos
900 3467 983 3522 vel
1011 3466 1329 3526 Manichacus
1354 3473 1409 3529 in
1436 3482 1615 3542 partes
1634 3473 1996 3533 Canadenses
2022 3474 2135 3530 Ma-

561 3553 692 3608 riam
742 3564 798 3610 et
852 3555 1196 3627 Lampadiam
1250 3579 1473 3617 uxorem
1526 3563 1775 3621 Mercurii
1821 3568 2130 3635 argentarii,

560 3660 677 3700 cum
705 3648 898 3715 quibus
924 3650 1085 3705 etiam
1115 3652 1253 3721 apud
1281 3653 1511 3708 electum
1560 3653 1906 3712 Eucharisum
1936 3659 2135 3727 pariter
2231 3648 2235 3712 ἶ

559 3742 848 3806 oravimus,
875 3743 1161 3803 Ctesariam
1204 3753 1261 3800 et
1299 3745 1557 3803 Lucillam
1588 3748 1748 3804 ﬁliam
1789 3766 1963 3817 suam,
1993 3751 2133 3806 Catt-

560 3828 737 3888 ditium
772 3834 864 3901 qui
918 3843 1280 3890 commoratur
1326 3836 1575 3907 Tbipasa,
1636 3838 1990 3907 Victorinum,
2039 3841 2133 3896 Hi-

557 3936 797 3989 spanam,
829 3922 1226 3993 Simplicianum
1258 3926 1510 3984 Antonini
1540 3939 1768 4000 patrem,
1806 3943 1862 3987 et
1907 3932 2128 3988 Paulum

559 4019 612 4067 et
645 4027 885 4093 sororem
934 4030 1083 4069 suam
1113 4017 1202 4085 qui
1241 4016 1340 4071 fuit
1386 4018 1649 4090 Hippone,
1678 4037 1810 4090 quas
1838 4025 1999 4077 etiam
2034 4039 2130 4093 per

558 4092 773 4156 Mariam
811 4112 868 4159 et
915 4103 1250 4175 Lampadium
1281 4109 1410 4164 scivi
1457 4125 1575 4164 esse
1622 4111 1957 4168 Maniclucas.
2014 4114 2129 4170 Hoc

556 4199 761 4247 tantum
789 4194 920 4249 scio.
953 4195 1105 4262 Quod
1134 4198 1176 4252 si
1202 4199 1345 4254 aliud
1380 4201 1652 4256 inventum
1689 4203 1846 4258 fuerit
1878 4220 1962 4259 me
1991 4206 2127 4262 scire

555 4301 713 4356 supra
742 4301 898 4362 quam
928 4286 1054 4351 dixi,
1081 4304 1167 4343 me
1192 4306 1341 4345 reum
1371 4305 1472 4359 ego
1501 4293 1614 4362 ipse
1641 4295 1921 4357 confiteor.

557 4356 982 4435 εοιιωοιθειτόιυυιι
1011 4394 1191 4437 SANC'I'I
1239 4398 1516 4439 AUGUSTINI
1559 4401 1789 4442 EHSCOPI
1816 4405 1882 4445 AD
1911 4405 2126 4447 PRESBY-

1055 4488 1230 4527 TEllUll
1264 4490 1603 4533 MANlCllrEUI.

622 4558 748 4614 Sine
775 4576 936 4615 causa
964 4563 1349 4630 tergiversaris,
1382 4582 1504 4621 eum
1533 4567 1691 4636 longe
1712 4581 1969 4640 appareat
1993 4589 2127 4642 qua-

532 4650 617 4705 :lis
659 4651 744 4704 sit.
791 4649 889 4716 Qui
928 4659 1101 4705 tecum
1134 4653 1293 4708 locuti
1322 4665 1448 4709 sunt
1495 4656 1706 4715 fratres.
1758 4661 2125 4718 indicaverunt

552 4737 700 4794 mihi.
733 4739 877 4794 Bene
905 4742 1029 4811 quia
1076 4759 1185 4811 non
1227 4746 1383 4800 times
1415 4755 1662 4814 mortem,
1704 4751 1797 4810 sed
1826 4766 1944 4807 eam
1974 4770 2121 4808 mor-

551 4842 657 4888 tem
685 4832 847 4888 debes
881 4834 1067 4891 timere
1095 4851 1252 4907 quam
1294 4837 1387 4892 tibi
1430 4839 1544 4908 ipse
1591 4839 1720 4896 facis
1766 4843 1890 4898 talia
1918 4843 1985 4899 de
2013 4845 2124 4901 Deo

550 4923 985 4994 blasphemando,
1017 4935 1073 4982 et
1100 4930 1243 4996 quod
1284 4930 1532 5001 intelligis
1564 4941 1790 4989 mortem
1818 4936 1973 4991 istam
1998 4939 2123 4994 visi-

548 5015 706 5073 bilem
745 5031 903 5086 quam
943 5034 1129 5073 omnes
1183 5019 1427 5077 homines
1481 5032 1678 5081 norunt
1724 5028 2121 5097 separationem

548 5121 663 5161 esse
693 5106 885 5161 mentis
914 5124 945 5162 a
975 5125 1204 5179 corpore
1249 5128 1354 5169 non
1392 5121 1476 5168 est
1517 5130 1766 5183 maguum
1805 5118 2119 5187 intelligere.

494 5206 503 5215 ‘
549 5194 651 5250 Sed
683 5198 824 5265 quod
851 5199 1094 5268 adjungis
1121 5202 1188 5255 de
1222 5213 1400 5257 vestro
1428 5207 1821 5274 separationem
1849 5224 1969 5263 esse
1994 5210 2120 5264 boni

548 5303 577 5340 a
610 5289 769 5354 malo,
812 5292 857 5345 si
899 5308 1049 5349 mens
1094 5293 1295 5348 bonum
1335 5304 1438 5358 est,
1467 5296 1524 5351 et
1559 5312 1753 5366 corpus
1781 5299 1999 5361 malum,
2031 5302 2122 5376 qui

548 5394 612 5433 ea
639 5382 975 5439 commiscuit
1001 5400 1108 5440 non
1138 5394 1220 5439 est
1264 5386 1435 5443 bonus
1459 5405 1472 5442 :
1504 5388 1680 5444 dicitis
1706 5390 1828 5458 quia
1857 5388 2000 5445 Deus
2028 5392 2124 5445 bo-

456 5462 459 5463 ⁷
550 5484 648 5523 nus
675 5469 775 5523 ista
804 5475 1158 5529 commiscuit.
1208 5475 1347 5545 Ergo
1393 5485 1489 5532 aut
1539 5479 1710 5535 malus
1747 5488 1849 5543 est,
1880 5490 1971 5534 aut
2009 5497 2124 5534 ma-

622 5602 919 5686 "Mcndose
947 5606 1001 5686 in
1037 5608 1197 5686 editis
1240 5612 1624 5678 appendicibus
1661 5622 1792 5668 tom.
1828 5614 1871 5667 Χ
1900 5631 2123 5686 operum

549 5672 604 5728 S.
629 5673 919 5747 Augustini
950 5675 1143 5745 legitur
1169 5672 1366 5747 potens.

624 5744 663 5816 ξ’
689 5742 811 5816 limo
835 5760 959 5816 vox,
989 5742 1203 5816 penitus
1228 5751 1545 5815 necessaria,
1574 5753 1725 5807 abest
1754 5756 1821 5808 ab
1849 5755 2022 5809 editis.

623 5812 965 5869 “illendose
992 5812 1166 5871 liabet
1198 5822 1456 5889 appendix
1484 5812 1610 5875 totn.
1646 5821 1689 5874 Χ
1724 5825 1980 5878 hactenus
2009 5830 2123 5884 vul-

2235 3351 2429 3405 sentiat
2451 3351 2667 3421 justitit'e
2695 3358 3056 3426 severitatem,
3106 3378 3224 3431 qua:
3253 3365 3442 3420 talibus
3470 3364 3630 3421 rebus
3657 3366 3804 3422 adhi-

2232 3442 2406 3498 benda
2436 3452 2537 3508 est,
2567 3444 2620 3500 id
2647 3455 2745 3510 est,
2776 3455 2834 3502 ut
2859 3448 2926 3504 ab
2954 3449 3070 3519 ejus
3092 3454 3381 3519 consortio,
3425 3456 3507 3508 vel
3552 3457 3801 3521 amicitia,

2232 3532 2315 3585 vel
2341 3547 2659 3605 quacunque
2704 3537 2961 3593 societate
3002 3541 3276 3596 christiani
3302 3558 3359 3596 se
3392 3543 3695 3601 abstineant
3720 3564 3804 3603 εε-

2231 3620 2464 3676 cundum
2493 3625 2841 3693 apostolicam
2868 3628 3198 3699 disciplinam
3230 3632 3670 3699 (auctoritatem).

2301 3707 2753 3769 Commendentur
2794 3726 2973 3772 autem
3017 3720 3106 3788 qui
3144 3720 3398 3790 epistolas
3444 3722 3510 3777 ab
3550 3723 3802 3794 episeoyo

2230 3800 2537 3868 acceperint
2565 3803 2827 3871 religiosis
2873 3807 3151 3865 catholicis
3197 3811 3386 3867 vicinis
3424 3813 3505 3867 vel
3535 3814 3801 3868 cohabita-

2231 3888 2434 3943 toribus
2461 3890 2593 3958 suis,
2646 3892 2759 3946 sive
2801 3895 3030 3964 clericis,
3083 3899 3195 3953 sive
3243 3901 3409 3967 laicis,
3454 3918 3550 3972 per
3575 3920 3799 3974 quorum

2228 3993 2355 4047 erga
2382 3996 2442 4036 se
2468 3997 2651 4037 curam
2681 3984 3017 4055 frequentem
3042 3990 3368 4047 audientiam
3397 3996 3658 4051 sermonis
3685 3983 3797 4060 Dei,

2228 4078 2282 4124 et
2307 4085 2533 4140 quorum
2561 4074 2868 4132 testimonio
2896 4081 3101 4149 possint
3125 4080 3479 4139 innotescere.
3511 4085 3620 4141 Nec
3647 4085 3801 4142 facile

2226 4160 2576 4218 admittantur
2599 4165 2666 4220 ad
2692 4165 3016 4237 baptismum
3055 4171 3099 4224 si
3130 4173 3501 4229 catechumeni
3538 4176 3661 4240 sint,
3702 4191 3800 4231 nec

2226 4249 2293 4303 ad
2344 4248 2874 4321 reconciliationem,
2931 4258 2976 4313 si
3030 4261 3361 4329 paenitentia:
3416 4262 3587 4319 locum
3650 4281 3799 4320 acce-

2229 4340 2436 4409 perint,
2499 4344 2601 4398 nisi
2653 4346 2889 4415 periculo
2932 4349 3125 4404 mortis
3176 4360 3434 4420 urgente,
3482 4355 3566 4408 vel
3617 4356 3660 4409 si
3709 4372 3800 4412 eos

2225 4429 2502 4498 aliquanto
2549 4441 2793 4504 tempore
2844 4437 3099 4505 probatos
3138 4455 3257 4495 esse
3303 4445 3651 4511 cognoverint
3695 4447 3799 4514 epi-
3836 4500 3845 4507 _

2225 4520 2374 4589 scopi
2415 4536 2514 4590 per
2550 4536 2736 4578 eorum
2770 4526 3132 4582 testimonium
3183 4529 3376 4600 quibus
3425 4531 3619 4588 fuerint
3655 4542 3798 4589 com.

2158 4601 2202 4657 Ι)
2229 4612 2485 4669 mendati.

2253 4750 2266 4760 .
2300 4703 2493 4759 Forma
2515 4721 2662 4776 ergo,
2693 4709 2982 4764 secundum
3012 4725 3171 4782 quam
3219 4713 3416 4769 debent
3452 4716 3589 4773 hanc
3635 4719 3797 4773 haere-

2228 4796 2329 4851 sim
2348 4795 2439 4865 qui
2465 4799 2824 4867 corriguntur,
2854 4802 3323 4870 anathematizare,
3356 4806 3452 4861 ista
3483 4816 3583 4860 est.

2297 4887 2337 4942 l.
2370 4886 2472 4955 Qui
2513 4890 2685 4945 credit
2719 4891 2852 4947 duas
2897 4908 3017 4948 esse
3055 4906 3294 4963 naturas,
3340 4906 3468 4957 etc..
3500 4915 3613 4968 qua?
3648 4901 3798 4970 paulo

2228 4988 2349 5033 ante
2378 4990 2497 5032 sunt
2522 4997 2711 5053 excusa
2757 4984 3017 5037 nonnullis
3057 4986 3279 5049 omissis,
3306 4996 3361 5038 ut
3408 4988 3459 5039 in
3500 4998 3621 5041 uota
3669 4990 3796 5041 αι·ιί-

2230 5071 2331 5124 culi
2360 5086 2411 5123 ιι
2430 5072 2646 5125 strictim
2672 5073 3060 5129 observavimus.

2368 5177 2495 5216 ITEI
2517 5179 2691 5218 rosus
2708 5158 2976 5221 sciamus
3000 5169 3089 5235 “‘,
3111 5185 3250 5233 quam
3274 5187 3376 5225 nn
3404 5188 3674 5228 EPISCOPUS

2708 5249 2991 5291 CONVBRSIS
3034 5255 3148 5293 ISTA
3179 5257 3294 5295 EST.

2297 5320 2559 5389 Quoniam
2589 5334 2645 5380 te
2670 5324 3083 5403 Manichaeorum
3107 5330 3407 5386 auditorem
3434 5334 3799 5402 poenitetfuis-

2228 5432 2305 5480 se,
2336 5417 2475 5473 sicut
2502 5418 2617 5487 ipse
2643 5418 2921 5474 confessus
2946 5435 3006 5475 es
3032 5423 3314 5477 anathema
3344 5424 3528 5479 dicens
3554 5425 3801 5497 blasphe‘

2156 5546 2167 5557 .
2230 5506 2349 5562 aliis
2385 5516 2442 5563 et
2477 5508 2804 5577 impiissimm
2831 5518 2993 5580 atque
3021 5510 3456 5568 immundissha:
3495 5513 3684 5571 haeresi
3709 5532 3801 5570 eo-

2226 5644 2348 5703 gata
2377 5639 2440 5691 de
2465 5632 2686 5721 quode
2730 5642 2966 5726 episcopo
2996 5644 3156 5712 ipsius
3186 5654 3357 5726 secla’.
3403 5645 3636 5726 indidem
3666 5664 3801 5726 quo-

2224 5710 2667 5829 quagravisima
2697 5710 3022 5767 sustulimus
3052 5713 3261 5775 menda,
3314 5724 3369 5768 ut
3416 5733 3480 5769 ex
3516 5710 3804 5774 collatione

2224 5789 2289 5830 co
2334 5788 2458 5843 lges.
