4074 6452
213 407 286 464 19

1291 375 1295 378 ’
1356 395 1750 452 BONIFACIUS
1791 362 1968 450 PAPA
2001 397 2061 450 ιι.
2105 395 2394 452 norma.

3428 395 3503 453 '50

220 536 361 587 rum,
392 534 458 573 ex
486 532 594 588 quo
624 525 676 572 te
703 532 808 572 non
827 514 949 585 .nisi
976 512 1104 570 fides
1126 512 1389 568 catholica
1419 512 1624 566 salvum
1653 509 1801 574 fecit,
1836 517 1879 570 Λ
1909 511 2258 574 monasterio,
2315 512 2394 564 vel
2452 513 2503 564 in
2558 512 2913 576 xenodochio,
2971 498 3153 569 donec,
3198 494 3501 582 appareant

227 609 452 665 habebis
490 609 632 662 hanc
676 607 959 677 epistolam
1009 605 1265 660 adversus
1301 619 1396 658 eos
1423 603 1514 672 qui
1549 602 1642 656 tibi
1673 611 1808 656 tem-

221 701 370 771 poris
401 699 657 770 pr.eteriti
680 712 918 752 errorem
939 738 954 763 ,
984 704 1241 766 quantum
1275 694 1341 749 ad
1368 694 1525 748 istam
1553 691 1808 748 nefariam

220 791 458 860 pertinet
484 796 708 853 sectam,
734 785 1090 855 obiiciendum
1118 785 1442 856 putaverint,
1471 799 1590 854 qua:
1613 783 1809 852 scripta

223 889 309 935 est
336 880 421 934 die
445 879 537 933 illo
559 888 614 934 et
641 879 860 934 consule
889 877 1000 931 illo.

293 969 492 1025 Electis
519 985 648 1023 vero
689 968 1100 1022 Manichzeorum
1129 967 1221 1035 qui
1249 981 1308 1022 se
1347 963 1587 1020 converti
1625 962 1811 1017 dicunt

221 1059 292 1115 ad
315 1059 632 1114 catholicam
665 1057 847 1125 fidem,
873 1057 1081 1112 etiamsi
1116 1066 1169 1110 et
1209 1057 1306 1126 ipsi
1333 1055 1623 1110 secundum
1652 1069 1811 1121 supe-

218 1151 420 1205 riorem
469 1150 696 1203 formam
747 1149 991 1203 eamdem
1033 1147 1277 1202 haeresim
1322 1144 1812 1199 anathematizave-

217 1243 347 1304 rint,
379 1255 487 1294 non
530 1238 686 1294 facile
733 1239 920 1293 dandae
971 1247 1095 1292 sunt
1147 1238 1373 1298 litterm;
1414 1233 1508 1289 sed
1554 1249 1674 1288 cum
1716 1231 1809 1285 Dei

214 1331 386 1386 servis
435 1344 556 1386 esse
608 1329 900 1396 debebunt,
956 1330 1067 1382 sive
1111 1327 1356 1395 clericis,
1401 1326 1514 1379 sive
1543 1323 1712 1386 laicis,
1755 1324 1807 1374 in

1917 601 2128 670 penitus
2142 603 2268 671 ipsa
2309 603 2690 672 superstitione
2727 604 3003 658 caruisse:
3033 611 3088 658 et
3133 611 3262 658 tunc
3297 605 3379 658 vel
3408 605 3500 658 ba-

1915 692 2200 760 ptizentur,
2247 693 2291 746 si
2323 709 2428 746 non
2470 693 2667 748 fuerint
2707 695 2985 760 baptizati,
3017 693 3100 748 vel
3147 693 3504 748 reconcilien-

1915 791 2022 848 tur,
2071 784 2115 836 si
2157 784 2486 852 pomitentim
2537 785 2714 839 locum
2753 786 3098 854 acceperint,
3151 777 3219 839 ue
3266 783 3502 853 acceptis

1885 874 2021 956 .cito
2042 873 2234 928 litteris
2263 875 2405 940 loca,
2435 876 2486 928 iu
2517 876 2712 944 quibus
2751 875 2961 930 fuerant
3001 874 3382 938 commendati,
3415 874 3502 927 de-

1914 971 2117 1016 serant.

1987 1055 2216 1126 Expiicit
2269 1057 2715 1110 commonitorium
2769 1055 2902 1109 beati
2952 1055 3222 1125 Augustini
3276 1051 3500 1123 episcopi

1913 1149 1976 1201 de
2026 1148 2209 1202 hwresi
2255 1147 2674 1202 .Maniclia'owm
2724 1148 2814 1201 sub
2870 1148 3219 1201 exsecratione
3281 1145 3502 1198 anathe-

1913 1251 2086 1292 malis.

1508 1581 1690 1626 ANNIS
1723 1579 1954 1620 DXXX’
1973 1576 2205 1618 υιιιι.

235 1701 2174 1944 'BONIFACIUS
2267 1707 3049 1930 PAPA
3137 1709 3482 1922 II.

1512 2077 1513 2080 γ
1591 2124 2103 2208 NOTITIA.

1559 2258 1654 2317 (Kx
1688 2257 1815 2305 libro
1846 2254 2149 2326 pontificali.)

290 2447 315 2474 ι
346 2434 649 2491 Bonifacius
675 2432 894 2487 natione
933 2429 1229 2498 Romanus,
1260 2443 1326 2483 ex
1356 2436 1507 2497 patre
1533 2425 1790 2496 Sigisbul-
1825 2427 1866 2484 Β
1894 2420 2133 2482 reclusit,
2164 2419 2317 2487 quasi
2349 2415 2372 2453 δ
2401 2417 2662 2475 damnans
2689 2419 3020 2486 Dioscorum,
3047 2429 3104 2476 et
3131 2424 3480 2490 congregavit

216 2529 290 2585 do
314 2569 330 2588 .
365 2529 392 2566 ιι
423 2527 562 2581 sedit
591 2539 760 2578 annos
779 2523 815 2578 2
837 2524 951 2578 dies
972 2521 1061 2575 26.
1099 2521 1221 2578 Fuit
1244 2528 1422 2578 autem
1464 2519 1798 2590 temporibus

216 2618 508 2674 Athalarici
537 2617 677 2684 regis
705 2613 941 2669 haeretici
965 2653 982 2678 ,
1025 2621 1081 2666 et
1104 2611 1179 2682 (a)
1227 2609 1510 2663 Justiniani
1551 2607 1795 2676 Augusti.

217 2709 318 2764 Hic
365 2723 486 2763 cum
539 2707 794 2759 Dioscoro
831 2703 1112 2756 ordinatur
1148 2700 1247 2753 sub
1291 2698 1658 2753 contentione.
1696 2697 1800 2764 Qui

219 2798 512 2852 Dioscorus
539 2795 820 2850 ordinatur
849 2793 902 2846 in
930 2791 1147 2845 basilica
1186 2788 1628 2842 Constantiniana
1647 2830 1664 2855 ,
1690 2789 1798 2843 Bo-

221 2885 447 2940 nifacius
489 2893 620 2942 udo
658 2883 711 2936 iu
753 2881 972 2936 basilica
1015 2878 1160 2932 Julii.
1207 2877 1269 2932 Et
1311 2877 1407 2931 fuit
1447 2877 1708 2933 dissensio
1743 2878 1799 2931 in

215 2977 363 3032 clero
391 2985 446 3030 et
471 2982 662 3030 senatu
689 2973 806 3028 dies
834 2971 904 3023 29
933 2971 1028 3040 (ὁ).
1063 2969 1264 3024 Eodem
1296 2955 1800 3036 tempore’defunc-

217 3077 304 3121 tus
324 3073 406 3120 est
437 3066 724 3119 Dioscorus
751 3061 923 3132 pridie
951 3061 1068 3115 idus
1093 3059 1356 3114 Octobris.
1387 3070 1407 3096 ο
1441 3057 1573 3126 Ipsis
1609 3057 1800 3112 diebus

217 3155 519 3210 Bonifacius
551 3155 667 3208 zelo
693 3161 749 3208 et
773 3152 898 3207 dolo
928 3151 1138 3214 ductus,
1161 3165 1282 3204 cum
1311 3148 1499 3214 grandi
1531 3148 1794 3202 amaritu-

212 3247 338 3300 dine
366 3246 462 3299 sub
490 3245 706 3299 vinculo
736 3242 1092 3296 anathematis
1130 3247 1185 3292 et
1219 3237 1562 3308 chirographi
1606 3251 1798 3292 recon-

211 3339 413 3393 ciliavit
439 3339 836 3404 clerum,quem
851 3332 1263 3402 chirographum
1293 3330 1532 3384 ecclesia)
1560 3329 1796 3384 archivio

287 3470 302 3488 °
343 3467 474 3521 Vide
504 3476 617 3520 not.
654 3469 670 3485 '
695 3464 800 3520 col.
836 3463 886 3516 9.

285 3572 306 3593 υ
336 3559 654 3626 Bonifacius!
691 3555 815 3608 Post
856 3555 1220 3626 interregnum
1253 3551 1558 3626 triduanum
1595 3552 1670 3626 in»
1697 3552 1794 3605 ba-

209 3630 361 3683 silica
403 3621 527 3681 Julii
572 3641 712 3679 auuo
745 3625 947 3677 Domini
989 3623 1094 3676 550
1139 3622 1264 3680 (529
1305 3621 1552 3687 melius),
1584 3623 1673 3690 qui
1715 3631 1798 3676 est

208 3708 433 3767 quartus
451 3695 756 3767 Justiuiani.
779 3703 833 3746 et
853 3693 1121 3767 secundus
1136 3691 1421 3744 Athalarici
1439 3690 1793 3767 regisltalige,

210 3760 515 3822 Bonifacius
539 3764 579 3820 Il
620 3779 818 3829 genere
857 3762 1084 3824 Gothus,
1112 3768 1325 3814 creatus
1349 3769 1432 3813 est
1455 3760 1696 3828 pontifex
1727 3761 1793 3815 15

207 3840 296 3892 die
319 3836 584 3890 Octobris.
611 3833 808 3886 Contra
833 3847 955 3884 eum
1001 3831 1048 3884 in
1094 3829 1379 3882 schismate
1411 3829 1616 3882 electus
1637 3839 1718 3882 est
1738 3849 1788 3884 lfl

207 3907 424 3961 basilica
449 3901 886 3958 Constantiniana
915 3899 1197 3953 Dioscorus
1217 3898 1303 3950 ille
1326 3912 1485 3964 quem
1511 3897 1790 3952 Hormisda

209 3974 449 4045 pontifex
474 3990 576 4026 una
587 3987 708 4045 cum
723 3972 992 4045 Germano
1015 3967 1287 4045 etloanue
1299 3967 1586 4045 episcopis.
1607 3967 1792 4022 aliisve

209 4037 536 4114 presbyteris
557 4051 610 4097 et
637 4040 889 4114 Adiaconis
917 4039 991 4114 ad
1020 4037 1374 4114 Justinianum
1410 4037 1791 4114 imperatorem

206 4107 726 4184 Constantinopolim
756 4109 1021 4184 ablegavit
1045 4148 1060 4170 ,
1101 4107 1300 4184 quique
1323 4107 1390 4159 de
1414 4107 1653 4184 sinimus:
1676 4107 1792 4161 labe

209 4184 498 4238 infamatus
523 4174 714 4249 iniusta
736 4174 1002 4233 sententia
1021 4174 1407 4249 condemnatus
1431 4174 1544 4228 fuit.
1561 4175 1790 4249 Causam

207 4253 510 4308 schismatis
551 4246 761 4306 dedisse
804 4249 1015 4301 videtur
1036 4263 1131 4301 rex
1154 4246 1508 4308 Athalaricus,
1549 4246 1641 4313 qui
1664 4247 1789 4301 dum

207 4324 435 4377 fortasse
447 4321 698 4390 exemplo
711 4336 738 4373 a
747 4337 773 4371 ιι
783 4317 1066 4390 tecessoris
1078 4317 1273 4390 suipon
1283 4315 1471 4390 ti_licem
1485 4315 1792 4390 designaret

208 4409 274 4447 ac
295 4385 677 4462 prtesentare't,
694 4406 759 4462 es
784 4389 930 4462 clero
943 4387 1091 4462 alios
1113 4386 1211 4439 sibi
1235 4385 1622 4462 suifragantes,
1655 4387 1791 4462 alios

207 4455 557 4516 adversantes
596 4459 798 4513 habuit.
834 4456 1037 4511 Accidit
1075 4464 1256 4508 autem
1292 4455 1544 4522 singulari
1575 4456 1669 4510 Dei
1692 4456 1789 4510 be-

207 4532 431 4593 neficio,
469 4539 525 4583 ut
566 4527 905 4582 schismatico
937 4527 1042 4580 cita
1065 4533 1236 4579 morte
1266 4534 1536 4593 praevento
1558 4525 1788 4580 schisma

206 4602 534 4655 exstinctum
567 4599 745 4651 fuerit.

277 4669 433 4728 Initio
463 4668 800 4737 pontiﬁcatus
823 4665 1080 4737 Bonifacii
1106 4663 1786 4737 Belisarius_dus_militum

208 4731 562 4808 imperiali-um
594 4753 717 4792 cum
752 4736 995 4790 exercitu
1034 4748 1131 4788 suo
1155 4751 1184 4808 a
1211 4731 1381 4808 Persis
1408 4734 1459 4787 iu
1500 4735 1786 4789 discrimen
1825 4754 1830 4758 ν

207 4801 471 4864 adductus
513 4816 624 4871 est,
656 4821 776 4860 cum
802 4814 1032 4873 quatuor
1053 4804 1206 4856 annis
1229 4801 1456 4857 feliciter
1482 4813 1669 4858 contra
1693 4821 1788 4859 eos

207 4888 516 4947 pugnasset.
538 4877 742 4947 Gentes
763 4875 1640 4947 maritimas,quarumusubsidium
1663 4890 1791 4947 con-

205 4943 297 5000 tra
315 4947 505 5003 Persas
528 4945 838 5014 implorarat
859 4985 875 5004 .
901 4960 969 4998 ex
992 4943 1285 5014 idololatris
1313 4943 1644 5014 Christianas
1666 4945 1787 5000 red-

205 5015 376 5086 didit.'
405 5013 804 5086 Procopius_de
845 5014 995 5086 Bello
1028 5013 1415 5086 Pers_.__librot.
1447 5013 1784 5086 Theoderico

206 5085 530 5141 Francorum
557 5081 669 5152 regi
699 5083 1106 5138 Theodobertus
1149 5081 1284 5136 filius
1325 5082 1643 5152 Theudorici
1669 5125 1683 5144 .
1731 5091 1786 5140 et

203 5155 462 5210 Clodovei
488 5151 653 5224 nepos
675 5155 956 5224 successit.
985 5152 1061 5205 Ex
1089 5152 1332 5224 PAI-ogopL
1350 5151 1641 5224 etCregor.
1677 5153 1780 5206 Tu-
1813 5160 1861 5220 ι)

203 5227 440 5279 ronensi.
468 5221 641 5279 Baron
672 5229 812 5277 a'nno
839 5223 942 5277 550
963 5264 978 5286 ,
1004 5240 1056 5276 n.
1081 5221 1171 5275 49.
1205 5221 1277 5276 De
1304 5221 1576 5276 Bunifacio
1597 5225 1783 5277 scribit

203 5293 324 5365 A_do
345 5295 396 5348 in
418 5294 820 5365 martyrologio,
853 5293 996 5361 quod
1018 5292 1301 5365 ecclesiam
1328 5291 1385 5365 S_.
1409 5291 1786 5365 Michaelisar-

203 5362 449 5431 changeli
475 5362 689 5418 nomine
710 5371 1070 5416 constructam
1093 5363 1146 5416 in
1169 5363 1476 5420 summitate
1499 5363 1624 5417 circi
1646 5363 1786 5432 dica-

207 5433 368 5486 verit.
395 5432 520 5486 Ssv.
547 5432 744 5485 Bmws.

281 5503 304 5538 δ
329 5503 475 5557 Sedit
513 5518 678 5555 annos
707 5502 831 5554 duos
855 5511 962 5553 aws
1002 5497 1094 5570 ι26]
1124 5501 1309 5556 Verius
1338 5517 1478 5556 anno
1502 5511 1513 5553 ι
1524 5499 1679 5558 Errat
1700 5502 1787 5558 hic

206 5569 409 5626 BiniuSl
437 5587 541 5624 uno
567 5579 621 5624 ot
641 5570 847 5624 duobus
884 5569 1089 5624 diebus.
1122 5570 1251 5624 Nam
1281 5587 1402 5626 cum
1449 5570 1676 5626 fateatur
1697 5573 1784 5628 hic

210 5639 378 5708 ipsum
408 5641 471 5706 l7
521 5640 765 5710 Octobris
787 5655 925 5710 anno
950 5647 1070 5710 post
1111 5641 1442 5697 consulatum
1477 5639 1745 5710 Lampadii
1767 5684 1779 5700 .

193 5707 294 5777 qui
341 5717 424 5764 est
466 5711 662 5764 Christi
713 5707 832 5771 551,
873 5707 1178 5779 defunctum
1211 5707 1688 5779 esse,coustqt:[uc
1728 5713 1790 5768 iis

203 5795 322 5849 (une
351 5797 504 5849 supra
534 5779 684 5832 initio
715 5777 1326 5849 harumaduotationum
1356 5779 1492 5840 dixi.
1534 5777 1588 5832 et
1606 5777 1784 5848 ipsum

208 5847 274 5900 45
300 5847 565 5906 Octobris.
596 5865 737 5903 anno
762 5848 967 5903 Demini
993 5847 1098 5899 550
1123 5885 1136 5910 ,
1161 5849 1466 5914 pontificem
1492 5865 1608 5903 esse
1633 5847 1785 5905 crea-

1902 2515 2106 2572 elerum
2131 2551 2147 2576 ,
2177 2513 2262 2566 cui
2296 2520 2471 2566 tamen
2518 2512 2568 2565 in
2598 2513 2912 2583 episcopatu
2944 2512 3119 2568 nullus
3141 2514 3481 2584 subscripsit,

1900 2603 2028 2660 dum
2078 2602 2306 2673 plurima
2354 2599 2638 2656 multitudo
2682 2603 2868 2657 fuisset
2905 2620 3026 2658 cum
3068 2604 3346 2659 Dioscoro.
3393 2604 3487 2660 llic

1900 2695 2258 2766 presbyteris,
2286 2701 2342 2746 et
2380 2693 2700 2746 diaeonibus
2718 2731 2733 2753 .
2762 2702 2819 2747 ct
2846 2693 3280 2758 subdiacouibus,
3304 2702 3358 2748 et
3387 2711 3487 2748 uo-

1902 2785 2051 2840 tariis
2075 2785 2333 2838 scuti-llas
2369 2784 2436 2836 de
2472 2783 2681 2852 adeptis
2719 2783 3117 2839 hmreditatibus
3155 2785 3350 2839 obtulit
3372 2825 3389 2851 ,
3433 2793 3489 2839 et

1899 2877 2168 2932 alimoaiis
2207 2877 2388 2929 multis
2429 2876 2478 2928 in
2511 2876 2750 2944 periculo
2793 2876 2947 2932 famis
2975 2878 3122 2932 clero
3153 2877 3422 2931 subvenit.
3459 2886 3483 2913 ι·

1901 2966 1998 3022 Hic
2025 2965 2370 3033 congregavit
2397 2964 2658 3034 synodum
2685 2966 2736 3018 iu
2757 2967 2978 3021 basilica
3008 2968 3149 3021 beati
3180 2966 3324 3021 Petri
3354 2983 3488 3034 apo-

1900 3056 2044 3116 stoli,
2073 3065 2126 3108 et
2154 3055 2277 3108 fecit
2304 3055 2674 3119 constitutum,
2703 3055 2773 3127 (ε)
2798 3065 2855 3110 ιιι
2874 3058 2972 3111 sibi
2995 3071 3364 3112 successorem
3385 3074 3451 3112 or
3470 3084 3482 3093 -

1899 3149 2125 3204 dinaret.
2147 3148 2266 3216 Quo
2277 3151 2572 3204 constituto
2594 3166 2716 3205 cum
2734 3152 3103 3223 chirographis
3119 3151 3484 3211 sacerdotum,

1899 3251 1954 3296 et
1994 3240 2383 3310 jurejurando,
2439 3249 2566 3294 ante
2613 3241 3007 3297 confessionem
3059 3243 3204 3296 beati
3253 3241 3487 3310 apostoli

1899 3335 2042 3389 Petri
2073 3335 2125 3387 in
2155 3334 2438 3388 diaconum
2474 3333 2722 3402 Vigilium
2759 3335 3057 3390 constituit.
3103 3335 3307 3390 Eodem
3349 3343 3484 3388 tents

1899 3475 2030 3540 tum,
2075 3485 2181 3523 non
2205 3469 2304 3522 nisi
2347 3485 2456 3522 uno
2479 3485 2621 3540 anno
2645 3480 2698 3524 et
2727 3469 2938 3525 duobus
2967 3469 3152 3525 diebus
3175 3468 3483 3540 pontificem

1900 3537 2062 3592 fuisse
2089 3540 2500 3604 oportuit.‘Srzv.
2532 3538 2730 3592 Bmt's.

1971 3607 2367 3680 ¢_Igsis4iebus
2409 3608 2710 3678 Bonifacius
2735 3648 2749 3670 ,
2781 3608 2911 3680 etc.]
2946 3609 3073 3664 Post
3094 3611 3299 3665 obitum
3330 3608 3483 3680 Dios-

1896 3678 2030 3740 cori,
2056 3677 2364 3732 Bonifacius
2386 3677 2550 3734 nimio
2574 3680 2690 3734 zelo
2719 3677 3020 3734 commotus
3047 3681 3295 3734 eumdem
3327 3679 3482 3738 Dioso

1897 3763 2106 3811 corum,
2133 3755 2386 3818 tauquam
2416 3749 2656 3818 simonize
2680 3750 2902 3802 crimine
2943 3750 3235 3818 pollutum,
3259 3750 3482 3804 anathe-

1821 3797 1864 3852 (λ
1897 3797 2053 3870 matis
2083 3797 2348 3872 sententia
2389 3797 2765 3872 condemnavit
2792 3835 2804 3870 :
2832 3826 2887 3872 et
2915 3797 2978 3871 ad
3003 3797 3481 3872 evitandum-deiu-

1893 3902 2024 3957 ceps
2043 3887 2221 3957 futuri,
2245 3887 2549 3941 schismatis
2573 3888 2896 3954 periculum.
2929 3888 3224 3957 conv'ocata
3253 3889 3480 3957 synodo,

1892 3954 2142 4020 Vigilium
2173 3956 2460 4009 diaconum
2495 3971 2864 4023 successorem
2889 3957 2988 4010 sibi
3011 3954 3328 4023 designavit.
3353 3956 3488 4022 Quae

1893 4039 2012 4077 cum
2044 4032 2165 4092 post
2186 4032 2424 4078 semotos
2447 4022 2668 4083 affectus
2695 4025 2863 4079 sacris
2883 4022 3182 4084 canonibus
3203 4026 3480 4086 adversari

1893 4093 2252 4159 cognovisset,
2297 4093 2530 4163 secundo
2572 4100 2897 4163 congregato
2941 4095 3193 4162 concilio,
3245 4111 3384 4150 resa
3420 4111 3486 4149 se

1893 4176 2175 4231 perperam
2198 4171 2378 4229 gestas
2400 4162 2557 4231 plane
2587 4162 2835 4228 irritavit,
2860 4162 3165 4233 factumque
3188 4180 3477 4220 erroneum

1893 4241 2107 4301 peracta
2135 4233 2447 4302 penitentia
2489 4233 2746 4302 expiavit.
2789 4234 3140 4290 Successores
3178 4235 3436 4290 Bonifacii
3459 4273 3477 4299 ,

1893 4301 2162 4375 agapetus
2191 4311 2247 4375 et
2286 4301 2578 4375 Silverius,
2605 4319 2692 4358 res
2713 4305 2766 4368 in
2789 4305 2890 4360 bac
2913 4305 3120 4375 synodo
3141 4316 3320 4372 gestas
3341 4321 3478 4370 conv

1893 4369 2188 4425 firmarunt.
2222 4372 2346 4427 Sev.
2377 4369 2573 4427 Burnus.

1972 4439 1996 4477 ἀ
2021 4440 2294 4496 Damnans
2320 4440 2646 4512 Dioscorum]
2693 4439 2772 4496 Ob
2816 4458 3032 4498 causam
3073 4445 3483 4512 pecuniariam,

1890 4510 2205 4565 Dioscorum
2237 4512 2385 4565 velut
2409 4510 2758 4568 simoniacum
2783 4529 2813 4566 a
2843 4510 3120 4568 Bonifaci'o
3147 4516 3477 4570 condemno-

1892 4588 2000 4633 tmn
2023 4579 2187 4653 fuisse
2203 4589 2435 4653 ,_aperte
2457 4583 2709 4637 scribitur
2730 4583 2782 4636 iu
2804 4583 3035 4653 epistola
3058 4583 3341 4642 Iustiniani
3371 4587 3476 4639 im»

1890 4652 2157 4724 poratoris
2179 4651 2244 4724 ad
2273 4651 2531 4724 Joannem
2556 4667 2746 4720 papam
2777 4651 2996 4721 scripta,
3029 4663 3084 4708 et
3123 4655 3188 4710 ad
3223 4654 3482 4724 Vigilium

1889 4719 2030 4781 data,
2057 4735 2159 4787 qua
2189 4721 2266 4774 sic
2300 4722 2412 4795 ait;
2447 4719 2746 4784 Dioscorus,
2779 4719 2901 4795 cuni
2923 4725 3052 4777 nihil
3074 4725 3126 4777 in
3162 4719 3317 4795 ﬁdem
3356 4743 3474 4794 pec-

1887 4798 2074 4855 casset,
2104 4799 2277 4843 tamen
2325 4791 2487 4862 solum
2529 4799 2736 4862 propter
2771 4791 3170 4847 ecclesiasticum
3217 4791 3476 4862 ordinem,

1887 4871 2000 4924 post
2025 4871 2238 4914 mortem
2281 4861 2344 4913 ab
2388 4859 2564 4916 eadem
2603 4859 2834 4916 Ecclesia
2867 4862 3100 4918 Romana
3129 4859 3474 4919 anathemaﬁé

1888 4939 2032 4982 zalus
2061 4940 2155 4984 est.
2285 4932 2442 5006 igitur
2471 4930 2675 5006 nihili):
2715 4932 2872 5006 ﬁdem
2921 4946 3189 5003 peccantes
3211 4935 3442 5006 episcopi
3454 4977 3472 5000 ,

1886 5010 2093 5066 propter
2131 5000 2297 5074 solum
2318 5000 2720 5074 ecclesiasticum
2735 5000 2965 5056 ordinem
2983 5046 2998 5070 ,
3029 5015 3077 5057 et
3117 5000 3326 5074 propter
3348 5000 3472 5074 eitu-

1886 5084 1995 5120 snm
2016 5071 2368 5138 pecuniariam
2397 5070 2712 5142 anathemati
2745 5081 2795 5123 et
2823 5082 2936 5142 post
2959 5070 3172 5142 mortem
3195 5070 3478 5141 subjiciun-

1887 5145 1985 5209 tur,
2016 5134 2223 5207 'quanto
2251 5141 2418 5209 magis
2461 5139 2804 5204 Theodorum,
2823 5134 2941 5197 'etc.
2985 5134 3337 5202 Dioscoruui,
3390 5142 3473 5196 in-

1883 5205 2022 5274 justa
2047 5205 2324 5281 sententia
2340 5205 2796 5281 condemnatum,
2840 5212 3110 5281 Agapetus
3132 5211 3381 5270 absolvit.
3415 5223 3472 5266 ut

1891 5285 2036 5399 p3atet
2057 5277 2194 5350 apud
2221 5278 2556 5333 Anastasium
2581 5279 2634 5332 in
2656 5277 2774 5336 Vita
2798 5277 3038 5351 ejusdem
3069 5281 3312 5352 Agapeti.
3339 5281 3470 5335 Ser.

1939 5362 2091 5399 INIUS.

1939 5362 2091 5400 INIUS.

1964 5426 1986 5454 ο
2014 5416 2116 5470 llic
2153 5420 2482 5488 congregavit
2499 5420 2772 5487 synodum]
2813 5421 2946 5474 Cum
2989 5421 3290 5474 Gothorum
3314 5437 3476 5490 reges

1966 5509 2039 5576 (al
2065 5506 2162 5577 Ms.
2187 5509 2307 5564 cod.
2341 5508 2467 5564 Luc.
2501 5509 2625 5577 490,
2652 5511 2866 5564 Justini.

1966 5577 2039 5648 (ὸ)
2069 5575 2215 5648 idem
2245 5579 2392 5646 cod.,
2413 5596 2596 5634 xxvut.

1964 5653 2035 5712 (ε)
2062 5647 2204 5722 lzlem
2234 5648 2388 5722 cod._,
2420 5650 2539 5722 fecit
2577 5650 2906 5722 constitutum
2938 5667 3053 5710 cum
3092 5652 3473 5722 chyrogrup/u's.

1890 5718 2212 5790 sacerdotum
2240 5761 2252 5781 ,
2283 5729 2329 5772 cl
2351 5715 2715 5790 jusjurandum
2751 5728 2882 5790 ante
2924 5715 3301 5790 confusionem
3343 5715 3466 5787 up...

1890 5737 2212 5770 sm'eraomm
2240 5761 2252 5781 ,
2283 5737 2329 5772 et
2381 5737 2715 5787 usjuranaum
2763 5737 2882 5773 ante
2924 5737 3301 5790 corqessimiem
3343 5739 3466 5787 upo-

1890 5787 2007 5840 stoli
2057 5785 2200 5840 Petri
2232 5806 2283 5839 ιη
2333 5737 2604 5841 Ᾰὲατοηκηι
2644 5787 2886 5856 Vigilium
2936 5791 3200 5845 constituit
3270 5790 3469 5843 Eodem

1891 5865 2132 5913 tempore.
