4124 6466
578 365 648 428 3i

1869 365 2198 422 BONIFACII
2237 364 2441 418 ΡΑΡᾹ]
2482 364 2524 418 ll

3771 362 3838 417 5'3

583 481 905 555 pore-facta
930 482 1120 538 iterum
1151 482 1375 554 synodo,
1390 482 1494 537 hoc
1515 478 2154 535 ccusueruntsaceidotcs
2182 483 2228 540 Α
2256 476 2592 537 sacerdotum
2622 483 2678 530 et
2705 474 2831 530 cleri
2859 484 2913 527 et
2952 480 3169 529 senatus
3212 471 3457 527 incendio
3483 474 3835 543 consumpsit.

584 588 774 633 omnes
817 580 1040 642 propter
1083 572 1437 628 reverentiam
1483 579 1683 627 sanctae
1732 570 1915 624 sedis:
1949 577 2003 622 et
2028 569 2152 638 quia

583 670 771 718 contra
790 671 1026 717 canones
1052 662 1157 717 hoc
1178 662 1351 717 fuerat
1377 661 1596 725 factum,
1621 669 1676 716 et
1701 660 1825 733 quia
1855 658 2005 726 culpa
2030 673 2151 711 eum

584 751 920 820 respiciebat,
974 760 1032 805 ut
1067 766 1432 806 successorem
1478 751 1578 805 sibi
1622 750 1989 811 constitueret,
2040 748 2154 827 ipse

584 838 889 896 Bonifacius
928 856 1067 911 papa
1114 857 1268 896 reum
1316 856 1375 895 se
1402 841 1682 897 confessus
1708 848 1790 895 est
1835 838 2152 906 majestatis,

582 932 727 1001 quod
753 932 1032 989 diaconum
1053 933 1302 1001 Vigilium
1337 948 1433 987 sua
1463 933 1856 1001 subscriptione
1876 930 2154 999 chirogra-
2185 926 2199 949 '

586 1022 677 1090 phi
720 1031 848 1077 ante
893 1023 1287 1078 confessionem
1330 1024 1472 1078 beati
1498 1023 1727 1092 apostoli
1774 1020 1918 1075 Petri
1951 1020 2156 1076 consti—

589 1113 794 1178 tuisset,
839 1131 905 1170 ac
930 1115 1103 1184 ipsum
1132 1116 1483 1171 constitutum
1512 1117 1566 1169 in
1610 1114 1890 1185 praesentia
1919 1114 2159 1169 omnium

584 1265 747 1338 impie
771 1267 871 1322 sibi
901 1283 998 1338 usu
1009 1280 1254 1337 rpassent
1278 1270 1503 1323 Romani
1526 1268 1792 1338 pontiﬁcis
1815 1270 2155 1333 electionem.
2182 1304 2189 1315 η

586 1335 652 1389 ad
682 1335 947 1409 ejusmodi
976 1335 1352 1409 priesumptam
1384 1347 1440 1395 et
1462 1335 1855 1409 vi’usurpatam
1889 1339 2157 1395 licentiam

584 1419 651 1477 ex
680 1403 991 1477 Gothorum
1008 1403 1252 1463 manibus
1278 1403 1706 1477 extorquendam
1738 1409 2043 1464 Bonifacius
2065 1411 2163 1467 Ec-

583 1474 761 1528 clesia:
787 1477 1086 1531 consultum
1109 1493 1227 1532 esse
1241 1474 1519 1545 judicavit,
1546 1488 1603 1532 ut
1631 1478 1776 1533 nullo
1806 1480 1993 1533 relicto
2020 1482 2161 1535 sedis

584 1545 823 1615 vacantis
851 1546 992 1610 loco,
1019 1562 1386 1602 successorem
1415 1549 1516 1603 sibi
1564 1548 1805 1615 eligeret.
1850 1548 2006 1614 Quod
2035 1550 2163 1605 licet

583 1613 817 1686 speciem
845 1615 1128 1686 quamdam
1143 1616 1364 1685 justitia:
1399 1633 1511 1686 pra:
1539 1633 1597 1672 se
1625 1613 1805 1682 ferret,
1840 1613 2025 1686 postea
2074 1628 2158 1675 ta-

585 1695 706 1735 men
731 1682 799 1753 ab
827 1685 1074 1738 omnibus
1098 1682 1181 1740 est
1205 1682 1571 1753 reprobatum.
1597 1688 1724 1743 Ssv.
1751 1682 1945 1743 Brutus.

655 1747 1169 1841 fidem“?
1193 1747 1356 1841 fere.
1387 1759 1573 1841 iterum
1599 1758 1815 1841 ενηράοι
1833 1758 2159 1841 ,δῆουηάειξη

2258 565 2291 631 ιιλ
2309 564 2512 619 Eodem
2543 575 2784 634 tempore
2824 565 2969 617 venit
2996 561 3188 616 relatio
3217 561 3285 615 ah
3310 561 3449 616 Afris
3477 562 3744 633 episcopis
3770 564 3838 619 de

2256 656 2679 720 constitutione,
2726 662 2780 709 et
2825 663 2883 707 ut
2925 670 3044 708 cum
3092 652 3316 708 consilio
3350 653 3492 707 sedis
3532 654 3838 723 apostolicae

2259 747 2439 800 omnia
2470 745 2907 812 Carthaginiensis
2935 744 3217 813 episcopus
3243 742 3459 797 faceret.
3492 741 3593 808 Qui
3622 743 3838 799 Bonifa-

2256 838 2371 891 cius
2391 836 2635 905 sepultus
2664 844 2746 889 est
2783 836 2834 888 in
2875 835 3092 889 basilica
3122 834 3267 888 beati
3289 831 3431 886 Petri
3462 833 3709 902 apostoli,
3742 834 3842 888 sub

2256 926 2344 980 die
2376 926 2440 978 i7
2468 926 2668 980 mensis
2695 922 2960 989 Octobris,
2994 926 3070 993 (a)
3096 931 3221 993 post
3254 925 3587 978 consulatum
3616 923 3842 994 Lampa-

2259 1016 2356 1071 dii.
2387 1016 2449 1069 Et
2486 1028 2507 1055 ε
2539 1017 2768 1071 cessavit
2794 1016 3135 1086 episcopatus
3157 1024 3367 1070 menses
3388 1014 3423 1067 2
3442 1015 3554 1070 dies
3588 1015 3671 1070 15.

2260 1253 2386 1309 Sev.
2420 1254 2618 1310 Bmtus.

2338 1353 2359 1382 ε
2393 1343 2617 1417 Cessavit
2649 1345 2973 1417 episcopatus
3018 1359 3214 1417 menses
3341 1341 3446 1417 dies
3490 1341 3691 1417 l5]_Ex
3739 1344 3839 1398 hoc

2262 1414 2522 1467 mensium
2551 1422 2607 1468 et
2633 1412 2840 1467 dierum
2868 1428 3091 1477 numero
3110 1412 3554 1477 dicendum'loret
3579 1412 3839 1467 Joannem

2262 1497 2627 1552 successorem
2659 1472 2922 1537 Bonifacii
2947 1472 3334 1552 creatumesse
3375 1478 3678 1552 pontificem
3712 1482 3843 1552 ipsis

2262 1552 2499 1622 calendis
2537 1550 2816 1622 Januarii,
2862 1551 3098 1607 secundo
3148 1567 3290 1606 anno
3341 1550 3464 1622 post
3506 1550 3841 1622 consulatum

2266 1621 2540 1691 Lampadii
2568 1629 2623 1677 et
2649 1620 2871 1685 Orestis,
2891 1637 3050 1691 quem
3079 1622 3251 1691 primo
3279 1620 3420 1691 anno
3438 1627 3561 1690 post
3579 1620 3841 1675 dictorum

2224 1698 2235 1701 “
2263 1691 2599 1746 consulatum
2622 1690 3270 1759 Bonifaciosuhrogatum
3297 1690 3460 1745 fuisse
3498 1705 3603 1743 non
3636 1698 3841 1743 tantum

2267 1762 2381 1829 ipse
2409 1761 2510 1816 sibi
2539 1763 2838 1819 contrarius
2869 1760 3067 1814 fatetur
3096 1760 3422 1824 Anastasius,
3452 1759 3546 1813 sed
3567 1759 3731 1829 etiam
3757 1759 3841 1813 iu-

584 1821 1467 1918 f:¥tit:du:i.l:Bongagamgiptglligitl,
1490 1844 1594 1897 qua
1624 1821 1740 1884 acta
1763 1821 1959 1900 prioris
1979 1831 2160 1885 conci-
2197 1862 2236 1918 Β
2266 1821 2496 1918 ξξξιίίριίο.
2632 1832 2808 1918 titt_1lo_
2828 1829 3128 1918 Fudoxiae,‘
3146 1844 3264 1918 qua;
3299 1838 3384 1918 est
3411 1821 3749 1918 ιαμβιξιὲ
3765 1828 3839 1918 ⁸8.

588 1890 642 1943 lii
670 1892 887 1949 rescidit
913 1903 969 1948 et
996 1894 1241 1950 irritavit.
1272 1890 1399 1951 Ssv'.
1431 1890 1627 1952 Birinus.

658 1958 685 1998 δ
714 1959 916 2036 Eodem
943 1972 1165 2036 tempore
1182 1968 1314 2036 venit
1343 1967 1545 2036 relatio)
1595 1967 1829 2022 Prmerat
1852 1968 1933 2021 his
1954 1976 2162 2036 tempo-

586 2030 732 2084 ribus
768 2030 1169 2101 Carthaginiensi
1215 2033 1466 2090 Ecclesia:
1506 2030 1807 2105 Reparalus
1852 2030 2157 2107 episcopus.

2270 1895 2412 1954 Petri
2433 1900 2501 1954 ad
2527 1900 2769 1964 Vincula,
2796 1900 2934 1955 idem
2957 1895 3237 1954 manifeste
3252 1899 3467 1954 indicat.
3489 1895 3623 1951 Vide
3645 1896 3838 1951 Baruu.

2268 1987 2354 2023 an.
2388 1969 2516 2037 551,
2540 1985 2594 2023 ιι.
2624 1970 2677 2024 8.
2706 1970 2833 2025 Ssv.
2866 1969 3064 2023 Bmms.
3656 2013 3665 2021 .
3742 1996 3745 1997 ν

2339 2045 2418 2109 (a)
2450 2039 2597 2095 Idem
2625 2040 2773 2107 cod.,
2805 2041 3092 2093 consulatu.

1413 2269 2177 2431 nomnen

2277 2364 2279 2367 .
2396 2273 2832 2378 PAPfE
2955 2274 3064 2379 ll
3264 2258 3276 2267 ’

840 2482 915 2538 ί»
1023 2475 3383 2665 ΕΙ›ΙΒΤΟιωΗ-ΒΕΟΒΕΤΑ.»

910 2677 1243 2735 EPISTOLA
1283 2681 1494 2738 PRIMA
1534 2681 1717 2754 (OLIM
1746 2683 1862 2754 XI).

695 2785 995 2847 Βοιιιηοιιιε
1024 2789 1152 2826 ΡΑΡΔ
1179 2789 1215 2827 ll
1243 2791 1309 2828 AD
1347 2790 1621 2830 CESABIUI
1652 2793 2057 2833 ARELA‘I'ENSEI.

592 2862 720 2936 Ejus
748 2874 931 2936 rogatu
956 2864 1245 2939 conﬁrmat.
1269 2884 1331 2919 ea
1367 2883 1481 2939 ante
1517 2869 1573 2939 in
1611 2868 1809 2939 synodo
1845 2871 2170 2926 Arausicana

1146 2938 1349 3007 fuerant
1379 2937 1613 3007 deﬁnita.

662 3048 1017 3106 Dilectissimo
1047 3049 1196 3104 fratri
1227 3051 1241 3081 '
1271 3048 1504 3106 Caesarie
1530 3049 1855 3106 Bonifacius.

665 3136 769 3197 Per
795 3140 963 3197 ﬁlium
991 3149 1232 3209 nostrum
1255 3140 1564 3196 Armenium
1592 3143 1963 3215 presbyterum
1990 3154 2047 3201 et
2073 3147 2171 3201 ab-

2269 2689 2439 2745 nostri
2466 2679 2774 2758 apostolica
2799 2687 2940 2743 sedis
2960 2688 3245 2755 antistites,
3273 2688 3346 2742 ita
3374 2678 3584 2745 ratione
3608 2691 3843 2760 probeo.

2271 2789 2357 2834 tur
2378 2778 2693 2835 disseruisse
2720 2777 2994 2844 latissima,
3015 2787 3074 2832 ut
3091 2778 3221 2832 nulli
3246 2778 3467 2832 ulterius
3491 2778 3709 2834 deberet
3727 2794 3855 2836 esse
3916 2836 3919 2843 ,

2271 2870 2607 2939 ambiguum,
2630 2867 2787 2923 fidem
2809 2882 3023 2937 quoque
3045 2868 3201 2924 nobis
3228 2869 3397 2938 ipsam
3422 2869 3604 2927 venire
3629 2869 3701 2924 de
3724 2884 3845 2938 gra-

2270 2962 2366 3025 tia,
2395 2958 2849 3029 supersedendum
2875 2958 3126 3014 duximus
3154 2959 3503 3030 responsione
3530 2960 3807 3029 multiplici
3830 2977 3847 3024 ;

2274 3050 2507 3107 maxime
2530 3066 2653 3106 cum
2690 3050 2984 3107 secundum
3018 3065 3111 3105 eas
3142 3065 3276 3118 quas
3312 3066 3377 3104 ex
3415 3050 3672 3119 Apostolo
3699 3050 3848 3105 dire-

2274 3140 2399 3195 sisti
2422 3140 2735 3203 sententias,
2767 3140 2960 3208 quibus
2986 3139 3115 3194 dicit
3138 3157 3151 3191 :
3177 3138 3587 3194 Misericordiam
3615 3156 3849 3195 consecro

594 3234 771 3288 batem
800 3232 1007 3288 litteras
1036 3242 1139 3287 tua:
1175 3232 1524 3288 fraternitatis
1563 3234 1865 3304 accepimus
1893 3239 1913 3268 '
1941 3252 2076 3304 quas
2103 3237 2169 3291 ad
2194 3216 2242 3279 C
2271 3238 2353 3282 tus
2375 3245 2508 3293 sum,
2538 3237 2595 3281 αι
2622 3229 2792 3297 ﬁdelis
2819 3240 2980 3282 εεδῖηι
3004 3227 3055 3299 (1
3084 3226 3204 3282 Cor-
3233 3227 3328 3296 νη)
3356 3236 3452 3294 ;εῐ
3477 3228 3642 3284 alibi:
3683 3228 3841 3285 Vobis

594 3336 693 3376 nos
718 3329 781 3375 ut
799 3329 1024 3391 apparet
1071 3321 1271 3377 inscius
1317 3320 1495 3377 adhuc
1527 3322 1817 3379 sacerdotii
1866 3325 1997 3380 mihi
2024 3342 2175 3381 com-

569 3412 741 3488 .missi
768 3411 867 3466 sub
908 3428 974 3468 ea
996 3428 1100 3482 qua
1130 3412 1183 3466 in
1198 3411 1309 3467 Deo
1340 3421 1585 3468 tenemur
1612 3416 1838 3470 caritate
1859 3415 2133 3472 direxeras
2162 3436 2174 3470 :

594 3502 785 3572 quibus
823 3500 1130 3558 credideras
1169 3503 1566 3573 postulandum,
1592 3514 1651 3558 ut
1693 3505 1747 3559 id
1771 3501 1974 3574 quod'a
2001 3507 2174 3562 beata:

595 3591 987 3646 recordationis
1023 3591 1309 3647 decessore
1349 3600 1535 3647 nostro
1570 3608 1707 3663 papa
1745 3593 1925 3649 Felice
1951 3610 2049 3665 pro
2086 3611 2178 3651 ca-

603 3682 813 3762 tholica:
841 3681 963 3737 fidei
1004 3697 1332 3753 poposceras
1371 3681 1622 3737 firmitate
1657 3698 1776 3738 mea
1824 3684 2182 3761 explicaretur

600 3766 876 3829 instantia.
907 3773 1013 3828 Sed
1041 3774 1164 3844 quia
1196 3772 1249 3829 id
1276 3773 1526 3829 voluntas
1553 3789 1785 3844 superna
1813 3774 2090 3844 disposuit,
2124 3785 2183 3831 ut

598 3864 745 3935 quod
769 3881 865 3936 per
895 3881 992 3920 nos
1018 3865 1087 3920 ab
1134 3866 1225 3919 illo
1253 3880 1589 3935 speraveras,
1620 3880 1650 3918 a
1682 3866 1837 3922 nobis
1860 3865 2042 3936 potius
2079 3868 2180 3922 im-

601 3963 875 4027 petrares;
906 3956 1152 4026 petitioni
1174 3964 1297 4022 tuae,
1329 3970 1489 4025 quam
1518 3955 1899 4012 laudabilitieri
1924 3959 2182 4014 sollicitu-

601 4045 729 4101 dine
756 4045 1072 4116 concepisti,
1116 4045 1444 4102 catholicum
1474 4057 1583 4101 non
1614 4044 1913 4102 distulimus
1937 4047 2066 4102 dare
2093 4062 2183 4102 re-

603 4151 880 4206 sponsum.
909 4135 1120 4192 Indicas
1144 4136 1286 4191 enim
1307 4137 1321 4208 ί
1332 4135 1477 4205 quod
1514 4136 1677 4207 aliqui
1719 4137 1957 4207 episcopi
1983 4135 2183 4192 Gallia-

603 4242 744 4289 rum,
761 4241 886 4282 cum
911 4234 1104 4282 caetera
1120 4226 1234 4296 jam
1261 4227 1404 4283 bona
1433 4243 1499 4283 ex
1524 4227 1620 4282 Dei
1634 4228 2002 4299 acquieverint
2014 4229 2185 4297 gratia

603 4315 908 4386 provenire,
946 4315 1102 4371 fidem
1131 4325 1367 4384 tantum,
1408 4332 1512 4387 qua
1550 4318 1603 4373 in
1645 4317 1858 4373 Christo
1895 4318 2184 4385 credimus,

605 4414 811 4461 natura:
833 4420 954 4462 esse
972 4406 1141 4461 velint
1164 4406 1415 4477 (dicant),
1437 4423 1545 4463 non
1569 4409 1781 4475 gratite;
1804 4414 1859 4462 et
1887 4408 2191 4463 hominibus

605 4514 673 4555 cx
703 4498 891 4565 Adam,
922 4498 1067 4567 quod
1091 4498 1198 4554 dici
1224 4496 1374 4554 nefas
1393 4506 1497 4563 est,
1545 4499 1597 4553 in
1639 4499 1808 4553 libero
1837 4499 2061 4553 arbitrio
2099 4515 2187 4554 re-

2279 3319 2455 3373 datum
2487 3329 2563 3372 est
2591 3335 2684 3389 pro
2713 3317 2936 3383 Christo,
2967 3334 3070 3372 non
3097 3318 3262 3372 solum
3287 3325 3342 3369 ut
3368 3333 3482 3371 eum
3500 3318 3741 3378 credatis.
3766 3335 3849 3374 va-

2278 3427 2392 3464 rum
2421 3411 2577 3464 etiam
2603 3419 2659 3463 ut
2686 3427 2779 3481 pro
2806 3428 2864 3464 eo
2890 3411 3163 3485 patiamini
3196 3410 3417 3480 (Philip.
3447 3410 3484 3481 ι)
3510 3428 3525 3476 ;
3572 3411 3848 3466 evidenter

2279 3510 2533 3572 appareat
2559 3500 2715 3555 ﬁdem
2741 3540 2756 3565 ,
2797 3514 2902 3568 qua
2942 3500 2995 3554 in
3041 3498 3254 3556 Christo
3276 3503 3578 3566 credimus,
3626 3502 3763 3558 sicut
3790 3510 3861 3557 ek

2281 3592 2457 3645 omnia
2484 3593 2625 3646 bona
2650 3632 2665 3656 ,
2718 3590 2940 3659 singulis
2979 3590 3281 3646 hominibus
3325 3608 3392 3648 ex
3430 3592 3574 3647 dono
3609 3606 3869 3662 superna},

2279 3683 2463 3737 venire
2504 3682 2725 3750 gratim,
2768 3697 2875 3736 non
2916 3697 2984 3736 ex
3013 3683 3258 3737 humanae
3300 3689 3568 3752 potestate
3607 3690 3809 3736 natura:
3834 3700 3870 3738 ε.

2239 3790 2242 3795 λ
2281 3773 2425 3843 quod
2467 3775 2627 3829 etiam
2675 3773 3067 3847 fraternitatem.
3110 3783 3254 3827 tuam
3279 3814 3293 3837 ,
3341 3773 3523 3828 habita
3566 3772 3873 3828 collatione

2284 3881 2402 3921 cum
2429 3863 2747 3934 quibusdam
2777 3862 3149 3919 sacerdotibus
3173 3862 3487 3931 Galliarum,
3512 3862 3675 3931 juxta.
3692 3860 3852 3915 iidem

2282 3956 2575 4027 gaudemus
2601 3957 2835 4012 sensisse
2860 3955 3217 4010 catholicam:
3250 3956 3300 4009 in
3330 3954 3413 4009 his
3437 3955 3641 4010 scilicet
3660 3954 3714 4008 in
3733 3953 3861 4023 qui-i

2284 4050 2384 4103 bus
2411 4065 2541 4115 uno,
2572 4047 2999 4109 sicutindicasti,
3048 4060 3313 4101 consensu
3337 4044 3646 4101 dillnierunt
3674 4043 3873 4105 ﬁdem”

2285 4158 2390 4212 qua
2437 4143 2488 4195 in
2513 4141 2726 4196 Christo
2754 4140 3058 4202 credimus,
3107 4140 3278 4208 gratia
3320 4137 3619 4197 Divinitatis
3653 4151 3856 4207 prteve-

2291 4236 2471 4289 niente
2499 4232 2729 4290 conferri
2754 4252 2769 4300 ;
2800 4234 3113 4303 abjicientes
3138 4233 3299 4288 etiam
3328 4232 3461 4286 nihil
3494 4246 3613 4287 esse
3639 4246 3881 4301 prorsus.

2290 4325 2579 4380 secundum
2609 4326 2776 4379 Deum
2812 4325 2959 4388 boni,
2990 4323 3134 4393 quod
3161 4322 3276 4378 sine
3303 4321 3399 4378 Dei
3427 4322 3547 4391 quis
3570 4322 3741 4390 gratia
3767 4331 3865 4375 aut

2293 4415 2450 4480 velle,
2484 4423 2575 4468 aut
2602 4414 2855 4484 incipere,
2887 4422 2980 4467 aut
3004 4413 3234 4482 operari,
3268 4412 3639 4491 autperlicere
3665 4411 3875 4481 possit,

2295 4503 2506 4558 dicente
2540 4502 2653 4572 ipso
2672 4500 2952 4556 Salvatore
2981 4509 3194 4555 nostro:
3227 4499 3355 4555 Sine
3382 4516 3463 4553 me
3495 4500 3625 4552 nihil
3651 4500 3865 4570 potestis

605 4588 867 4644 mansisse
919 4604 1027 4645 non
1067 4590 1227 4643 etiam
1261 4605 1402 4644 nunc
1431 4590 1604 4659 (abest
1634 4590 1745 4645 haec
1764 4590 2075 4659 prtepositio
2103 4606 2184 4646 ac.
2224 4583 2268 4638 Ι)
2294 4596 2480 4663 facere.
2501 4591 2717 4646 Certum
2736 4598 2820 4646 est
2839 4590 2980 4645 enim
3001 4598 3162 4659 atque
3181 4590 3520 4653 catholicum,
3538 4588 3661 4657 quia
3683 4588 3736 4642 in
3755 4603 3863 4643 om~

610 4676 854 4734 Palatino
874 4686 929 4735 et
950 4679 1088 4750 aliis)
1120 4679 1171 4733 in
1202 4679 1422 4748 singulis
1458 4678 1837 4733 misericordia:
1865 4680 2056 4733 divina:
2083 4679 2185 4733 lar-

603 4769 771 4839 gitate
797 4767 1029 4825 conferri
1053 4788 1066 4823 :
1099 4770 1377 4841 postulans
1405 4778 1464 4825 ut
1490 4785 1586 4846 prq
1623 4769 1968 4839 ambiguitate
1998 4771 2189 4827 tollen-

606 4863 676 4918 da
713 4860 1105 4918 confessionem
1142 4869 1398 4927 vestram,
1439 4875 1544 4929 qua
1583 4876 1681 4915 vos
1718 4876 1750 4915 e
1787 4860 2000 4915 diverso
2030 4860 2188 4916 fidem

611 4948 814 5010 rectam
842 4953 897 5007 in
917 4951 1151 5016 Christo,
1182 4952 1454 5021 totiusque
1477 4952 1631 5006 boum
1650 4950 1940 5006 voluntatis
1961 4950 2187 5015 initium,

605 5045 760 5115 juxta
798 5042 1118 5098 catholicam
1160 5041 1465 5108 veritatem,
1514 5056 1610 5110 per
1647 5041 2064 5111 pratvenientem
2093 5040 2190 5097 Dei

612 5136 840 5205 gratiam
866 5133 1195 5202 singulorum
1222 5121 1455 5189 definitis
1494 5134 1739 5189 sensibus
1785 5132 2067 5204 inspirare,
2099 5150 2192 5188 au-

610 5227 863 5284 ctoritate
900 5225 1044 5282 sedis
1098 5225 1408 5296 apostolicae
1455 5224 1807 5280 firmaremus.
1852 5226 2027 5297 Atque
2049 5225 2192 5294 ideo,

612 5331 732 5369 cum
761 5315 828 5370 de
847 5315 950 5370 hac
963 5329 1024 5370 re
1049 5313 1203 5368 multi
1231 5312 1438 5379 Patres,
1467 5323 1523 5369 et
1542 5330 1652 5384 prae
1671 5315 1880 5370 caneris
1909 5315 2082 5370 beata:
2106 5331 2194 5370 re—

612 5405 944 5461 cordationis
989 5404 1318 5473 Augustinus
1364 5405 1671 5476 episcOpus,
1723 5405 1819 5461 sed
1863 5414 1920 5461 et
1964 5405 2195 5474 majores

685 5541 698 5569 '
732 5537 960 5610 Caesario
972 5537 1292 5610 Bonifacius]
1308 5537 1544 5610 'I_‘et_'tium
1570 5538 1814 5610 epistola:
1842 5537 1998 5610 hujus
2018 5552 2193 5610 exem-

614 5607 759 5677 plum
782 5608 1010 5677 vidimus
1030 5608 1084 5662 in
1107 5606 1297 5670 codice
1318 5607 1540 5663 Toliano
1570 5606 1955 5677 Engolismensi
1976 5625 1990 5671 ;
2015 5606 2194 5677 menti-

616 5676 805 5749 hitque
847 5676 1086 5748 ejusdem
1125 5678 1444 5749 Cyprianus
1471 5678 1729 5749 diaconus
1769 5677 1822 5731 in
1853 5676 1971 5730 Vita
2021 5676 2192 5730 sancti

613 5745 849 5809 Cmsarii,
879 5745 972 5804 lih.
1006 5764 1042 5811 ι,
1073 5745 1379 5801 ευιίίῖιιειιι.
1420 5746 1533 5801 Jac.
1566 5746 1885 5801 Snmonnus.

691 5819 709 5845 '
741 5815 883 5881 Quas
918 5818 984 5870 ad
1014 5835 1127 5885 nos,
1159 5817 1249 5871 sub
1277 5817 1363 5888 ea}
1390 5816 1639 5884 chdam
1671 5816 1772 5871 huc
1826 5814 1944 5871 loco
1995 5813 2191 5883 (lepra—

2294 4684 2448 4738 nibus
2462 4683 2640 4750 bonis,
2652 4696 2880 4751 quorum
2891 4687 3144 4750 caputest
3159 4671 3306 4743 fides,
3325 4678 3570 4732 nolentes
3582 4692 3679 4731 nos
3692 4676 3866 4734 adhuc

2295 4774 2660 4830 misericordia
2679 4773 2856 4828 divina
2871 4772 3180 4842 prteveniat,
3194 4780 3286 4825 aut
3299 4770 3551 4834 velimus;
3571 4769 3697 4822 insit
3709 4769 3865 4825 nobis

2294 4880 2414 4920 cum
2431 4864 2695 4930 volumus;
2711 4871 2966 4931 sequatur
2979 4862 3141 4916 etiam
3156 4861 3279 4914 utin
3298 4859 3400 4913 lide
3416 4855 3637 4929 (ﬁne;ex
3656 4873 3701 4909 ε.
3717 4856 3867 4929 Ραι.)

2294 4953 2711 5018 duremus,sicut
2724 4951 2886 5006 David
2902 4950 3159 5020 propheta
3171 4949 3300 5002 dicit
3314 4968 3325 4999 :
3337 4948 3471 5000 Deus
3488 4962 3649 5009 meus,
3667 4947 3868 5000 miseri-

2295 5043 2471 5097 cordia
2485 5043 2596 5113 ejus
2610 5041 2882 5111 prarveniet
2896 5055 2976 5092 me
3002 5037 3169 5106 (Psal.
3190 5037 3336 5107 Lvut)
3359 5054 3371 5087 :
3390 5044 3445 5089 et
3460 5035 3652 5089 iterum
3673 5052 3684 5087 :
3704 5033 3867 5089 Mise-

2294 5133 2519 5188 ricordia
2552 5148 2661 5186 mea
2681 5146 2795 5184 cum
2817 5131 2926 5200 ipso
2953 5136 3029 5182 est
3059 5127 3235 5196 (Psal.
3270 5126 3567 5194 Lxxxvut);
3616 5124 3671 5180 e't
3699 5125 3823 5180 alibi
3852 5145 3865 5179 :

2298 5223 2657 5277 Misericordia
2682 5221 2793 5290 ejus
2820 5218 3251 5289 subsequeturme
3281 5217 3452 5288 (Psal.
3479 5218 3632 5286 xm).
3663 5216 3869 5271 Simili-

2298 5322 2380 5368 ter
2406 5321 2460 5367 et
2487 5313 2549 5366 Β,
2583 5311 2776 5365 Paulus
2805 5305 2964 5365 dicit:
2991 5310 3091 5361 Aut
3115 5309 3226 5381 quis
3254 5308 3397 5378 prior
3433 5307 3671 5373 deditei,
3710 5316 3759 5360 et
3789 5324 3871 5361 re-

2297 5403 2542 5456 tribuelur
2562 5401 2679 5454 illi?
2706 5400 2947 5471 quoniam
2967 5414 3030 5451 ex
3053 5399 3185 5468 ipso,
3213 5406 3260 5452 et
3282 5413 3373 5469 per
3396 5399 3584 5469 ipsum,
3613 5407 3661 5450 et
3686 5399 3741 5450 in
3762 5399 3873 5468 ipso

2304 5544 2423 5586 vata
2451 5539 2606 5587 erant
2633 5530 2685 5584 in
2710 5528 2942 5597 antiquis
2966 5527 3396 5598 exemplaribus,
3439 5541 3506 5579 ex
3527 5540 3755 5594 quorum
3784 5540 3873 5580 ve-

2301 5603 2469 5671 stigiis
2488 5603 2603 5672 hmc
2624 5600 2748 5672 erui
2777 5596 3286 5672 videbanturi'quas
3315 5596 3384 5672 ad_
3407 5612 3523 5672 nos,
3554 5605 3609 5672 ut
3637 5604 3872 5665 apparet,

2301 5674 2355 5795 in
2374 5665 2535 5741 hujus
2566 5665 2707 5723 aditu
2736 5668 3011 5723 sacerdotii
3038 5665 3182 5722 mihi
3202 5666 3458 5721 commissi
3494 5665 3585 5716 sub
3612 5681 3672 5717 ea
3701 5702 3715 5727 ,
3767 5672 3871 5718 etc.

2333 5759 2414 5795 .uz.
2447 5743 2761 5795 Stanos‘nvs.

2333 5759 2358 5795 Α
2368 5759 2414 5794 (Ζ.
2447 5757 2761 5795 διιιιιοκυιτε.
