4124 6456
273 437 347 498 55

1488 429 1839 486 EPISTOLE
1880 427 1964 484 ET
2005 429 2340 485 DECRETA.

3472 428 3540 481 δι

275 556 392 605 sunt
412 565 589 604 omnta
634 546 810 616 (Rom.
844 544 942 614 ιι).
996 543 1149 599 Unde
1177 544 1336 597 nimis
1380 557 1473 596 eos
1525 541 1616 608 qui
1667 547 1858 593 contra
1889 549 1932 601 Α
1967 540 2155 604 tinens,
2186 541 2288 592 nisi
2318 538 2456 592 Deus
2485 539 2701 604 dederit,
2727 549 2774 591 et
2801 538 2892 592 ltoc
2921 538 3086 607 ipsum
3115 543 3227 588 erat
3253 536 3540 599 sapientia,

275 644 516 696 sentiunt
549 638 898 702 admiramur,
939 649 1110 703 usque
1137 649 1205 689 eo
1231 631 1426 686 vetusti
1456 629 1656 684 erroris
1687 626 1863 681 adhuc

276 729 518 799 reliquiis
545 726 892 798 prregravari,
920 735 976 778 ut
1003 739 1067 799 an
1091 721 1363 776 Christum
1393 735 1501 772 non
1528 717 1751 772 credant
1767 715 1866 769 Dei

277 821 562 890 beneﬁcio,
589 793 686 876 sed
709 828 914 875 natura:
956 793 1162 882 vetiiri;
1213 825 1269 871 et
1313 815 1480 885 ipsius
1515 820 1720 865 naturae
1765 809 1866 864 bo-

282 931 429 978 num,
457 913 604 983 quod
624 911 752 965 Atla:
775 919 1002 981 peccato
1030 908 1272 962 noscitur
1290 905 1662 974 depravatum,
1684 906 1871 954 aucto-

281 1019 397 1060 rem
427 1012 628 1059 nostra:
655 1001 779 1056 ﬁdei
805 1001 989 1056 dicant
1032 998 1205 1067 magis
1233 1010 1350 1050 esse
1386 1008 1548 1064 quam
1574 989 1867 1053 Christum,

282 1111 384 1151 nec
405 1096 707 1162 intelligant
733 1109 793 1149 se
823 1092 1116 1147 Dominicae
1140 1090 1436 1144 reclamare
1476 1085 1759 1142 sententiat
1786 1082 1872 1136 di-

285 1188 427 1242 centi
461 1205 473 1239 :
509 1184 677 1239 Nemo
702 1185 839 1239 venit
857 1184 926 1236 ad
953 1199 1032 1236 me
1059 1182 1163 1236 nisi
1183 1181 1360 1234 datum
1384 1179 1540 1250 fuerit
1560 1177 1635 1231 illi
1660 1193 1692 1228 a
1714 1175 1874 1228 Patre

286 1294 398 1330 meo
431 1275 613 1346 (Joan.
643 1279 745 1343 vt).
778 1274 889 1329 Sed
917 1281 972 1328 et
1002 1273 1060 1326 Β.
1089 1270 1256 1325 Paulo
1282 1269 1439 1324 simul
1475 1268 1740 1322 obsistere
1767 1265 1877 1318 cla-

289 1369 459 1420 manti
511 1366 579 1421 ad
608 1365 862 1421 Hebraeos
901 1383 915 1419 :
956 1364 1236 1418 Curramas
1265 1361 1335 1413 ad
1371 1360 1687 1431 propositum
1731 1355 1876 1408 nobis

290 1469 574 1521 certamen,
605 1458 908 1528 aspicientes
934 1458 990 1510 in
1013 1465 1271 1508 auctorem
1294 1453 1437 1522 ﬁdei,
1471 1459 1520 1502 et
1548 1463 1878 1502 consumma-

291 1559 456 1602 torem
492 1547 672 1600 Iesum
718 1547 977 1600 Christum
1022 1543 1208 1614 (Hebr.
1233 1542 1370 1613 xu).
1405 1541 1534 1607 Qum
1587 1553 1709 1593 cum
1751 1537 1875 1599 sint,

292 1643 536 1696 invenire
556 1658 660 1696 non
683 1656 964 1711 possumus
985 1639 1113 1709 quid
1133 1637 1202 1691 ad
1221 1634 1542 1691 credendum
1566 1633 1618 1686 in
1640 1631 1879 1694 Christo,

296 1731 413 1786 sine
445 1732 541 1786 Dei
585 1733 778 1799 gratia,
831 1730 1078 1783 humana:
1115 1727 1376 1796 deputent
1419 1723 1706 1788 voluntati,
1756 1735 1878 1774 cum

294 1819 541 1874 Christus
582 1829 770 1875 auctor
792 1826 1309 1886 consummatorque
1356 1815 1425 1869 sit
1467 1813 1608 1867 ﬁdei.
1639 1811 1882 1879 Quapro-

1969 631 2102 681 scire
2125 631 2272 699 cujus
2300 639 2431 683 esset
2451 629 2546 682 hoc
2574 629 2762 683 donum
2794 627 2946 698 (Sap.
2980 627 3112 696 vm).
3143 625 3282 679 Deus
3311 636 3366 677 te
3393 624 3544 678 inco-

1971 719 2167 773 lumem
2189 721 2476 784 custodiat,
2500 722 2664 774 frater
2691 718 2983 772 carissime.
3010 717 3141 770 Data
3161 731 3269 778 vut,
3298 711 3548 768 calendas

1970 807 2308 876 Februarias,
2341 812 2356 842 ί
2398 809 2689 878 Lampadio
2735 817 2789 861 et
2825 806 3013 862 Oreste
3060 806 3188 859 viris
3235 803 3547 859 clarissimis

1971 897 2278 952 consulibus
2301 901 2462 968 (anno
2480 898 2607 952 Chr.
2634 896 2780 968 550).

2051 1007 2388 1063 STEPHANI
2419 1009 2508 1064 AD
2535 1006 2945 1063 BONIFACIUM
2975 1004 3234 1059 LIBELLI
3264 1002 3458 1058 TRES.

2075 1087 2084 1098 ’
2416 1105 2766 1153 manuus
2801 1104 3094 1151 palmus.

2048 1190 2274 1245 Domino
2317 1204 2440 1243 meo
2488 1197 2675 1243 sancto
2703 1205 2766 1243 ac
2812 1204 2908 1258 per
2932 1188 3110 1240 omnia
3142 1185 3472 1249 beatissimo,
3496 1193 3554 1239 et

1970 1296 2162 1336 revera
2188 1279 2493 1336 venerando
2516 1281 2654 1350 patri
2683 1288 2894 1349 patrum
2924 1278 3210 1332 universali
3234 1277 3552 1346 patriarcha:

1980 1371 2252 1427 Bonifacio
2285 1372 2612 1443 (Bonifacius
2651 1370 2791 1424 edita
2823 1371 3020 1424 habent
3047 1384 3115 1423 es
3144 1367 3297 1437 mss.)
3329 1367 3555 1436 Stepha-

1979 1478 2080 1517 nus
2108 1463 2331 1530 exiguus
2359 1463 2660 1531 episcopus.

2051 1553 2167 1607 Non
2220 1553 2570 1608 irrationabili
2602 1569 2729 1607 usus
2761 1552 2949 1606 ﬁducia
2989 1553 3125 1606 adeo
3167 1567 3265 1607 nec
3296 1553 3548 1621 ignorans

1983 1661 2159 1700 meam
2212 1645 2664 1711 mediocritatem,
2712 1644 2805 1702 sed
2845 1659 2979 1697 cum-
3013 1643 3187 1696 anima
3242 1644 3471 1696 contrita
3502 1651 3557 1695 et

1983 1736 2171 1806 spiritu
2196 1735 2404 1803 humili,
2434 1743 2490 1789 ct
2517 1750 2638 1789 cum
2674 1735 2856 1788 multis
2904 1734 3152 1805 lacrymis
3198 1733 3337 1787 hanc
3383 1747 3558 1786 meam

1986 1827 2138 1881 vobis
2185 1825 2354 1880 oﬁ‘ero
2383 1826 2846 1895 supplicationem,
2881 1825 3000 1878 ideo
3031 1824 3413 1893 acceptabilem
3443 1830 3562 1877 esse

295 1917 420 1977 pter
447 1907 640 1964 affectu
668 1924 906 1978 congruo
933 1909 1251 1969 salutantes,
1284 1921 1445 1974 supra
1473 1905 1728 1972 scriptam
1755 1917 1884 1955 con-

2005 1930 2170 1969 :oram
2215 1923 2266 1968 te
2289 1955 2304 1978 ,
2353 1915 2662 1968 beatissime
2707 1922 2878 1983 pater,
2907 1913 3153 1968 existimo
3186 1929 3199 1964 :
3231 1912 3483 1980 quoniam
3507 1918 3562 1963 et

295 1997 589 2053 fessionem
634 2006 868 2053 vestram
895 2005 1311 2054 consentaneam
1357 1993 1636 2048 catholicis
1667 1989 1880 2043 Patrum

303 2092 500 2160 regulis
529 2092 906 2160 approbamus.
938 2089 1061 2143 illos
1095 2095 1276 2142 autem
1302 2086 1394 2154 qui
1417 2083 1756 2154 przecedente
1784 2081 1885 2134 lide

302 2194 519 2248 caetera,
562 2185 700 2239 sicut
729 2183 951 2247 indicas,
982 2181 1169 2234 volunt
1197 2178 1325 2250 (lide
1364 2175 1599 2230 secundo
1627 2175 1748 2228 loco
1780 2187 1902 2226 cae»

299 2287 442 2342 tera,
469 2277 608 2330 sicut
631 2275 852 2340 indicas,
880 2275 1022 2328 bona
1052 2273 1261 2339 volunt)
1283 2271 1466 2339 gratia:
1485 2268 1763 2337 deputare,
1789 2279 1887 2320 sua

304 2365 642 2436 professione
661 2363 1094 2430 constringimus,
1111 2359 1350 2414 utmulto
1366 2343 1534 2424 magis
1548 2357 1690 2411 dono
1704 2355 1888 2424 gratia:

304 2457 471 2511 etiam
500 2456 657 2510 ﬁdem
686 2464 948 2524 cogantur
991 2453 1291 2515 ascribere,
1325 2458 1522 2521 praeter
1548 2463 1710 2517 quam
1759 2446 1887 2501 nihil

303 2555 391 2600 est
417 2546 561 2608 boni,
609 2544 1072 2613 quodsecundum
1109 2543 1278 2596 Deum
1302 2541 1528 2611 quilibet
1556 2540 1733 2593 valeat
1758 2553 1889 2606 Ope-

303 2636 451 2702 rari,
480 2635 618 2692 sicut
642 2635 830 2688 beatus
858 2634 1133 2703 apostolus
1160 2632 1290 2686 dicit
1313 2649 1325 2682 :
1353 2627 1519 2684 Omne
1541 2628 1677 2700 quod
1701 2644 1765 2681 ea:
1788 2628 1891 2698 ﬁde

309 2740 419 2778 non
446 2733 519 2776 est
559 2734 820 2789 peccatum
849 2734 924 2777 est
953 2723 1128 2796 (Rom.
1160 2724 1292 2792 xlv).
1317 2719 1470 2787 Quod
1519 2736 1640 2774 cum
1690 2721 1763 2773 ita
1799 2720 1888 2782 sit,

307 2821 410 2866 aut
455 2811 659 2865 utilium
704 2813 902 2866 bonum
951 2814 1131 2883 gratim
1173 2811 1524 2881 deputabunt,
1553 2810 1600 2865 si
1638 2809 1687 2863 ei
1733 2807 1890 2862 fidem

304 2905 632 2960 subtrahere
660 2904 982 2967 moliuntur;
1007 2910 1098 2956 aut
1125 2903 1167 2956 si
1192 2902 1334 2972 quod
1350 2903 1550 2956 bonum
1572 2915 1691 2955 esse
1711 2899 1893 2953 dicunt

314 2997 383 3051 de
411 2996 602 3064 gratia,
629 2995 741 3064 ipsa
770 2994 1071 3048 necessario
1095 2992 1224 3048 ﬁdes
1244 2994 1545 3060 eritgratitc
1567 2989 1890 3061 deputanda.

315 3085 374 3138 Si
401 3085 542 3138 enim
575 3083 704 3154 nihil
728 3083 856 3137 boni
884 3090 964 3137 est
991 3083 1109 3136 sine
1138 3069 1260 3147 ﬁde,
1293 3081 1424 3136 lides
1449 3089 1626 3136 autem
1654 3081 1768 3149 ipsa
1797 3094 1891 3133 ve—

319 3175 435 3229 nire
476 3182 699 3243 negetur
730 3188 800 3227 ex
841 3173 1029 3240 gratia,
1062 3172 1286 3238 nullum,
1317 3173 1463 3240 quod
1510 3172 1670 3238 absit,
1693 3171 1894 3225 bonum
1953 3191 1960 3199 ·

1985 2016 2142 2061 antea
2185 2015 2239 2060 et
2268 2006 2322 2060 hi
2343 2006 2433 2074 qui
2465 2007 2574 2060 Deo
2599 2021 2720 2060 cum
2745 2005 2993 2076 lacrymis
3016 2004 3407 2073 supplicabant,
3445 2015 3559 2055 tau-

1986 2112 2146 2166 quam
2175 2112 2296 2151 cum
2334 2093 2852 2151 holocautomatib'us
2881 2104 2933 2148 et
2965 2094 3220 2148 arietibus
3252 2101 3412 2160 atque
3443 2089 3556 2144 t'auo

1987 2188 2081 2251 ris,
2112 2187 2206 2241 sed
2252 2203 2372 2240 cum
2401 2186 2582 2240 decem
2613 2186 2846 2240 millibus
2889 2186 3040 2254 agnis
3068 2183 3366 2253 pinguibus,
3399 2181 3557 2236 conti.

1987 2277 2176 2331 dentes
2214 2276 2480 2329 orabant:
2522 2273 2623 2328 Cor
2648 2276 2786 2328 enim
2826 2275 3100 2328 contritum
3145 2281 3196 2326 et
3241 2273 3563 2324 humiliutttm

1990 2366 2130 2421 Deus
2155 2383 2258 2420 non
2278 2374 2482 2436 spernet
2501 2365 2673 2436 (Psal.
2702 2364 2779 2435 ι).
2812 2364 2952 2432 Ergo
2975 2379 3077 2419 nec
3103 2373 3159 2417 tu
3181 2365 3314 2433 ipse,
3343 2358 3566 2416 sanctis?-

1987 2458 2124 2511 sime
2170 2465 2343 2526 pater,
2398 2470 2485 2509 me
2534 2456 2733 2510 multis
2765 2453 3151 2509 circumdatum
3203 2454 3376 2514 malis,
3419 2461 3474 2506 et
3503 2452 3568 2504 atl

1993 2546 2159 2601 Deum
2200 2544 2540 2601 solummodo
2581 2551 2743 2613 atque
2773 2552 3003 2598 vestram
3037 2551 3258 2612 paterna
3283 2550 3568 2596 consuetu—

1991 2639 2116 2693 dine
2158 2639 2414 2708 pietatem
2442 2637 2819 2708 respicientem
2865 2637 3074 2691 habetis
3100 2635 3394 2705 despectui.
3428 2632 3568 2700 Quo-

1993 2731 2138 2783 niam
2190 2729 2366 2783 nullus
2395 2729 2788 2783 ecclesiasticus
2817 2727 2951 2782 ordo
2983 2728 3125 2780 illam
3155 2735 3408 2791 vestram,
3451 2741 3569 2793 qua:

1991 2839 2024 2877 a
2066 2821 2346 2877 Salvatore
2383 2822 2621 2876 omnium
2650 2827 2705 2875 et
2730 2821 2916 2890 primo"
2933 2828 3152 2889 pastore
3194 2818 3347 2873 vobis
3378 2826 3432 2872 et
3454 2818 3568 2872 col-

1995 2915 2122 2979 lata,
2151 2922 2329 2983 potest
2370 2914 2677 2984 praecellere
2711 2919 3031 2983 potestatem
3055 2952 3070 2976 ,
3107 2911 3354 2978 exiguum
3382 2917 3466 2964 est
3489 2908 3572 2962 vel

1995 3007 2195 3062 humile
2226 3007 2278 3060 in
2304 3021 2411 3074 quo
2450 3004 2788 3074 providentia
2815 3011 2992 3057 vestra
3028 3001 3266 3070 respicit.
3299 2999 3572 3066 Quantum

1993 3115 2094 3154 vos
2123 3096 2264 3166 apud
2295 3097 2456 3150 Deum
2486 3109 2674 3149 omnes
2701 3092 3029 3163 prtecellitis,
3059 3099 3206 3144 tanto
3236 3104 3334 3144 vos
3353 3103 3574 3144 necesse

2000 3198 2082 3245 est
2097 3189 2361 3256 cogitare,
2383 3186 2509 3255 quia
2542 3185 2657 3239 hate
2685 3192 2768 3239 est
2788 3182 3034 3252 probatio
3063 3180 3231 3235 Deum
3261 3179 3572 3239 amantium.

320 3265 427 3318 erit
457 3265 640 3332 gratiae
682 3263 1045 3332 deputandum
1076 3267 1114 3316 '.
1141 3264 1228 3316 Ait
1255 3265 1398 3316 enim
1418 3262 1650 3317 Jacoblls
1678 3271 1898 3331 δροεῐο-
1924 3261 1968 3319 C
2003 3288 2060 3335 ut
2079 3288 2201 3350 post
2219 3279 2388 3332 Deum
2413 3286 2566 3347 pater
2585 3282 2639 3330 et
2659 3275 2856 3330 doctor
2876 3282 3076 3328 sancta:
3105 3271 3360 3326 Ecclesiae
3388 3269 3577 3325 Petrus

318 3353 407 3408 ius
439 3370 451 3406 :
485 3352 648 3406 Omne
675 3353 864 3406 donum
889 3351 1093 3413 bonum.
1123 3363 1172 3406 et
1217 3369 1366 3406 omne
1395 3353 1588 3406 donum
1623 3354 1899 3422 perfectum

322 3444 588 3497 desursum
633 3453 709 3497 est
753 3444 1066 3497 descendens
1107 3461 1138 3495 a
1175 3443 1332 3497 Patre
1379 3445 1628 3497 luminum
1665 3442 1809 3513 (Jac.
1839 3443 1897 3509 ι).

314 3532 431 3588 Sed
459 3543 511 3587 et
541 3533 641 3603 ipsi
669 3533 922 3598 fatentur,
946 3540 1005 3586 ut
1023 3533 1180 3599 dicis,
1203 3532 1343 3586 dona
1373 3539 1567 3586 caetera
1597 3531 1785 3584 donari
1810 3546 1906 3600 per

315 3627 580 3693 gratiam;
612 3628 729 3696 ipsa
756 3635 940 3681 autem
970 3627 1112 3680 bona
1137 3641 1238 3696 per
1261 3624 1426 3680 ﬁdem
1465 3626 1760 3678 subsistere
1799 3639 1904 3676 non

326 3719 602 3786 ambigunt
636 3718 909 3772 universa.
959 3716 1080 3786 ipsa
1117 3730 1248 3783 ergo
1289 3715 1597 3769 necessario
1639 3712 1769 3767 ﬁdes
1805 3713 1909 3765 erit

319 3809 514 3875 gratia:
549 3809 877 3878 deputanda,
920 3822 952 3860 a
995 3822 1100 3876 qua
1149 3805 1370 3869 bonum,
1417 3804 1562 3872 quod
1613 3805 1796 3870 gratia:
1841 3803 1908 3856 tti-

331 3901 523 3964 buunt,
554 3915 808 3970 separare
836 3915 944 3954 non
974 3907 1217 3968 possunt.
1250 3895 1539 3964 Hisitaque
1559 3895 1794 3948 breviter
1822 3910 1909 3946 as-

330 3989 578 4057 signatis,
609 3996 798 4042 contra
828 3987 1066 4056 reliquas
1103 3984 1376 4054 Pelagiani
1413 3984 1613 4039 erroris
1661 3983 1909 4052 ineptias,

323 4093 468 4149 quas
497 4078 586 4131 illa
613 4078 828 4132 videtur
853 4077 1082 4146 epistola
1108 4077 1409 4142 continere,
1439 4090 1598 4143 quam
1622 4090 1651 4127 a
1683 4073 1913 4143 quodam

334 4171 433 4224 tibi
463 4169 725 4224 mandasti
753 4165 1034 4224 sacerdote
1063 4169 1453 4232 transmissam,
1486 4164 1916 4234 reSpondendum

328 4276 445 4316 non
475 4261 723 4315 duximus
747 4276 760 4312 :
790 4259 914 4327 quia
940 4273 1218 4328 speramus
1233 4258 1300 4312 de
1321 4256 1690 4312 misericordia
1716 4255 1915 4321 divina,

328 4350 483 4418 quod
506 4350 581 4404 ita
609 4365 707 4419 per
735 4347 1088 4402 ministerium
1119 4355 1220 4401 tua:
1250 4347 1596 4401 fraternitatis
1624 4355 1785 4414 atque
1823 4343 1921 4398 do-

331 4441 592 4506 ctrinam,
618 4440 672 4493 in
694 4438 1104 4509 omnium,quos
1122 4439 1402 4493 dissentire
1424 4437 1708 4502 mandasti,
1735 4437 1921 4504 digna-

333 4535 486 4588 ‘bitur
530 4531 784 4587 cordibus
829 4532 1062 4600 operari,
1113 4540 1170 4585 ut
1217 4548 1284 4586 ex
1329 4532 1431 4584 hoc
1472 4545 1686 4584 omnem
1723 4529 1918 4582 bonam

2003 3383 2194 3429 vestra:
2223 3381 2278 3426 et
2305 3372 2470 3426 totius
2491 3369 2671 3424 mundi
2701 3377 2947 3424 testatur.
2964 3368 3097 3434 Quia
3122 3367 3348 3422 Domino
3369 3367 3579 3421 dicente

2006 3468 2164 3520 tertio
2195 3483 2208 3516 :
2241 3466 2397 3518 Amas
2418 3463 2532 3517 me.’
2558 3479 2711 3534 pasce
2737 3477 2851 3515 oves
2877 3477 3016 3514 meas
3041 3459 3219 3530 (Joan.
3244 3459 3356 3528 XXI)
3374 3500 3386 3522 ,
3421 3458 3581 3512 tradit

2005 3557 2153 3627 prius
2197 3555 2347 3610 vobis
2396 3554 2644 3608 mandata
2684 3551 2995 3616 ostendens,
3023 3559 3078 3605 et
3121 3566 3218 3620 per
3253 3565 3351 3603 vos
3389 3547 3582 3602 deinde

2007 3646 2256 3700 omnibus
2303 3659 2400 3714 per
2444 3644 2750 3697 universum
2795 3641 3055 3696 mundum
3099 3640 3300 3694 sanctis
3330 3637 3585 3693 Ecclesiis

2009 3737 2350 3792 condonavit.
2381 3733 2619 3802 Denique
2649 3747 2747 3802 per
2775 3733 2877 3786 hoc
2903 3732 3028 3801 quia
3054 3729 3390 3785 venerabiles
3409 3727 3584 3782 ell‘ccti

1987 3835 2135 3897 ante
2163 3842 2280 3889 vos,
2304 3833 2360 3880 et
2379 3824 2562 3893 quanti
2591 3831 2832 3878 sanctam
2863 3821 3007 3875 illam
3033 3815 3214 3874 sedem
3245 3819 3443 3872 habere
3471 3832 3586 3870 mo-

2013 3926 2256 3981 ruerunt,
2284 3928 2513 3983 corpore
2537 3912 2753 3981 quidem
2777 3913 2828 3964 in
2861 3911 3100 3965 Romana
3127 3909 3362 3976 gloriosa
3387 3908 3588 3972 degen-

2016 4019 2096 4062 tes
2123 4007 2339 4061 civitate
2368 4043 2383 4066 ,
2415 4005 2605 4072 spiritu
2642 4009 2820 4055 autem
2864 4015 2928 4053 ea
2969 4013 3088 4066 quae
3135 3998 3239 4050 rite
3295 3995 3588 4064 agebantur

2016 4096 2198 4151 omnia
2218 4102 2473 4148 ornantes
2501 4100 2555 4145 et
2581 4090 2914 4157 transgressi,
2942 4097 2999 4142 et
3025 4086 3236 4156 plurimi
3274 4101 3338 4139 ex
3365 4101 3592 4154 corpore

2018 4183 2267 4239 Ecclesia:
2288 4182 2355 4236 ab
2371 4180 2709 4234 inimicorum
2733 4175 3168 4232 calumniantium
3187 4174 3446 4229 violentia
3470 4183 3594 4227 sunt

2019 4272 2229 4327 liberati
2271 4286 2301 4324 a
2346 4269 2458 4324 Deo
2500 4277 2556 4322 et
2601 4264 2891 4320 venerabili
2932 4264 3225 4335 apostolica
3263 4263 3411 4317 sede.
3445 4261 3595 4317 Unde

2019 4366 2302 4436 deprecor,
2339 4361 2574 4433 judicate
2603 4359 2867 4424 humilem,
2895 4367 2945 4412 et
2972 4374 3269 4428 pauperem,
3299 4356 3437 4411 sicut
3463 4356 3596 4410 scri-

2021 4463 2172 4525 ptum
2194 4465 2276 4509 est
2291 4451 2463 4524 (Psal.
2480 4449 2688 4518 LXXXI),
2709 4447 3013 4518 justiﬁcate.
3043 4445 3332 4500 Miltienim
3353 4447 3405 4499 in
3427 4460 3596 4500 saecu-

2025 4547 2122 4601 lari
2144 4547 2255 4599 vita
2283 4552 2400 4597 erat
2427 4549 2585 4595 antea
2619 4537 2964 4610 provincialis
2991 4537 3125 4592 ordo
3154 4536 3376 4602 militias,
3399 4535 3598 4590 medio-

337 4624 679 4678 voluntatem
708 4638 816 4677 non
846 4637 912 4676 ex
938 4637 1018 4686 se,
1062 4620 1158 4676 sed
1196 4635 1262 4674 es
1291 4620 1469 4674 divina
1497 4619 1720 4674 credant
1747 4617 1916 4686 gratia
1949 4618 1997 4676 Ι)
2024 4639 2188 4692 ωηεν
2225 4634 2364 4689 sicut
2397 4640 2513 4686 erat
2539 4645 2711 4685 meam
2742 4629 2905 4682 vitam
2943 4626 3220 4681 humiliter
3253 4625 3600 4696 "augebam.

338 4713 632 4785 proficisci,
660 4726 782 4768 cum
811 4728 868 4768 se
897 4712 1164 4767 senserint
1207 4711 1255 4763 id
1282 4709 1393 4778 jam
1433 4709 1572 4764 velle
1609 4708 1916 4770 defendere,

343 4803 488 4873 quod
525 4803 840 4858 nitebantur
887 4801 1230 4872 pertinaciter
1269 4801 1597 4870 impugnare.
1654 4797 1919 4866 Scriptum

338 4905 426 4949 est
451 4896 595 4949 enim
622 4915 634 4948 :
670 4893 1008 4964 Prteparatur
1035 4894 1268 4947 voluntas
1297 4911 1328 4945 a
1361 4891 1581 4945 Domino
1606 4891 1783 4960 (Prov.
1811 4907 1920 4954 nx,

343 4987 495 5056 juxta
522 4985 716 5049 LXX),
745 4993 800 5040 et
826 4985 950 5038 alibi
974 5001 986 5037 :
1020 4984 1142 5038 Scio
1165 4985 1282 5052 quia
1313 4999 1413 5036 non
1444 4998 1650 5053 possunt
1679 4998 1790 5035 esse
1811 4999 1926 5035 con-

419 5119 438 5136 '
467 5113 632 5168 Addit
848 5111 961 5166 Pal.
999 5129 1012 5164 :
1055 5111 1262 5165 Etentm
1304 5127 1459 5165 omne
1501 5110 1689 5163 bonum
1738 5123 1928 5167 aonwn

349 5193 552 5239 constat
577 5200 687 5237 esse
715 5184 963 5246 dirinum,
989 5183 1118 5235 sicut
1147 5184 1393 5250 scriptum
1421 5190 1534 5250 est;
1565 5179 1748 5244 Omne,
1782 5190 1886 5234 etc.

425 5257 440 5285 ³
475 5252 765 5323 Lampadio
813 5263 860 5305 et
893 5251 1091 5323 Oreste
1136 5249 1450 5323 consulibus]
1473 5249 1822 5323 _Non_potuit
1848 5251 1928 5323 bis

348 5319 663 5379 consulibus
687 5321 940 5376 Januario
970 5337 1152 5376 mense
1195 5322 1432 5376 scribere
1473 5319 1793 5383 Bonifacius,
1837 5321 1927 5389 qui

345 5395 499 5462 juxta
527 5392 871 5462 Anastasiumﬁ
895 5407 1083 5462 mense
1113 5400 1319 5446 tantum
1346 5389 1562 5462 Octobri
1576 5390 1764 5462 eodem
1787 5405 1928 5462 anno

347 5459 564 5518 creatus
589 5471 673 5517 est
701 5461 960 5532 pontifex.
989 5461 1168 5528 Quare
1202 5461 1450 5532 mendum
1500 5459 1729 5532 irrepsit,
1765 5468 1830 5532 et
1849 5460 1927 5514 le-

348 5535 582 5602 gendum
615 5527 859 5596 foriasse,
893 5527 1016 5602 post
1043 5531 1380 5602 consulatum
1417 5527 1691 5602 Lampadii
1722 5539 1777 5582 et
1797 5527 1926 5584 Ore-

349 5599 466 5663 stis.
497 5604 588 5672 qui
619 5601 716 5656 fuit
750 5599 922 5655 annus
947 5601 1144 5655 Christi
1174 5599 1268 5653 551
1285 5599 1438 5654 .Jtc.
1463 5599 1783 5654 SIRMONDUS.

386 5710 712 5749 OBSERVATIO
741 5711 789 5748 ι).
826 5709 1038 5750 sxromt
1078 5709 1200 5814 NG;
1214 5710 1304 5814 1an
1348 5709 1465 5746 sua.
1516 5707 1723 5750 (:ntttsrt
1768 5689 1890 5757 5‘29,

1023 5779 1146 5814 non.
1211 5801 1264 5814 ..
1587 5794 1591 5798 -

1023 5779 1146 5817 κωι.
1178 5779 1264 5815 ΊῙΙ.

410 5856 549 5914 dixe
577 5856 802 5918 epistola
822 5864 934 5915 tam
947 5853 1282 5910 nineditione
1297 5853 1586 5915 Sirmondi,
1613 5868 1772 5919 quam
1797 5851 1920 5906 Hol—

2028 4725 2134 4782 Sed
2171 4725 2299 4792 quia
2330 4720 2523 4775 Proclo
2550 4719 2724 4773 beata:
2752 4715 3025 4772 memoria:
3053 4716 3383 4784 quiescente,
3407 4715 3498 4785 qui
3523 4713 3602 4769 fa-

2029 4826 2148 4872 ctus
2187 4815 2360 4870 fuerat
2401 4813 2670 4867 Larissam
2697 4809 2953 4865 Ecclesia:
2981 4809 3286 4878 episcopus,
3321 4807 3602 4877 oportebat

2031 4906 2202 4960 eidem
2226 4903 2510 4974 prtesulem
2533 4900 2784 4956 Ecclesia:
2810 4897 3066 4962 ordinari,
3096 4896 3375 4951 decretum
3407 4895 3603 4952 factum

2022 5006 2114 5052 .est
2126 4993 2491 5050 communiter
2517 4990 2767 5045 tamcleri
2790 5004 2950 5059 quam
2978 4988 3182 5057 populi,
3203 4986 3604 5054 metropolitani

2031 5128 2189 5183 stenii
2218 5125 2414 5181 dicitur
2435 5124 2557 5177 data
2583 5139 2672 5176 vnt
2700 5121 2946 5175 kalendas
2977 5118 3289 5174 Februarias
3319 5117 3604 5188 Lampadio

2031 5209 2079 5252 et
2113 5197 2293 5250 Oreste
2329 5195 2392 5249 V.
2425 5194 2489 5247 V.
2515 5193 2572 5247 C.
2600 5193 2658 5248 ϐ.
2691 5209 2845 5255 coss.,
2884 5207 3027 5245 anno
3071 5207 3150 5245 sc.
3195 5189 3329 5253 530;
3360 5191 3454 5242 sed
3484 5205 3605 5244 cum

2032 5269 2181 5323 Felix
2211 5265 2276 5319 ιν
2300 5264 2387 5320 die
2410 5264 2478 5317 i8
2501 5263 2699 5318 mensis
2723 5261 3052 5332 Septembris
3076 5261 3215 5317 illius
3242 5259 3371 5332 anni
3400 5267 3602 5332 morta—

2033 5339 2237 5392 litatem
2263 5334 2574 5406 expleverit,
2601 5327 2901 5406 suspicatus
2917 5340 3005 5406 est
3023 5327 3605 5406 Sirmpndusmendum

2039 5409 2091 5461 in
2141 5398 2709 5461 notam'consulareni
2747 5402 3042 5471 irrepsisse.
3075 5407 3130 5453 et
3166 5398 3607 5471 legettduhm,post

2032 5479 2355 5532 consulatum
2386 5474 2657 5538 Lampadii
2687 5482 2736 5525 et
2765 5467 2980 5532 Orestis,
3021 5485 3126 5538 qua
3182 5484 3354 5524 annus
3393 5467 3501 5522 55f
3549 5470 3604 5523 in

2030 5547 2255 5616 signi‘tus
2283 5538 2401 5599 fuit.
2427 5550 2494 5616 At
2515 5538 2818 5616 Bonifacius
2833 5542 2878 5595 ll
2899 5542 2950 5594 in
2973 5540 3037 5594 iis
3068 5539 3258 5594 litteris
3283 5539 3489 5607 dicens,
3511 5557 3603 5593 cn—

2035 5611 2277 5671 tholicum
2304 5633 2407 5670 non
2429 5615 2721 5668 distulimus
2751 5611 2877 5664 dare
2920 5625 3242 5679 responsum,
3273 5625 3605 5679 eamemen-

2031 5688 2301 5741 dationem
2328 5686 2544 5748 evertit,
2571 5692 2625 5738 et
2666 5683 2728 5736 iis
2760 5680 2937 5735 verbis
2976 5678 3171 5734 indicat
3210 5678 3504 5738 clausulam
3536 5680 3604 5742 Ην

2034 5757 2137 5810 lam
2163 5756 2457 5812 addititiam
2485 5769 2622 5817 esse,
2649 5751 2905 5820 lloccique
2937 5749 3255 5808 faciendam-
