4074 6456
611 418 682 479 35
1917 403 2248 463 BONIFACII
2288 401 2487 458 PAPE
2526 401 2567 457 ll

3809 409 3889 466 38

611 541 773 601 atque
804 542 991 584 eorum
1035 539 1263 595 quorum
1312 536 1560 577 assensus
1584 529 1700 574 erat
1745 518 1888 572 actui
1935 531 2179 572 necessa-
2210 526 2253 575 Α
2282 523 2525 576 euerunt,
2542 514 2627 566 vel
2641 522 3148 584 tempestatemun
3164 520 3437 572 nunevitu:
3453 532 3585 574 mea:
3601 521 3881 588 imminet,

611 623 741 685 rius,
771 628 824 674 et
851 615 1142 673 secundum
1169 613 1401 683 priscam
1428 607 1866 665 consuetudinem
1892 606 2183 661 tribusele-

610 716 731 776 etis,
776 709 1079 765 Alexandro
1106 705 1366 762 Sciatensi
1408 704 1751 785 presbytero,
1788 708 1845 754 et
1962 698 2184 767 presby-

610 808 750 864 tero,
780 810 845 855 ae
873 792 1200 865 meexiguo:
1248 793 1457 848 meliori
1504 790 1815 846 testimonio
1849 789 2045 844 sortito
2067 786 2182 841 ειε-

611 892 807 947 ctionis
854 889 1087 958 palmam
1125 884 1416 955 promerui.
1472 880 1579 936 Sed
1618 892 1719 947 ego
1766 878 2016 934 conscius
2052 874 2181 938 tnei,

610 984 883 1051 indignum
912 995 997 1034 me
1029 986 1179 1034 tanto
1207 976 1421 1045 negotio
1447 988 1565 1029 esse
1589 971 1854 1042 iudicavi;
1885 977 2057 1024 totum
2087 982 2177 1020 au-

608 1085 718 1128 tem
753 1072 843 1127 Dei
870 1071 1053 1141 gratiae
1082 1078 1244 1136 atque
1269 1066 1566 1122 clementia:
1607 1063 1834 1117 libenter
1861 1059 2083 1122 assensi,
2114 1056 2181 1111 ad

608 1165 876 1219 latronem
898 1170 1060 1229 atque
1078 1158 1419 1229 publicanum
1437 1165 1495 1209 et
1519 1155 1625 1209 alia
1639 1151 1938 1221 huiusmodi
1955 1150 2180 1221 plurima

608 1253 855 1324 exempla
899 1251 1223 1320 respiciens;
1273 1264 1410 1317 quos
1436 1247 1503 1301 ab
1540 1245 1796 1299 extremis
1822 1243 1975 1297 malis
2019 1249 2095 1307 et,
2125 1247 2184 1295 ut

606 1343 891 1399 dicendum
919 1349 1019 1405 est,
1069 1340 1137 1394 ab
1178 1341 1296 1409 ipso
1322 1338 1486 1392 fundo
1529 1336 1791 1391 malorum
1832 1334 2011 1389 subito
2042 1333 2182 1387 Deus

607 1435 825 1505 eripuit,
855 1433 1159 1496 animabar;
1217 1441 1274 1485 et
1321 1427 1562 1497 quazdam
1590 1425 1723 1480 mihi
1759 1424 1886 1478 data
1932 1430 2015 1479 est
2056 1437 2182 1491 spes

605 1526 734 1581 boni
762 1524 1041 1595 propositi.
1072 1522 1256 1597 ’lgitur
1282 1536 1348 1575 ex
1377 1519 1626 1573 omnibus
1652 1517 1706 1571 in
1751 1532 1837 1570 me
1864 1515 2181 1570 electionem

604 1615 967 1677 contulerunt,
996 1614 1051 1667 in
1069 1612 1287 1667 decreto
1303 1611 1504 1686 pariter
1530 1607 1940 1663 subscribentes.
1968 1603 2038 1659 Et
2056 1603 2180 1673 quia

604 1706 997 1763 ordinationem
1027 1704 1317 1760 secundum
1345 1702 1577 1771 priscam
1600 1697 2042 1754 consuetudinem
2072 1711 2179 1750 non

602 1797 755 1861 alibi,
776 1797 875 1851 sed
904 1796 957 1850 in
982 1794 1170 1850 eadem
1200 1793 1416 1849 civitate
1446 1788 1558 1845 ﬁeri
1586 1788 1892 1859 oportebat,
1929 1786 2181 1843 convenit

2287 612 2378 659 aut
2404 604 2491 658 ilia
2520 619 2641 672 qua:
2668 604 2958 671 minantur,
2988 606 3111 675 quia
3132 607 3355 661 saeviora
3383 610 3640 674 existunt,
3666 616 3887 683 nequis

2284 711 2371 752 me
2400 704 2708 767 protervum
2737 706 2829 750 aut
2850 696 3106 753 audacem
3128 713 3248 754 esse
3265 699 3470 769 iudicet
3489 701 3666 771 aliqua
3687 704 3884 761 dicen-

2285 797 2393 842 tem
2415 786 2483 841 de
2504 796 2654 843 tanta
2679 803 2742 843 ac
2768 789 2885 842 talis
2904 786 3157 843 Ecclesiae
3184 792 3429 860 prmsulc.
3454 792 3511 847 Si
3534 810 3663 850 vero
3677 796 3776 851 ista
3798 805 3884 850 ta-

2282 891 2445 932 cuere
2467 885 2526 930 ut
2545 877 2675 931 mihi
2690 887 2773 933 est
2789 877 2951 948 (Lege
2971 894 3047 937 ea:
3062 880 3186 932 mihi
3200 889 3299 944 est,
3320 879 3537 953 Hum),
3572 884 3712 940 unde
3727 886 3879 941 enim

2282 967 2458 1023 habeo
2485 968 2780 1024 auxilium?
2808 968 2905 1023 sed
2931 970 3109 1039 magni
3144 970 3239 1025 Dei
3280 979 3336 1025 et
3361 972 3657 1029 Salvatoris
3698 976 3879 1031 nostri

2280 1056 2411 1115 Jesu
2433 1056 2653 1120 Christi,
2681 1066 2739 1112 et
2759 1068 2951 1114 vestra:
2987 1059 3363 1127 beatitudinis,
3391 1071 3445 1116 et
3472 1063 3691 1131 pietatis
3720 1081 3881 1123 sere-

2283 1149 2491 1204 nissimi
2514 1149 2851 1218 imperatoris
2870 1165 2959 1204 me
2976 1152 3319 1207 committens
3333 1153 3555 1220 iudicio,
3572 1162 3879 1213 tacerem

2282 1239 2452 1309 potui.
2483 1238 2619 1294 Cum
2639 1252 2771 1306 ergo
2795 1255 2915 1297 mea
2954 1242 3235 1299 accusatio
3269 1243 3337 1297 ad
3361 1245 3758 1302 sanctissimum
3783 1262 3878 1302 ar-

2281 1329 2689 1399 chiepiscopum
2700 1329 3054 1400 Epiphaniam
3083 1333 3417 1401 pervenisset
3447 1335 3657 1405 (rursus
3675 1326 3740 1391 ac
3764 1351 3875 1391 sm-

2281 1423 2404 1492 pius
2427 1423 2638 1477 veniam
2668 1432 2798 1492 peto
2825 1423 2895 1477 de
2924 1424 3008 1479 his
3028 1439 3148 1492 qua:
3172 1424 3413 1481 dicturus
3456 1442 3593 1490 sum,
3625 1426 3725 1481 ista
3762 1444 3874 1483 non

2284 1512 2569 1583 protervize
2595 1513 2683 1568 vel
2700 1512 2957 1580 undecim,
2986 1515 3081 1568 sed
3108 1515 3440 1571 necessitatis
3467 1532 3590 1573 esse
3621 1516 3877 1585 iudicetis

2282 1604 2607 1659 sanctissimi
2655 1606 2880 1675 patres),
2931 1608 3424 1673 commonitorium,
3452 1609 3594 1665 sicut
3640 1609 3738 1677 ipsi
3775 1624 3875 1663 vo-

2281 1704 2426 1760 cant,
2458 1695 2659 1752 faciens
2691 1696 2761 1751 ad
2804 1713 2999 1752 nomen
3036 1697 3264 1753 Andr-ea:
3304 1700 3402 1753 viri
3441 1700 3871 1769 religiosissimi,

2281 1784 2522 1841 diaconis
2548 1793 2605 1842 et
2628 1787 2852 1842 notariis
2874 1799 3072 1843 sancta:
3117 1804 3226 1843 sua:
3257 1788 3540 1856 Ecclesiae,
3587 1791 3654 1844 ad
3702 1789 3872 1843 Thes-

601 1894 784 1941 saneta
815 1883 1100 1954 provincia:
1127 1880 1381 1953 synodus,
1424 1888 1479 1935 et
1516 1879 1679 1934 totius
1707 1877 1939 1932 civitatis
1961 1891 2179 1947 posses-
2211 1885 2257 1944 Β
2281 1883 2471 1937 saiam
2515 1882 2710 1938 direxit
2735 1883 3102 1953 provinciam;
3147 1884 3465 1953 pnueipiens
3494 1899 3583 1939 me
3626 1899 3657 1937 a
3713 1898 3871 1938 sacro

601 1990 775 2041 seres,
822 1986 1090 2042 omneque
1133 1986 1328 2041 corpus
1354 1968 1628 2033 Ecclesiae,
1674 1976 1728 2023 et
1755 1966 2029 2023 communi
2056 1980 2177 2021 om-

601 2068 749 2121 nium
797 2064 1104 2119 testimonio
1146 2062 1278 2119 nihil
1320 2060 1695 2116 consuetudini
1739 2058 2078 2123 detrahente,
2124 2058 2176 2112 in

602 2154 840 2211 Ecclesia
863 2170 982 2209 sum
1011 2152 1288 2207 ordinatus
1314 2152 1617 2220 episcopus.
1649 2149 1876 2204 Tantam
1904 2150 2047 2204 enim
2069 2148 2179 2202 ala—

600 2246 849 2302 critatem
876 2245 955 2299 rei
985 2245 1138 2300 istius
1159 2243 1410 2308 habebat,
1434 2241 1739 2315 factumue
1759 2241 2180 2310 amplectebatur

601 2332 901 2392 Probianus
927 2334 1025 2389 Dei
1051 2343 1281 2400 amator,
1333 2331 1687 2387 Demetriade:
1713 2331 1944 2387 civitatis
1969 2332 2180 2400 episco-

598 2443 720 2499 pus,
753 2436 813 2482 ut
845 2427 1005 2484 etiam
1055 2432 1373 2496 provocaret
1411 2425 1465 2479 in
1494 2423 1741 2479 Ecclesia
1763 2423 1860 2477 Dei
1887 2422 2099 2478 laudem
2124 2422 2178 2476 in

601 2532 737 2572 mea:
761 2516 1083 2571 humilitatis
1105 2528 1359 2569 exercere
1408 2528 1714 2583 personam.
1758 2511 1831 2566 Et
1868 2520 1927 2566 ut
1952 2511 2086 2566 nihil
2111 2511 2179 2567 de

600 2623 690 2664 me
718 2609 837 2678 ipso
864 2607 1098 2673 dicente,
1127 2621 1197 2661 ex
1225 2606 1308 2660 his
1334 2606 1426 2674 qui
1453 2620 1542 2660 me
1567 2606 1850 2661 voluerunt
1879 2612 2043 2675 atque
2068 2606 2178 2661 ele-

598 2708 817 2770 gerunt,
863 2699 1021 2755 datur
1059 2697 1303 2764 intelligi,
1352 2695 1651 2751 secundum
1693 2694 1866 2751 Deum
1909 2695 2177 2751 ordinatio

598 2791 702 2848 ista
726 2790 993 2861 provenit.
1009 2788 1348 2858 Quapropter
1367 2787 1650 2857 deprecor,
1665 2787 1975 2843 beatissime
2000 2793 2175 2857 pater,

597 2892 667 2939 ut
682 2890 960 2939 mansuete
989 2882 1102 2936 haec
1127 2880 1315 2935 audire
1352 2879 1608 2949 digneris,
1650 2895 1758 2934 non
1797 2879 1941 2933 enim
1964 2877 2175 2933 laudem

594 2974 862 3038 labiorult
887 2989 1129 3031 meorum
1158 2972 1416 3041 diligens,
1452 2971 1597 3027 sicut
1616 2971 1878 3040 scriptum
1906 2977 2010 3034 est,
2060 2969 2177 3026 hinc

595 3081 824 3137 suggero
867 3084 882 3120 :
925 3066 1180 3135 quoniam
1208 3065 1300 3133 qui
1341 3066 1482 3119 inse
1506 3063 1787 3132 gloriatur,
1835 3061 1980 3133 apud
2008 3061 2173 3120 Deum

596 3157 860 3228 probatus
892 3170 1014 3211 esse
1040 3171 1151 3210 non
1174 3162 1399 3224 potest:
1431 3152 1529 3207 sed
1555 3161 1613 3208 ut
1635 3153 1785 3208 vobis
1825 3152 1928 3207 ista
1970 3165 2173 3221 cogno-

2282 1972 2537 2028 rceedere
2562 1973 2886 2041 ministerio,
2910 1982 2967 2028 ut
2992 1982 3119 2043 pote
3145 1988 3257 2028 non
3293 1973 3589 2028 secundum
3628 1986 3869 2029 canones

2280 2062 2617 2127 ordinatum;
2645 2063 2788 2118 nulla
2815 2063 3215 2119 accmationuin
3247 2064 3592 2132 probatione,
3637 2078 3737 2119 nec
3761 2078 3857 2119 ca-

2252 2154 2473 2209 .nonica
2490 2154 2805 2209 evocatione
2823 2168 2964 2219 usus,
2994 2154 3129 2209 alios
3156 2155 3437 2223 episcopos
3460 2153 3699 2221 eiusdem
3734 2169 3864 2224 pro-

2255 2242 2467 2307 ~_vinci:e
2488 2250 2545 2296 et
2571 2240 2775 2297 clerum
2792 2250 2994 2297 sanctae
3021 2250 3219 2296 nostrae
3249 2241 3499 2297 Ecclesia:
3524 2259 3553 2295 a
3577 2256 3695 2297 mea
3721 2257 3866 2297 com-

2281 2333 2536 2388 munione
2587 2332 2885 2402 suspendit,
2933 2341 2990 2386 et
3030 2332 3174 2399 quod
3220 2340 3306 2386 est
3351 2332 3723 2399 novissimum,
3766 2344 3869 2385 nec

2279 2423 2431 2496 cibos
2456 2435 2549 2476 aut
2575 2437 2695 2491 qua:
2724 2431 2848 2476 sunt
2877 2421 3179 2476 necessaria
3209 2421 3277 2475 de
3309 2421 3470 2477 rebus
3492 2419 3869 2476 ecclesiasticis

2282 2530 2369 2569 me
2404 2514 2604 2568 habere
2648 2513 2893 2581 permisit
2923 2530 2935 2565 :
2963 2506 3225 2581 sel‘quae
3274 2513 3330 2567 in
3379 2513 3641 2567 convictis
3691 2511 3867 2567 solent

2286 2604 2421 2669 ﬁeri,
2448 2604 2560 2658 hmc
2581 2603 2637 2658 in
2663 2617 2750 2657 me
2775 2611 3065 2670 antequam
3103 2602 3284 2672 aliqua
3320 2602 3647 2657 examinatio
3677 2601 3866 2671 iudicii

2277 2694 2588 2764 proveniret
2612 2694 2920 2749 exercuisse
2947 2694 3297 2762 dignoscitur.
3329 2691 3539 2748 Etenim
3574 2693 3627 2746 in
3664 2692 3749 2748 his
3774 2691 3865 2761 qui

2276 2795 2469 2838 revera
2497 2783 2819 2852 delinquunt
2843 2782 3084 2851 plurima:
3103 2782 3482 2839 misericordia:
3509 2788 3635 2835 sunt
3658 2780 3730 2841 ab
3765 2778 3864 2836 Ec-
3904 2806 3911 2811 -

2275 2870 2453 2927 etesiis
2480 2872 2805 2926 constitutae.
2838 2869 2962 2926 Haec
2985 2885 3116 2940 ergo
3144 2870 3388 2926 Andreas
3426 2871 3505 2925 vir
3540 2870 3826 2938 religiosus
3844 2909 3861 2935 ,

2275 2974 2435 3028 quem
2457 2960 2693 3028 suggessi
2721 2960 3001 3030 superius,
3040 2960 3097 3013 'nt
3125 2975 3212 3014 me
3250 2958 3435 3028 iussus
3478 2965 3561 3013 est
3587 2971 3859 3012 exercere.

2278 3048 2452 3120 thue
2473 3049 2588 3119 eius
2602 3048 2826 3118 iudicio,
2855 3050 2947 3118 qui
2981 3050 3075 3104 'me
3097 3064 3130 3103 a
3157 3049 3536 3104 communione
3560 3046 3859 3117 suspendit.

2276 3156 2660 3211 responsurum
2703 3156 2879 3196 meam
2920 3142 3264 3210 praesentiam
3311 3141 3623 3205 exhiberet,
3671 3138 3862 3193 Eusta-

597 3247 871 3304 scentibus
913 3246 1182 3319 calumnia
1226 3260 1346 3313 qua:
1390 3245 1648 3299 adversus
1690 3260 1777 3299 me
1824 3244 2056 3299 excitata
2093 3251 2175 3299 est
2201 3247 2243 3306 ε
2278 3234 2447 3288 thium
2486 3232 2807 3288 Gomliensis
2843 3234 3076 3288 civitatis
3122 3234 3453 3303 episcopum,
3501 3243 3665 3301 atque
3712 3231 3858 3302 Elpi-

597 3337 872 3393 evidenter
900 3337 1179 3405 appareat.
1225 3334 1433 3401 Quanta
1464 3349 1593 3388 vero
1630 3334 1823 3389 deinde
1850 3335 2083 3389 dixerint
2120 3342 2175 3389 et

596 3428 954 3499 provinciales
1003 3427 1277 3497 episcOpi,
1333 3434 1390 3491 et
1439 3435 1641 3482 sanctis
1699 3427 1876 3482 clerus
1921 3426 2175 3481 Ecclesia:

595 3518 888 3575 ostendens
915 3534 975 3574 se
1000 3534 1099 3588 pro
1128 3531 1245 3572 mea
1264 3518 1528 3573 electione
1553 3518 1804 3585 gaudere,
1845 3516 2172 3589 superﬂuum

594 3609 830 3679 iudicavi
860 3609 1053 3664 vestris
1103 3609 1341 3664 auribus.
1372 3607 1694 3674 Quicscente
1719 3609 1879 3676 igitur
1906 3607 2172 3663 bonorum

594 3698 833 3755 omnium
856 3698 1097 3763 inimico,
1113 3705 1168 3752 et
1187 3696 1300 3753 Deo
1317 3712 1436 3752 mea
1458 3712 1567 3752 non
1589 3698 1907 3767 respiciente
1926 3705 2166 3765 peccata,

594 3800 651 3845 et
677 3789 879 3844 nullam
906 3787 1363 3858 perturbationem
1383 3786 1680 3842 sustinebat
1699 3785 1959 3853 Ecclesia,
1981 3793 2038 3839 et
2056 3793 2172 3840 erat
2212 3844 2215 3845 ν

593 3879 792 3935 caritas
816 3878 1052 3934 omnium
1083 3877 1263 3933 celans
1302 3877 1574 3942 delictum,
1613 3877 1755 3931 sicut
1781 3876 2036 3945 scriptum
2064 3883 2165 3930 est.

593 3970 700 4028 Sed
719 3970 902 4027 nescio
922 3969 1063 4027 unde
1089 3969 1293 4024 incitati
1308 3969 1568 4024 Antonius
1590 3969 1870 4023 timoratus
1890 3966 2171 4038 presbyter

590 4070 754 4132 atque
797 4062 1171 4131 dispensator,
1203 4068 1259 4115 et
1304 4058 1601 4116 Probianus
1642 4058 1941 4114 defamator
1979 4059 2171 4115 Deme-

589 4152 778 4207 triada:
803 4152 1035 4208 civitatis
1071 4152 1357 4221 episcopus
1397 4169 1410 4204 :
1453 4150 1602 4205 illum
1650 4150 1791 4216 dico,
1841 4151 2164 4216 beatissime,

590 4235 939 4309 Probianum,
978 4242 1071 4312 qui
1098 4242 1234 4298 alios
1262 4243 1573 4299 fostinantes
1600 4256 1749 4296 meas
1777 4241 1964 4296 laudes
1989 4242 2168 4298 dicere

567 4334 876 4403 repellens,
925 4335 1043 4404 ipse
1079 4335 1133 4389 in
1174 4333 1417 4390 Ecclesia
1444 4333 1556 4389 Deo
1587 4334 1772 4389 titulos
1819 4350 1954 4390 mea:
1999 4334 2169 4391 laudis

587 4427 852 4494 exercuit,
869 4429 1069 4498 pariter
1088 4428 1418 4483 Demetrium
1440 4428 1535 4483 Dei
1557 4437 1852 4484 amaturem
1876 4428 2167 4485 Sciatensis

587 4518 831 4573 civitatis
852 4518 1186 4588 episcopum;
1218 4526 1276 4573 et
1301 4519 1436 4573 alios
1455 4534 1567 4573 sua:
1593 4519 1857 4588 portionis
1878 4518 2166 4575 suadentes

585 4624 713 4664 esse
739 4609 1050 4678 participes,
1098 4624 1200 4663 nec

588 4700 936 4754 continuentur
960 4699 1371 4761 erubescentes;
1421 4715 1521 4756 nec
1548 4698 1845 4757 Probianus
1867 4717 2020 4757 suam
2050 4701 2168 4757 lau-

586 4788 723 4843 dem
740 4798 797 4847 et
823 4789 988 4843 totius
1007 4788 1265 4844 Ecclesize
1291 4789 1678 4855 testimonium,
1699 4788 1796 4845 sed
1815 4805 1919 4845 nec
1938 4790 2028 4845 illa
2050 4804 2168 4859 qum

589 4878 845 4935 dixerunt
862 4880 951 4935 vel
987 4889 1243 4948 egertnit,
1277 4879 1552 4950 quomodo
1580 4894 1756 4936 meam
1780 4881 2169 4950 amplectentes

590 4967 718 5025 ﬁeri
743 4971 1157 5037 ordinationem,
1203 4970 1483 5042 quomodo
1517 4979 1576 5027 et
1609 4979 1735 5027 ante
1773 4971 2167 5029 ordinationem

587 5070 797 5132 gratam
823 5078 997 5118 meam
1026 5063 1127 5118 sibi
1156 5062 1317 5118 fuisse
1345 5079 1662 5133 personam;
1694 5063 1968 5134 quomodo
1996 5074 2051 5120 et
2071 5081 2163 5121 ce-

592 5152 852 5207 lebratam
898 5152 1288 5208 ordinationem
1338 5153 1566 5209 libenter
1613 5154 1826 5221 tulisse;
1869 5154 1937 5209 ad
1965 5157 2163 5226 regiam

592 5243 778 5297 urbem
806 5244 986 5298 soluto
1014 5241 1240 5311 profecti
1266 5252 1411 5309 sunt,
1443 5254 1501 5299 et
1524 5244 1811 5314 quemdam
1838 5262 2169 5320 componen-

594 5340 675 5387 tes
702 5333 1096 5388 accusationem
1125 5334 1463 5389 sanctissimo
1482 5334 1728 5404 ejusdem
1742 5336 1972 5393 civitatis
1993 5338 2168 5395 archi-

590 5423 848 5492 episcopo
876 5421 1174 5492 Epiphanio
1214 5425 1461 5495 querelas
1487 5425 1874 5496 deposuerunt;
1904 5428 2163 5494 dicentes,

592 5527 767 5567 mean:
796 5512 1188 5568 ordinationem
1228 5516 1435 5576 sanctis
1457 5517 1752 5573 canonibus
1788 5520 2011 5575 minime
2036 5536 2168 5576 eon—

590 5603 809 5669 venire;
833 5611 1114 5672 sperantes
1152 5614 1213 5660 nt
1236 5607 1287 5661 in
1330 5622 1451 5663 meo
1480 5609 1600 5663 loco
1629 5610 1765 5664 alter
1787 5611 2169 5680 subrogaretur

591 5696 897 5767 episcopus.
929 5694 1070 5767 Ergo
1113 5699 1213 5754 ista
1245 5717 1329 5756 tne
1357 5701 1641 5773 incipiente
1675 5701 1873 5765 dicere,
1923 5703 2165 5770 angustia

594 5801 684 5843 me
706 5790 887 5860 utique
915 5790 1132 5846 detinet.
1184 5793 1240 5847 Si
1270 5795 1410 5850 enim
1443 5795 1632 5850 dixero
1662 5811 1777 5864 qum
1810 5796 1860 5850 in
1891 5812 1976 5851 me
2003 5811 2160 5851 exer-

2275 3322 2422 3376 dium
2466 3321 2809 3386 Thebanum,
2850 3322 2943 3376 sed
2988 3333 3044 3377 et
3090 3322 3425 3390 Stephanum
3464 3323 3857 3381 Lantinensem.

2273 3412 2426 3481 quasi
2459 3412 2627 3480 magis
2672 3426 2806 3466 mea:
2845 3411 3041 3466 illicita:
3068 3412 3441 3474 ordinationis,
3489 3412 3693 3480 pariter
3719 3412 3858 3467 exhi«

2271 3504 2402 3558 bere
2421 3502 2603 3570 iussus
2628 3511 2732 3559 est.
2773 3503 3103 3559 Demetrium
3128 3510 3311 3558 autem
3348 3510 3405 3557 et
3428 3500 3755 3559 Prnbianum
3781 3519 3857 3559 vt-

2271 3608 2362 3648 ros
2396 3593 2707 3661 religiosos,
2736 3609 2831 3662 qui
2872 3602 3031 3649 antea
3078 3608 3269 3661 magna
3313 3608 3440 3663 pars
3475 3608 3610 3648 mea:
3648 3594 3856 3655 fuerant

2271 3681 2549 3760 electionis
2575 3691 2739 3752 atque
2780 3683 3137 3741 ordinationis
3167 3684 3375 3741 habens
3399 3683 3541 3754 apud
3579 3699 3640 3741 se
3680 3686 3725 3742 is
3767 3687 3856 3757 qui

2270 3786 2357 3825 me
2381 3770 2449 3825 ad
2476 3788 2699 3829 causam
2726 3774 3104 3843 compellebat,
3136 3775 3191 3828 in
3219 3790 3394 3829 meam
3423 3775 3715 3844 perniciem
3737 3792 3854 3833 om—

2269 3861 2399 3915 nino
2423 3859 2659 3917 fovebat.
2684 3860 2768 3917 Me
2796 3870 2975 3917 autem
3017 3863 3301 3933 prmdictus
3328 3864 3410 3917 vir
3442 3864 3723 3933 religiosus
3744 3864 3854 3919 An-

2268 3949 2427 4006 dreas
2454 3951 2652 4007 ibidem
2678 3967 2785 4006 non
2816 3953 3046 4017 invenit,
3074 3955 3199 4022 quia
3227 3955 3295 4008 ad
3322 3954 3854 4010 Thessalonicensem

2268 4058 2515 4112 magnam
2534 4045 2804 4100 civitatem
2825 4044 3031 4101 fueram
3054 4045 3214 4114 paulo
3234 4057 3359 4107 ante
3387 4048 3685 4116 prolectus:
3709 4047 3853 4103 clero

2268 4143 2473 4200 autem,
2505 4143 2563 4189 et
2590 4142 2824 4203 quantos
2862 4134 2999 4189 alios
3026 4137 3202 4204 potuit
3230 4137 3469 4205 reperire
3496 4139 3853 4206 congregatis,

2267 4223 2743 4278 commonitorium
2770 4223 2849 4278 eis
2879 4224 3100 4291 relegit,
3138 4232 3195 4279 et
3221 4225 3505 4293 epistolam
3545 4226 3614 4280 ad
3651 4242 3749 4281 eos
3774 4219 3853 4285 di-

2264 4319 2488 4366 rectam.
2518 4309 2685 4365 Erant
2705 4320 2884 4367 autem
2912 4312 2981 4368 ad
3003 4313 3205 4368 clerum
3236 4314 3372 4369 tales
3399 4314 3588 4369 littera:
3609 4314 3762 4370 laeta:
3785 4316 3853 4370 ab

2265 4398 2456 4455 eodem
2480 4400 2820 4456 sanctissimo
2851 4401 2966 4457 viro
2999 4418 3013 4454 :
3044 4410 3301 4471 gestaque
3337 4401 3567 4457 confecit
3592 4404 3734 4472 apud
3760 4403 3852 4460 de-

2265 4486 2534 4544 fensorem
2585 4488 2853 4552 civitatis,
2906 4505 3137 4559 quarunt
3180 4489 3425 4560 exempla
3469 4491 3678 4560 exiguis
3721 4492 3854 4547 meis

1239 4576 1663 4679 subscription’cs
1688 4625 1809 4678 quae
1846 4610 1902 4666 in
1946 4609 2166 4666 me“)
2199 4605 2247 4666 υ
2271 4578 2462 4679 libellis
2485 4576 2734 4679 subdere
2774 4594 2883 4635 non
2914 4579 3092 4679 omisi.
3137 4578 3328 4679 Factus
3364 4587 3448 4679 est
3473 4579 3853 4679 autem-brevis

2269 4666 2339 4722 de
2361 4669 2528 4722 sacris
2555 4669 2697 4724 vasis
2716 4676 2879 4738 atque
2906 4668 3069 4723 rebus
3094 4669 3470 4724 ecclesiasticis
3495 4687 3508 4721 :
3532 4678 3588 4724 et
3609 4669 3770 4739 aliqui
3787 4670 3853 4724 ab

2269 4756 2754 4819 ecclesiasticarum
2796 4757 3156 4813 sollicitudine
3203 4758 3270 4812 ab
3314 4757 3549 4813 Antonio
3577 4758 3694 4813 viro
3738 4758 3854 4814 reli-

2270 4845 2440 4912 gioso,
2466 4847 2556 4913 qui
2587 4846 2910 4901 connivebat
2936 4846 3134 4915 ubique
3159 4848 3276 4902 viro
3316 4848 3572 4916 religioso
3598 4847 3849 4913 Androm,

2270 4943 2393 4988 sunt
2421 4935 2615 4993 remoti
2646 4936 2776 5005 :qui
2811 4936 3096 5005 prmdictus
3131 4935 3373 4991 Andreas
3408 4935 3475 4990 ad
3513 4922 3854 4991 Thessaloni-

2270 5038 2483 5077 censem
2507 5037 2751 5091 magnam
2774 5023 3048 5080 civitatem
3067 5025 3319 5086 veniens.
3360 5014 3490 5079 mihi
3512 5032 3607 5103 ,.et
3643 5022 3852 5093 Elpidio

2268 5119 2429 5182 atque
2462 5109 2738 5182 Stephano
2769 5112 3041 5182 prmdictis
3074 5111 3167 5168 Dei
3197 5113 3529 5167 amatoribus
3568 5114 3849 5183 episcopis,

2267 5199 2549 5270 qumiussa
2575 5210 2737 5271 atque
2764 5203 3106 5257 interminata
3137 5210 3280 5268 sunt,
3306 5203 3560 5259 ostendit.
3592 5203 3703 5273 Ego
3724 5220 3850 5261 vero

2269 5304 2371 5344 nec
2409 5297 2784 5345 accusatorum
2830 5306 2930 5345 nec
2972 5290 3275 5360 aliquorum
3312 5299 3540 5348 conatus
3585 5302 3850 5357 metuens,

2269 5377 2364 5430 sed
2393 5375 2458 5431 ad
2488 5377 2654 5431 Deum
2680 5379 3044 5442 solummodo,
3074 5387 3130 5433 et
3156 5381 3223 5433 ad
3262 5380 3411 5448 leges
3441 5389 3641 5436 sancta:
3665 5380 3850 5438 Eccle-

2272 5466 2386 5533 siae,
2417 5475 2471 5521 et
2491 5467 2558 5522 ad
2586 5468 2943 5538 principatum
2973 5476 3277 5525 sanctarum
3302 5470 3663 5528 Ecclesiarum
3690 5474 3849 5529 tradi-

2271 5564 2383 5609 tum
2414 5558 2564 5614 vobis
2593 5559 2905 5627 respiciens,
2937 5576 3061 5615 mox
3091 5562 3230 5616 inter
3261 5571 3378 5617 acta
3406 5563 3517 5618 dixi
3548 5572 3605 5618 ut
3631 5565 3673 5618 si
3697 5581 3850 5635 opor-

2271 5652 2410 5698 teret
2428 5660 2515 5699 me
2543 5646 2608 5700 ad
2631 5647 2858 5716 aliquem
2885 5659 3229 5705 accusantem
3260 5653 3619 5722 respondere,
3651 5662 3745 5708 aut
3780 5653 3848 5710 de

2269 5749 2386 5787 mea
2434 5734 2771 5794 ordinatione
2809 5741 3006 5810 aliquid
3043 5741 3283 5811 iudicare
3331 5744 3599 5812 dignatur,
3630 5757 3847 5800 causam

2265 5834 2356 5876 me
2381 5823 2559 5878 dicere
2587 5840 2808 5884 necesse
2836 5839 2947 5894 est;
2982 5831 3072 5884 scd
3103 5832 3248 5896 alibi,
3287 5834 3426 5902 apud
3469 5847 3629 5903 quem
3668 5844 3841 5890 sacro
