4074 6492
283 430 352 482 '57
1517 425 1867 482 EPISTOLE
1907 426 1990 480 ET
2029 426 2360 484 DECRETA.

3491 427 3565 482 $8

288 553 404 592 tum
426 551 689 614 canonum
713 535 803 594 lex
831 538 1148 598 custoditur,
1181 547 1234 590 et
1266 552 1431 606 usque
1462 537 1723 592 hactenus
1748 551 1876 590 con-
1901 544 1943 594 Δ
1973 538 2106 590 dire.
2144 537 2210 589 Et
2256 541 2360 590 alia
2413 552 2588 590 manu.
2641 536 2944 604 Stephanus
2999 537 3222 606 exiguus
3275 551 3560 605 episcnpus

286 629 517 684 :uetudo
559 639 840 696 servatur,
890 631 1202 684 memoriam
1249 628 1448 683 faciens
1493 627 1653 681 vestri
1692 627 1866 680 sancti

287 723 509 790 capitis,
552 731 605 776 et
647 723 954 792 apostolica:
992 723 1166 786 sedis;
1197 720 1400 786 dicens,
1429 734 1527 773 vos
1553 734 1671 772 esse
1701 718 1869 771 domi-

287 832 387 870 nos
430 817 586 885 hujus
615 817 1055 879 examinationis;
1095 815 1401 885 supplicans
1429 813 1558 868 nihil
1583 814 1633 866 in
1665 828 1750 866 me
1783 811 1873 865 de-

286 907 417 961 bere
461 907 587 960 novi
633 907 782 974 fieri,
822 915 914 959 aut
960 906 1103 974 quod
1163 913 1343 974 potest
1382 905 1520 958 bene
1572 901 1868 970 composita

286 994 606 1050 disturbare.
639 996 770 1050 Nam
800 997 891 1064 qui
923 997 1069 1050 locus
1092 996 1218 1049 mihi
1262 994 1480 1050 remedii
1528 993 1872 1049 remansisset

287 1087 356 1140 ad
383 1103 477 1141 vos
507 1088 846 1143 beatissimos
881 1089 1065 1157 judicii
1106 1087 1371 1150 dominos,
1417 1087 1460 1140 si
1501 1085 1614 1139 lucc
1646 1099 1751 1137 non
1796 1083 1871 1135 tli-

287 1176 527 1232 xissem?
555 1177 661 1232 Sed
691 1195 790 1233 nec
811 1179 913 1232 hoc
949 1178 1121 1232 solum
1149 1178 1278 1240 dixi,
1329 1177 1420 1232 sed
1465 1175 1646 1252 aliqua
1695 1186 1870 1226 causa:

287 1268 565 1336 profutura
593 1268 911 1323 documenta
943 1256 1171 1322 ostendi.
1214 1264 1528 1334 Significant
1559 1272 1740 1318 autem
1767 1264 1869 1317 ista

286 1364 436 1420 gesta
463 1369 584 1423 qua:
623 1356 763 1410 facta
802 1367 952 1419 sunt,
999 1371 1117 1425 qua:
1145 1357 1281 1409 meis
1308 1355 1514 1422 exiguis
1554 1353 1748 1407 libellis
1773 1353 1867 1406 ad-

287 1449 471 1517 junxi,
511 1459 568 1504 et
605 1432 878 1505 decretum
927 1453 976 1503 in
1021 1465 1106 1504 me
1135 1449 1330 1504 factum
1365 1456 1420 1502 et
1445 1447 1630 1524 titulos
1675 1443 1866 1498 laudis.

287 1537 402 1607 Ego
422 1541 636 1608 quidem
665 1542 964 1596 arbitrabar
993 1542 1129 1596 hanc
1151 1539 1308 1594 fidem
1337 1535 1869 1604 tlagitationiscausa:

288 1646 423 1684 mea:
449 1647 568 1686 esse
595 1634 856 1702 potuisse,
884 1634 927 1686 si
951 1634 1124 1695 vobis,
1157 1633 1352 1701 quibus
1375 1647 1405 1685 a
1437 1631 1547 1684 Deo
1574 1629 1755 1683 datum
1787 1639 1869 1682 est

288 1719 556 1788 judicare,
585 1725 871 1778 nominatis
906 1724 1276 1793 incompetens
1313 1739 1370 1777 se
1397 1737 1627 1793 persona
1667 1721 1872 1774 subtra-

288 1813 458 1877 heret,
506 1813 626 1867 Non
672 1825 748 1868 est
789 1817 925 1876 enim
957 1815 1094 1868 Deus
1123 1814 1544 1884 perturbationis,
1590 1811 1680 1864 sed
1726 1811 1868 1880 pacis

1969 636 2166 682 sancta:
2198 627 2464 681 Larissam
2513 626 2763 682 Ecclesiae
2819 627 2943 680 huic
2999 626 3177 680 libello
3229 643 3258 680 a
3288 641 3373 680 me
3414 625 3561 682 facto

1969 737 2130 774 manu
2159 722 2373 790 propria
2403 720 2710 788 subscripsi,
2739 728 2795 774 et
2821 720 3041 774 domino
3070 735 3194 775 meo
3218 720 3558 774 sanctissimo

1970 826 2034 866 ac
2061 827 2157 881 per
2187 813 2363 865 omnia
2394 813 2721 876 beatissimo,
2745 812 2906 866 etiam
2935 811 3392 868 venerandissimo
3416 811 3555 882 patri

1969 913 2178 972 patrum
2227 911 2285 957 et
2327 905 2613 958 universali
2673 904 2992 974 patriarcha:
3059 903 3334 961 Bonifaciu
3389 903 3556 959 desti-

1970 994 2113 1047 navi.

2039 1086 2409 1141 Abundantius
2440 1086 2790 1143 Demetriada:
2835 1089 3070 1144 civitatis
3113 1089 3394 1160 episcopus
3439 1105 3556 1145 sur-

1970 1188 2100 1245 gens
2127 1191 2158 1230 e
2191 1192 2447 1232 consessu
2486 1178 2656 1232 dixit:
2689 1179 3105 1234 Prmtermittere
3150 1195 3258 1235 non
3288 1182 3437 1250 potui
3462 1197 3558 1236 au-

1969 1265 2122 1320 diens
2148 1283 2349 1322 nomen
2395 1267 2664 1323 Probiani.
2707 1270 2758 1324 is
2784 1269 2853 1325 de
2889 1287 2996 1340 quo
3041 1273 3216 1340 agitur
3265 1271 3558 1331 Probianus

1971 1357 2084 1426 ipse
2121 1367 2204 1412 est
2228 1359 2319 1428 qui
2343 1373 2518 1413 meam
2551 1359 2847 1416 Ecclesiam
2875 1361 3087 1426 invasit,
3111 1372 3166 1417 et
3193 1365 3556 1431 me-veniente

1970 1448 2037 1501 ad
2063 1449 2449 1504 beatitudinem
2476 1457 2708 1506 vestram
2745 1467 2865 1506 eum
2909 1453 3099 1508 litteris
3126 1455 3359 1524 episc0pi
3383 1494 3398 1518 ,
3430 1470 3555 1527 cap-

1972 1548 2091 1592 tans
2114 1539 2411 1594 absentiam
2435 1555 2610 1617 meam
2639 1557 2736 1610 per
2762 1545 3121 1598 temeritatem
3167 1545 3341 1599 locum
3373 1560 3552 1599 meum

1972 1630 2277 1699 usurpavit,
2311 1639 2365 1685 et
2387 1632 2678 1686 secundum
2703 1642 2918 1688 sanctos
2953 1649 3190 1689 canones
3239 1651 3344 1688 non
3398 1636 3554 1691 debet

1971 1720 2254 1789 episcopus
2284 1723 2583 1776 nominari:
2616 1722 2872 1778 adversus
2917 1740 3074 1792 quem
3114 1739 3244 1794 rogo
3267 1727 3554 1781 beatitudi-

1971 1825 2093 1864 nem
2125 1821 2373 1875 vestram,
2408 1823 2464 1866 ut
2490 1813 2631 1868 sedis
2651 1816 2959 1884 apostolica:
2983 1817 3110 1868 mihi
3133 1817 3406 1876 di-ci,»|ina
3432 1817 3554 1872 sub-

290 1901 346 1970 (1
373 1903 492 1956 Cor.
524 1920 629 1970 xtv,
659 1904 770 1972 55).
805 1905 913 1959 Nec
943 1905 1057 1959 haec
1081 1904 1300 1973 quidem
1338 1903 1423 1956 vel
1460 1902 1563 1956 alia
1609 1902 1678 1954 ad
1725 1901 1868 1970 quie-
1899 1903 1943 1960 Β
1974 1901 2168 1954 veniat.
2206 1899 2507 1957 Bonifacius
2548 1903 2832 1972 episcopus
2878 1904 3011 1958 dixit
3044 1924 3055 1957 :
3085 1903 3150 1958 Et
3186 1905 3345 1960 libelli
3391 1907 3552 1961 oblati

239 2043 245 2048 .
288 2004 396 2047 tem
417 2009 590 2048 meam
612 1996 856 2050 sufllcere
871 2002 1163 2066 potuerunt
1193 2012 1204 2046 :
1233 1994 1332 2047 sed
1353 1993 1550 2046 invitus
1575 1991 1641 2045 ad
1665 1991 1864 2059 regiam

287 2089 473 2142 urbem
503 2105 619 2144 sum
650 2089 929 2145 deductus.
956 2089 1017 2144 Et
1036 2090 1134 2143 nisi
1163 2088 1374 2159 quidam
1408 2089 1656 2150 timentes
1675 2086 1862 2149 Deum,

285 2188 342 2232 ct
388 2181 678 2248 repositam
733 2181 1144 2251 promissionem
1219 2179 1526 2232 visitatione
1589 2190 1865 2231 carcerum

286 2271 673 2339 prospicientes
694 2280 855 2339 atque
897 2278 1292 2339 exspectantes,
1331 2264 1863 2336 meamprzesentiam

285 2358 476 2418 adesse
519 2361 922 2429 promitterent,
974 2361 1187 2414 vinctus
1224 2359 1408 2427 utique
1454 2357 1657 2411 fueram
1702 2355 1864 2409 homo

285 2447 488 2501 nullum
517 2464 746 2513 nocens,
795 2450 933 2504 sicut
974 2449 1223 2511 arbitror,
1269 2448 1369 2501 nisi
1408 2462 1504 2502 cur
1544 2446 1866 2514 eligentibus

285 2551 373 2589 me
400 2537 676 2603 consensi,
724 2545 780 2592 et
815 2539 926 2608 spei
975 2538 1069 2592 Dei
1108 2552 1195 2592 me
1234 2536 1575 2590 committens
1627 2535 1864 2590 ordinari

284 2627 554 2694 promerui
579 2644 592 2678 :
624 2635 680 2681 et
707 2629 829 2697 quia
859 2629 1178 2682 tiducialiter
1206 2627 1316 2681 dixi
1344 2627 1487 2696 quod
1514 2626 1559 2679 si
1588 2634 1864 2695 oporteret

283 2717 736 2772 examinationem
765 2719 999 2788 aliquam
1029 2718 1164 2784 fieri,
1197 2718 1264 2771 ab
1293 2732 1359 2770 eo
1383 2714 1495 2770 ﬁeri
1524 2715 1749 2769 deberet
1771 2715 1862 2784 qui

283 2815 367 2861 est
395 2808 550 2875 hujus
579 2809 994 2863 examinationis
1017 2808 1263 2862 dominus
1283 2807 1610 2860 constitutus
1633 2822 1644 2856 :
1673 2816 1728 2858 et
1757 2805 1861 2859 alia

283 2912 401 2965 qua:
429 2897 482 2952 in
523 2878 609 2952 me
654 2897 792 2952 facta
827 2905 975 2960 sunt,
1012 2905 1173 2964 atque
1211 2895 1452 2949 exerceri
1499 2910 1605 2947 non
1653 2893 1857 2948 dubito.

282 2990 590 3060 Compellor
610 2999 809 3056 autem,
841 2998 896 3046 et
924 3004 1024 3045 nec
1052 2988 1266 3057 aliquod
1305 2995 1518 3056 tempus
1553 2984 1861 3054 respiratio-

281 3083 366 3137 nis
393 3082 600 3147 habeo;
624 3098 728 3138 nec
748 3084 869 3152 quis
888 3099 990 3152 pro
1016 3097 1101 3136 me
1128 3082 1328 3150 cogitet
1343 3071 1395 3134 iri
1414 3079 1578 3133 tantis
1598 3078 1854 3141 cladibus,

281 3183 470 3243 potero
496 3174 751 3243 reperire.
784 3173 1060 3229 Deteriora
1086 3172 1307 3227 vero'ab
1342 3170 1426 3226 his
1467 3171 1558 3240 qui
1590 3169 1860 3224 minantur

1971 1992 2249 2057 recitatio,
2291 2002 2345 2047 et
2373 1996 2678 2062 prosecutio
2726 1995 2904 2050 fratris
2947 2005 2999 2049 et
3038 1997 3340 2068 coepiscopi
3385 2000 3552 2053 nostri

1969 2081 2294 2136 Abundantii
2322 2086 2486 2152 gestis
2516 2086 2766 2150 indatur;
2796 2096 2849 2140 et
2871 2088 2913 2141 si
2935 2103 3039 2154 qua
3067 2097 3192 2161 sunt
3213 2088 3315 2142 alia
3344 2089 3551 2144 deside-

1968 2191 2148 2230 ramus
2201 2191 2513 2246 agnoscere.
2568 2178 2899 2235 Theodosius
2946 2181 3278 2238 Echiniensis
3325 2163 3555 2240 civitatis

1967 2267 2250 2336 episcopus
2278 2270 2564 2338 provincia:
2586 2269 2872 2325 Thessalizc
2900 2288 2997 2342 per
3025 2274 3548 2344 intcrpretemdixit.

1967 2357 2033 2412 Et
2061 2359 2222 2414 alium
2251 2360 2487 2416 libellum
2516 2361 2656 2418 idem
2695 2363 3063 2419 sanctissimus
3105 2365 3408 2436 Stephanus
3437 2384 3550 2423 mc-

1967 2451 2326 2519 tropolitanus
2354 2452 2639 2522 episcopus
2663 2453 2731 2508 ad
2774 2455 3156 2510 beatitudinem
3200 2467 3428 2512 vestram
3456 2475 3551 2530 per

1966 2555 2144 2596 meum
2171 2542 2368 2598 direxit
2395 2544 2738 2612 obsequium;
2763 2561 2919 2614 quem
2955 2555 3080 2616 peto
3110 2558 3168 2601 ut
3194 2551 3357 2603 vestri
3384 2553 3550 2606 setis;

1963 2632 2064 2687 bus
2087 2631 2251 2701 relegi
2287 2635 2569 2689 censeatis.
2604 2634 2902 2690 Bonifacius
2942 2637 3224 2707 episcopus
3254 2637 3428 2692 dixit;
3461 2638 3549 2692 Li-

1965 2724 2136 2781 bellus
2181 2741 2340 2794 tiuem
2396 2725 2570 2790 offert,
2628 2736 2906 2798 susceptus
2948 2745 2980 2783 a
3025 2731 3248 2785 notariis
3277 2732 3548 2787 recitetur.

1964 2813 2206 2884 Cumque
2245 2825 2526 2887 susceptus
2578 2818 2786 2884 fuisset,
2845 2818 3028 2878 Menas
3071 2822 3313 2876 notarius
3360 2824 3547 2878 recita-

1963 2905 2060 2958 vit.

2534 3007 2884 3056 LIBELLUS
2914 3007 2988 3054 ιι.

2035 3093 2261 3163 Domino
2291 3125 2414 3166 meo
2443 3122 2632 3167 saneto
2672 3130 2736 3168 ac
2764 3104 3074 3170 beatissimo
3119 3126 3177 3171 et
3220 3133 3406 3172 revera
3451 3135 3546 3173 ve-

1961 3200 2202 3256 nerando
2254 3203 2394 3270 patri
2448 3213 2656 3272 patrum
2701 3213 2758 3259 et
2810 3207 3217 3277 archiepiscopo
3259 3217 3420 3278 atque
3448 3225 3545 3278 pa-

281 3281 366 3319 me
405 3267 670 3320 sustinere
707 3265 995 3331 confiteor,
1027 3265 1455 3370 damnationem.
1489 3262 1762 3365 exsilium,
1803 3268 1858 3314 et
1886 3271 1932 3334 ς
1965 3293 2210 3348 "iaer
2249 3262 2524 3350 honifaéio
2552 3295 2675 3350 dam
2704 3262 3024 3368 supplicat“;
3051 3315 3082 3352 a
3113 3262 3544 3370 S"epllal;oe‘xi_

280 3365 489 3424 quant-.e
546 3357 828 3410 criminum
880 3365 1006 3411 sunt
1068 3355 1460 3410 vicissitudines
1514 3353 1860 3407 immerenter

279 3455 550 3514 exspecto.
579 3445 915 3516 Quapropter
937 3446 1152 3500 unicum
1176 3461 1317 3499 nunc
1343 3459 1374 3498 a
1396 3444 1568 3508 vobis,
1591 3451 1646 3497 et
1666 3449 1858 3496 vestra:

280 3538 585 3607 apostolica:
629 3539 741 3590 se.li
777 3538 1074 3601 conlidens,
1124 3535 1422 3594 remedium
1451 3535 1856 3605 postulozsws

279 3629 439 3690 rnim,
478 3637 536 3680 ut
582 3629 816 3682 divinum
858 3628 987 3682 dicit
1029 3629 1320 3696 eloquium,
1366 3643 1469 3680 non
1515 3624 1857 3696 confundetur

277 3719 454 3788 (Rom.
497 3720 572 3786 v).
623 3718 776 3783 Quod
809 3720 855 3772 si
893 3720 1014 3786 quis
1041 3728 1182 3772 esset
1215 3719 1308 3786 qui
1334 3719 1664 3786 praesideret,
1694 3733 1854 3787 quem

275 3809 445 3862 sancti
471 3823 706 3863 canones
734 3809 786 3861 in
811 3809 915 3862 hoc
943 3809 1160 3877 negotio
1184 3808 1416 3875 judicem
1443 3823 1561 3862 esse
1592 3808 1854 3862 decerne-

277 3909 416 3963 rent,
443 3900 746 3968 oportebat,
780 3900 918 3953 sicut
959 3899 1231 3956 existimo,
1265 3913 1388 3951 eum
1426 3899 1575 3966 prius
1603 3899 1670 3952 de
1699 3913 1856 3951 accu-

277 4002 513 4048 satorum
543 3994 648 4046 vita
668 3993 912 4060 judicare
938 4000 991 4045 et
1019 4005 1376 4060 cognoscere;
1417 3991 1540 4060 quia
1586 3997 1858 4044 accusato-

278 4101 363 4139 res
398 4101 515 4140 esse
561 4101 668 4139 non
719 4092 942 4153 possunt
983 4084 1123 4138 illius
1161 4084 1273 4152 qui,
1322 4083 1566 4151 quamvis
1617 4081 1849 4143 humilis,

195 4159 200 4163 ’
275 4178 614 4247 episcopatus
657 4177 916 4230 honorem
964 4177 1278 4244 promeruit.
1314 4175 1419 4230 Sed
1466 4175 1590 4245 quia
1635 4182 1856 4244 propter

276 4272 522 4326 fiduciam
543 4272 726 4335 vestri,
759 4272 897 4327 sicut
916 4270 1045 4333 dixi,
1073 4269 1288 4334 offendi,
1319 4270 1431 4324 hinc
1451 4277 1577 4322 sunt
1605 4284 1706 4338 pro
1721 4269 1853 4323 meis

275 4365 514 4434 partibus
549 4365 853 4433 praemissa,
893 4373 947 4418 et
986 4365 1036 4418 in
1067 4363 1260 4433 quibus
1291 4362 1446 4418 malis
1481 4362 1727 4434 superius
1754 4381 1854 4420 no-

275 4457 491 4519 minavi,
519 4471 636 4511 sum
666 4457 1018 4520 constitutus;
1052 4459 1278 4530 ideoque
1311 4461 1554 4530 supplico
1586 4461 1768 4524 vobis,
1806 4461 1850 4515 si

273 4562 378 4614 qua
406 4554 487 4601 est
517 4548 610 4600 Dei
636 4548 1018 4607 misericordia.
1048 4550 1090 4603 si
1121 4564 1225 4618 qua
1253 4553 1426 4620 pietas
1445 4590 1459 4610 ,
1496 4553 1540 4605 si
1578 4566 1682 4620 qua
1713 4552 1847 4605 dile-

1962 3398 2090 3453 gno.

2031 3473 2161 3540 Qua:
2189 3484 2346 3532 antea
2390 3477 2442 3532 in
2485 3493 2581 3548 spe
2608 3487 2780 3542 erant,
2831 3488 2885 3534 et
2912 3489 3154 3535 metuere
3199 3496 3263 3535 ac
3292 3489 3545 3547 tremere,

1959 3575 2015 3623 et
2041 3577 2281 3627 sanctam
2310 3571 2659 3641 apostolicam
2699 3581 2930 3628 vestram
2978 3572 3162 3628 sedem
3191 3573 3440 3629 invocare
3467 3573 3546 3629 fa-

1957 3659 2194 3726 ciebant,
2223 3661 2338 3716 haec
2364 3678 2486 3718 cum
2514 3663 2992 3733 apprehendissent
3019 3671 3181 3734 atque
3208 3665 3542 3734 constringe.

1957 3759 2081 3806 rent
2097 3766 2274 3806 meam
2310 3755 2560 3809 miseram
2587 3755 2782 3820 vitam,
2824 3755 3053 3824 amplius
3099 3757 3268 3822 magis
3308 3763 3542 3810 vestram

1957 3841 2344 3898 beatitudinem
2374 3845 2646 3914 appellare
2673 3847 3022 3914 compellunt.
3068 3843 3204 3898 Ecce
3230 3856 3424 3915 tempus
3455 3863 3541 3898 uc-

1956 3931 2232 4000 ceptabile,
2261 3949 2376 3986 ecce
2403 3949 2538 3986 nunc
2565 3935 2672 3987 dies
2703 3935 2948 3988 salutaris
2987 3933 3040 4004 (1
3070 3933 3189 3989 Cor.
3223 3935 3316 4002 vi).
3349 3934 3541 3988 Libera

1956 4039 2043 4078 me
2068 4024 2140 4077 ab
2164 4023 2390 4077 inimicis
2417 4024 2576 4087 meis,
2609 4032 2665 4076 et
2692 4039 2722 4076 a
2750 4023 3191 4092 persequentibus
3225 4025 3375 4091 eripe
3413 4037 3536 4078 me:

1956 4113 2155 4168 etenim
2184 4113 2572 4181 circumspersa
2602 4120 2685 4166 est
2709 4111 2847 4181 aqua
2868 4113 2995 4166 mihi
3013 4127 3182 4181 usque
3202 4113 3270 4166 ad
3285 4113 3538 4177 animam,

1957 4203 2280 4258 venerabilis
2305 4211 2486 4272 pater,
2532 4209 2587 4256 et
2614 4203 2837 4272 abyssus
2865 4202 3155 4256 novissima
3190 4202 3538 4257 circumdedit

1955 4311 2042 4350 me
2074 4313 2087 4348 :
2120 4295 2371 4350 ascendat
2417 4310 2483 4348 ex
2529 4293 2874 4364 corruptione
2917 4294 3024 4347 vita
3055 4309 3196 4356 mea,
3227 4294 3365 4348 sicut
3402 4295 3538 4347 scri-

1953 4395 2102 4456 ptum
2123 4395 2224 4441 est.
2249 4385 2304 4440 Si
2334 4386 2476 4463 enim
2504 4385 2875 4441 miserationes
2914 4384 3006 4438 Dei
3030 4401 3134 4439 non
3164 4385 3536 4454 praevenerint,

1953 4487 2056 4546 ego
2084 4478 2299 4546 quidem
2328 4495 2464 4547 opus
2510 4478 2684 4533 factus
2721 4493 2838 4530 sum
2859 4519 2876 4544 ,
2903 4477 3064 4546 quale
3091 4477 3191 4546 ipsi
3231 4477 3534 4540 voluerunt,

1956 4568 2294 4621 inimicorum
2323 4583 2583 4622 meorum.
2614 4567 2773 4622 Ploro
2799 4577 2978 4622 autem
3009 4577 3170 4635 atque
3189 4567 3346 4636 lugeo
3366 4608 3381 4632 ,
3411 4570 3537 4636 quia

273 4637 382 4690 ctio
414 4638 654 4699 transite,
687 4645 741 4690 et
771 4637 855 4691 hic
886 4639 1056 4707 ipsum
1090 4639 1140 4692 in
1179 4650 1367 4694 sancto
1401 4641 1622 4710 Spiritu,
1667 4656 1852 4696 secun-

1959 4668 2068 4713 tum
2103 4661 2264 4714 etiam
2299 4661 2694 4714 ecclesiasticus
2723 4661 2859 4712 ordo
2895 4659 3244 4727 periclitatur.
3274 4658 3536 4724 Quoniam

273 4726 397 4780 dum
425 4725 639 4780 beatum
671 4728 995 4796 apostolum,
1025 4729 1280 4782 auxilium
1310 4730 1440 4784 mihi
1465 4731 1726 4796 ferentes,
1758 4746 1850 4784 ve-

271 4818 368 4872 stri
393 4826 448 4872 et
474 4829 772 4872 vestrorum
798 4817 1140 4873 decessorum
1164 4821 1303 4873 illius
1315 4823 1483 4875 beata:
1503 4823 1646 4877 sedis
1670 4838 1849 4878 recor-

272 4911 480 4974 dantes,
515 4912 636 4981 quia
660 4913 858 4967 uullum
884 4929 1116 4983 unquam
1146 4915 1211 4968 ab
1240 4915 1417 4983 aliquo
1445 4915 1638 4984 injuste
1669 4917 1849 4970 noceri

272 5005 415 5075 passi
441 5014 581 5060 sunt.
613 5004 884 5076 Siquidem
915 5007 1023 5061 cito
1052 5010 1374 5062 succurratis
1402 5021 1686 5076 oppresso,
1716 5023 1848 5062 con-

235 5133 242 5146 .
272 5095 378 5151 fido
408 5115 492 5154 me
522 5112 551 5150 a
585 5098 736 5153 malis
762 5099 894 5153 meis
922 5114 984 5154 ea
1011 5099 1284 5154 celeritate
1311 5099 1502 5154 salvari
1537 5115 1548 5150 :
1581 5099 1624 5152 si
1649 5097 1845 5159 autem,

270 5188 414 5256 quod
439 5189 598 5256 absit,
636 5205 753 5243 mea
785 5199 1004 5259 peccata
1043 5201 1277 5244 vestram
1315 5190 1646 5243 moraverint
1675 5190 1848 5259 pieta-

272 5287 400 5344 tem,
429 5281 617 5334 saltem
639 5282 682 5334 si
704 5281 899 5350 aliquid
927 5283 994 5336 ab
1023 5282 1393 5336 insidiantibus
1414 5283 1671 5338 velociter
1693 5281 1852 5337 fuerit

273 5378 469 5434 actum,
501 5381 557 5424 et
582 5371 660 5424 sic
686 5373 881 5426 sanctis
906 5372 1202 5426 canonibus
1231 5372 1418 5427 adesse
1447 5388 1542 5426 vos
1579 5373 1846 5438 convenit,

275 5468 325 5512 et
353 5461 572 5530 exsequi
620 5460 671 5512 in
697 5459 780 5514 his
822 5477 938 5530 qua:
976 5463 1330 5530 praetermissa
1359 5471 1500 5517 sunt.
1555 5462 1668 5518 lloc
1706 5465 1849 5518 enim

279 5565 406 5616 irpus
431 5559 666 5603 vestrum
684 5557 784 5614 est,
813 5551 1138 5620 beatissime,
1162 5553 1248 5608 die
1267 5569 1330 5608 ac
1354 5564 1516 5608 noctu
1542 5563 1847 5609 sanctorum

277 5638 512 5708 Patrum,
543 5655 594 5696 ct
629 5643 942 5697 venerabilis
967 5651 1125 5712 atque
1154 5646 1459 5713 apostolica:
1488 5654 1677 5700 vestra:
1710 5645 1850 5700 sedis

257 5731 416 5799 -leges
446 5742 604 5800 atque
625 5735 910 5788 constituta
941 5735 992 5788 in
1040 5736 1288 5792 omnibus
1327 5739 1540 5808 quidem
1572 5737 1846 5804 Ecclesiis,

268 5824 537 5894 pt'a‘cipue
565 5833 741 5880 autem
772 5827 824 5880 in
855 5835 1026 5883 vestra
1058 5827 1329 5898 lllyricana
1361 5830 1633 5900 provincia
1663 5839 1845 5886 custo-

1954 4753 2094 4805 enim
2118 4751 2408 4806 secundum
2438 4752 2660 4807 multam
2703 4751 3125 4806 misericordiam
3167 4751 3278 4814 Dei,
3321 4753 3410 4821 qui
3438 4753 3538 4806 ho-

1953 4846 2184 4901 minibus
2209 4854 2428 4916 peccata
2456 4845 2674 4898 minimc
2699 4853 2929 4913 reputat,
2981 4845 3032 4897 in
3061 4845 3278 4899 civitate
3305 4843 3532 4907 Larissa.

1953 4955 2070 5009 quae
2096 4949 2178 4994 est
2206 4939 2494 5008 provincia:
2522 4937 2838 5005 Thessalae,
2868 4937 3072 4992 electus
3098 4953 3224 4990 sum
3252 4946 3412 5006 atque
3441 4955 3532 4991 nr-

1952 5031 2164 5085 dinatus
2193 5030 2506 5098 cpiscopus;
2539 5044 2605 5083 ex
2639 5029 2720 5082 his
2748 5029 2962 5096 quidam
2992 5028 3083 5095 qui
3109 5043 3196 5083 me
3234 5029 3533 5094 elegerunt,

1953 5131 2009 5177 et
2037 5123 2230 5192 saipius
2257 5123 2470 5191 scriptis
2491 5122 2602 5176 suis
2630 5136 2781 5176 suam
2817 5121 3136 5176 electionem
3168 5121 3532 5182 linnaverunt,

1955 5225 2015 5269 ut
2041 5215 2232 5284 dignus
2274 5215 2577 5270 sacerdotio
2601 5214 2890 5283 judicarer,
2921 5212 3166 5268 videntes
3218 5212 3321 5265 inci
3370 5212 3533 5265 studii

1953 5326 2093 5374 esse,
2123 5309 2396 5380 antiquam
2425 5310 2866 5364 consuetudinem
2897 5311 2950 5363 in
2984 5309 3182 5362 nostris
3204 5308 3406 5361 sanctis
3431 5305 3533 5361 Ec-

1953 5404 2130 5458 clesiis
2171 5416 2448 5464 revocare,
2503 5411 2814 5474 separantes
2863 5416 2948 5454 me
2977 5400 3114 5469 apud
3163 5399 3531 5453 beatissimum

1955 5493 2232 5562 praesulem
2259 5500 2458 5548 sancta:
2485 5493 2643 5561 regia:
2671 5492 2818 5546 urbis
2848 5490 3098 5545 Ecclesia:
3125 5499 3529 5545 accusaverunt.

1952 5581 2045 5637 Ille
2068 5592 2245 5638 autem
2271 5585 2670 5638 accusationem
2697 5582 3022 5650 suscipiens,
3045 5583 3174 5637 nihil
3202 5589 3329 5634 ante
3355 5581 3533 5636 discu-

1953 5676 2090 5729 tiens
2128 5675 2196 5729 de
2224 5675 2306 5730 his
2330 5691 2448 5744 qua:
2494 5683 2708 5744 oportet
2737 5675 2940 5742 requiri
2981 5675 3049 5730 de
3090 5675 3344 5744 episcopo
3373 5688 3534 5726 aecu-

1950 5776 2091 5832 sato,
2121 5768 2376 5822 continuo
2400 5783 2486 5822 me
2526 5767 2594 5820 ab
2636 5766 2781 5818 otttni
2827 5769 3192 5823 ecclesiastico
3234 5763 3534 5818 ministerio

1879 5896 1902 5924 ,,
1951 5859 2254 5918 separavit;
2286 5858 2517 5922 aliquem
2545 5858 2612 5912 de
2643 5857 2905 5927 religiosis
2932 5861 3141 5916 clericis
3179 5861 3381 5909 sancta:
3421 5870 3532 5908 sum
