4124 6488
576 433 645 490 39
1788 450 1789 453 ‘
1862 430 2151 487 ’BONIFAC

2249 425 2439 482 ΡΑΡΑΞ
2459 426 2512 482 ’ἢ
3259 493 3263 496 ν
3318 476 3324 484 .
3772 436 3839 488 ιο

577 544 829 601 Ecclesiae
849 558 968 599 cum
988 542 1204 607 iitteris,
1222 556 1354 611 quas
1367 541 1836 596 commonitorium
1855 544 2150 602 nominant,
2186 551 2226 601 Α
2257 552 2347 591 sus
2375 545 2430 590 et
2459 552 2512 590 ιιι
2550 536 2804 591 secundis
2843 539 3030 593 eadem
3072 550 3230 596 erunt
3256 540 3422 597 acturi
3454 561 3465 595 :
3499 549 3563 619 et,
3597 545 3840 614 SUSpiCﬂl‘

578 635 646 691 ad
664 633 991 705 provinciam
1012 632 1346 687 Thessaliam
1372 631 1625 699 dirigens.
1674 630 1741 684 Et
1780 647 1901 685 cum
1926 631 2025 685 ista
2054 645 2154 683 nec

577 725 821 783 civilitati
850 740 948 780 nec
978 724 1257 778 mundanis
1284 724 1489 792 legibus
1516 723 1873 787 conveniant,
1904 737 2001 777 nec
2021 722 2155 777 ordo

577 825 845 873 canonum
874 815 977 869 hoc
1005 813 1120 869 fieri
1161 812 1436 868 evidenter
1463 813 1728 877 admittat,
1760 821 1821 866 ut
1856 822 1981 868 ante
2027 829 2155 868 exa-

572 906 928 967 pminationem
968 904 1155 974 judicii
1201 905 1435 960 vindicta
1480 904 1768 975 procedat;
1825 906 1952 959 olim
1995 920 2154 975 quam

577 999 811 1054 maxime
830 997 1007 1052 divina
1026 996 1345 1067 praedicante
1365 996 1634 1067 Scriptura
1661 1016 1673 1050 :
1691 998 1936 1052 Auditum
1949 1000 2155 1053 inanem

552 1106 643 1147 ἰιι
668 1089 942 1153 admittat;
986 1089 1081 1144 sed
1111 1098 1285 1144 tamen
1315 1104 1435 1142 cum
1465 1089 1697 1144 venisset
1742 1090 1794 1144 in
1812 1089 2159 1146 Thessaloni-

577 1194 697 1235 cam
722 1180 802 1235 vir
836 1179 1264 1248 religiosissimus
1287 1220 1303 1246 ,
1331 1180 1423 1247 qui
1453 1189 1776 1250 praeceptum
1804 1180 2076 1236 deferebat
2100 1191 2155 1236 et

577 1270 753 1339 aliqua
782 1283 992 1322 mecum
1029 1281 1126 1338 per
1168 1268 1569 1324 contentionem
1598 1284 1851 1325 exercere
1874 1270 2174 1335 voluisset,.

575 1362 829 1416 continuo
857 1362 907 1415 ei
930 1359 1039 1414 dixi
1071 1378 1084 1413 :
1117 1359 1477 1430 Apostolicam
1503 1362 1703 1427 sedem,
1734 1362 1786 1419 id
1814 1372 1895 1419 est
1924 1373 2151 1419 vestram

574 1453 993 1517 beatitudinem,
1037 1469 1227 1508 (musas
1285 1463 1481 1509 nostrae
1525 1457 1820 1529 provinciae
1866 1467 1922 1512 et
1968 1458 2153 1512 audire

574 1545 828 1601 convenit
852 1554 908 1600 et
947 1544 1118 1601 ﬁnire.
1163 1544 1269 1601 Sed
1314 1547 1474 1616 regiae
1499 1548 1645 1603 urbis
1671 1549 2037 1605 sanctissimus
2062 1565 2150 1602 ar-

574 1636 944 1706 chiepiscopus
972 1652 1079 1692 non
1107 1638 1407 1712 quiescens,
1421 1639 1582 1693 etiam
1610 1655 1696 1695 me
1716 1649 1903 1697 contra
1917 1658 2153 1697 canones

574 1732 815 1791 exhiberi
829 1733 1103 1803 pmoepit.
1118 1732 1315 1787 Etcum
1328 1736 1594 1790 venissem
1609 1744 1932 1791 conventum
1951 1737 2152 1795 facisns

570 1823 948 1893 episcoporum
969 1824 1060 1893 qui
1085 1823 1285 1879 ibidem
1312 1827 1801 1891 commorabantur,
1844 1830 1948 1897 hoc
1973 1829 2151 1883 denuo

2256 627 2380 694 quia
2411 642 2518 681 non
2549 641 2719 695 usque
2745 626 2812 682 ad
2838 629 2939 683 hoc
2967 632 3338 700 acquiescant;
3382 633 3477 687 sed
3506 634 3670 688 ctiam
3695 635 3782 688 ch-
3802 650 3833 687 a

2255 732 2451 786 corpus
2470 731 2603 771 mea:
2630 719 2857 775 miserize
2884 735 3009 775 suas
3034 731 3272 777 .exerant
3300 724 3605 779 inimicitias
3622 732 3645 791 ;‘
3671 733 3728 779 ut
3752 742 3836 779 me

2255 807 2489 861 obeunte
2518 807 2693 863 nullus
2721 810 2890 878 possit
2916 821 3198 867 accusator
3234 814 3483 872 existere,
3536 814 3666 871 Nam
3713 832 3835 869 cum

2256 894 2439 947 relicta
2468 893 2655 948 inisset
2677 898 2966 963 sententia,
3001 912 3125 955 mox
3166 901 3217 954 in
3245 902 3538 965 custodiam
3560 902 3661 959 Dei
3690 918 3839 958 ama-

2258 982 2463 1036 toribus
2490 998 2656 1039 sacra;
2682 983 2929 1040 Ecclesiae
2957 987 3327 1043 defensoribus
3353 991 3510 1047 datus
3530 1005 3685 1052 sum.
3728 991 3837 1046 Sed

2257 1072 2420 1140 aliqui
2443 1072 2609 1127 Deum
2631 1075 2898 1142 timentes,
2923 1086 2977 1130 et
2999 1092 3173 1135 meam
3196 1078 3513 1140 miserantes
3537 1081 3827 1145 miseriam,

2253 1163 2398 1231 quod
2425 1164 2599 1218 essem
2626 1164 2866 1236 undique
2894 1167 3182 1228 destitutus
3200 1208 3214 1231 ,
3236 1170 3301 1229 .in
3328 1184 3423 1226 sua
3456 1170 3837 1241 (idestiscm-

2255 1260 2396 1317 runt,
2426 1253 2647 1307 multam
2676 1270 2776 1324 pro
2816 1271 2904 1311 me
2943 1258 3294 1325 quantitatem
3334 1262 3574 1328 pecunia:
3610 1263 3833 1330 promit-

2256 1348 2448 1403 tentes,
2498 1343 2622 1412 quia
2652 1359 2758 1398 non
2788 1344 3116 1409 recederem,
3166 1345 3261 1401 sed
3287 1348 3692 1408 observaturum
3719 1366 3836 1405 esse

2255 1432 2307 1484 in
2334 1432 2481 1499 regia
2508 1433 2763 1487 civitate:
2794 1435 2934 1488 hunc
2969 1436 3232 1495 habentes
3272 1450 3597 1508 magnOpere
3638 1447 3835 1501 tracta-

2256 1527 2368 1573 tum
2398 1537 2586 1577 omnes
2613 1510 2703 1592 qui
2732 1525 3015 1584 adversum
3040 1542 3127 1581 me
3155 1527 3255 1581 ista
3285 1529 3754 1593 conciuuaverunt,
3781 1538 3834 1589 ut

2253 1626 2363 1666 non
2393 1613 2592 1681 possim
2640 1613 2706 1667 ad
2764 1615 2988 1684 vestigia
3035 1626 3227 1671 vestrm
3264 1618 3608 1677 beatitudinis
3634 1615 3835 1677 convoJ

2253 1702 2384 1770 lare,
2415 1712 2471 1758 et
2497 1719 2596 1774 pro
2624 1704 2720 1764 Dei
2769 1706 3021 1767 mandato
3067 1709 3297 1777 aliquam
3333 1710 3758 1769 misericordiam
3803 1728 3833 1765 a

2253 1794 2407 1850 vobis
2434 1796 2729 1866 percipere.
2757 1794 3028 1867 Deprecor
3048 1800 3210 1869 igitur
3238 1816 3354 1868 vos,
3385 1802 3833 1861 misereminiho-

572 1886 805 1987 allegare
831 1932 938 1971 non
966 1886 1164 1983 distuli,
1197 1918 1369 1973 sancti
1399 1931 1462 1973 ac
1492 1918 1634 1977 beati
1662 1890 1857 1989 capitis
1878 1923 2042 1976 vestri
2065 1939 2149 1977 se-
2187 1901 2228 1959 Β
2435 1886 2622 1941 hum'h
2659 1896 3046 1989 “.‘i‘mr'lam.
3070 1907 3272 1959 ammo’
3321 1892 3580 1989 iam”:
3730 1910 3832 1964 per

572 2005 695 2061 dem
722 2007 1070 2076 apostolicam
1102 2008 1413 2079 implorans,
1463 2018 1519 2065 et
1561 2012 2005 2073 consuetudinem
2032 2030 2149 2089 qua:

572 2113 742 2167 usque
770 2099 1029 2155 hactenus
1076 2100 1128 2162 in
1159 2110 1353 2161 nostra
1394 2104 1563 2164 tenuit
1589 2106 1883 2173 provincia,
1908 2123 2015 2161 non
2053 2108 2149 2163 de-

571 2189 699 2245 bere
720 2190 986 2246 convelli:
1020 2199 1074 2248 et
1118 2193 1506 2263 supplicabam,
1557 2209 1626 2249 ne
1672 2196 1964 2258 auctoritas
2009 2198 2150 2269 sedis

572 2281 900 2351 apostolicae,
926 2297 1045 2352 qua:
1076 2292 1133 2337 ut
1154 2298 1185 2344 a
1215 2279 1440 2340 Domino
1469 2295 1656 2341 nostro
1691 2286 1822 2347 Jesu
1856 2288 2069 2345 Christo
2097 2298 2152 2345 et

572 2386 604 2425 a
624 2372 791 2426 sacris
810 2354 1105 2429 canonibus
1129 2373 1252 2428 data
1273 2382 1375 2439 est,
1404 2375 1476 2430 ita
1504 2383 1560 2431 et
1595 2393 1692 2447 per
1720 2380 1992 2455 antiquam
2021 2397 2150 2437 con-

538 2486 542 2491 ·
572 2461 906 2517 suetudinem
934 2474 1144 2518 servata
1165 2472 1267 2528 est,
1300 2465 1351 2519 in
1375 2466 1556 2537 aliquo
1584 2468 1892 2523 violaretur.
1925 2470 2028 2525 Sed
2050 2486 2150 2525 nec

572 2567 603 2606 a
629 2567 726 2607 sua
753 2553 921 2608 voluit
960 2554 1257 2615 intentione
1297 2556 1585 2619 recedere:
1617 2559 1713 2613 sed
1740 2574 2017 2621 assumens
2063 2579 2152 2615 an-

569 2641 824 2696 dieutiam
854 2658 1016 2697 unum
1041 2643 1273 2698 studium
1303 2644 1508 2710 habuit,
1541 2655 1599 2699 ut
1637 2646 1688 2701 in
1722 2650 1919 2709 sanctis
1945 2648 2147 2704 Thes.~a

571 2733 654 2787 lia:
679 2733 966 2804 provincia:
991 2732 1243 2797 Ecclesiis
1270 2735 1520 2793 dominus
1541 2746 1702 2806 atque
1725 2738 1889 2807 judex
1910 2756 2037 2797 esse
2067 2745 2146 2797 vi-

570 2824 778 2879 deatur.
821 2822 934 2893 Ego
964 2825 1121 2892 igitur
1162 2824 1509 2881 ﬂuctuantem
1556 2835 1933 2898 tempestatem
1979 2835 2151 2904 respi-

570 2915 754 2980 ciens,
825 2916 893 2970 ad
963 2924 1206 2997 sanctum
1268 2918 1587 2977 tutissimum
1642 2928 1878 2976 vestrum
1934 2933 2148 2992 portum

566 3005 810 3076 confugi,
840 3014 896 3061 et
931 3007 1245 3076 petitionem
1275 3006 1496 3077 faciens,
1544 3010 1657 3067 h:ec
1701 3011 1815 3082 ipsa
1862 3029 2150 3084 suggerens

560 3095 640 3152 ad
662 3107 895 3153 vestram
922 3098 1310 3154 beatitudinem
1332 3100 1624 3167 destinavi;
1655 3104 1983 3173 supplicans,
2014 3117 2071 3163 ιιι
2096 3110 2149 3164 in

569 3203 657 3244 me
677 3189 933 3259 pietatem
962 3189 1055 3244 Dei
1084 3198 1140 3244 et
1161 3198 1361 3246 sanctae
1386 3190 1663 3258 Ecclesiae,
1694 3208 1815 3263 qua:
1835 3198 2150 3265 periclitan-

561 3276 710 3332 tibus
736 3290 950 3346 semper
975 3280 1237 3333 succurrit
1260 3321 1276 3347 ,
1296 3281 1574 3338 ostendas.
1605 3281 1911 3342 Sentien-tes
1947 3297 2145 3353 autem.
2169 3267 2222 3328 ε

570 3374 628 3428 ιιι
655 3367 906 3431 arbitror,
938 3384 1072 3424 mea:
1100 3370 1222 3425 vita:
1253 3371 1610 3441 insidiatores,
1655 3377 1782 3445 quia
1828 3394 1935 3434 non
1973 3380 2150 3452 despi-

557 3456 688 3512 citis
708 3470 828 3527 quae
854 3466 974 3512 aeta
996 3469 1141 3528 sunt,
1163 3460 1257 3515 sed
1284 3463 1656 3532 exsequimini,
1688 3466 1825 3535 sicut
1852 3472 2150 3528 sanctitatis

571 3556 762 3605 vestrae
785 3565 903 3620 mos
931 3559 1032 3616 est,
1062 3558 1119 3606 et
1147 3551 1391 3607 ordinem
1437 3564 1743 3615 sanctarum
1791 3558 2147 3619 Ecclesiarum

560 3641 875 3706 vindicatis,
896 3642 1041 3697 omni
1069 3651 1265 3697 conatu
1289 3646 1369 3699 usi
1402 3656 1547 3712 sunt,
1572 3656 1631 3702 ut
1657 3658 1942 3720 antequam
1970 3654 2147 3725 aliqua

562 3733 838 3789 ordinatio
864 3744 1042 3789 vestra
1071 3736 1371 3806 proveniat,
1411 3740 1564 3794 suam
1590 3741 1871 3810 perficiant
1896 3746 2147 3802 volunta-

560 3833 696 3878 tem.
723 3823 855 3878 Cum
885 3824 1047 3894 igitur
1072 3826 1203 3881 nihil
1225 3829 1577 3897 approbatum
1605 3833 1674 3890 de
1701 3849 1787 3889 me
1814 3835 2018 3903 luisset,
2046 3855 2149 3896 nec

573 3916 678 3970 ulla
732 3915 1074 3986 culpavesset
1118 3918 1389 3973 caqu
1428 3921 1659 3978 ultionis
1710 3925 1870 3993 digna
1912 3928 2143 3993 inventa,

560 4008 888 4064 sententiam
929 4010 1299 4079 protulerunt,
1340 4019 1395 4067 et
1431 4014 1861 4073 condemnantes
1887 4035 1975 4076 me
2003 4036 2034 4077 a
2061 4037 2148 4077 sa-

559 4097 830 4152 .cerdotali
858 4096 1037 4153 oﬂicio
1064 4092 1498 4169 suspenderunt:
1529 4118 1652 4160 cum
1691 4121 1778 4161 me
1804 4117 2016 4187 constet
2040 4126 2145 4167 non

560 4186 859 4242 .demissum
889 4186 1051 4244 luisse
1070 4204 1180 4259 pro
1201 4192 1335 4247 meis
1371 4193 1581 4263 plenius
1604 4197 1849 4265 partibus
1874 4199 2106 4268 allegare
2130 4222 2143 4268 ;

558 4279 666 4335 sed
691 4287 746 4334 et
782 4281 985 4349 petenti
1027 4282 1203 4351 aliqua
1252 4299 1384 4339 mea:
1429 4300 1607 4342 eaus:e
1648 4289 1925 4358 profutura
1960 4302 2146 4348 osten-

560 4368 723 4437 dere,
751 4385 857 4424 non
887 4385 1008 4428 esse
1036 4374 1374 4443 permissum.
1401 4375 1741 4456 Quapropter
1759 4382 2145 4454 supplicabam,

561 4471 631 4516 ut
658 4477 765 4517 non
794 4471 921 4519 ante
949 4467 1216 4521 sententia
1244 4466 1516 4524 diceretur
1539 4486 1702 4540 quam
1731 4487 1850 4542 quae
1887 4484 2005 4531 acta
2025 4488 2150 4532 sunt

560 4554 639 4608 :ad
664 4570 763 4610 vos
798 4555 1136 4614 beatissimos
1183 4559 1463 4628 referatur,
1501 4572 1567 4618 ut
1613 4564 1736 4621 inde
1765 4575 1941 4624 vestra
1976 4586 2148 4627 causa:

570 4645 829 4702 discussio
856 4657 1181 4705 servaretur.
1213 4651 1366 4717 Quod
1395 4654 1595 4709 dictum
1636 4659 1804 4727 magis
1830 4676 1925 4716 eos
1961 4663 2150 4720 adver-

560 4751 687 4791 sum
715 4753 804 4793 me
829 4740 1060 4810 amplius
1088 4741 1356 4808 incitavit;
1388 4754 1639 4815 putantes
1665 4750 1733 4804 de
1762 4767 2033 4808 sacrarum
2059 4771 2151 4811 ec-

556 4824 854 4883 clesiarum
881 4833 1041 4899 regiae
1082 4832 1228 4887 urbis
1264 4835 1384 4900 jure
1433 4838 1632 4906 aliquid
1659 4841 1846 4907 minui,
1876 4844 2019 4913 quod
2037 4860 2148 4914 ego

570 4916 925 4986 apostolicam
970 4928 1204 4976 vestram
1246 4923 1428 4979 sedem
1476 4927 1620 4983 visus
1663 4945 1782 4985 sum
1821 4934 2143 4993 nominasse.

573 5006 790 5064 Etenim
813 5010 943 5076 dixi,
972 5013 1099 5081 quia
1129 5018 1423 5073 auctoritas
1467 5019 1612 5076 sedis
1657 5026 1985 5093 apostolicze,
2027 5043 2146 5098 quae

571 5112 601 5152 a
625 5098 736 5154 Deo
758 5108 814 5155 et
832 5099 1113 5158 Salvatore
1139 5114 1325 5160 nostro
1353 5123 1565 5164 summo
1611 5116 1976 5182 apostolorum
2024 5119 2147 5175 data

558 5199 673 5256 .est,
698 5192 945 5247 omnibus
970 5204 1276 5250 sanctarum
1307 5197 1666 5257 Ecclesiarum
1696 5205 1984 5276 privilegiis
2005 5221 2155 5267 ante-

558 5280 736 5351 .cellit,
778 5283 831 5338 in
852 5284 1003 5353 cujus
1023 5286 1358 5344 confessione
1382 5307 1571 5349 omnes
1596 5297 1779 5352 mundi
1808 5302 2149 5368 requiescunt

564 5370 843 5429 Ecclesiae.
866 5374 1140 5432 Sententia
1168 5381 1327 5449 igitur
1354 5383 1493 5440 lecta
1504 5385 1897 5455 justamdenuo
1912 5402 2145 5451 vestram

558 5463 896 5554 audientiam
940 5468 1240 5539 imploravi,
1288 5476 1429 5545 apud
1470 5493 1631 5549 quam
1672 5481 1816 5536 nulla
1863 5485 2148 5554 cujuslibet

540 5553 893 5625 disceptatio
919 5566 1153 5616 vestram
1193 5572 1377 5635 potest
1394 5566 1696 5627 disturbare
1712 5553 1972 5641 justitiam
1999 5593 2012 5628 :
2049 5576 2144 5630 sed

561 5644 737 5717 .timor
763 5647 858 5705 Dei
883 5657 973 5721 qui
1005 5652 1146 5710 inest
1191 5656 1244 5712 in
1284 5658 1455 5726 vobis,
1488 5662 1602 5732 ipse
1629 5665 1919 5734 unicuique
1945 5682 2040 5722 sua
2070 5667 2148 5722 fa-

540 5736 649 5791 ~.cit
673 5752 773 5807 per
796 5756 894 5797 vos
909 5742 1029 5813 jura
1056 5750 1283 5804 restitui.
1305 5751 1549 5808 Arbitror
1562 5763 1765 5824 autem,
1793 5760 2144 5824 venerabiles,

560 5828 697 5897 quia
718 5830 1076 5903 despicientes
1102 5839 1175 5895 illi
1194 5855 1316 5914 qua;
1344 5843 1472 5904 olim
1503 5844 1557 5898 in
1583 5861 1668 5899 me
1680 5858 1992 5919 gesserunt,
2009 5865 2185 5914 χιιι-δ

2252 1974 2480 2041 gratiam
2507 1990 2627 2043 quae
2655 1976 2809 2032 vobis
2836 1993 2867 2031 a
2897 1978 3123 2034 Domino
3165 1989 3248 2035 est
3269 1981 3481 2044 collata,
3525 1982 3582 2039 Si
3603 1984 3753 2044 enim
3781 1994 3831 2038 et
3925 1981 3929 1984 ’

2253 2046 2357 2117 alia
2378 2072 2600 2132 peccata
2626 2065 2899 2121 dimittere
2929 2076 3311 2137 potestatemra
3341 2071 3505 2130 verbo
3522 2071 3626 2131 ,Dei
3642 2088 3829 2146 perce-

2253 2150 2433 2221 pistis,
2479 2152 2657 2208 divina
2695 2153 2910 2209 dicente
2939 2156 3232 2226 Scriptura,
3262 2160 3386 2227 quia
3427 2161 3573 2228 quod
3596 2163 3661 2221 ,in
3692 2175 3830 2220 terra

2252 2241 2539 2307 solveritis,
2573 2242 2678 2309 hoc
2705 2252 2760 2298 et
2786 2244 2837 2297 in
2867 2245 3017 2299 cmlis
3043 2260 3161 2300 esse
3181 2246 3414 2318 solutum
3444 2249 3657 2321 (Matth.
3686 2258 3830 2316 3m);

2251 2341 2454 2400 quanto
2482 2334 2651 2401 magis
2688 2335 2955 2389 habebitis
2994 2346 3318 2406 potestatem
3366 2339 3419 2393 in
3468 2340 3549 2395 his
3575 2358 3692 2411 qu:e
3738 2346 3831 2398 ad-

2254 2434 2462 2474 versum
2484 2436 2571 2476 me
2593 2431 2710 2477 acta
2740 2431 2902 2491 atque
2935 2425 3151 2480 decreta
3188 2430 3351 2482 sunt?
3381 2428 3495 2482 Tibi
3523 2432 3662 2489 enim
3689 2435 3829 2489 dere.

2251 2511 2400 2565 licius
2417 2520 2492 2566 est
2520 2530 2730 2583 pauper,
2758 2515 2954 2585 pupillo
2979 2525 3030 2569 tu
3051 2533 3106 2571 es
3133 2518 3342 2588 adjulor
3372 2519 3542 2589 (Psal.
3575 2525 3649 2593 Ix)
3669 2542 3683 2591 ;
3706 2529 3828 2595 quia

2251 2612 2353 2667 ego
2380 2600 2448 2654 ab
2475 2603 2620 2661 omni
2654 2604 2882 2663 humana
2925 2621 3021 2674 spe
3058 2606 3346 2668 derelictus
3375 2625 3494 2666 esse
3514 2628 3827 2682 cognoscor.

2254 2689 2321 2743 Et
2350 2693 2457 2754 alia
2483 2710 2659 2754 manu.
2693 2694 3009 2766 Stephanus
3036 2699 3259 2768 exiguus
3288 2702 3412 2765 huic
3452 2690 3828 2776 supplicationi

2253 2795 2384 2834 mea:
2412 2781 2722 2853 subscripsi,

2325 2882 2630 2940 Bonifacius
2645 2900 2928 2956 episcopus
2940 2887 3101 2945 dixit:
3117 2891 3247 2957 Quae
3269 2892 3407 2951 lecta
3435 2883 3559 2953 sunt
3570 2899 3827 2956 ecclesia-

2252 2971 2399 3027 sticis
2434 2973 2685 3029 indantur
2711 2978 3010 3034 annalibus.
3042 2979 3112 3034 Et
3151 2981 3348 3052 adjecit
3385 3002 3398 3037 :
3426 2985 3689 3051 Quoniam
3723 2991 3828 3051 diei

2249 3077 2378 3131 pars
2406 3064 2580 3133 major
2607 3075 2855 3135 exempta
2880 3075 2982 3130 est,
3006 3068 3190 3125 futura
3219 3056 3479 3139 sessione,
3518 3079 3561 3132 si
3589 3095 3695 3156 qua
3724 3081 3828 3139 alia

2253 3165 2533 3219 superesse
2560 3151 2755 3217 credis,
2789 3154 3038 3215 intimare
3058 3171 3163 3211 non
3191 3156 3423 3213 dill'eras.

2816 3306 2990 3348 SESSIO
3029 3309 3258 3353 δεουκιιΑ
3269 3339 3278 3347 .

2316 3425 2450 3482 Post
2476 3442 2809 3487 consumtum
2839 3430 3115 3503 Lampadii
3147 3445 3216 3493 .et
3244 3436 3451 3497 Orestis
3485 3458 3580 3503 -.V\f-
3608 3460 3689 3499 cc.
3726 3449 3825 3502 sub

2248 3512 2337 3568 die
2377 3531 2410 3568 v
2458 3516 2641 3571 iduum
2682 3517 3057 3585 Decembrium
3102 3524 3152 3577 in
3176 3527 3504 3587 consistorio
3523 3531 3674 3591 beati
3712 3536 3823 3589 An-

2249 3605 2392 3659 dre'e
2420 3606 2672 3675 apostoli,
2702 3607 3018 3676 praesidente
3041 3613 3335 3675 venerabili
3360 3617 3471 3671 viro
3488 3633 3636 3690 ,papa
3665 3621 3824 3685 Boni.

2250 3694 2411 3758 facio.
2443 3711 2547 3750 una
2575 3711 2694 3751 cum
2720 3696 2922 3752 Sabino
2946 3698 3187 3761 Canosize
3215 3704 3464 3772 civitatis,
3487 3708 3824 3771 Abundantio

2250 3782 2601 3838 Demetriadte
2628 3785 2893 3854 civitatis,
2939 3786 3143 3847 Qaroso
3183 3790 3657 3853 Centumcellensis
3692 3802 3823 3856 civi-

2250 3877 2395 3942 tatis,
2423 3876 2603 3937 Felice
2631 3877 2979 3935 Numentauze
3007 3881 3239 3938 civitatis
3264 3886 3557 3959 episcopis;
3589 3893 3821 3947 residen-

2250 3970 2391 4026 tibus
2414 3965 2577 4027 etiam
2604 3972 2881 4039 Sanctulo,
2913 3975 3199 4043 Mercurio,
3222 3978 3433 4044 Vivulo,
3449 3974 3638 4045 ,Petro,
3663 3981 3821 4036 Even-

2250 4060 2346 4127 tio,
2369 4059 2584 4127 Albino,
2614 4060 2767 4126 Urse.
2785 4060 2965 4129 Petro,
2982 4063 3301 4135 Epiphanio,
3320 4066 3629 4133 Benedicto,
3652 4070 3821 4125 Servo

2249 4151 2365 4216 Dei,
2394 4150 2683 4217 Gaudioso,
2716 4153 2897 4220 Petro,
2931 4156 3232 4223 Valentino,
3265 4158 3494 4228 Renato,
3528 4160 3818 4226 Florentio,

2237 4239 2474 4306 Hilario,
2514 4244 2709 4309 Paulo,
2752 4244 3017 4313 Bacauda,
3048 4249 3387 4317 Innocentio,
3417 4251 3648 4320 Andrea,
3679 4254 3822 4309 Gau-

2249 4336 2421 4400 diose.
2475 4335 2742 4408 Philippo,
2773 4340 3176 4409 Crescentione,
3223 4343 3518 4412 Libertina,
3548 4343 3819 4409 Januario,

2249 4424 2586 4492 Sebastiano,
2625 4427 2870 4500 Cyriaco,
2907 4430 3116 4495 Vivulo,
3152 4432 3400 4498 Dulcitio,
3428 4430 3654 4495 Joanne,
3697 4431 3821 4487 Pul-

2249 4517 2412 4583 lione,
2459 4518 2690 4586 Andrea,
2724 4521 2895 4586 Bono,
2937 4524 3247 4589 Laurentio,
3284 4524 3530 4590 Seleuco,
3579 4524 3819 4583 Rustico.

2170 4634 2225 4691 ί)
2251 4603 2557 4671 Caelestino,
2591 4606 2847 4676 Barbare,
2879 4608 3186 4676 Laurentio,
3209 4620 3264 4665 et
3284 4610 3580 4682 Redempto
3604 4612 3823 4683 presby-

2254 4695 2401 4759 teris,
2443 4698 2742 4757 astantibus
2770 4713 2983 4769 quoque
3011 4698 3269 4764 Tribuno,
3318 4700 3570 4771 Agapito,
3617 4701 3823 4755 Donato

2251 4793 2307 4838 et
2331 4784 2506 4841 Probo
2534 4786 2873 4853 diaconibus;
2912 4788 3177 4849 Tribunus
3214 4791 3622 4846 archidiaconus
3646 4791 3780 4846 dixit
3805 4809 3818 4844 :

2252 4872 2582 4930 Theodosius
2609 4875 2941 4940 Echiniensis
2961 4879 3189 4942 civitatis
3219 4881 3505 4950 episcopus
3530 4881 3822 4951 provincia:

2250 4963 2557 5029 Thessaliae,
2588 4967 2728 5022 sicut
2756 4969 3023 5036 pneterita
3049 4970 3288 5024 sessione
3323 4970 3690 5033 constituistis,
3721 4972 3821 5026 ob-

2248 5064 2427 5110 servat
2467 5074 2479 5107 :
2525 5056 2650 5125 quid
2692 5055 2925 5125 jubetis?
2974 5058 3275 5121 Bonifacius
3321 5058 3604 5128 episcopus
3646 5059 3822 5116 Eccle-

2249 5145 2342 5199 sia:
2369 5144 2645 5205 catholica:
2683 5145 2827 5200 urbis
2870 5146 3053 5209 Romae
3092 5146 3225 5201 dixit
3259 5166 3269 5198 :
3304 5146 3514 5206 Veniat.
3562 5148 3696 5203 Cum
3736 5150 3820 5204 in-

2249 5246 2464 5299 gressus
2492 5231 2696 5296 fuisset,
2746 5233 3048 5288 Bonifacius
3074 5235 3361 5306 episcopus
3386 5237 3518 5291 dixit
3563 5257 3574 5291 :
3609 5238 3819 5306 Ingres-

2246 5337 2337 5375 sus
2355 5320 2480 5391 quid
2505 5320 2770 5375 desiderat
2791 5318 3160 5397 prosequatur.
3195 5324 3523 5382 Theodosius
3545 5326 3821 5382 Echinien-

2246 5410 2319 5464 sis
2358 5410 2587 5470 civitatis
2624 5411 2906 5481 episcopus
2952 5414 3238 5482 provincim
3269 5415 3556 5472 Thessalim
3596 5434 3689 5488 per
3735 5420 3819 5474 in-

2250 5502 2536 5566 terpretem
2582 5497 2717 5551 dixit
2757 5516 2770 5553 :
2813 5498 3052 5570 Elpidius
3082 5501 3395 5574 Stephanus
3430 5519 3485 5561 et
3511 5504 3820 5564 Timotheus

2250 5585 2584 5642 venerabiles
2605 5588 2838 5659 episcopi
2868 5589 3057 5647 lratres
3076 5595 3180 5648 mei
3204 5594 3491 5651 Thessalia:
3509 5598 3817 5666 provinci.e.

2251 5689 2346 5742 per
2391 5690 2476 5729 me
2518 5675 2817 5733 offerendas
2862 5695 3027 5736 sacrae
3055 5681 3372 5739 beatitudini
3417 5692 3605 5739 ves‘tne
3634 5703 3820 5756 preces

2250 5765 2544 5821 destinasse
2567 5778 2885 5836 noscuntur;
2916 5787 3008 5827 eas
3034 5789 3247 5842 quoque
3276 5789 3361 5829 me
3383 5772 3641 5831 offerente
3670 5779 3819 5834 vobis

2250 5856 2463 5910 recitari
2488 5860 2783 5934 prrecipite.
2839 5862 3138 5919 Bonifacius
3174 5865 3456 5936 episcopus
3500 5867 3633 5932 dixit
3659 5867 3818 5933 ξυιυς
