4074 6476
544 385 616 442 £3
1429 388 1518 444 AD
1555 385 1843 442 SCRIPTA
1888 383 2219 439 BONIFACU
2259 382 2464 440 PAR-li
2505 383 2546 441 ll
2589 385 2950 444 APPENDIX.
3754 383 3827 441 ω

967 513 989 540 ιι
1022 501 1350 557 EPISTULA
1383 503 1422 557 ιι
1455 501 1636 574 (ouu
1671 503 1714 566 ι)

651 609 906 648 ιιοκιςλειι
951 610 1096 648 ΡΑ1¹.Ε
1143 610 1174 646 ll
1216 610 1281 646 AD
1322 609 1586 646 EL'LALthl
1618 610 2020 646 MJXANDIiISl'l

1183 700 1487 738 ετιεεοιιιιιι.

711 778 784 829 De
813 777 1226 830 reconciliatione
1253 774 1676 845 Cartltaginettst's
1701 774 1968 828 Ecclesia'.

619 869 922 924 Bonifacius
961 869 1245 938 episcopus
1287 865 1493 920 Eula'io
1521 865 1843 935 coepiscopo
1880 866 2126 919 salutem.

617 960 752 1014 Olim
799 959 866 1014 ab
911 960 1062 1013 initio
1109 966 1312 1012 Lautam
1339 957 1678 1026 percepimus
1720 973 1750 1010 a
1780 958 1939 1012 beato
1975 955 2132 1010 Petro

543 1067 570 1103 ιι
613 1050 910 1104 ostolorum
940 1049 1181 1117 principe
1215 1045 1478 1109 ﬁduciam,
1509 1054 1568 1100 ut
1588 1046 1880 1100 habeamus
1908 1046 2135 1100 auctori-

547 1150 710 1192 tatem
743 1139 1030 1193 universali
1081 1137 1332 1192 Ecclesite
1365 1137 1681 1207 (auxiliante
1710 1137 1961 1205 Domino)
2004 1137 2132 1190 sub-

545 1232 748 1290 venire,
779 1240 832 1284 et
857 1229 1119 1298 quidquid
1148 1229 1394 1283 nocivum
1421 1237 1503 1283 est
1531 1229 1850 1283 auctoritate
1872 1229 2131 1298 apostoli-

542 1342 600 1375 ca
634 1324 906 1391 corrigere
921 1334 972 1373 et
995 1321 1301 1376 emendare.
1339 1320 1416 1374 .\d
1448 1321 1550 1374 hoc
1578 1321 1720 1374 enim
1742 1321 1934 1374 divina:
1955 1320 2133 1388 dispo-

547 1414 755 1466 sitionis
788 1412 1244 1481 (.lispensationis)
1287 1411 1524 1481 provisio
1570 1411 1767 1481 gradus
1806 1411 2048 1465 diversos
2081 1420 2136 1464 et

546 1504 762 1557 ordines
791 1503 1067 1556 constituit
1099 1517 1216 1556 esse
1259 1502 1556 1565 distinctos,
1609 1510 1668 1555 ut
1712 1502 1838 1556 dum
1881 1519 2131 1556 reveren-

546 1595 673 1646 tiam
706 1595 941 1646 miuores
982 1592 1283 1661 potioribus
1313 1593 1632 1647 exhiberem
1651 1631 1664 1653 ,
1690 1601 1745 1646 et
1771 1594 2010 1662 potiores
2039 1593 2155 1646 mi-s

547 1686 765 1737 norihus
789 1684 1133 1737 dilectionem
1165 1683 1553 1752 impenderent,
1583 1699 1683 1738 una
1713 1684 2011 1738 concordiae
2035 1683 2131 1738 lie-

543 1786 622 1830 ret
653 1793 716 1828 ex
743 1776 1050 1828 divi-rsitatc
1077 1775 1440 1839 contextio,el
1461 1783 1606 1830 recte
1635 1773 1930 1830 ofﬁciorqu
1960 1790 2126 1843 gene-

2163 508 2206 565 Α
2239 502 2475 571 :cquales
2509 509 2661 566 sunt,
2688 503 2781 556 sed
2811 503 2861 556 iu
2875 509 3144 572 potestate
3165 501 3427 556 etordiue
3459 500 3824 570 (sicutnostis)

2236 590 2412 647 diﬂert
2439 593 2574 646 alter
2603 593 2670 646 ab
2700 593 2888 646 altero.
2925 592 2980 647 Si
3002 606 3131 662 ergo
3155 593 3294 648 inter
3326 593 3424 648 hos
3443 594 3533 664 qui
3555 595 3671 650 sine
3700 612 3825 666 pec-

2236 691 2357 736 cato
2385 694 2511 736 sunt
2529 691 2745 738 constet
2773 684 2930 736 istam
2961 698 3080 737 esse
3110 683 3546 747 distinctionem,
3571 685 3692 754 quis
3720 685 3823 740 hn-

2238 776 2435 828 minum
2465 775 2664 828 abnuat
2689 813 2704 838 ,
2735 774 2968 827 libenter
2998 774 3208 829 illorum
3236 789 3296 829 se
3339 773 3671 843 dispositioni
3699 776 3825 831 sub-

2237 866 2492 920 mittere?
2535 865 2632 922 llic
2679 865 2858 935 (Hinc)
2907 867 3050 920 enim
3099 875 3295 936 paxet
3335 866 3532 922 caritas
3561 876 3740 922 mutua
3767 884 3827 922 se

2235 958 2352 1012 vice
2377 958 2810 1028 complectuntur
2829 997 2841 1018 ,
2874 965 2928 1010 et
2953 965 3134 1010 manet
3161 955 3312 1011 ﬁrma
3341 958 3648 1024 concordia,
3681 975 3744 1014 ac
3773 961 3827 1014 in

2235 1049 2440 1104 alterna
2467 1058 2522 1103 et
2550 1049 2660 1102 Deo
2684 1048 2875 1118 placita
2903 1047 3192 1103 dilecﬁone
3220 1049 3521 1102 sinceritas.
3554 1047 3688 1116 Quia
3719 1049 3826 1118 igi-

2236 1150 2367 1195 turu
2391 1140 2748 1211 :umquodque
2774 1140 3058 1196 salubriter
3082 1148 3207 1194 tunc
3235 1139 3537 1210 completur
3564 1138 3836 1210 ofﬁcium,

2234 1248 2356 1287 cum
2382 1230 2542 1286 fuerit
2570 1246 2706 1285 unus
2733 1229 2799 1284 ad
2828 1246 2987 1299 quem
3017 1231 3183 1300 possit
3212 1229 3438 1296 recurri,
3470 1233 3823 1300 prtepositus:

2235 1333 2358 1378 vota
2390 1331 2572 1377 nostra
2616 1323 2894 1376 caritatem
2945 1319 3090 1375 tuam
3121 1322 3288 1376 latere
3317 1321 3568 1376 uolumus
3596 1363 3610 1388 ,
3641 1337 3708 1376 ne
3735 1323 3827 1391 Qui

2235 1417 2503 1487 particeps
2518 1414 2617 1469 fuit
2635 1414 3033 1480 sollicitudinis,
3046 1413 3364 1483 gaudiorum
3389 1411 3594 1468 fructus
3606 1413 3828 1485 (fructu)

2234 1509 2490 1563 reddatur
2518 1508 2767 1562 extorris.
2792 1505 2858 1560 Et
2887 1506 3008 1560 ideo
3034 1505 3508 1575 Carthaginensem
3534 1504 3829 1575 (Constan-

2235 1600 2642 1669 tinopolitanam
2666 1599 2803 1668 leges
2840 1597 2979 1668 apud
3007 1595 3375 1667 llormisdam)
3424 1596 3722 1652 Ecclesium
3761 1597 3830 1650 ad

2234 1691 2670 1744 communionem
2700 1697 2937 1743 nostram
2974 1688 3178 1742 redisse
3208 1688 3450 1758 (domino
3480 1690 3826 1759 propitiante)

2239 1780 2578 1835 tradentibus
2623 1779 2997 1847 signiﬁcamus
3033 1778 3299 1848 alloquiis,
3344 1789 3399 1832 et
3426 1780 3824 1846 ntaudatorum,

541 1879 751 1920 rat'elur
780 1864 1098 1934 (gereretur)
1133 1864 1526 1921 administratio
1564 1867 1913 1935 singulorum.
1947 1869 2130 1936 Neque
2165 1873 2204 1929 li
2234 1887 2352 1941 qua:
2404 1871 2592 1940 legatis
2649 1869 2846 1924 nostris
2901 1867 3164 1932 dedimus,
3216 1875 3412 1923 seriem
3472 1870 3524 1922 in
3580 1870 3834 1924 omnibus

542 1960 683 2010 enim
717 1958 1164 2034 Universitasalia
1205 1959 1405 2026 poterit
1449 1958 1657 2012 ratione
1682 1960 1994 2023 subsistere,
2025 1962 2128 2014 nisi

541 2051 843 2118 huiusmodi
902 2064 1125 2117 magnus
1172 2063 1291 2101 eam
1339 2048 1653 2103 differentia:
1694 2051 1827 2104 ordo
1867 2060 2125 2106 servaret.

541 2142 674 2208 Quia
702 2158 831 2196 vero
861 2155 1086 2210 qut-que
1117 2149 1362 2193 creatura
1396 2141 1446 2194 in
1483 2157 1586 2194 una
1617 2141 1914 2212 eademque
1943 2158 2128 2212 :equa-

543 2236 697 2287 litate
728 2231 1010 2299 gubernari
1034 2230 1117 2284 vel
1146 2231 1326 2284 vivere
1359 2247 1462 2284 non
1485 2240 1680 2300 potest,
1712 2233 2008 2287 caelestium
2039 2233 2132 2286 mi-

545 2323 1037 2393 litiarumexempla
1053 2339 1152 2376 nos
1166 2324 1431 2380 instruunt
1447 2324 1746 2395 (exemplar
1758 2342 1855 2380 nos
1868 2326 2127 2398 instruit):

541 2418 663 2486 quia
692 2414 816 2468 dum
851 2415 956 2468 sint
983 2414 1177 2481 angeli,
1205 2414 1311 2466 siut
1331 2415 1660 2483 archangeli,
1686 2416 1848 2486 liquet
1874 2418 1997 2488 quia
2021 2433 2127 2472 non

618 2540 637 2562 ε·
673 2523 1076 2598 ιῖρίδιοιη]ἳ11;ιο
1111 2525 1339 2598 cpistola
1364 2527 1585 2598 dicitur,
1618 2543 1647 2581 a
1667 2531 1999 2598 temporibus
2028 2529 2130 2586 Bo-

543 2595 720 2652 nifaeii
745 2605 798 2650 et
818 2596 1091 2651 leestini
1119 2596 1450 2666 pontificum,
1481 2595 2126 2666 AfricananiEcclesiam,

538 2667 1033 2740 ,propteriinvisum
1080 2668 1176 2736 ipsi
1221 2668 1436 2740 modum
1476 2670 1861 2738 prosequendm
1892 2671 2132 2740 appella;

541 2735 795 2810 tionisad
821 2737 1015 2810 sedem
1046 2735 1400 2810 apostolicam
1425 2735 1788 2810 interpositae,
1818 2735 2129 2810 opera'Au-

544 2809 658 2863 relii
688 2806 1129 2878 Carthaginiensis
1170 2807 1405 2878 episcopi
1432 2806 1720 2864 schismate
1744 2806 1969 2866 divisam
2011 2827 2133 2870 esse

542 2880 608 2932 ab
633 2878 869 2932 Ecclesia
893 2877 1155 2937 llniuiina,
1176 2877 1585 2944 neque’ulterius
1604 2879 1682 2935 illi
1704 2881 2132 2940 communicasse

541 2963 708 3018 usque
735 2947 802 3019 ad
833 2958 1075 3018 tempora
1107 2946 1363 3002 Bonifacii
1393 2964 1546 3019 papa:
1573 2951 1823 3016 secundi;
1855 2968 1977 3007 cum
2020 2951 2130 3007 Eu-

540 3019 696 3072 lalius
725 3018 1190 3089 Carthaginiensis
1214 3018 1531 3089 episcopus,
1564 3035 1662 3089 pro
1708 3021 1941 3078 ineunda
1991 3039 2128 3078 con-

540 3091 722 3144 cordia
761 3096 818 3142 ct
864 3087 1231 3156 recuperanda
1290 3087 1844 3147 Romanm’Ecclesize
1887 3108 2131 3148 commu-

539 3161 698 3230 nione
725 3201 739 3226 ,
771 3155 1024 3230 przcdicto
1066 3155 1343 3230 Bonifacio
1372 3160 1609 3214 libellum
1637 3162 1934 3230 supplicem
1966 3163 2124 3217 obtu-

539 3228 706 3294 lisset,
740 3237 796 3282 et
821 3229 900 3282 sic
939 3228 1004 3281 ad
1037 3228 1472 3283 communionem
1495 3228 1762 3286 rediisset.

540 3297 908 3354 commentitia
933 3305 1057 3350 sunt
1078 3298 1133 3351 c’t
1153 3299 1367 3354 notorie
1388 3297 1542 3354 falsa.

609 3369 741 3422 Nam
770 3366 1110 3421 manifestum
1154 3369 1702 3425 cstcommunionem
1732 3371 1998 3427 Africanae
2024 3373 2128 3429 Ec-

540 3440 716 3496 clesia:
743 3453 772 3491 a
802 3436 1080 3510 Bonifacio
1110 3437 1150 3501 l,
1175 3436 1468 3510 Caelestino
1491 3455 1785 3510 eorumque
1807 3445 2127 3499 successori-

539 3511 638 3582 bus
665 3504 945 3582 permultis
973 3523 1141 3582 usque
1172 3507 1236 3560 ad
1251 3507 1597 3582 Bonifacium
1618 3504 1794 3578 ll,'ne
1817 3513 2032 3582 quidem
2061 3514 2128 3568 ad

541 3576 698 3634 unius
721 3576 827 3631 diei
849 3578 1102 3646 spatium,
1136 3586 1227 3631 aut
1250 3580 1394 3633 hora:
1421 3581 1577 3634 unius
1604 3576 1934 3637 memeut'um
1961 3585 2119 3638 inter-

540 3653 702 3704 cicam
728 3647 909 3702 fuisse.
944 3647 1190 3700 Aurelius
1219 3657 1274 3702 et
1299 3651 1391 3718 qui
1417 3666 1537 3704 cum
1562 3665 1628 3704 eo
1643 3653 1895 3706 vivebant
1921 3651 2126 3710 lees-

518 3722 652 3775 ,tino
692 3719 1186 3791 communicarunt,
1216 3727 1274 3772 ut
1305 3728 1451 3788 patet
1469 3736 1540 3791 ex
1567 3721 1670 3774 line
1697 3723 1936 3791 epistolze
1962 3740 2126 3791 syno-

539 3792 669 3845 dica:
695 3787 839 3862 illius
865 3803 1026 3862 quam
1045 3803 1123 3862 ex
1149 3784 1380 3862 concdio
1411 3790 1660 3845 Africano
1689 3784 1756 3846 ad
1783 3793 1953 3862 ipsum
1972 3784 2130 3848 dede-

519 3863 684 3925 runt,
716 3859 805 3913 ubi
839 3860 916 3913 sic
954 3859 1195 3913 scribunt
1228 3875 1239 3908 :
1287 3859 1540 3914 Dominus
1583 3870 1758 3915 noster
1803 3859 2128 3918 sanctitatem

539 3941 756 3985 vestram
785 3945 890 3982 azvo
920 3929 1150 4001 longiore
1179 3940 1413 3984 orantem
1453 3947 1547 4001 pro
1571 3931 1718 3987 nobis
1742 3934 2018 4000 custodiat,
2043 3935 2131 3988 do-

538 4002 673 4056 mine
722 4001 902 4070 {rateL
931 3997 1059 4070 Quit:
1105 4014 1236 4070 sane
1280 3997 1476 4054 mutua:
1509 4003 1694 4070 pacis,
1747 3997 2054 4058 concordiae
2077 4014 2131 4059 et

529 4069 933 4143 communionis
955 4069 1233 4143 catholica:
1254 4069 1526 4143 symbola,
1545 4071 1598 4125 in
1622 4070 1862 4128 formatis
1883 4075 2129 4143 usurpari

539 4141 717 4213 solita,
743 4139 812 4213 ad
851 4139 1191 4213 pontiﬁcem,
1213 4139 1361 4213 velut
1388 4140 1788 4213 schismaticum
1828 4159 1936 4196 non
1960 4139 2130 4213 scrip-

539 4212 674 4264 sisse
698 4219 754 4269 it.
770 4208 814 4262 si
837 4225 865 4262 a
882 4209 1136 4263 Boinaum
1154 4209 1405 4281 Ecclesia:
1421 4211 1621 4266 unione
1641 4227 1699 4266 se
1712 4208 2127 4281 przescidissetit:

542 4281 776 4351 maxime
805 4294 948 4351 eum,
983 4285 1120 4351 teste
1173 4279 1492 4351 Augustino,
1525 4279 1754 4351 epistola
1796 4282 1900 4336 162
1947 4291 2002 4339 et
2029 4284 2132 4338 165

540 4350 792 4421 priedicta
815 4349 976 4421 verba
1006 4349 1072 4402 ad
1101 4350 1398 4407 catholicos
1427 4349 1709 4421 duntaxat,
1735 4369 1844 4407 non
1873 4353 1938 4407 ad
1964 4355 2130 4410 schis-

543 4418 770 4475 iuaticos
796 4418 959 4490 scribi
998 4421 1397 4490 consueverint.
1449 4420 1523 4475 De
1578 4418 1874 4490 Augustino
1929 4424 2130 4480 Aurelii

543 4493 745 4558 collega
770 4489 956 4564 scribit
999 4489 1326 4564 ACoeles‘tinus
1340 4490 1574 4560 epistola
1605 4489 1973 4564 ad’episcopos
1999 4493 2128 4548 Gal-

541 4565 642 4624 lim,
674 4557 850 4629 capite
871 4557 905 4611 2
935 4577 946 4610 :
977 4559 1316 4633 Augustinum
1334 4557 1528 4614 sanctae
1551 4557 1922 4617 recordationis
1943 4565 2127 4633 cirum,

539 4653 632 4703 pro
665 4633 779 4684 vita
803 4645 912 4683 sua:
942 4631 1210 4704 meritis‘in
1234 4641 1409 4704 nostra
1430 4635 1787 4704 communione
1807 4651 2007 4704 semper
2031 4631 2128 4688 Ita-1

539 4699 758 4762 Imimus,
807 4708 910 4754 etc.
937 4699 1258 4768 Capreolum
1290 4701 1568 4770 Augustini
1595 4699 1962 4760 successorem
1985 4745 2000 4765 ,
2043 4721 2130 4758 sa-

539 4770 1209 4842 crosanctoimcumenico
1254 4771 1492 4842 concilio
1543 4771 1834 4842 Ephesino,
1885 4772 2131 4842 adeoque

541 4845 804 4896 universae
827 4839 1100 4905 Ecclesiae,
1137 4856 1230 4910 per
1254 4841 1460 4895 litteras
1485 4849 1542 4894 et
1561 4839 1787 4909 legatos,
1814 4843 2011 4896 ibidem
2041 4839 2132 4897 ho-

541 4911 764 4966 noriﬁce
789 4919 1060 4980 acceptos,
1089 4912 1535 4974 communicasse,
1561 4911 1744 4966 videre
1773 4921 1854 4966 est
1889 4927 1955 4966 ex
1987 4916 2131 4970 nolis

540 4983 776 5050 ejusdem
804 4979 1017 5035 ceucilii
1047 4997 1226 5050 supra.
1271 4981 1628 5037 Successores
1655 4981 1916 5038 Africana:
1948 4981 2132 5039 Eccle—

539 5060 627 5108 sizc
670 5054 953 5121 episcopos
980 5093 994 5116 ,
1039 5068 1136 5122 per
1172 5053 1382 5106 litteras
1410 5052 1766 5120 quaestionum
1797 5053 2129 5107 diversarum

538 5125 865 5180 solutionem
899 5132 1164 5190 petentes,
1186 5122 1296 5176 Leo
1327 5122 1567 5188 pontifex
1592 5123 1872 5178 instruxit:
1898 5122 2132 5180 Hilarius

539 5195 756 5249 eosdem
787 5192 854 5247 ad
885 5192 1111 5248 Romani
1136 5193 1350 5248 concilii
1373 5192 1690 5264 idecisiones
1719 5194 1945 5264 recepit.
1977 5192 2134 5264 Sym-

541 5267 762 5320 machus
801 5279 938 5336 papa
967 5265 1235 5332 relegatos
1273 5264 1323 5316 in
1364 5262 1666 5336 sardiniam
1697 5277 1726 5315 a
1759 5262 2132 5320 Trasamnndo

540 5351 664 5403 rege
703 5332 902 5388 Ariani)
933 5336 1078 5404 pavit
1107 5344 1269 5404 atque
1296 5334 1528 5404 vestivit.
1558 5332 1690 5386 Dum
1725 5342 1969 5402 tempore
2010 5350 2133 5404 per-

539 5406 830 5458 secutionis
850 5403 1117 5474 episcopis
1138 5403 1200 5460 ac
1228 5403 1628 5474 sacerdotibus,
1647 5410 1868 5474 propter
1898 5403 2131 5458 edictum

541 5477 680 5542 regis
709 5475 774 5529 de
815 5475 934 5529 aliis
979 5471 1248 5544 episcopis
1297 5477 1346 5528 in
1379 5475 1553 5544 locum
1602 5471 1977 5544 defunctorum
2022 5490 2130 5529 non

539 5544 916 5614 subrogandis,
948 5542 1378 5607 destituereutur,
1403 5543 1642 5598 Romana
1673 5542 1914 5599 Ecclesia
1940 5544 2132 5599 iisdem

538 5617 816 5669 ministros
845 5616 1097 5685 baptismi
1125 5617 1462 5682 aliorumque
1492 5622 1952 5685 sacramentorum
2002 5630 2131 5684 pro-

537 5688 767 5745 curavit,
803 5694 861 5738 ut
890 5684 1101 5740 constat
1134 5701 1200 5739 ex
1231 5685 1448 5754 Victore
1477 5685 1617 5738 libro
1648 5685 1823 5754 primo
1846 5684 1912 5738 de
1939 5684 2130 5739 Perse-

537 5758 756 5810 cutione
787 5754 1098 5810 Vandalica.
1141 5755 1369 5811 Sanctus
1399 5753 1671 5824 Eugenius
1697 5753 2135 5823 Carthaginensis

540 5831 845 5891 episcopus,
879 5825 929 5878 iu
961 5825 1175 5894 publico
1205 5835 1475 5886 conventu
1501 5825 1623 5881 cum
1654 5826 1863 5881 Arianis
1893 5834 2130 5888 acturus.

545 5897 836 5951 Ei-clesiam
863 5894 1178 5949 Romanam.
1209 5902 1347 5950 teste
1377 5897 1568 5952 eodem
1599 5897 1815 5952 Victore
1843 5895 1981 5948 libro
2004 5910 2038 5929 νι
2066 5894 2132 5944 de.

2233 1962 2397 2017 fuisse
2460 1960 2800 2030 completam.
2865 1958 2940 2014 De
3005 1975 3110 2028 qua
3161 1969 3360 2030 parte,
3419 1970 3475 2012 ut
3539 1959 3609 2014 ad
3657 1961 3825 2014 dilec-

2235 2056 2431 2110 tioarm
2477 2062 2624 2107 tuam
2681 2052 2892 2121 plenius
2957 2051 3195 2121 perfecte
3267 2051 3517 2120 gaudium
3577 2053 3823 2122 perveni-

2233 2154 2335 2210 ret,
2359 2145 2525 2200 libelli
2549 2145 2740 2199 Eulalii
2765 2147 2780 2163 ‘
2803 2143 2982 2198 fratris
3002 2151 3058 2198 et
3081 2143 3484 2200 consacerdotfs
3509 2144 3677 2198 nostri
3691 2143 3823 2198 Car-

2235 2235 2566 2304 tbagiuensis
2585 2235 2848 2304 episcopi,
2871 2243 2927 2288 et
2947 2233 3653 2289 Justinianiclementissimi
3683 2236 3822 2304 prin-

2233 2329 2367 2399 cipis
2389 2327 2624 2382 Orientis
2644 2342 2918 2382 sacrarum
2945 2326 3274 2396 exemplaria
3305 2325 3633 2381 credidimus
3659 2326 3821 2381 desti-

2234 2417 2428 2483 nanda,
2457 2416 2760 2472 iudicantes
2816 2416 3165 2471 nihilominus
3218 2431 3314 2486 per
3365 2415 3598 2470 Orientis
3647 2425 3822 2486 partes

2232 2529 2614 2586 Persecutione
2639 2527 2932 2598 Vandaﬁlica
2952 2568 2965 2588 ,
3009 2536 3171 2598 caput
3195 2528 3431 2583 omnium
3461 2527 3821 2583 Eeclesiarum

2232 2600 2445 2670 publice
2466 2600 2771 2670 profitetur.
2803 2597 2976 2670 Quid?
3005 2597 3148 2670 quod
3176 2599 3404 2670 gentiles
3431 2608 3500 2670 et_
3531 2598 3713 2670 Ariani
3745 2601 3823 2667 (ut

2234 2666 2415 2724 videre
2441 2666 2524 2725 est
2566 2669 2974 2738 apudeumdem
3005 2666 3282 2738 Victorem
3313 2668 3403 2738 ιιι).
3423 2685 3446 2722 -ι
3471 2666 3824 2734 ἀείρει-ερρυ-

2235 2735 2759 2805 tioneVandalica,et
2771 2737 3205 2806 Gregor.Turon.
3221 2736 3290 2791 de
3302 2735 3483 2790 Gloria
3503 2743 3687 2802 lnart.,
3703 2755 3822 2806 cap.

2233 2810 2324 2879 25)
2357 2810 2636 2865 Africanos
2659 2808 2993 2879 catholicos,
3027 2807 3300 2879 Romanos
3327 2806 3649 2879 appellarint
3674 2849 3688 2872 ,
3714 2825 3821 2879 non

2235 2875 2336 2935 alia
2349 2881 2416 2936 de
2437 2897 2620 2948 causa,
2644 2877 2968 2950 quantaquod
2980 2891 3100 2932 cum
3119 2877 3358 2950 Romana
3372 2875 3609 2931 Ecclesia
3626 2877 3700 2950 in
3711 2877 3826 2950 ﬁde

2236 2961 2290 3006 ct
2320 2951 2576 3018 religione
2601 2947 3082 3011 communicarent,
3107 2947 3330 3018 ejusque
3361 2955 3632 3018 pastorem
3653 2947 3824 3018 Chri-

2235 3022 2302 3075 sti
2336 3016 2610 3083 vicarium,
2640 3019 2755 3090 pari
2778 3018 2908 3073 culti
2938 3033 3125 3072 omnes
3147 3018 3200 3070 in
3226 3016 3417 3071 litteris
3439 3017 3551 3071 suis
3580 3017 3824 3072 colerent

2235 3100 2290 3146 et
2317 3093 2688 3146 observarent.
3239 3139 3250 3148 _

2305 3160 2438 3215 Cum
2469 3162 2649 3228 itaque
2677 3175 2746 3214 ex
2794 3159 2875 3212 his
2905 3156 3246 3228 manifestum
3283 3159 3354 3212 sit
3390 3156 3696 3228 Airicanam
3724 3156 3824 3212 Ee-

1796 3232 1924 3299 Qua:
1947 3235 2126 3289 omnia
2156 3246 2199 3307 ρ
2234 3233 2450 3286 clesiam
2475 3226 2578 3286 non
2603 3228 2766 3307 modo
2786 3243 3120 3307 nunquam-a
3145 3227 3401 3282 Romanae
3430 3226 3685 3306 Ecclesia!
3708 3228 3824 3280 uni-

2237 3311 2346 3358 tate
2375 3311 2429 3355 et
2457 3299 2836 3355 communione
2879 3298 3170 3352 descivisse
3193 3336 3209 3362 ,
3241 3313 3426 3352 verum
3459 3298 3634 3366 potius
3677 3312 3822 3350 eam-

2233 3371 2374 3434 dem,
2406 3372 2570 3425 etiam
2601 3367 2991 3438 persecutionis
3010 3376 3271 3437 tempore,
3290 3367 3439 3438 velut
3457 3375 3690 3438 matrem
3715 3375 3822 3419 sine

2232 3442 2564 3509 aliarumque
2589 3436 2956 3495 Ecclesiarum
2982 3436 3281 3509 agnovisse,
3297 3437 3419 3509 quis
3433 3436 3692 3509 falsitatis
3715 3451 3822 3509 nou

2233 3520 2423 3580 arguat
2451 3505 2589 3565 hanc
2616 3510 2902 3581 epistolam
2923 3549 2938 3574 ,
2979 3505 3085 3581 qua
3115 3505 3356 3581 Eulalius
3375 3507 3566 3581 aliquis
3583 3505 3822 3581 _(_.‘.art_ha-

2231 3575 2466 3650 giﬁeusis
2509 3575 2797 3650 episcopus
2827 3575 3287 3650 proiiittegranda
3333 3575 3529 3650 unione
3581 3575 3821 3650 libelium

2233 3646 2492 3706 obtulisse
2517 3646 2730 3711 dicitur,
2780 3646 2996 3718 quando
3028 3663 3216 3702 omnes
3261 3646 3501 3718 episcopi
3547 3646 3821 3718 catholici,

2233 3729 2492 3788 regnante
2539 3714 2812 3774 Gilimere'
2853 3733 2979 3786 rege
3020 3719 3244 3786 Ariano,
3295 3714 3647 3788 exsulabant?
3694 3714 3821 3788 Quis

2232 3787 2497 3845 mendacii
2529 3806 2635 3844 non
2658 3799 2876 3846 accuset
2904 3804 3023 3844 eam
3054 3804 3171 3856 qua:
3194 3829 3208 3852 ,
3239 3789 3460 3842 sedente
3486 3787 3822 3856 Alexandria:

2232 3861 2517 3916 Timotheo
2541 3860 2666 3928 ejus
2695 3860 2926 3914 nominis
2950 3854 3108 3929 tertio
3137 3859 3394 3929 episcopo
3423 3857 3696 3929 haeretico,
3725 3854 3820 3929 fin-

2232 3933 2374 3998 gitur
2400 3932 2465 3984 ad
2498 3927 2762 3984 Eulalium
2799 3927 3214 3984 Alexandrinum
3249 3927 3447 3999 (nullus
3478 3927 3578 3999 hoc
3607 3927 3837 3999 nomine

2233 3996 2626 4056 Alexandrinus
2654 4001 2788 4055 vixit
2815 4000 3123 4068 episcopus,
3158 4007 3216 4068 ut
3242 3996 3390 4068 patet
3419 4001 3487 4052 ex
3517 3996 3820 4065 Nicephoro

2233 4071 2478 4140 aliisque)
2494 4072 2786 4125 antistitem
2803 4067 3136 4123 transmissa?
3148 4067 3517 4140 Quisdenique
3529 4068 3820 4140 impostura

2233 4151 2288 4195 et
2317 4136 2501 4194 fraude
2531 4140 2906 4210 pienissimant
2925 4154 3044 4194 esse
3073 4154 3181 4194 non
3210 4139 3384 4204 dicat,
3435 4136 3544 4210 qua
3572 4136 3820 4210 scribitur

2235 4205 2842 4265 Africanam'Ecclesiam
2859 4208 2995 4262 ultra
3010 4219 3224 4264 centum
3238 4224 3410 4264 annos
3426 4205 3820 4262 schisntaticam

2235 4280 2420 4346 fuisse,
2449 4294 2567 4348 qua:
2593 4295 2659 4334 ne
2680 4279 2897 4347 quilem
2925 4279 3080 4331 unius
3109 4278 3258 4332 horae
3287 4279 3462 4348 spatio
3511 4277 3578 4331 ab
3605 4275 3820 4348 unitate

2235 4344 2484 4406 EccleSiaE
2502 4344 2758 4403 Romana:
2769 4363 2830 4403 se
2863 4363 3095 4417 unquam
3111 4344 3383 4418 praecidit?
3401 4344 3821 4418 Oportebattale

2235 4428 2598 4475 cmumentum
2631 4415 2967 4488 excogitare,
2993 4426 3051 4472 ut
3101 4415 3462 4487 Augustines,
3515 4415 3783 4488 Eugenios
3803 4453 3818 4477 ,

2237 4490 2566 4558 Fulgentios,
2581 4489 2724 4543 viros
2734 4485 3020 4544 sanctitate
3032 4485 3430 4558 celeberrimos,
3449 4502 3567 4542 cum
3582 4485 3820 4558 Aurelio,

2234 4554 2393 4630 quem
2426 4562 2522 4630 ipsi
2554 4554 2858 4614 Schismatis
2883 4567 3158 4612 auctorem
3183 4600 3198 4623 ,
3240 4556 3473 4626 Prosper
3500 4571 3630 4630 vero
3660 4554 3821 4630 Aqui-

2239 4577 2393 4630 quem
2426 4579 2439 4614 ι
2482 4577 2522 4613 SI
2554 4577 2858 4614 semsmaus
2883 4577 3158 4612 aucrorem
3183 4600 3198 4623 ,
3240 4577 3473 4626 t'rosper
3501 4577 3630 4610 vero
3660 4577 3821 4624 nqui-

2239 4641 2410 4694 Ianus,
2435 4577 2646 4684 ﬁatrem
2667 4638 2716 4683 et
2746 4630 2920 4699 dignae
2943 4630 3203 4682 memoria:
3228 4626 3596 4681 nominandum
3618 4625 3838 4699 antisti-I-

2235 4710 2340 4773 tem
2364 4740 2377 4760 ,
2400 4693 2627 4773 Vcazlestis
2657 4693 2842 4769 patria:
2883 4701 3041 4752 cie-em
3071 4701 3328 4768 appellat,
3373 4712 3493 4773 cum
3524 4693 3822 4773 agminibus

2235 4771 2551 4840 quibusdam
2575 4766 2881 4824 sanctorum
2900 4766 3194 4840 martyrum
3220 4784 3285 4824 ac
3312 4766 3701 4840 confessorum',
3725 4766 3820 4840 qui

2231 4833 2481 4910 tempore
2522 4840 2910 4910 persecutionis
2938 4833 3242 4894 Vandalicas
3283 4853 3380 4908 pro
3419 4835 3521 4906 ﬁde
3559 4833 3820 4910 catholica

2237 4905 2484 4964 obierant
2505 4905 2582 4973 ,—e
2608 4909 2888 4965 matricula
2915 4918 2970 4963 et
2994 4925 3147 4963 sacra
3177 4905 3490 4963 sanctorum
3521 4905 3703 4959 tabula
3731 4919 3820 4956 ex-

2236 4996 2474 5051 pungere
2518 4988 2764 5054 possent.
2812 4979 2944 5033 Nam
2992 4981 3036 5034 si
3068 4980 3300 5054 _integro
3339 4977 3536 5032 abhinc
3588 4974 3820 5054 saeculo.

2236 5043 2431 5120 item'pe
2458 5067 2486 5104 a
2518 5043 2791 5105 Bonifacio
2823 5065 2993 5118 usque
3019 5049 3084 5104 ad
3113 5043 3230 5105 lucc
3253 5058 3496 5120 tempora
3524 5088 3540 5113 ,
3574 5043 3820 5120 Africana

2236 5115 2474 5176 Ecclesia
2496 5122 2546 5174 in
2569 5121 2856 5174 schismate
2875 5115 3255 5189 perseveravit,
3283 5115 3413 5174 nihil
3431 5125 3513 5189 est
3539 5115 3819 5189 utiuterea

2235 5192 2428 5263 aliquis
2457 5191 2692 5263 legitima
2736 5185 2934 5263 corona
2966 5191 3206 5262 martyrii
3239 5186 3500 5263 impertiri
3529 5185 3614 5239 vel
3645 5185 3821 5263 aliqua

2235 5261 2587 5315 confessionis
2617 5261 2837 5330 praemio
2866 5261 3133 5314 munerari
3167 5261 3442 5329 potuerit,
3475 5271 3597 5330 cum
3629 5261 3822 5330 unani-

2234 5332 2309 5386 mi
2358 5323 2867 5384 omnium'Patrum
2917 5323 3183 5384 consensu
3234 5339 3445 5386 certum
3487 5329 3587 5388 sit,
3622 5323 3821 5379 uullatn

2235 5418 2393 5471 posse
2409 5415 2527 5456 esse
2551 5401 3014 5471 schismaticorum
3036 5416 3312 5471 coronam,
3366 5407 3694 5471 utpotequze
3717 5408 3820 5446 nou

2235 5468 2354 5526 aliis
2379 5487 2538 5542 quam
2567 5471 2620 5524 in
2650 5470 2824 5542 stadio
2848 5471 3125 5542 catiliolictp
3150 5470 3404 5526 Ecclesiae
3430 5468 3665 5542 legitime
3705 5477 3819 5542 cer-

2238 5539 2512 5612 tantibus,
2542 5540 2889 5612 concedaiur.
2921 5539 3053 5596 Vide
3084 5541 3282 5596 Baron.
3317 5542 3368 5595 in
3404 5540 3554 5612 notis
3598 5541 3817 5612 martyr.

2237 5611 2324 5668 die
2354 5610 2419 5664 16
2447 5609 2667 5681 Octobr.
2692 5611 2740 5662 b.
2784 5609 2916 5663 Item
2957 5627 3021 5666 ea
3069 5627 3188 5681 quae
3234 5611 3755 5681 notavimus_suprah
3770 5609 3820 5654 in

2236 5681 2467 5737 concilio
2513 5679 2744 5748 Carthag
2823 5695 2912 5745 γι,
2967 5671 3133 5737 verbo
3181 5679 3487 5734 Concilium.
3544 5671 3670 5730 Ssv.
3719 5671 3819 5726 Bt-

2238 5769 2372 5808 NIUS.
3453 5793 3459 5798 .

2311 5807 2601 5894 ἶΕρὶιςωρί
2631 5821 2739 5876 CP.
2766 5831 2814 5875 et
2841 5822 3058 5894 Justini,
3082 5821 3244 5894 habet
3270 5820 3483 5894 ΗίιιΊιιΣΡ
3511 5833 3577 5872 ex
3605 5828 3716 5886 quo
3733 5807 3822 5885 ηδ

2239 5889 2468 5946 maxime
2501 5889 2648 5962 patet
2671 5894 2813 5947 fraus
2841 5892 3240 5962 interpolatoris
3269 5889 3498 5945 ridiculi.
