2037 3250
246 206 280 234 ιῚ
757 204 941 233 MONTANUS
960 204 1147 235 EPISCOPUS
1166 207 1377 236 TOLETANUS.
1853 208 1889 238 48

244 263 319 300 rint),
340 264 481 291 inseratur.
507 262 551 291 Sic
575 269 683 297 quoque
708 262 886 289 humilitatem
906 262 1037 290 debemus
1053 266 1074 295 Α
1090 264 1240 291 animarum
1252 264 1338 292 fructu
1349 264 1485 300 perducat.
1503 264 1574 292 Deus
1584 268 1611 292 te
1623 264 1784 293 incolumem
1796 272 1886 293 custo-

245 316 338 338 tenere
349 310 375 338 in
383 313 483 342 mente,
500 314 528 336 ut
538 309 599 336 inde
615 309 728 344 (tamen)
741 308 842 336 ordinis
856 308 942 336 nostri
953 308 1040 343 digui-.
1091 310 1157 342 diat,
1174 311 1396 338 reverendissimc
1411 311 1504 338 frater.
1518 311 1614 338 Amen.
1624 310 1720 338 Datum
1736 320 1781 339 vm
1793 311 1888 339 kalen-

244 363 327 386 talem
351 365 489 385 servemus
509 358 534 384 in
550 357 653 383 honore
666 377 674 390 ,
686 360 819 391 quatenus
831 356 857 382 iu
873 356 951 383 nobis
963 376 970 389 ,
988 364 1037 383 nec
1090 357 1139 385 das
1162 357 1287 384 Octobris
1305 357 1375 392 (hmc
1397 356 1463 383 falsa
1481 356 1623 384 consulum
1647 356 1723 391 uota)
1735 356 1889 385 Iustiniano

243 405 380 432 humilitas
394 404 486 431 timida
499 426 506 436 ,
519 411 568 431 nec
582 403 650 430 ratio
664 403 698 430 sit
712 403 837 438 superba.
860 401 1037 437 Omnipotens
1090 403 1199 430 tertium
1210 407 1237 429 et
1251 401 1346 430 Oreste
1362 402 1516 438 (Valentino
1532 411 1550 430 ιι
1562 406 1589 430 et
1599 402 1707 437 Oreste,
1718 404 1782 431 viris
1792 404 1888 432 claris-

242 451 313 479 Dcus
324 472 330 483 ,
344 451 482 478 carissime
493 471 500 483 ,
517 458 564 478 sua
580 454 606 477 te
616 449 785 485 proiectione
795 448 939 485 custodiat,
955 452 1036 482 atque
1089 447 1164 475 simis
1178 447 1333 475 consulibus
1348 447 1432 482 (anno
1444 446 1544 474 Christi
1562 446 1615 474 550
1628 448 1670 475 vel
1685 447 1759 483 535).

242 497 275 524 ad
290 497 407 525 caelestis
430 496 674 524 remunerationem
690 495 783 529 patri-.r
796 494 880 530 (cum)
894 493 1035 528 multiplici

878 605 961 626 ANNO
983 603 1097 626 DOMINI
1117 603 1242 625 DXXVII.

372 617 376 621 ’
545 617 1580 867 MONTKNUS

754 879 1026 919 EPISCOPUS
1051 877 1289 917 TOLETAN
1296 877 1373 917 US.

835 947 881 980 (Ex
895 947 996 973 Collect.
1010 946 1055 971 SS.
1068 945 1168 971 Patrum
1179 944 1275 976 Tolet.)

853 1036 1260 1076 PROLEGOMENA
1270 1059 1282 1072 .

425 1109 579 1137 MUNITUM
602 1110 646 1136 AD
663 1108 847 1136 LECTOREM
1049 1106 1071 1137 Β
1085 1102 1118 1130 ab
1133 1109 1186 1129 em.
1207 1100 1332 1136 Aguirrio
1353 1100 1380 1128 in
1394 1109 1441 1129 sua
1456 1100 1623 1128 Collectionc
1639 1099 1814 1127 conciliorum
1832 1100 1878 1128 ﬂi-

272 1155 457 1190 Auspicamur‘
484 1155 569 1182 κριοί.
589 1155 700 1190 οριίιηε,
728 1162 743 1182 a
758 1154 886 1182 Momm“)
909 1152 957 1180 ss,
974 1150 1025 1178 PP.
1079 1146 1349 1182 spaniae:postremo
1364 1152 1379 1172 a
1399 1144 1429 1172 P.
1445 1144 1540 1172 Florez
1564 1144 1596 1171 ad
1618 1144 1791 1178 quamplures
1811 1152 1877 1172 mss.

236 1202 427 1230 Toletanorum
443 1200 598 1234 editionem,
623 1201 751 1236 quoniam
766 1208 782 1228 e
796 1204 851 1227 tota
866 1203 940 1227 retro
959 1198 1028 1225 anti-
1080 1194 1187 1223 codices
1197 1193 1330 1227 gotbicos,
1341 1198 1369 1221 ut
1380 1193 1437 1229 ipse
1448 1194 1554 1226 asserit,
1565 1194 1679 1226 collatte,
1692 1193 1777 1220 multo
1788 1200 1877 1220 emen-

235 1247 337 1281 quitate
353 1247 374 1274 is
388 1246 491 1281 primus
504 1249 555 1278 est,
576 1253 630 1273 non
645 1245 690 1280 qui
705 1249 878 1273 monumenta
900 1242 1029 1271 litteraria
1081 1240 1200 1268 datiores
1213 1247 1294 1274 quam
1310 1239 1336 1267 in
1352 1239 1486 1274 prioribus
1501 1239 1664 1267 editionibus
1675 1239 1801 1266 exhibita:
1815 1241 1879 1265 sunt

235 1292 360 1323 ediderit,
375 1291 424 1319 sed
438 1290 513 1325 cujus
523 1290 623 1325 scripta
637 1289 671 1317 ad
683 1297 733 1317 nos
748 1296 833 1323 usque
847 1287 1029 1323 pervenerint.
1082 1286 1109 1314 in
1123 1285 1272 1321 appendice
1290 1285 1324 1313 ad
1345 1290 1410 1313 tom.
1428 1286 1449 1313 V
1474 1285 1609 1321 Hispaniae
1629 1293 1721 1312 same.
1743 1284 1806 1319 Ejus
1831 1292 1881 1313 nos

236 1336 301 1369 Quis
324 1336 396 1363 enim
417 1329 521 1362 dubitet
546 1333 673 1362 Montano
696 1333 802 1369 aliquos
816 1331 985 1368 praecessisse
1003 1332 1030 1358 in
1084 1331 1230 1359 editionem
1245 1331 1331 1359 secuti
1345 1339 1446 1363 sumus,
1463 1330 1542 1358 nullis
1557 1338 1591 1358 ex
1603 1334 1695 1357 nostro
1715 1329 1881 1356 variantibus

235 1368 300 1407 sede
315 1379 445 1407 Toletana
466 1379 562 1407 doctos
583 1378 722 1414 pratsules,
743 1368 779 1405 ac
797 1377 930 1405 scribendi
952 1377 1031 1405 laude
1084 1377 1245 1405 lectionibus
1255 1376 1399 1409 adnotatis,
1410 1376 1537 1411 quoniam
1549 1385 1599 1403 ms.
1613 1375 1787 1409 codiceiu,ad
1798 1383 1879 1409 quem
1894 1368 1895 1371 ¹

235 1424 397 1459 pmclaros?
412 1423 604 1455 DeAudencio,
619 1431 699 1458 quem
712 1422 1030 1451 Toletanumanlistitem
1083 1422 1213 1457 epistolas
1237 1422 1416 1456 eligeremus,
1441 1421 1543 1448 nullum
1566 1421 1717 1448 habuimus.
1738 1420 1880 1447 Variantes

235 1468 318 1496 fuisse
341 1476 420 1496 nemo
440 1468 562 1502 ambigit,
587 1468 683 1495 scitum
698 1471 739 1494 est
753 1466 883 1494 Gennadii
902 1466 1029 1501 elogium,
1082 1467 1164 1502 igitur
1177 1467 1318 1502 descripta:
1329 1470 1434 1494 suntex
1452 1467 1508 1502 ipsa
1523 1466 1639 1494 Florezii
1652 1465 1879 1493 editiouezadno-

234 1521 294 1547 cap.
314 1512 356 1545 li,
379 1512 420 1540 his
443 1513 533 1540 verbis
550 1512 716 1539 :Audencius
739 1512 873 1547 episcopus
893 1511 1029 1546 Hispanus
1082 1502 1201 1540 tationes
1210 1520 1279 1540 vero.
1290 1512 1323 1539 ad
1339 1512 1419 1539 imam
1437 1520 1511 1539 oram
1527 1512 1661 1539 adhibitas
1676 1519 1710 1538 ex
1733 1519 1786 1538 em.
1802 1510 1875 1538 card.

234 1558 337 1593 scripsit
350 1558 473 1586 adversus
481 1556 641 1585 Manichazos
656 1557 863 1590 etSabellianos,
875 1557 1027 1590 elArianax,
1083 1559 1206 1593 Agnirrio
1220 1559 1426 1593 desumpsimus,
1447 1566 1514 1592 quas
1529 1562 1619 1585 tamen
1643 1557 1742 1584 nostris
1756 1556 1878 1584 animad-

234 1606 356 1640 quinum:
370 1610 494 1632 uocantur
509 1605 656 1637 Bonosiaci,
673 1605 766 1631 librum
777 1613 850 1640 quem
863 1605 1029 1640 prwtitulavit
1083 1604 1251 1633 versionibus
1265 1603 1299 1630 ad
1321 1603 1422 1630 calcem
1447 1603 1580 1636 auximus,
1606 1602 1694 1629 locum
1719 1601 1879 1628 obscurissi-

235 1650 267 1677 de
283 1650 348 1677 Fide
361 1650 496 1678 adversum
520 1658 608 1677 omnes
621 1650 764 1678 "melicos
776 1658 784 1677 :
796 1650 823 1676 in
846 1659 895 1685 quo
918 1651 1030 1677 ostendit
1083 1658 1155 1679 mum
1170 1649 1290 1685 epistolae
1304 1649 1428 1677 secunda:
1439 1647 1632 1683 quoquomodo
1647 1647 1815 1680 illustraturi,
1832 1647 1878 1681 qui

235 1697 416 1727 antiquitatem
432 1694 496 1723 Filii
509 1695 559 1722 Dei
583 1688 763 1724 coaternalem
778 1695 854 1722 Patri
876 1695 966 1731 fuisse,
984 1704 1029 1722 nec
1084 1696 1149 1723 nulli
1163 1696 1292 1724 hactenus
1306 1695 1403 1723 editori
1427 1703 1481 1723 non
1496 1695 1634 1729 negotium
1658 1693 1774 1722 facessit.
1800 1694 1879 1728 Quod

235 1740 337 1767 initium
351 1739 462 1767 Deitatis
485 1744 544 1766 tum:
560 1749 576 1767 a
597 1739 651 1768 Deo
666 1740 748 1767 Patre
766 1741 907 1776 accepisse,
928 1749 984 1767 cum
999 1742 1030 1768 de
1044 1763 1066 1793 ϐ
1083 1741 1165 1770 vitam
1181 1741 1300 1769 Montani
1314 1741 1372 1775 ejus
1386 1740 1507 1775 epistolis
1521 1740 1695 1775 praeligimus,
1709 1748 1763 1767 non
1779 1747 1878 1767 vanum

235 1786 310 1813 beata
324 1786 412 1813 Maria
430 1786 537 1822 Virgine
550 1787 637 1821 homo,
652 1787 707 1815 Deo
723 1788 876 1823 {attrit-ante,
892 1793 1029 1824 conceptus
1046 1786 1066 1793 “
1084 1788 1162 1816 nobis
1176 1788 1318 1816 consilium
1334 1788 1421 1815 visum
1436 1791 1477 1814 est
1492 1788 1591 1820 iniisse,
1618 1791 1646 1815 ut
1660 1787 1694 1814 de
1708 1791 1820 1814 auctore
1834 1794 1879 1814 ra-

235 1836 260 1858 et
274 1836 350 1858 natus
364 1835 412 1858 est.
429 1832 521 1859 Virum
531 1832 655 1860 eumdem
665 1832 845 1868 iuScripturis
859 1835 1029 1862 exercitatum
1082 1834 1182 1862 tionem
1196 1833 1270 1868 prius
1291 1833 1472 1867 redderemus,
1495 1841 1574 1868 quam
1596 1833 1654 1868 ejus
1667 1836 1877 1868 repracsentare-

236 1876 370 1903 Imbentem
386 1877 517 1912 ingenium
536 1881 617 1905 vocat
632 1877 806 1905 Trithemius.
833 1877 886 1905 Sed
910 1879 961 1906 hoc
975 1879 1028 1905 Au-
1081 1888 1140 1907 mus
1154 1879 1263 1914 scripta.
1279 1879 1372 1914 Itaque
1387 1880 1413 1906 in
1429 1879 1533 1907 caeteris
1547 1878 1670 1906 Patribus
1680 1879 1789 1906 edendis
1800 1886 1876 1906 eam-

234 1921 322 1948 dencii
336 1929 413 1956 opus,
438 1921 507 1948 sicut
526 1925 553 1949 et
568 1921 619 1949 alia
634 1922 758 1954 aliorum,
780 1922 870 1957 periit.
887 1922 1029 1950 Montanus
1080 1926 1142 1953 dezn
1166 1925 1370 1954 observavimus
1397 1925 1566 1952 methodum.
1599 1925 1628 1952 In
1650 1925 1778 1952 Montano
1801 1932 1876 1955 vero,

235 1966 325 2000 itaque
339 1966 441 2000 primus
456 1967 582 1999 occurrit,
607 1966 683 2001 cujus
697 1967 817 2002 epistola:
839 1968 937 1995 smculo
951 1971 1028 1995 sexto
1081 1971 1211 2005 quoniam
1227 1971 1343 2005 elogium
1363 1971 1434 1999 illius
1447 1978 1462 1998 a
1476 1970 1505 1998 S.
1521 1970 1683 2006 lldephonso
1696 1971 1878 2005 conscriptqu

235 2011 404 2046 couscriptm,
416 2016 496 2046 atque
510 2019 525 2039 a
540 2011 568 2039 S.
585 2011 744 2047 lldephonso
759 2012 883 2045 laudataa,
900 2013 1028 2048 temporis

1083 2016 1191 2043 brevius
1205 2020 1256 2048 est,
1272 2024 1321 2043 nos
1336 2016 1397 2044 vitm
1408 2016 1464 2050 ejus
1479 2016 1618 2043 historiam
1634 2017 1713 2051 paulo
1728 2016 1877 2049 longiorem

235 2056 393 2084 EdaCilalem
408 2061 576 2092 superantes.
600 2057 626 2084 ίιι
639 2058 719 2085 variis
741 2066 807 2085 mss.
822 2062 935 2094 reperta:
953 2063 1026 2089 sunt,
1083 2062 1281 2094 contexuimus,
1306 2061 1462 2095 colligentes
1487 2065 1519 2088 ca'
1539 2069 1598 2096 quae
1618 2061 1651 2089 ab
1665 2062 1723 2089 aliis
1742 2060 1878 2088 historicus

235 2111 266 2129 ex
282 2103 378 2145 quibus
392 2103 470 2131 edita:
484 2103 599 2138 primum
611 2110 627 2130 a
642 2103 673 2130 D.
690 2102 786 2131 Garcia
799 2104 912 2140 Loaysa,
932 2104 1028 2133 deinde
1082 2107 1182 2143 scripta
1198 2106 1357 2142 reperimus.
1373 2103 1450 2134 Vale.

834 2199 1104 2242 MONTANI
1130 2177 1306 2242 VITAC

268 2298 411 2327 Momanus
427 2299 554 2343 Ecclesiae
568 2301 706 2329 Toletauaz.
720 2305 781 2337 post
795 2301 901 2330 Celsum
914 2302 1025 2330 antistes
1077 2299 1229 2336 lldephonsi
1244 2305 1324 2329 (etate
1347 2302 1467 2329 omnium
1491 2310 1538 2330 ore
1563 2301 1710 2333 ferebatur,
1734 2302 1873 2330 sanctissi-

233 2343 322 2371 lloruit
336 2348 458 2379 tempore
474 2346 616 2374 Amalariei
639 2347 709 2381 regis
723 2346 885 2381 Gothorum,
907 2347 1025 2383 pnci‘uit-
1042 2355 1067 2385 D
1079 2355 1152 2374 mum
1166 2348 1306 2382 praesulem
1319 2348 1410 2383 putida
1421 2349 1553 2376 calumnia
1565 2348 1599 2375 ab
1612 2348 1765 2375 hominibus
1776 2347 1874 2375 invidis

232 2396 284 2423 que
298 2389 335 2416 illi
350 2388 384 2416 ab
398 2396 469 2416 anno
484 2389 535 2420 522
548 2391 675 2425 usquead
690 2390 752 2425 55!,
768 2392 916 2419 secundum
928 2391 1025 2418 seriem
1079 2392 1238 2427 appetitum,
1254 2393 1350 2428 insigni
1364 2393 1493 2420 miraculo
1504 2400 1578 2420 suam
1593 2393 1774 2420 innocentiam
1785 2393 1873 2419 vindi-

232 2435 376 2469 przcsulum
399 2434 589 2462 Toletanorum
601 2434 635 2465 1),
652 2435 763 2465 Joannis
777 2436 903 2472 Baptista:
922 2436 1025 2464 Perezii
1078 2445 1164 2470 casse,
1180 2439 1312 2467 carbones
1326 2447 1456 2467 accensos
1472 2439 1561 2466 tandiu
1578 2439 1603 2466 in
1624 2438 1740 2474 propriis
1755 2439 1875 2466 vestibus

231 2480 354 2507 canonici
377 2479 516 2511 Toletani,
542 2485 569 2507 et
594 2480 666 2508 Clar.
687 2480 818 2517 Loaysaa,
846 2487 874 2509 et
897 2481 1023 2516 Aguirrii,
1077 2483 1235 2511 sustinendo
1258 2484 1347 2519 quoad
1375 2492 1450 2512 sacra
1480 2485 1606 2520 mysteria
1636 2485 1693 2519 ipse
1715 2485 1872 2519 perageret;

232 2531 311 2559 quam
328 2524 475 2552 auctiorem
489 2527 517 2551 et
530 2525 722 2552 correctiorem
736 2525 859 2554 dabimus
873 2526 907 2554 ad
922 2527 1023 2554 calcem
1077 2528 1141 2563 quin
1167 2532 1256 2557 tamen
1279 2529 1382 2557 interea
1406 2534 1495 2557 vestes
1511 2530 1552 2557 vel
1574 2529 1737 2557 levissimum
1752 2528 1875 2564 ceperint

231 2574 297 2597 tom.
314 2569 346 2597 ll.
1078 2573 1280 2607 detrimentum,
1295 2574 1555 2610 ignisvequidquam
1568 2574 1602 2602 de
1623 2575 1648 2602 vi
1663 2583 1711 2601 sua
1727 2574 1871 2607 remiserit.

264 2615 305 2644 Ex
320 2620 414 2643 sancto
435 2615 595 2650 lldephonso
614 2615 797 2651 intelligimus,
822 2621 890 2652 quot
903 2618 1023 2653 quantis-
1077 2619 1161 2655 Cujus
1172 2621 1251 2648 simili
1268 2622 1426 2656 purgatione
1440 2622 1635 2656 posterioribus
1658 2621 1761 2649 seculis
1776 2621 1804 2648 S.
1817 2620 1874 2648 Au-

229 2670 282 2697 que
297 2663 440 2692 virtutibus
455 2662 580 2689 eluxez-rit.
594 2661 655 2689 Fuit
666 2663 737 2690 enim
752 2670 855 2691 summa
867 2664 953 2694 animi
966 2664 1023 2694 vir-
1077 2667 1191 2694 selmum
1214 2667 1335 2702 aliosque
1360 2668 1545 2695 sanctissimos
1558 2667 1641 2701 viros,
1656 2667 1758 2702 Spiritu
1777 2670 1873 2696 sancto

231 2712 288 2735 tute
303 2708 440 2742 praeditus,
461 2707 488 2734 in
502 2707 616 2735 dicendo
630 2707 875 2744 eloquentissimus,
887 2709 913 2736 in
924 2709 1022 2745 suber.
1076 2712 1234 2748 inspirante,
1250 2718 1314 2740 usos
1329 2713 1449 2747 legimus.

231 2753 321 2781 nando
335 2753 568 2788 prudentissimus,
595 2753 719 2781 omnibus
740 2755 851 2783 summis
875 2755 1023 2783 honoribus
1112 2757 1272 2792 Eloquentia
1287 2757 1407 2785 Montani
1421 2761 1502 2793 atque
1522 2757 1580 2792 ejus
1593 2757 1723 2785 doctrina:
1743 2756 1871 2792 splendor

230 2799 336 2832 dignus,
360 2802 442 2833 atque
457 2799 517 2826 vita:
531 2799 683 2827 innocentia
703 2800 981 2829 commendatissimus
994 2805 1023 2829 et
1076 2803 1142 2830 satis
1156 2807 1266 2838 apparet
1281 2810 1314 2830 ex
1329 2803 1433 2831 duabus
1447 2804 1576 2839 epistolis,
1593 2811 1653 2838 qua:
1668 2803 1701 2830 ad
1716 2810 1765 2830 nos
1785 2806 1869 2836 usque

231 2844 412 2873 beatissimus.
1076 2852 1265 2883 pervenerunt.
1291 2848 1380 2876 Prima
1405 2849 1531 2877 fratribus
1551 2849 1665 2883 ﬁliisque
1687 2847 1869 2876 dilectissimis

260 2890 298 2917 'Et
312 2890 422 2925 quidem
436 2898 495 2925 ejus
509 2891 660 2919 sanctitatis
673 2892 818 2919 eiiiinentia
833 2892 939 2920 abunde
953 2900 1024 2920 com—
1076 2896 1204 2923 territorii
1220 2895 1361 2928 Palentini.
1387 2897 1470 2924 altera
1488 2897 1517 2923 D.
1534 2896 1633 2924 eximio
1648 2895 1777 2923 'l‘huribio
1797 2893 1866 2922 scri-

228 2937 360 2973 probatur
383 2937 570 2972 antiquissima
594 2937 718 2974 ﬁdelique
742 2938 899 2969 traditione.
919 2946 970 2969 qua
1077 2945 1135 2968 uta:
1159 2948 1264 2968 necnon
1283 2949 1316 2968 ex
1341 2942 1456 2970 concilio
1470 2942 1600 2969 Toletano
1616 2940 1646 2973 ll,
1672 2941 1714 2968 eui
1738 2938 1866 2975 prtel'uit:
