4124 6458
364 425 430 484 ιθ
760 471 769 484 ,
1445 442 1450 446 -
1737 399 2261 462 PROLEGOMENA.
3533 437 3536 442 .
3577 388 3650 449 50

365 542 514 615 rujus
554 551 794 598 canones
839 533 930 606 qui
973 529 1164 587 sedulo
1205 526 1512 600 perlegerit,
1559 525 1655 580 abs
1692 522 1856 578 dubio
1897 522 1950 576 in
1983 520 2028 578 A
2059 515 2378 570 Arianorum
2409 528 2570 583 grege
2603 520 2710 566 tam
2759 511 2981 580 insignia
3035 508 3249 579 pietatis
3276 516 3332 563 et
3375 507 3429 562 in
3457 507 3648 562 ortho-

326 681 333 687 .
364 612 470 692 illis
516 627 910 688 animadvertet
947 621 1234 695 quamdam
1273 616 1539 674 sermonis
1580 612 1954 671 castimoniam

365 739 527 781 aurea
565 718 761 777 saecula
799 713 1156 777 redolentem,
1206 718 1261 766 et
1289 707 1588 766 Gothorum
1622 703 1955 776 temporibus

365 828 664 889 perraram.

434 926 648 994 lnsigne
676 920 775 976 fuit
804 918 902 974 abs
924 915 1089 974 dubio
1111 929 1208 986 per
1229 926 1445 969 omnem
1469 907 1780 980 Hispaniam
1804 904 1955 960 Mon-

361 1021 477 1078 tani
506 1032 734 1082 nomen;
757 1024 813 1070 et
842 1010 960 1081 ejus
985 1008 1264 1080 sapientia:
1289 1004 1430 1060 fama
1458 1003 1596 1059 adeo
1623 999 1952 1072 percrebuit,

362 1126 423 1172 ut
460 1112 703 1187 synodus
739 1107 785 1163 ll
828 1105 1091 1162 Toletana
1137 1099 1319 1156 habita
1349 1112 1491 1153 anno
1520 1094 1622 1150 527
1660 1095 1765 1150 hoc
1792 1091 1955 1147 modo

360 1184 691 1264 inscribatur
718 1220 732 1256 :
759 1197 1006 1272 Synodus
1027 1195 1206 1250 habita
1233 1194 1288 1247 in
1319 1192 1524 1246 civitate
1545 1188 1795 1243 Toletana
1816 1184 1957 1256 apud

364 1293 677 1355 Montanum
703 1293 1030 1365 episcOpum;
1050 1281 1654 1356 s'epiusqueaPatribus
1681 1285 1956 1350 postremo

363 1393 421 1447 in
447 1376 626 1460 capite
654 1384 981 1447 nominatur,
1027 1375 1339 1441 asserenda,
1389 1385 1620 1442 sequens
1667 1367 1954 1424 concilium

364 1497 396 1536 a
426 1480 682 1536 Montano
719 1471 1138 1536 convocandum,
1183 1477 1231 1524 et
1271 1465 1410 1537 apud
1443 1481 1557 1519 eum
1600 1461 1780 1516 debere
1817 1461 1954 1514 cele-

361 1573 530 1628 brari.

425 1684 721 1753 Octoginta
768 1681 942 1736 tribus
985 1677 1153 1741 annis
1204 1681 1327 1746 post
1372 1669 1645 1742 pnel‘atam
1690 1663 1954 1739 synodum

364 1775 670 1837 transactis,
719 1773 773 1828 in
809 1771 1016 1843 synodo
1043 1763 1452 1834 Carthaginensi
1482 1760 1660 1816 habita
1705 1757 1804 1814 sub
1830 1769 1956 1824 rege

364 1867 714 1923 Gundemaro
741 1877 884 1918 anno
924 1860 1029 1916 610
1068 1859 1310 1914 referunt
1342 1855 1530 1910 Patres
1569 1860 1690 1908 acta
1738 1849 1952 1906 concilii

368 1958 616 2014 Toletani
659 1973 694 2012 ιι
722 1955 800 2011 sic
829 1951 1094 2023 indigitati
1130 1969 1143 2004 :
1177 1948 1315 2022 apud
1341 1955 1578 2003 sanctum
1622 1943 1949 1998 Montanum.

365 2050 498 2117 Quae
525 2047 691 2103 verba
717 2043 1084 2117 superioribus
1111 2040 1361 2111 adjuncta
1384 2037 1666 2109 perspicue
1704 2049 1956 2104 comproo

365 2141 497 2195 bant
533 2154 642 2194 non
670 2137 846 2192 solum
888 2132 1230 2206 sapientiam,
1265 2144 1449 2186 verum
1480 2127 1646 2184 etiam
1699 2125 1956 2182 sanctita-

366 2239 476 2287 tem
499 2227 744 2284 Montani
774 2227 828 2282 in
856 2223 1114 2296 Hispania
1139 2223 1303 2277 fuisse
1325 2218 1710 2291 percelebrem.

435 2347 692 2415 Quamvis
737 2353 1051 2403 sanctorum
1093 2343 1476 2399 Boletanorum
1526 2339 1674 2394 fastis
1723 2355 1828 2393 non
1883 2339 1955 2393 sit

344 2439 664 2509 ascriptus,
713 2436 946 2492 fraudari
985 2451 1094 2491 non
1160 2441 1338 2504 potest
1378 2431 1556 2502 elogio
1603 2430 1776 2485 sancti
1814 2427 1954 2484 llde-

359 2523 582 2601 phonSi,
614 2511 720 2597 'qui
761 2543 884 2583 eum
931 2526 1288 2581 beatissimum
1333 2523 1650 2578 sacerdotem
1698 2519 1951 2591 appellat,

361 2634 578 2674 necnon
609 2616 823 2672 Patrum
845 2614 1349 2684 carthaginensium
1377 2611 1805 2684 conclamatione
1825 2626 1953 2664 san-

356 2721 504 2766 ctum
530 2709 846 2765 Montanum
870 2707 1356 2764 denominantium.

440 2834 592 2891 Licet
623 2836 877 2890 virtutum
925 2833 1166 2889 omnium
1213 2830 1371 2887 laude
1415 2828 1674 2897 ﬂoruerit,
1723 2829 1957 2885 maxime

363 2940 498 2982 vero
527 2926 645 2980 zelo
673 2925 865 2980 domus
892 2923 1106 2983 Domini
1132 2923 1322 2980 ardere
1349 2922 1495 2979 visus
1516 2930 1618 2989 est,
1651 2929 1705 2977 et
1731 2937 1830 2993 pro
1855 2919 1958 2978 ﬁde

367 3017 667 3076 orthodoxa
697 3023 841 3072 sarta
874 3023 1014 3071 tecta
1045 3014 1242 3072 tuenda
1257 3004 1437 3086 "atque
1463 3027 1739 3070 sacrorum
1787 3027 1955 3068 cano-

366 3123 496 3164 num
525 3107 802 3178 disciplina
831 3107 1195 3172 instauranda,
1226 3117 1415 3163 contra
1442 3122 1688 3164 errorum
1716 3112 1956 3162 monstra

365 3207 423 3254 et
451 3214 648 3270 pravos
676 3214 804 3254 usus
848 3198 901 3254 in
931 3196 1188 3269 Hispania
1225 3206 1533 3268 grassantes
1561 3196 1774 3253 assidue
1815 3211 1955 3268 pra:-

366 3287 507 3343 liari.
540 3288 596 3343 ld
625 3287 868 3360 epistola:
889 3286 1002 3358 jam
1030 3287 1258 3343 laudata:
1288 3295 1572 3354 testantur,
1603 3286 1842 3356 undique
1866 3301 1958 3342 ze-
1989 3283 2035 3346 C

367 3378 479 3437 lum
509 3379 806 3450 spirantes;
856 3379 969 3434 sive
998 3378 1343 3450 presbyteros
1371 3377 1682 3434 Palentiuos
1724 3376 1957 3434 chrisma

367 3466 738 3536 conﬁcientes,
767 3479 930 3541 atque
960 3471 1146 3526 alienae
1174 3471 1336 3526 sortis
1362 3470 1648 3542 episcopos
1675 3469 1745 3525 ad
1767 3485 1959 3527 conse-

367 3561 597 3617 crandas
623 3561 874 3617 basilicas
903 3561 1267 3618 adsciscentes
1292 3562 1489 3618 acriter
1520 3562 1809 3632 coarguit;
1844 3561 1958 3618 sive

368 3655 608 3724 ipsorum
639 3654 913 3710 levitatem
943 3661 1104 3724 atque
1129 3654 1436 3710 vecordiam
1483 3654 1814 3724 perstringit,
1865 3653 1957 3724 qui

361 3748 782 3803 abeminandam
813 3747 1132 3805 Priscilliani
1170 3749 1417 3805 heeresim
1457 3748 1792 3819 abjicientes,
1843 3747 1959 3817 ejus

368 3850 568 3894 nomen
598 3839 870 3906 honorare
909 3849 1224 3911 pergerent;
1270 3841 1385 3898 sive
1413 3840 1538 3896 dum
1576 3841 1958 3913 probatissimo

367 3931 686 4003 presbytero
711 3931 970 3988 Thuribio
999 3931 1378 3989 adctoritatem
1407 3949 1557 3988 suam
1583 3933 1652 3988 ad
1680 3934 1796 3989 hzec
1816 3933 1959 3989 mala

366 4024 668 4079 coercenda
716 4025 1024 4080 committit.
1082 4024 1324 4094 Denique
1371 4033 1572 4095 quanta
1609 4022 1961 4092 veneratione

366 4115 736 4172 Romanorum
757 4117 1072 4188 pontilicum
1090 4118 1293 4173 monita
1310 4117 1634 4188 suspexerit,
1651 4123 1959 4188 quantoque

367 4206 546 4262 studio
572 4207 926 4263 conciliorum
953 4215 1268 4263 sanctorum
1296 4223 1532 4263 canones
1561 4206 1837 4262 observari
1864 4222 1960 4262 cu-

368 4300 588 4366 raverit,
638 4300 888 4372 exemplo
930 4301 1034 4356 erit
1059 4299 1204 4370 quod
1234 4315 1303 4380 es
1343 4300 1568 4371 epistola
1591 4299 1825 4356 secunda
1851 4315 1958 4355 non

369 4392 797 4462 improbabiliter
834 4393 1172 4463 conjicimus,
1217 4403 1380 4464 atque
1417 4394 1579 4449 latius
1621 4394 1676 4449 in
1719 4395 1862 4450 notis
1891 4393 1961 4449 ad

365 4500 487 4540 eam
514 4501 866 4556 exponemus.
891 4485 1024 4542 Cum
1047 4487 1190 4542 enim
1212 4487 1427 4558 quidam
1457 4487 1732 4556 illegitime
1759 4489 1961 4544 electus

365 4591 432 4630 ac
459 4575 742 4631 ordinatus
769 4577 1075 4647 episcopus,
1098 4575 1257 4631 Celso
1279 4578 1698 4648 metropolitano
1721 4577 1959 4632 Montani

363 4667 783 4736 prmdecessore,
801 4667 1452 4738 comprovincialibusque
1469 4669 1733 4739 episcopis
1755 4669 1955 4734 insciis,
1992 4673 2038 4732 ι)

365 4753 663 4809 Ecclesiam
694 4754 1028 4811 Palentinam
1062 4757 1362 4824 invasisset,
1395 4756 1682 4812 Montanus
1709 4757 1778 4812 ad
1807 4758 1960 4812 Tole-

365 4855 551 4900 tanam
581 4846 764 4901 sedem
811 4857 1051 4912 evectus,
1099 4856 1308 4904 sontem
1355 4850 1446 4904 diu
1476 4849 1792 4920 impunitum
1838 4864 1958 4906 esse

365 4954 474 4992 non
504 4946 589 4993 est
614 4953 823 5009 passus,
857 4954 1033 5010 neque
1051 4941 1342 4996 multorum
1363 4942 1613 5012 precibus
1633 4941 1826 4998 adduci
1853 4957 1956 5013 po-

365 5031 488 5094 tuit,
541 5035 602 5084 ut
646 5037 835 5085 contra
881 5030 1056 5087 sancti
1084 5031 1298 5088 concilii
1326 5031 1525 5087 Nicseni
1554 5030 1772 5087 decreta
1801 5031 1957 5102 quid-

363 5134 528 5188 quam
557 5120 626 5175 de
655 5121 868 5176 illorum
895 5122 1185 5178 severitate
1213 5123 1531 5178 remitteret.

442 5229 572 5297 Quae
601 5231 779 5286 omnia
810 5246 876 5287 eo
906 5233 1077 5302 magis
1104 5233 1344 5290 Montani
1388 5235 1638 5291 virtutem
1683 5253 1958 5293 commcn-

365 5319 517 5386 dant,
567 5337 676 5392 quo
708 5322 1006 5379 mirabilius
1049 5332 1150 5392 est,
1195 5333 1468 5395 pastorem
1497 5327 1632 5383 adeo
1672 5328 1956 5400 integerri-

365 5426 535 5477 mum,
565 5426 816 5480 sameque
839 5411 1058 5468 Patrum
1089 5429 1308 5470 suorum
1335 5415 1594 5472 doctrina:
1620 5417 1691 5472 ita
1715 5425 1956 5475 tenacem

368 5500 434 5555 iis
471 5502 806 5571 temporibus
851 5503 1112 5572 ﬂoruisse,
1153 5522 1274 5563 cum
1303 5507 1499 5562 Ariana
1529 5509 1747 5564 haeresis
1788 5518 1957 5565 totam

365 5589 480 5645 fere
508 5591 820 5663 Hispaniam
850 5607 1227 5667 occupaverat,
1277 5614 1399 5654 cum
1425 5597 1617 5655 Gothis
1643 5602 1860 5669 regibus
1905 5602 1959 5658 in

366 5683 566 5738 throno
586 5684 913 5754 jactabunda
938 5687 1253 5744 consedens.
1273 5689 1390 5760 Ipse
1414 5705 1546 5746 vero
1570 5707 1674 5746 non
1699 5691 1751 5746 in
1780 5693 1960 5762 aliquo

367 5784 580 5832 remoto
608 5778 805 5848 angulo
835 5779 1070 5841 latuerit,
1103 5783 1300 5836 verum
1329 5781 1382 5835 in
1413 5782 1588 5837 media
1618 5783 1731 5853 ipsa
1763 5783 1955 5854 Hispa-

367 5863 459 5920 nia
507 5879 690 5922 coram
732 5867 974 5943 principe
1031 5869 1321 5937 hmretico,
1381 5879 1602 5942 totoque
1659 5873 1971 5933 aulicorum.

2055 609 2192 664 doxa
2223 607 2482 677 religione
2510 606 2703 662 tuenda
2727 603 2976 660 indefessi
3000 602 3163 658 studii
3189 599 3492 662 testimonia
3517 615 3648 669 pra:-

2056 700 2250 756 buerit.
2281 698 2360 753 Ex
2389 714 2496 769 quo
2525 698 2810 751 maximam
2842 695 2893 749 in
2923 695 3062 748 hanc
3091 700 3334 747 sanctam
3363 699 3642 758 metropo-

2056 793 2276 847 litauam
2335 790 2631 846 Ecclesiam
2679 788 2994 843 Toletanam
3055 784 3279 854 gloriam
3346 780 3647 836 redundare

2055 900 2215 939 nemo
2247 899 2356 938 non
2380 881 2559 936 videt:
2587 887 2748 950 atque
2779 877 2901 932 inde
2922 890 3110 931 omnes
3145 871 3463 940 intelligent,
3483 885 3646 938 quam

2057 977 2248 1032 merito
2273 990 2394 1030 eam
2416 1031 2424 1040 ,
2444 973 2756 1027 catholicam
2784 969 2985 1025 dixerit
3026 963 3303 1021 Eufemius
3331 977 3362 1016 a
3393 961 3647 1015 Montano

2055 1076 2277 1141 quartus
2324 1065 2482 1134 hujus
2528 1063 2670 1119 sedis
2711 1063 3000 1134 episcopus
3048 1059 3100 1113 in
3149 1055 3545 1125 subscriptione
3591 1067 3644 1104 ιιι

2057 1159 2271 1218 concilii
2297 1157 2579 1213 Toletani:
2620 1170 2810 1225 nempe
2838 1154 2962 1223 quia
3005 1158 3249 1222 pastores
3295 1162 3509 1216 semper
3553 1145 3647 1197 ha-

2057 1251 2280 1316 buisset,
2303 1247 2396 1318 qui
2422 1247 2677 1302 Montano
2700 1244 2903 1300 similes
2923 1259 2954 1297 a
2976 1250 3124 1298 recta
3153 1249 3315 1311 atque
3343 1233 3646 1295 orthodoxa

2057 1342 2334 1400 catholica:
2361 1339 2611 1396 Ecclesia:
2641 1337 2745 1393 ﬁde
2772 1338 2858 1393 vel
2884 1339 3024 1392 inter
3054 1327 3197 1406 ipsas
3227 1346 3470 1402 errorum
3497 1337 3646 1383 tene-

2057 1436 2182 1491 bras
2216 1434 2584 1502 maximasque
2613 1430 3046 1501 persecutionum
3080 1426 3347 1498 procellas
3377 1436 3644 1491 nunquam

2058 1523 2399 1580 desciverint.

2131 1616 2273 1670 Obiit
2301 1615 2587 1670 Montanus
2627 1629 2771 1670 anno
2798 1612 2986 1668 ultimo
3016 1608 3299 1665 Amalarici
3331 1609 3490 1675 regis,
3529 1606 3645 1675 cpi-

2059 1713 2310 1774 scnpatus
2338 1704 2421 1759 sui
2450 1720 2612 1770 nono,
2674 1700 3064 1759 lncarnationis
3091 1697 3373 1754 dominicm
3403 1696 3495 1749 551
3531 1715 3541 1747 :
3569 1706 3646 1749 at-

2059 1811 2164 1865 que
2192 1796 2242 1849 in
2272 1796 2414 1850 hunc
2435 1810 2634 1849 annum
2664 1792 2944 1849 referenda
2974 1798 3098 1846 sunt
3123 1805 3241 1859 quac
3270 1786 3646 1858 quamplurimi

2059 1884 2297 1940 historici
2327 1900 2450 1939 cum
2480 1871 2772 1949 nostrates,
2814 1889 2926 1936 tum
2956 1880 3128 1934 exteri
3160 1876 3380 1932 tradunt
3407 1874 3476 1929 de
3504 1875 3645 1929 dirc-

2056 1975 2241 2046 ptione
2265 1973 2525 2028 Toletana
2553 1989 2583 2027 a
2604 1972 2771 2027 Gallis
2791 1969 2928 2026 facta
2955 1977 3079 2038 post
3099 1967 3380 2023 victoriam
3406 1964 3474 2019 de
3497 1965 3644 2018 Amm

2057 2063 2222 2120 larico
2254 2063 2419 2134 impio
2447 2062 2758 2132 crudelique
2788 2060 3064 2117 catholica:
3098 2057 3344 2113 Clotildis
3393 2065 3646 2110 vexatore

2056 2163 2410 2228 reportatam.
2459 2153 2575 2227 Qua
2605 2170 2671 2210 ex
2700 2168 2759 2208 re
2799 2168 2906 2207 non
2938 2159 3140 2206 temere
3169 2149 3472 2220 opinamur,
3522 2162 3647 2201 sau-

2057 2249 2354 2304 ctissiusum
2411 2245 2693 2318 praesulem
2747 2260 2856 2299 non
2905 2251 3014 2297 tam
3059 2242 3211 2296 senio
3257 2255 3418 2309 quam
3465 2237 3648 2293 dolore

2057 2343 2383 2408 confectum,
2413 2351 2533 2395 cum
2563 2338 2784 2394 vidisset
2814 2336 2998 2391 urbem
3029 2342 3178 2388 tanta
3203 2331 3510 2388 calamitate
3548 2345 3648 2399 op-

2057 2447 2316 2503 pressam,
2349 2428 2642 2486 Ecclesiam
2686 2441 2940 2498 sponsam
2969 2439 3122 2480 suam
3151 2423 3299 2480 omni
3325 2422 3436 2477 vita
3483 2420 3649 2476 cario.

2058 2539 2171 2579 rem
2200 2521 2357 2579 bonis
2383 2523 2494 2577 suis
2535 2521 2907 2590 exspoliatam,
2965 2532 3095 2572 vasa
3154 2531 3306 2572 sacra
3365 2527 3531 2584 USqne
3581 2512 3648 2567 ad

2057 2612 2336 2682 sexaginta
2351 2614 2595 2681 abrepta,
2614 2610 2826 2680 patinas
2847 2606 3175 2678 quindecim,
3198 2606 3454 2661 librorum
3478 2603 3650 2658 Evan-

2058 2703 2322 2774 geliorum
2355 2703 2538 2758 thecas
2566 2701 2769 2770 viginti,
2823 2699 3002 2755 omnia
3034 2713 3098 2753 ex
3141 2711 3273 2752 auro
3304 2695 3650 2750 mundissimo

2059 2797 2291 2854 conﬂata
2322 2803 2484 2867 atque
2513 2792 2915 2864 pretiosissimis
2952 2789 3176 2860 gemmis
3204 2796 3414 2857 ornata,
3466 2786 3649 2840 oculos

2061 2898 2208 2945 tanta
2254 2888 2406 2945 clade
2431 2885 2754 2956 defatigatos
2794 2884 3079 2948 clausisse;
3129 2894 3358 2950 eamque
3387 2895 3499 2934 rem
3531 2893 3648 2932 om-

2062 2984 2207 3039 nium
2249 2981 2696 3039 luctuosissimam
2726 2986 2956 3034 mortem
3002 2975 3076 3032 illi
3127 2973 3498 3030 maturavissc.
3549 2969 3650 3022 Pro

2060 3075 2317 3132 coronide
2359 3073 2548 3129 damus
2593 3070 2756 3126 verba
2804 3067 2862 3125 S.
2895 3066 3229 3138 lldepbonsi,
3282 3065 3475 3135 quibus
3517 3060 3650 3115 tanti

2060 3168 2161 3222 viri
2183 3166 2415 3235 elogium
2444 3162 2734 3234 expressit,
2758 3160 2875 3216 Lib.
2910 3159 2980 3214 dc
3010 3157 3151 3213 Viris
3178 3156 3366 3210 illustr.
3401 3167 3520 3220 cap.
3545 3150 3598 3204 5.

2144 3277 2161 3310 ι
2192 3256 2476 3311 Montanus
2520 3259 2644 3325 post
2683 3251 2898 3308 Celsum
2943 3249 3130 3322 primm
3175 3245 3318 3312 sedis
3369 3241 3651 3314 provincia!

2065 3347 2403 3416 Carthaginis
2428 3344 2706 3400 Toletanae
2737 3341 2880 3397 urbis
2909 3337 3220 3395 cathedram
3253 3334 3422 3389 tenuit
3455 3350 3467 3385 :
3492 3333 3652 3386 homo

2065 3448 2120 3496 et
2164 3440 2362 3493 virtute
2410 3435 2628 3507 spiritus
2673 3433 2868 3498 nitens,
2920 3437 2974 3486 et
3024 3426 3222 3497 eloquii
3255 3421 3650 3495 opportunitatt
3716 3467 3720 3488 ,

2022 3530 2289 3584 ·(1εεοοι“υε
2316 3568 2331 3593 ,
2376 3524 2616 3594 regimen
2663 3521 2888 3576 honoris
2933 3516 3223 3575 retentavit
3274 3529 3338 3570 ac
3386 3509 3650 3589 disposuit

2062 3621 2330 3689 condigno
2357 3617 2682 3686 caelestique
2693 3613 2836 3684 jure,
2887 3600 3045 3668 simul
3088 3617 3144 3666 et
3189 3607 3396 3664 ordine.
3429 3602 3651 3672 Scripsit

2060 3712 2318 3783 epistolas
2346 3709 2479 3764 duas
2506 3701 3163 3762 ecclesiasticas-utilitatis
3183 3697 3464 3769 disciplina
3514 3709 3649 3749 con-

2061 3803 2260 3869 fertas;
2289 3817 2320 3857 e
2348 3800 2546 3871 quibus
2565 3814 2726 3854 unam
2749 3797 3004 3853 Palentite
3031 3792 3448 3858 habitator-ibus,
3471 3789 3526 3843 in
3545 3802 3650 3857 qua

2061 3895 2401 3967 presbyteros
2429 3891 2659 3946 chrisma
2703 3886 2995 3954 conﬁcere,
3039 3885 3433 3954 episcoposque
3461 3877 3651 3931 aliena:

2061 3983 2309 4042 dimcesis
2330 3981 2550 4038 alterius
2581 3977 2836 4035 territorii
2860 3974 3128 4030 Ecclesias
3154 3982 3492 4030 consecrare,
3538 3980 3653 4019 ma~

2064 4089 2166 4144 gna
2212 4071 2530 4144 perhibetur
2551 4068 2842 4140 prohibere
2870 4063 3211 4127 auctoritate,
3240 4072 3513 4115 sacrarum
3544 4053 3652 4108 Lit-

2044 4171 2300 4219 ‘terarum
2343 4157 2664 4216 testimoniis
2703 4153 2977 4211 afﬁrmans
3018 4151 3070 4207 id
3100 4152 3274 4222 ipsum
3308 4147 3421 4204 ﬁeri
3447 4146 3654 4225 penitus

2064 4269 2170 4308 non
2202 4253 2384 4308 licere.
2409 4249 2694 4304 Amatores
2714 4260 2930 4317 quoque
2951 4235 3298 4299 Priscilliame
3322 4245 3502 4304 sectae,
3530 4237 3654 4294 licet

2063 4365 2168 4404 non
2199 4352 2558 4419 operarcntur
2584 4345 2793 4410 eadem,
2829 4342 2954 4412 q'uia
2985 4350 3163 4398 tamen
3194 4339 3510 4395 memoriam
3539 4337 3654 4407 ejus

2063 4456 2249 4496 amore
2276 4441 2590 4506 retinerent,
2621 4437 2833 4494 abdicat
2874 4444 2929 4492 et
2981 4434 3291 4519 exprpbrat,
3324 4445 3654 4489 commemo-

2061 4548 2206 4595 rans,
2249 4529 2394 4601 quod
2442 4530 2496 4585 in
2541 4529 2693 4584 libris
2721 4525 3017 4584 beatissimi
3047 4524 3292 4580 Thuribii
3322 4522 3560 4594 episcopi
3591 4524 3654 4580 ad

2066 4623 2300 4679 Leonem
2331 4637 2526 4693 papam
2555 4620 2752 4685 missis,
2783 4621 2970 4675 eadem
3001 4617 3456 4673 Priscillianorum
3482 4614 3655 4669 haere-

2065 4713 2140 4767 sis
2153 4713 2387 4780 detecta,
2409 4711 2678 4775 convicta,
2694 4717 2856 4780 atque
2879 4710 3136 4765 decenter
3151 4713 3370 4763 maneat
3389 4705 3654 4761 abdicata.

2067 4802 2238 4856 Aliam
2284 4817 2414 4858 vero
2443 4801 2728 4873 epistolam
2760 4801 2826 4855 ad
2857 4799 3173 4854 Thurihium
3222 4797 3552 4867 religiosum,
3606 4796 3657 4851 in

2064 4908 2168 4961 qua
2197 4889 2512 4947 collaudans
2538 4905 2682 4956 eum,
2714 4889 2858 4961 q'uod
2889 4888 3152 4943 culturam
3182 4886 3510 4943 destruxerit
3539 4884 3656 4940 ido-

2065 4985 2262 5049 lorum,
2290 4981 2584 5038 committit
2603 4980 2655 5036 ei
2673 4979 3025 5061 sacerdotalis
3057 4978 3437 5033 anetoritatem
3458 4973 3659 5043 vigoris

2062 5090 2160 5146 per
2179 5088 2340 5143 quam
2362 5072 2708 5144 presbyteros
2727 5070 2958 5126 chrisma
2981 5065 3270 5130 conﬁcere,
3299 5073 3354 5120 et
3374 5063 3660 5136 episcopos

2066 5163 2254 5218 aliena:
2283 5162 2444 5218 sortis
2489 5160 2712 5216 alterius
2751 5157 3000 5215 dioecesis
3026 5156 3293 5213 Ecclesias
3339 5153 3660 5209 consecrare

2066 5266 2258 5322 magna
2296 5257 2607 5321 compescat
2651 5248 2972 5303 invectione.
3017 5247 3115 5300 llic
3161 5245 3244 5298 vir
3289 5242 3658 5312 antiquissima

2067 5341 2318 5410 ﬁdelique
2358 5339 2621 5396 relatione
2667 5345 2938 5400 narratur,
2985 5335 3052 5390 ad
3078 5332 3551 5402 exprobrationem
3581 5332 3659 5385 in-

2066 5430 2239 5483 famiae
2273 5427 2455 5482 tandiu
2486 5440 2687 5496 prunas
2711 5425 2948 5481 tenuisse
2971 5424 3022 5479 in
3050 5422 3380 5478 vestimento
3405 5418 3660 5475 ardentes

2069 5517 2245 5572 donec
2272 5532 2454 5572 coram
2483 5514 2626 5571 sedis
2653 5529 2762 5570 sua!
2805 5527 2962 5569 sacro
2990 5512 3145 5568 altari
3171 5513 3335 5567 totius
3364 5512 3538 5566 missae
3565 5524 3658 5565 ce-

2066 5607 2368 5662 lebritatem
2396 5612 2494 5677 p'er
2515 5607 2861 5678 semetipsum
2891 5603 3152 5676 expleret.
3207 5601 3446 5658 Peractis
3474 5609 3656 5654 autem

2065 5695 2412 5760 solemnibus,
2445 5711 2545 5752 nec
2571 5711 2753 5767 pruna:
2783 5696 2979 5764 ignem,
3010 5710 3109 5751 nec
3137 5694 3300 5749 vestis
3327 5691 3544 5747 inventa
3573 5699 3657 5745 est

2067 5786 2311 5842 amisisse
2339 5787 2608 5842 decorem.
2645 5786 2793 5840 Tunc
2825 5786 2936 5842 Deo
2966 5786 3148 5842 relatis
3176 5784 3468 5853 gratiarum
3494 5781 3656 5836 actio-

2067 5878 2252 5944 nibus,
2294 5893 2390 5950 per
2427 5877 2726 5952 simplicem
2756 5887 3001 5934 naturam
3047 5875 3183 5944 ignis
3213 5873 3456 5931 convicta
3491 5877 3573 5928 est
3597 5878 3655 5928 et
