  <div class='ocr_page' id='page_1' title='image "/cluster/home/n/w/nwhite01/storage/ocr_20150623/65/hvd.32044015469315/034.png"; bbox 0 0 4124 6488; ppageno 0'>
   <div class='ocr_carea' id='block_1_1' title="bbox 1926 200 1951 219">
    <p class='ocr_par' dir='ltr' id='par_1_1' title="bbox 1926 200 1951 219">
     <span class='ocr_line' id='line_1_1' title="bbox 1926 200 1951 219; baseline 0 0"><span class='ocrx_word' id='word_1_1' title='bbox 1926 200 1951 219; x_wconf 58' lang='grc' dir='ltr'><strong>κ</strong></span> 
     </span>
    </p>
   </div>
   <div class='ocr_carea' id='block_1_2' title="bbox 326 410 413 476">
    <p class='ocr_par' dir='ltr' id='par_1_2' title="bbox 326 410 413 476">
     <span class='ocr_line' id='line_1_2' title="bbox 326 410 413 476; baseline -0.011 0"><span class='ocrx_word' id='word_1_2' title='bbox 326 410 413 476; x_wconf 66' lang='lat'><strong>53</strong></span> 
     </span>
    </p>
   </div>
   <div class='ocr_carea' id='block_1_3' title="bbox 1691 376 3617 455">
    <p class='ocr_par' dir='ltr' id='par_1_3' title="bbox 1691 376 3617 455">
     <span class='ocr_line' id='line_1_3' title="bbox 1691 376 3617 455; baseline -0.012 1"><span class='ocrx_word' id='word_1_3' title='bbox 1691 394 2019 455; x_wconf 72' lang='lat' dir='ltr'><strong>EPISTULA</strong></span> <span class='ocrx_word' id='word_1_4' title='bbox 2058 393 2288 448; x_wconf 72' lang='lat' dir='ltr'><strong>PRIMA.</strong></span> <span class='ocrx_word' id='word_1_5' title='bbox 3445 385 3452 397; x_wconf 90' lang='lat'><strong>’</strong></span> <span class='ocrx_word' id='word_1_6' title='bbox 3546 376 3617 434; x_wconf 72' lang='grc' dir='ltr'><strong>δι</strong></span> 
     </span>
    </p>
   </div>
   <div class='ocr_carea' id='block_1_4' title="bbox 334 492 3613 596">
    <p class='ocr_par' dir='ltr' id='par_1_4' title="bbox 334 492 3613 596">
     <span class='ocr_line' id='line_1_4' title="bbox 334 492 3613 596; baseline -0.014 -3"><span class='ocrx_word' id='word_1_7' title='bbox 334 537 478 594; x_wconf 88' lang='lat' dir='ltr'><strong>dotis</strong></span> <span class='ocrx_word' id='word_1_8' title='bbox 505 529 707 596; x_wconf 81' lang='lat' dir='ltr'><strong>cilicio,</strong></span> <span class='ocrx_word' id='word_1_9' title='bbox 756 533 947 583; x_wconf 89' lang='lat' dir='ltr'><strong>contra</strong></span> <span class='ocrx_word' id='word_1_10' title='bbox 972 521 1062 593; x_wconf 82' lang='lat' dir='ltr'><strong>jus</strong></span> <span class='ocrx_word' id='word_1_11' title='bbox 1105 521 1291 591; x_wconf 80' lang='lat' dir='ltr'><strong>fasque</strong></span> <span class='ocrx_word' id='word_1_12' title='bbox 1345 517 1673 590; x_wconf 83' lang='lat' dir='ltr'><strong>potestativo</strong></span> <span class='ocrx_word' id='word_1_13' title='bbox 1700 514 1874 569; x_wconf 87' lang='lat' dir='ltr'><strong>elatus</strong></span> <span class='ocrx_word' id='word_1_14' title='bbox 1894 523 1919 551; x_wconf 78' lang='grc' dir='ltr'>ι</span> <span class='ocrx_word' id='word_1_15' title='bbox 1954 522 2002 581; x_wconf 67' lang='grc' dir='ltr'>Α</span> <span class='ocrx_word' id='word_1_16' title='bbox 2031 509 2083 562; x_wconf 92' lang='lat' dir='ltr'><strong>in</strong></span> <span class='ocrx_word' id='word_1_17' title='bbox 2111 503 2326 560; x_wconf 90' lang='lat' dir='ltr'><strong>Christo</strong></span> <span class='ocrx_word' id='word_1_18' title='bbox 2350 500 2602 567; x_wconf 78' lang='lat' dir='ltr'><strong>connexi,</strong></span> <span class='ocrx_word' id='word_1_19' title='bbox 2634 504 2813 555; x_wconf 81' lang='lat' dir='ltr'><strong>tamen</strong></span> <span class='ocrx_word' id='word_1_20' title='bbox 2854 502 2956 552; x_wconf 82' lang='lat' dir='ltr'><strong>nec</strong></span> <span class='ocrx_word' id='word_1_21' title='bbox 2985 493 3277 596; x_wconf 56' lang='lat' dir='ltr'><strong>provinciae</strong></span> <span class='ocrx_word' id='word_1_22' title='bbox 3304 492 3613 596; x_wconf 71' lang='lat' dir='ltr'><strong>privilegiis,</strong></span> 
     </span>
    </p>
   </div>
   <div class='ocr_carea' id='block_1_5' title="bbox 337 603 1924 687">
    <p class='ocr_par' dir='ltr' id='par_1_5' title="bbox 337 603 1924 687">
     <span class='ocr_line' id='line_1_5' title="bbox 337 603 1924 687; baseline -0.016 -4"><span class='ocrx_word' id='word_1_23' title='bbox 337 626 625 687; x_wconf 89' lang='lat' dir='ltr'><strong>cothurno,</strong></span> <span class='ocrx_word' id='word_1_24' title='bbox 675 616 1005 675; x_wconf 74' lang='lat' dir='ltr'><strong>oblationem</strong></span> <span class='ocrx_word' id='word_1_25' title='bbox 1033 610 1356 681; x_wconf 76' lang='lat' dir='ltr'><strong>expiationis</strong></span> <span class='ocrx_word' id='word_1_26' title='bbox 1382 607 1511 664; x_wconf 88' lang='lat' dir='ltr'><strong>solis</strong></span> <span class='ocrx_word' id='word_1_27' title='bbox 1556 603 1924 662; x_wconf 76' lang='lat' dir='ltr'><strong>sacerdotibus</strong></span> 
     </span>
    </p>
   </div>
   <div class='ocr_carea' id='block_1_6' title="bbox 338 696 1927 778">
    <p class='ocr_par' dir='ltr' id='par_1_6' title="bbox 338 696 1927 778">
     <span class='ocr_line' id='line_1_6' title="bbox 338 696 1927 778; baseline -0.016 -6"><span class='ocrx_word' id='word_1_28' title='bbox 338 716 574 772; x_wconf 80' lang='lat' dir='ltr'><strong>debitam</strong></span> <span class='ocrx_word' id='word_1_29' title='bbox 599 708 797 767; x_wconf 66' lang='lat' dir='ltr'><strong>oﬁ‘erre</strong></span> <span class='ocrx_word' id='word_1_30' title='bbox 816 712 1050 778; x_wconf 84' lang='lat' dir='ltr'><strong>pararet,</strong></span> <span class='ocrx_word' id='word_1_31' title='bbox 1073 703 1153 758; x_wconf 90' lang='lat' dir='ltr'><strong>sic</strong></span> <span class='ocrx_word' id='word_1_32' title='bbox 1173 701 1376 757; x_wconf 83' lang='lat' dir='ltr'><strong>ultione</strong></span> <span class='ocrx_word' id='word_1_33' title='bbox 1401 696 1608 754; x_wconf 78' lang='lat' dir='ltr'><strong>cmlesti</strong></span> <span class='ocrx_word' id='word_1_34' title='bbox 1635 696 1780 765; x_wconf 81' lang='lat' dir='ltr'><strong>lepra</strong></span> <span class='ocrx_word' id='word_1_35' title='bbox 1804 708 1927 764; x_wconf 78' lang='lat' dir='ltr'><strong>per-</strong></span> 
     </span>
    </p>
   </div>
   <div class='ocr_carea' id='block_1_7' title="bbox 340 789 1928 868">
    <p class='ocr_par' dir='ltr' id='par_1_7' title="bbox 340 789 1928 868">
     <span class='ocr_line' id='line_1_7' title="bbox 340 789 1928 868; baseline -0.015 -6"><span class='ocrx_word' id='word_1_36' title='bbox 340 806 599 868; x_wconf 88' lang='lat' dir='ltr'><strong>funditur,</strong></span> <span class='ocrx_word' id='word_1_37' title='bbox 628 809 689 856; x_wconf 91' lang='lat' dir='ltr'><strong>ut</strong></span> <span class='ocrx_word' id='word_1_38' title='bbox 712 812 935 854; x_wconf 91' lang='lat' dir='ltr'><strong>munere</strong></span> <span class='ocrx_word' id='word_1_39' title='bbox 963 791 1261 849; x_wconf 78' lang='lat' dir='ltr'><strong>sacerdotis</strong></span> <span class='ocrx_word' id='word_1_40' title='bbox 1289 799 1345 845; x_wconf 91' lang='lat' dir='ltr'><strong>et</strong></span> <span class='ocrx_word' id='word_1_41' title='bbox 1386 789 1538 858; x_wconf 87' lang='lat' dir='ltr'><strong>regni</strong></span> <span class='ocrx_word' id='word_1_42' title='bbox 1567 803 1632 843; x_wconf 81' lang='lat' dir='ltr'><strong>ex</strong></span> <span class='ocrx_word' id='word_1_43' title='bbox 1661 802 1729 842; x_wconf 91' lang='lat' dir='ltr'><strong>eo</strong></span> <span class='ocrx_word' id='word_1_44' title='bbox 1760 800 1928 854; x_wconf 83' lang='lat' dir='ltr'><strong>usque</strong></span> 
     </span>
    </p>
   </div>
   <div class='ocr_carea' id='block_1_8' title="bbox 339 874 1925 961">
    <p class='ocr_par' dir='ltr' id='par_1_8' title="bbox 339 874 1925 961">
     <span class='ocr_line' id='line_1_8' title="bbox 339 874 1925 961; baseline -0.016 -9"><span class='ocrx_word' id='word_1_45' title='bbox 339 897 409 953; x_wconf 87' lang='lat' dir='ltr'><strong>ad</strong></span> <span class='ocrx_word' id='word_1_46' title='bbox 430 895 638 949; x_wconf 87' lang='lat' dir='ltr'><strong>obitum</strong></span> <span class='ocrx_word' id='word_1_47' title='bbox 660 892 1006 961; x_wconf 81' lang='lat' dir='ltr'><strong>permaneret</strong></span> <span class='ocrx_word' id='word_1_48' title='bbox 1026 882 1091 937; x_wconf 67' lang='grc' dir='ltr'>η</span> <span class='ocrx_word' id='word_1_49' title='bbox 1113 880 1277 936; x_wconf 82' lang='lat' dir='ltr'><strong>Ozam</strong></span> <span class='ocrx_word' id='word_1_50' title='bbox 1307 879 1529 949; x_wconf 87' lang='lat' dir='ltr'><strong>pariter,</strong></span> <span class='ocrx_word' id='word_1_51' title='bbox 1573 883 1830 946; x_wconf 84' lang='lat' dir='ltr'><strong>quantum</strong></span> <span class='ocrx_word' id='word_1_52' title='bbox 1857 874 1925 928; x_wconf 92' lang='lat' dir='ltr'><strong>ad</strong></span> 
     </span>
    </p>
   </div>
   <div class='ocr_carea' id='block_1_9' title="bbox 342 966 1926 1057">
    <p class='ocr_par' dir='ltr' id='par_1_9' title="bbox 342 966 1926 1057">
     <span class='ocr_line' id='line_1_9' title="bbox 342 966 1926 1057; baseline -0.015 -16"><span class='ocrx_word' id='word_1_53' title='bbox 342 988 515 1057; x_wconf 79' lang='lat' dir='ltr'><strong>ipsum</strong></span> <span class='ocrx_word' id='word_1_54' title='bbox 545 987 684 1047; x_wconf 88' lang='lat' dir='ltr'><strong>erat,</strong></span> <span class='ocrx_word' id='word_1_55' title='bbox 733 978 931 1033; x_wconf 88' lang='lat' dir='ltr'><strong>devoto</strong></span> <span class='ocrx_word' id='word_1_56' title='bbox 979 971 1178 1035; x_wconf 78' lang='lat' dir='ltr'><strong>cilicio,</strong></span> <span class='ocrx_word' id='word_1_57' title='bbox 1228 970 1473 1040; x_wconf 89' lang='lat' dir='ltr'><strong>juvencis</strong></span> <span class='ocrx_word' id='word_1_58' title='bbox 1499 966 1926 1029; x_wconf 84' lang='lat' dir='ltr'><strong>calcitrantibus,</strong></span> 
     </span>
    </p>
   </div>
   <div class='ocr_carea' id='block_1_10' title="bbox 341 1056 1934 1133">
    <p class='ocr_par' dir='ltr' id='par_1_10' title="bbox 341 1056 1934 1133">
     <span class='ocr_line' id='line_1_10' title="bbox 341 1056 1934 1133; baseline -0.014 -1"><span class='ocrx_word' id='word_1_59' title='bbox 341 1056 412 1132; x_wconf 83' lang='lat' dir='ltr'><strong>ne</strong></span> <span class='ocrx_word' id='word_1_60' title='bbox 440 1088 565 1133; x_wconf 87' lang='lat' dir='ltr'><strong>arca</strong></span> <span class='ocrx_word' id='word_1_61' title='bbox 595 1070 689 1126; x_wconf 88' lang='lat' dir='ltr'><strong>Dei</strong></span> <span class='ocrx_word' id='word_1_62' title='bbox 729 1068 1018 1127; x_wconf 83' lang='lat' dir='ltr'><strong>laberetur,</strong></span> <span class='ocrx_word' id='word_1_63' title='bbox 1070 1063 1336 1118; x_wconf 87' lang='lat' dir='ltr'><strong>sustinere</strong></span> <span class='ocrx_word' id='word_1_64' title='bbox 1363 1067 1643 1130; x_wconf 88' lang='lat' dir='ltr'><strong>parantem</strong></span> <span class='ocrx_word' id='word_1_65' title='bbox 1673 1056 1934 1112; x_wconf 87' lang='lat' dir='ltr'><strong>divinitus</strong></span> 
     </span>
    </p>
   </div>
   <div class='ocr_carea' id='block_1_11' title="bbox 342 1148 1931 1240">
    <p class='ocr_par' dir='ltr' id='par_1_11' title="bbox 342 1148 1931 1240">
     <span class='ocr_line' id='line_1_11' title="bbox 342 1148 1931 1240; baseline -0.015 -17"><span class='ocrx_word' id='word_1_66' title='bbox 342 1164 622 1240; x_wconf 79' lang='lat' dir='ltr'><strong>percussio</strong></span> <span class='ocrx_word' id='word_1_67' title='bbox 668 1161 818 1217; x_wconf 87' lang='lat' dir='ltr'><strong>illata</strong></span> <span class='ocrx_word' id='word_1_68' title='bbox 860 1153 1194 1226; x_wconf 85' lang='lat' dir='ltr'><strong>consumpsit</strong></span> <span class='ocrx_word' id='word_1_69' title='bbox 1235 1150 1321 1224; x_wconf 84' lang='lat' dir='ltr'><strong>(II</strong></span> <span class='ocrx_word' id='word_1_70' title='bbox 1358 1150 1485 1222; x_wconf 84' lang='lat' dir='ltr'><strong>Reg.</strong></span> <span class='ocrx_word' id='word_1_71' title='bbox 1520 1166 1592 1215; x_wconf 81' lang='lat' dir='ltr'><strong>vi,</strong></span> <span class='ocrx_word' id='word_1_72' title='bbox 1624 1148 1678 1217; x_wconf 86' lang='lat'><strong>7)</strong></span> <span class='ocrx_word' id='word_1_73' title='bbox 1707 1154 1931 1240; x_wconf 12' lang='lat' dir='ltr'><strong>:osten-e</strong></span> 
     </span>
    </p>
   </div>
   <div class='ocr_carea' id='block_1_12' title="bbox 344 1239 1933 1315">
    <p class='ocr_par' dir='ltr' id='par_1_12' title="bbox 344 1239 1933 1315">
     <span class='ocr_line' id='line_1_12' title="bbox 344 1239 1933 1315; baseline -0.012 -3"><span class='ocrx_word' id='word_1_74' title='bbox 344 1239 476 1312; x_wconf 87' lang='lat' dir='ltr'><strong>dere</strong></span> <span class='ocrx_word' id='word_1_75' title='bbox 502 1252 708 1312; x_wconf 83' lang='lat' dir='ltr'><strong>scilicet</strong></span> <span class='ocrx_word' id='word_1_76' title='bbox 735 1248 941 1312; x_wconf 90' lang='lat' dir='ltr'><strong>volens,</strong></span> <span class='ocrx_word' id='word_1_77' title='bbox 989 1245 1115 1315; x_wconf 86' lang='lat' dir='ltr'><strong>quia</strong></span> <span class='ocrx_word' id='word_1_78' title='bbox 1147 1242 1306 1299; x_wconf 88' lang='lat' dir='ltr'><strong>nullis</strong></span> <span class='ocrx_word' id='word_1_79' title='bbox 1332 1240 1554 1297; x_wconf 90' lang='lat' dir='ltr'><strong>omnino</strong></span> <span class='ocrx_word' id='word_1_80' title='bbox 1592 1239 1790 1302; x_wconf 88' lang='lat' dir='ltr'><strong>causis,</strong></span> <span class='ocrx_word' id='word_1_81' title='bbox 1823 1252 1933 1311; x_wconf 84' lang='lat' dir='ltr'><strong>nec</strong></span> 
     </span>
    </p>
   </div>
   <div class='ocr_carea' id='block_1_13' title="bbox 344 1327 1933 1405">
    <p class='ocr_par' dir='ltr' id='par_1_13' title="bbox 344 1327 1933 1405">
     <span class='ocr_line' id='line_1_13' title="bbox 344 1327 1933 1405; baseline -0.014 -4"><span class='ocrx_word' id='word_1_82' title='bbox 344 1347 447 1401; x_wconf 91' lang='lat' dir='ltr'><strong>sub</strong></span> <span class='ocrx_word' id='word_1_83' title='bbox 476 1341 762 1400; x_wconf 82' lang='lat' dir='ltr'><strong>occasione</strong></span> <span class='ocrx_word' id='word_1_84' title='bbox 788 1335 1107 1393; x_wconf 84' lang='lat' dir='ltr'><strong>humilitatis</strong></span> <span class='ocrx_word' id='word_1_85' title='bbox 1126 1330 1597 1405; x_wconf 69' lang='lat' dir='ltr'><strong>prresumentibus,</strong></span> <span class='ocrx_word' id='word_1_86' title='bbox 1616 1329 1801 1383; x_wconf 86' lang='lat' dir='ltr'><strong>divina</strong></span> <span class='ocrx_word' id='word_1_87' title='bbox 1815 1327 1933 1383; x_wconf 88' lang='lat' dir='ltr'><strong>ofli-</strong></span> 
     </span>
    </p>
   </div>
   <div class='ocr_carea' id='block_1_14' title="bbox 346 1419 1936 1503">
    <p class='ocr_par' dir='ltr' id='par_1_14' title="bbox 346 1419 1936 1503">
     <span class='ocr_line' id='line_1_14' title="bbox 346 1419 1936 1503; baseline -0.013 -11"><span class='ocrx_word' id='word_1_88' title='bbox 346 1439 431 1493; x_wconf 91' lang='lat' dir='ltr'><strong>cia</strong></span> <span class='ocrx_word' id='word_1_89' title='bbox 474 1443 530 1490; x_wconf 93' lang='lat' dir='ltr'><strong>et</strong></span> <span class='ocrx_word' id='word_1_90' title='bbox 556 1436 897 1490; x_wconf 86' lang='lat' dir='ltr'><strong>sacramenta</strong></span> <span class='ocrx_word' id='word_1_91' title='bbox 924 1426 1186 1487; x_wconf 73' lang='lat' dir='ltr'><strong>ctelestia,</strong></span> <span class='ocrx_word' id='word_1_92' title='bbox 1219 1423 1287 1478; x_wconf 89' lang='lat' dir='ltr'><strong>ab</strong></span> <span class='ocrx_word' id='word_1_93' title='bbox 1315 1438 1382 1478; x_wconf 92' lang='lat' dir='ltr'><strong>eo</strong></span> <span class='ocrx_word' id='word_1_94' title='bbox 1410 1422 1497 1476; x_wconf 89' lang='lat' dir='ltr'><strong>cui</strong></span> <span class='ocrx_word' id='word_1_95' title='bbox 1513 1436 1636 1503; x_wconf 27' lang='lat' dir='ltr'><strong>onon</strong></span> <span class='ocrx_word' id='word_1_96' title='bbox 1679 1419 1936 1474; x_wconf 84' lang='lat' dir='ltr'><strong>incumbit</strong></span> 
     </span>
    </p>
   </div>
   <div class='ocr_carea' id='block_1_15' title="bbox 348 1513 1485 1589">
    <p class='ocr_par' dir='ltr' id='par_1_15' title="bbox 348 1513 1485 1589">
     <span class='ocr_line' id='line_1_15' title="bbox 348 1513 1485 1589; baseline -0.015 -7"><span class='ocrx_word' id='word_1_97' title='bbox 348 1526 608 1589; x_wconf 87' lang='lat' dir='ltr'><strong>oflicium,</strong></span> <span class='ocrx_word' id='word_1_98' title='bbox 638 1519 878 1589; x_wconf 85' lang='lat' dir='ltr'><strong>contingi</strong></span> <span class='ocrx_word' id='word_1_99' title='bbox 907 1517 1248 1585; x_wconf 86' lang='lat' dir='ltr'><strong>aliquatenus</strong></span> <span class='ocrx_word' id='word_1_100' title='bbox 1267 1513 1485 1568; x_wconf 90' lang='lat' dir='ltr'><strong>debent.</strong></span> 
     </span>
    </p>
   </div>
   <div class='ocr_carea' id='block_1_16' title="bbox 423 1602 1941 1680">
    <p class='ocr_par' dir='ltr' id='par_1_16' title="bbox 423 1602 1941 1680">
     <span class='ocr_line' id='line_1_16' title="bbox 423 1602 1941 1680; baseline -0.013 -6"><span class='ocrx_word' id='word_1_101' title='bbox 423 1618 514 1673; x_wconf 85' lang='lat' dir='ltr'><strong>IV.</strong></span> <span class='ocrx_word' id='word_1_102' title='bbox 543 1616 781 1672; x_wconf 82' lang='lat' dir='ltr'><strong>Caveant</strong></span> <span class='ocrx_word' id='word_1_103' title='bbox 808 1624 969 1680; x_wconf 82' lang='lat' dir='ltr'><strong>ergo,</strong></span> <span class='ocrx_word' id='word_1_104' title='bbox 991 1614 1219 1664; x_wconf 78' lang='lat' dir='ltr'><strong>caveant</strong></span> <span class='ocrx_word' id='word_1_105' title='bbox 1256 1605 1350 1675; x_wconf 89' lang='lat' dir='ltr'><strong>qui</strong></span> <span class='ocrx_word' id='word_1_106' title='bbox 1395 1603 1495 1660; x_wconf 88' lang='lat' dir='ltr'><strong>sibi</strong></span> <span class='ocrx_word' id='word_1_107' title='bbox 1524 1611 1714 1672; x_wconf 87' lang='lat' dir='ltr'><strong>putant</strong></span> <span class='ocrx_word' id='word_1_108' title='bbox 1736 1617 1856 1657; x_wconf 86' lang='lat' dir='ltr'><strong>esse</strong></span> <span class='ocrx_word' id='word_1_109' title='bbox 1881 1602 1941 1656; x_wconf 87' lang='lat' dir='ltr'><strong>li-</strong></span> 
     </span>
    </p>
   </div>
   <div class='ocr_carea' id='block_1_17' title="bbox 351 1695 1942 1776">
    <p class='ocr_par' dir='ltr' id='par_1_17' title="bbox 351 1695 1942 1776">
     <span class='ocr_line' id='line_1_17' title="bbox 351 1695 1942 1776; baseline -0.011 -11"><span class='ocrx_word' id='word_1_110' title='bbox 351 1710 520 1765; x_wconf 89' lang='lat' dir='ltr'><strong>citum</strong></span> <span class='ocrx_word' id='word_1_111' title='bbox 546 1705 693 1776; x_wconf 89' lang='lat' dir='ltr'><strong>quod</strong></span> <span class='ocrx_word' id='word_1_112' title='bbox 720 1703 839 1758; x_wconf 87' lang='lat' dir='ltr'><strong>aliis</strong></span> <span class='ocrx_word' id='word_1_113' title='bbox 883 1716 991 1756; x_wconf 86' lang='lat' dir='ltr'><strong>non</strong></span> <span class='ocrx_word' id='word_1_114' title='bbox 1048 1700 1297 1768; x_wconf 83' lang='lat' dir='ltr'><strong>ignorant</strong></span> <span class='ocrx_word' id='word_1_115' title='bbox 1327 1708 1351 1737; x_wconf 75' lang='grc' dir='ltr'><strong><em>ο</em></strong></span> <span class='ocrx_word' id='word_1_116' title='bbox 1389 1710 1509 1751; x_wconf 89' lang='lat' dir='ltr'><strong>esse</strong></span> <span class='ocrx_word' id='word_1_117' title='bbox 1560 1695 1842 1757; x_wconf 88' lang='lat' dir='ltr'><strong>illicitum;</strong></span> <span class='ocrx_word' id='word_1_118' title='bbox 1875 1710 1942 1748; x_wconf 87' lang='lat' dir='ltr'><strong>ne</strong></span> 
     </span>
    </p>
   </div>
   <div class='ocr_carea' id='block_1_18' title="bbox 353 1786 1945 1861">
    <p class='ocr_par' dir='ltr' id='par_1_18' title="bbox 353 1786 1945 1861">
     <span class='ocr_line' id='line_1_18' title="bbox 353 1786 1945 1861; baseline -0.013 -3"><span class='ocrx_word' id='word_1_119' title='bbox 353 1800 543 1858; x_wconf 82' lang='lat' dir='ltr'><strong>similis</strong></span> <span class='ocrx_word' id='word_1_120' title='bbox 568 1813 666 1853; x_wconf 90' lang='lat' dir='ltr'><strong>eos</strong></span> <span class='ocrx_word' id='word_1_121' title='bbox 693 1793 719 1833; x_wconf 70' lang='grc' dir='ltr'><em>δ</em></span> <span class='ocrx_word' id='word_1_122' title='bbox 770 1796 961 1849; x_wconf 89' lang='lat' dir='ltr'><strong>borum</strong></span> <span class='ocrx_word' id='word_1_123' title='bbox 998 1806 1136 1861; x_wconf 82' lang='lat' dir='ltr'><strong>quos</strong></span> <span class='ocrx_word' id='word_1_124' title='bbox 1166 1786 1603 1850; x_wconf 83' lang='lat' dir='ltr'><strong>memoravimus,</strong></span> <span class='ocrx_word' id='word_1_125' title='bbox 1635 1800 1791 1856; x_wconf 63' lang='lat' dir='ltr'><strong>penna</strong></span> <span class='ocrx_word' id='word_1_126' title='bbox 1823 1799 1945 1854; x_wconf 85' lang='lat' dir='ltr'><strong>per—</strong></span> 
     </span>
    </p>
   </div>
   <div class='ocr_carea' id='block_1_19' title="bbox 2034 584 3617 655">
    <p class='ocr_par' dir='ltr' id='par_1_19' title="bbox 2034 584 3617 655">
     <span class='ocr_line' id='line_1_19' title="bbox 2034 584 3617 655; baseline -0.011 0"><span class='ocrx_word' id='word_1_127' title='bbox 2034 614 2136 655; x_wconf 92' lang='lat' dir='ltr'><strong>uec</strong></span> <span class='ocrx_word' id='word_1_128' title='bbox 2174 610 2354 652; x_wconf 88' lang='lat' dir='ltr'><strong>rerum</strong></span> <span class='ocrx_word' id='word_1_129' title='bbox 2395 591 2607 650; x_wconf 82' lang='lat' dir='ltr'><strong>Domini</strong></span> <span class='ocrx_word' id='word_1_130' title='bbox 2644 594 2939 647; x_wconf 83' lang='lat' dir='ltr'><strong>noscuntur</strong></span> <span class='ocrx_word' id='word_1_131' title='bbox 2963 586 3282 642; x_wconf 86' lang='lat' dir='ltr'><strong>utilitatibus</strong></span> <span class='ocrx_word' id='word_1_132' title='bbox 3312 584 3617 649; x_wconf 83' lang='lat' dir='ltr'><strong>convenire,</strong></span> 
     </span>
    </p>
   </div>
   <div class='ocr_carea' id='block_1_20' title="bbox 2032 673 3619 758">
    <p class='ocr_par' dir='ltr' id='par_1_20' title="bbox 2032 673 3619 758">
     <span class='ocr_line' id='line_1_20' title="bbox 2032 673 3619 758; baseline -0.009 -13"><span class='ocrx_word' id='word_1_133' title='bbox 2032 690 2159 758; x_wconf 85' lang='lat' dir='ltr'><strong>quia</strong></span> <span class='ocrx_word' id='word_1_134' title='bbox 2183 687 2293 757; x_wconf 89' lang='lat' dir='ltr'><strong>jam</strong></span> <span class='ocrx_word' id='word_1_135' title='bbox 2323 687 2387 740; x_wconf 88' lang='lat' dir='ltr'><strong>ad</strong></span> <span class='ocrx_word' id='word_1_136' title='bbox 2434 686 2603 757; x_wconf 89' lang='lat' dir='ltr'><strong>ipsum</strong></span> <span class='ocrx_word' id='word_1_137' title='bbox 2644 679 3014 752; x_wconf 81' lang='lat' dir='ltr'><strong>hujuscemodi</strong></span> <span class='ocrx_word' id='word_1_138' title='bbox 3060 677 3199 732; x_wconf 90' lang='lat' dir='ltr'><strong>fama</strong></span> <span class='ocrx_word' id='word_1_139' title='bbox 3233 675 3438 747; x_wconf 87' lang='lat' dir='ltr'><strong>perlata</strong></span> <span class='ocrx_word' id='word_1_140' title='bbox 3465 673 3489 711; x_wconf 76' lang='grc' dir='ltr'><strong>ιι</strong></span> <span class='ocrx_word' id='word_1_141' title='bbox 3515 682 3619 730; x_wconf 88' lang='lat' dir='ltr'><strong>est.</strong></span> 
     </span>
    </p>
   </div>
   <div class='ocr_carea' id='block_1_21' title="bbox 2031 768 3626 849">
    <p class='ocr_par' dir='ltr' id='par_1_21' title="bbox 2031 768 3626 849">
     <span class='ocr_line' id='line_1_21' title="bbox 2031 768 3626 849; baseline -0.009 -13"><span class='ocrx_word' id='word_1_142' title='bbox 2031 781 2268 849; x_wconf 89' lang='lat' dir='ltr'><strong>Ideoque</strong></span> <span class='ocrx_word' id='word_1_143' title='bbox 2291 779 2490 836; x_wconf 82' lang='lat' dir='ltr'><strong>salubri</strong></span> <span class='ocrx_word' id='word_1_144' title='bbox 2519 775 2855 832; x_wconf 87' lang='lat' dir='ltr'><strong>ordinatione</strong></span> <span class='ocrx_word' id='word_1_145' title='bbox 2884 771 3207 835; x_wconf 83' lang='lat' dir='ltr'><strong>censuimus,</strong></span> <span class='ocrx_word' id='word_1_146' title='bbox 3248 778 3308 823; x_wconf 92' lang='lat' dir='ltr'><strong>ut</strong></span> <span class='ocrx_word' id='word_1_147' title='bbox 3337 769 3378 822; x_wconf 89' lang='lat' dir='ltr'><strong>si</strong></span> <span class='ocrx_word' id='word_1_148' title='bbox 3408 768 3626 837; x_wconf 90' lang='lat' dir='ltr'><strong>quando</strong></span> 
     </span>
    </p>
   </div>
   <div class='ocr_carea' id='block_1_22' title="bbox 2033 859 3622 934">
    <p class='ocr_par' dir='ltr' id='par_1_22' title="bbox 2033 859 3622 934">
     <span class='ocr_line' id='line_1_22' title="bbox 2033 859 3622 934; baseline -0.011 -6"><span class='ocrx_word' id='word_1_149' title='bbox 2033 874 2155 928; x_wconf 89' lang='lat' dir='ltr'><strong>talis</strong></span> <span class='ocrx_word' id='word_1_150' title='bbox 2186 874 2479 927; x_wconf 82' lang='lat' dir='ltr'><strong>necessitas</strong></span> <span class='ocrx_word' id='word_1_151' title='bbox 2508 868 2828 934; x_wconf 83' lang='lat' dir='ltr'><strong>incubuerit,</strong></span> <span class='ocrx_word' id='word_1_152' title='bbox 2868 864 3059 920; x_wconf 90' lang='lat' dir='ltr'><strong>litteris</strong></span> <span class='ocrx_word' id='word_1_153' title='bbox 3084 878 3182 916; x_wconf 89' lang='lat' dir='ltr'><strong>nos</strong></span> <span class='ocrx_word' id='word_1_154' title='bbox 3211 860 3503 916; x_wconf 82' lang='lat' dir='ltr'><strong>informare</strong></span> <span class='ocrx_word' id='word_1_155' title='bbox 3531 859 3622 913; x_wconf 86' lang='lat' dir='ltr'><strong>de.-</strong></span> 
     </span>
    </p>
   </div>
   <div class='ocr_carea' id='block_1_23' title="bbox 2035 951 3624 1033">
    <p class='ocr_par' dir='ltr' id='par_1_23' title="bbox 2035 951 3624 1033">
     <span class='ocr_line' id='line_1_23' title="bbox 2035 951 3624 1033; baseline -0.011 -14"><span class='ocrx_word' id='word_1_156' title='bbox 2035 965 2227 1031; x_wconf 86' lang='lat' dir='ltr'><strong>beatis,</strong></span> <span class='ocrx_word' id='word_1_157' title='bbox 2257 972 2312 1019; x_wconf 88' lang='lat' dir='ltr'><strong>et</strong></span> <span class='ocrx_word' id='word_1_158' title='bbox 2347 971 2440 1017; x_wconf 90' lang='lat' dir='ltr'><strong>aut</strong></span> <span class='ocrx_word' id='word_1_159' title='bbox 2479 978 2577 1033; x_wconf 91' lang='lat' dir='ltr'><strong>per</strong></span> <span class='ocrx_word' id='word_1_160' title='bbox 2609 975 2730 1027; x_wconf 89' lang='lat' dir='ltr'><strong>nos,</strong></span> <span class='ocrx_word' id='word_1_161' title='bbox 2785 966 2881 1012; x_wconf 89' lang='lat' dir='ltr'><strong>aut</strong></span> <span class='ocrx_word' id='word_1_162' title='bbox 2921 972 3018 1026; x_wconf 86' lang='lat' dir='ltr'><strong>per</strong></span> <span class='ocrx_word' id='word_1_163' title='bbox 3054 970 3175 1009; x_wconf 90' lang='lat' dir='ltr'><strong>eum</strong></span> <span class='ocrx_word' id='word_1_164' title='bbox 3219 953 3311 1023; x_wconf 92' lang='lat' dir='ltr'><strong>qui</strong></span> <span class='ocrx_word' id='word_1_165' title='bbox 3360 951 3514 1006; x_wconf 90' lang='lat' dir='ltr'><strong>nobis</strong></span> <span class='ocrx_word' id='word_1_166' title='bbox 3562 968 3624 1002; x_wconf 76' lang='lat' dir='ltr'><strong>ex</strong></span> 
     </span>
    </p>
   </div>
   <div class='ocr_carea' id='block_1_24' title="bbox 2036 1042 3626 1121">
    <p class='ocr_par' dir='ltr' id='par_1_24' title="bbox 2036 1042 3626 1121">
     <span class='ocr_line' id='line_1_24' title="bbox 2036 1042 3626 1121; baseline -0.011 -12"><span class='ocrx_word' id='word_1_167' title='bbox 2036 1054 2288 1109; x_wconf 84' lang='lat' dir='ltr'><strong>fratribus</strong></span> <span class='ocrx_word' id='word_1_168' title='bbox 2316 1063 2371 1108; x_wconf 91' lang='lat' dir='ltr'><strong>et</strong></span> <span class='ocrx_word' id='word_1_169' title='bbox 2397 1049 2732 1121; x_wconf 89' lang='lat' dir='ltr'><strong>coepisc0pis</strong></span> <span class='ocrx_word' id='word_1_170' title='bbox 2768 1048 2968 1103; x_wconf 89' lang='lat' dir='ltr'><strong>nostris</strong></span> <span class='ocrx_word' id='word_1_171' title='bbox 3017 1045 3162 1100; x_wconf 83' lang='lat' dir='ltr'><strong>visus</strong></span> <span class='ocrx_word' id='word_1_172' title='bbox 3200 1042 3380 1109; x_wconf 87' lang='lat' dir='ltr'><strong>fuerit,</strong></span> <span class='ocrx_word' id='word_1_173' title='bbox 3410 1052 3463 1096; x_wconf 85' lang='lat' dir='ltr'><strong>et</strong></span> <span class='ocrx_word' id='word_1_174' title='bbox 3493 1057 3626 1094; x_wconf 78' lang='lat' dir='ltr'><strong>cm.-</strong></span> 
     </span>
    </p>
   </div>
   <div class='ocr_carea' id='block_1_25' title="bbox 2034 1134 3626 1209">
    <p class='ocr_par' dir='ltr' id='par_1_25' title="bbox 2034 1134 3626 1209">
     <span class='ocr_line' id='line_1_25' title="bbox 2034 1134 3626 1209; baseline -0.011 -6"><span class='ocrx_word' id='word_1_175' title='bbox 2034 1147 2267 1203; x_wconf 82' lang='lat' dir='ltr'><strong>secratio</strong></span> <span class='ocrx_word' id='word_1_176' title='bbox 2317 1144 2694 1207; x_wconf 88' lang='lat' dir='ltr'><strong>ecclesiarum,</strong></span> <span class='ocrx_word' id='word_1_177' title='bbox 2746 1142 2858 1196; x_wconf 91' lang='lat' dir='ltr'><strong>Deo</strong></span> <span class='ocrx_word' id='word_1_178' title='bbox 2912 1139 3160 1209; x_wconf 86' lang='lat' dir='ltr'><strong>auspice,</strong></span> <span class='ocrx_word' id='word_1_179' title='bbox 3221 1135 3423 1206; x_wconf 90' lang='lat' dir='ltr'><strong>poterit</strong></span> <span class='ocrx_word' id='word_1_180' title='bbox 3482 1134 3626 1188; x_wconf 84' lang='lat' dir='ltr'><strong>cclc—</strong></span> 
     </span>
    </p>
   </div>
   <div class='ocr_carea' id='block_1_26' title="bbox 2040 1237 2202 1291">
    <p class='ocr_par' dir='ltr' id='par_1_26' title="bbox 2040 1237 2202 1291">
     <span class='ocr_line' id='line_1_26' title="bbox 2040 1237 2202 1291; baseline -0.031 0"><span class='ocrx_word' id='word_1_181' title='bbox 2040 1237 2202 1291; x_wconf 80' lang='lat' dir='ltr'><strong>brari.</strong></span> 
     </span>
    </p>
   </div>
   <div class='ocr_carea' id='block_1_27' title="bbox 2110 1339 3626 1412">
    <p class='ocr_par' dir='ltr' id='par_1_27' title="bbox 2110 1339 3626 1412">
     <span class='ocr_line' id='line_1_27' title="bbox 2110 1339 3626 1412; baseline -0.006 -13"><span class='ocrx_word' id='word_1_182' title='bbox 2110 1343 2220 1399; x_wconf 66' lang='grc' dir='ltr'><strong>γη.</strong></span> <span class='ocrx_word' id='word_1_183' title='bbox 2277 1343 2543 1398; x_wconf 61' lang='lat' dir='ltr'><strong>Praeterea</strong></span> <span class='ocrx_word' id='word_1_184' title='bbox 2614 1342 3028 1412; x_wconf 78' lang='lat' dir='ltr'><strong>perditissimam</strong></span> <span class='ocrx_word' id='word_1_185' title='bbox 3104 1339 3626 1395; x_wconf 80' lang='lat' dir='ltr'><strong>Priscillianistarum</strong></span> 
     </span>
    </p>
   </div>
   <div class='ocr_carea' id='block_1_28' title="bbox 2039 1430 3626 1505">
    <p class='ocr_par' dir='ltr' id='par_1_28' title="bbox 2039 1430 3626 1505">
     <span class='ocr_line' id='line_1_28' title="bbox 2039 1430 3626 1505; baseline -0.006 -10"><span class='ocrx_word' id='word_1_186' title='bbox 2039 1447 2241 1495; x_wconf 79' lang='lat' dir='ltr'><strong>sectam</strong></span> <span class='ocrx_word' id='word_1_187' title='bbox 2278 1445 2385 1492; x_wconf 89' lang='lat' dir='ltr'><strong>tam</strong></span> <span class='ocrx_word' id='word_1_188' title='bbox 2429 1437 2562 1491; x_wconf 89' lang='lat' dir='ltr'><strong>actis</strong></span> <span class='ocrx_word' id='word_1_189' title='bbox 2608 1450 2769 1505; x_wconf 88' lang='lat' dir='ltr'><strong>quam</strong></span> <span class='ocrx_word' id='word_1_190' title='bbox 2824 1436 3040 1489; x_wconf 85' lang='lat' dir='ltr'><strong>nomine</strong></span> <span class='ocrx_word' id='word_1_191' title='bbox 3095 1450 3124 1488; x_wconf 90' lang='lat' dir='ltr'><strong>a</strong></span> <span class='ocrx_word' id='word_1_192' title='bbox 3173 1432 3325 1487; x_wconf 88' lang='lat' dir='ltr'><strong>vobis</strong></span> <span class='ocrx_word' id='word_1_193' title='bbox 3365 1430 3626 1502; x_wconf 69' lang='lat' dir='ltr'><strong>prmcipuc</strong></span> 
     </span>
    </p>
   </div>
   <div class='ocr_carea' id='block_1_29' title="bbox 2045 1522 3629 1594">
    <p class='ocr_par' dir='ltr' id='par_1_29' title="bbox 2045 1522 3629 1594">
     <span class='ocr_line' id='line_1_29' title="bbox 2045 1522 3629 1594; baseline -0.005 -11"><span class='ocrx_word' id='word_1_194' title='bbox 2045 1531 2289 1583; x_wconf 76' lang='lat' dir='ltr'><strong>novimus</strong></span> <span class='ocrx_word' id='word_1_195' title='bbox 2332 1527 2607 1582; x_wconf 87' lang='lat' dir='ltr'><strong>honorari.</strong></span> <span class='ocrx_word' id='word_1_196' title='bbox 2654 1525 2824 1593; x_wconf 80' lang='lat' dir='ltr'><strong>Rogo,</strong></span> <span class='ocrx_word' id='word_1_197' title='bbox 2858 1540 2977 1594; x_wconf 76' lang='lat' dir='ltr'><strong>qute</strong></span> <span class='ocrx_word' id='word_1_198' title='bbox 3018 1532 3100 1580; x_wconf 82' lang='lat' dir='ltr'><strong>est</strong></span> <span class='ocrx_word' id='word_1_199' title='bbox 3142 1525 3239 1579; x_wconf 88' lang='lat' dir='ltr'><strong>ista</strong></span> <span class='ocrx_word' id='word_1_200' title='bbox 3279 1522 3547 1577; x_wconf 89' lang='lat' dir='ltr'><strong>dementia</strong></span> <span class='ocrx_word' id='word_1_201' title='bbox 3577 1522 3629 1575; x_wconf 88' lang='lat' dir='ltr'><strong>in</strong></span> 
     </span>
    </p>
   </div>
   <div class='ocr_carea' id='block_1_30' title="bbox 2044 1612 3633 1689">
    <p class='ocr_par' dir='ltr' id='par_1_30' title="bbox 2044 1612 3633 1689">
     <span class='ocr_line' id='line_1_30' title="bbox 2044 1612 3633 1689; baseline -0.003 -17"><span class='ocrx_word' id='word_1_202' title='bbox 2044 1623 2160 1686; x_wconf 62' lang='lat' dir='ltr'><strong>eius</strong></span> <span class='ocrx_word' id='word_1_203' title='bbox 2195 1636 2381 1677; x_wconf 89' lang='lat' dir='ltr'><strong>amore</strong></span> <span class='ocrx_word' id='word_1_204' title='bbox 2421 1617 2691 1689; x_wconf 82' lang='lat' dir='ltr'><strong>superﬂue</strong></span> <span class='ocrx_word' id='word_1_205' title='bbox 2721 1618 2853 1685; x_wconf 88' lang='lat' dir='ltr'><strong>labi,</strong></span> <span class='ocrx_word' id='word_1_206' title='bbox 2882 1632 3040 1686; x_wconf 89' lang='lat' dir='ltr'><strong>quem</strong></span> <span class='ocrx_word' id='word_1_207' title='bbox 3083 1617 3133 1669; x_wconf 91' lang='lat' dir='ltr'><strong>in</strong></span> <span class='ocrx_word' id='word_1_208' title='bbox 3164 1631 3328 1685; x_wconf 87' lang='lat' dir='ltr'><strong>opere</strong></span> <span class='ocrx_word' id='word_1_209' title='bbox 3367 1630 3470 1669; x_wconf 91' lang='lat' dir='ltr'><strong>non</strong></span> <span class='ocrx_word' id='word_1_210' title='bbox 3498 1612 3633 1669; x_wconf 90' lang='lat' dir='ltr'><strong>velis</strong></span> 
     </span>
    </p>
   </div>
   <div class='ocr_carea' id='block_1_31' title="bbox 2046 1704 3635 1778">
    <p class='ocr_par' dir='ltr' id='par_1_31' title="bbox 2046 1704 3635 1778">
     <span class='ocr_line' id='line_1_31' title="bbox 2046 1704 3635 1778; baseline -0.004 -14"><span class='ocrx_word' id='word_1_211' title='bbox 2046 1711 2292 1766; x_wconf 77' lang='lat' dir='ltr'><strong>imitari?</strong></span> <span class='ocrx_word' id='word_1_212' title='bbox 2328 1710 2482 1775; x_wconf 86' lang='lat' dir='ltr'><strong>Nam,</strong></span> <span class='ocrx_word' id='word_1_213' title='bbox 2515 1717 2573 1763; x_wconf 91' lang='lat' dir='ltr'><strong>ut</strong></span> <span class='ocrx_word' id='word_1_214' title='bbox 2600 1724 2771 1778; x_wconf 88' lang='lat' dir='ltr'><strong>pauca</strong></span> <span class='ocrx_word' id='word_1_215' title='bbox 2816 1709 2881 1763; x_wconf 88' lang='lat' dir='ltr'><strong>de</strong></span> <span class='ocrx_word' id='word_1_216' title='bbox 2925 1708 3041 1777; x_wconf 87' lang='lat' dir='ltr'><strong>ejus</strong></span> <span class='ocrx_word' id='word_1_217' title='bbox 3080 1706 3352 1777; x_wconf 72' lang='lat' dir='ltr'><strong>spurcitiis</strong></span> <span class='ocrx_word' id='word_1_218' title='bbox 3392 1706 3445 1759; x_wconf 92' lang='lat' dir='ltr'><strong>in</strong></span> <span class='ocrx_word' id='word_1_219' title='bbox 3493 1704 3635 1759; x_wconf 88' lang='lat' dir='ltr'><strong>noli-</strong></span> 
     </span>
    </p>
   </div>
   <div class='ocr_carea' id='block_1_32' title="bbox 2047 1798 3635 1869">
    <p class='ocr_par' dir='ltr' id='par_1_32' title="bbox 2047 1798 3635 1869">
     <span class='ocr_line' id='line_1_32' title="bbox 2047 1798 3635 1869; baseline -0.003 -16"><span class='ocrx_word' id='word_1_220' title='bbox 2047 1804 2175 1856; x_wconf 86' lang='lat' dir='ltr'><strong>tiam</strong></span> <span class='ocrx_word' id='word_1_221' title='bbox 2200 1802 2360 1856; x_wconf 83' lang='lat' dir='ltr'><strong>rest-ri</strong></span> <span class='ocrx_word' id='word_1_222' title='bbox 2404 1800 2685 1866; x_wconf 87' lang='lat' dir='ltr'><strong>deducam,</strong></span> <span class='ocrx_word' id='word_1_223' title='bbox 2727 1800 2967 1869; x_wconf 78' lang='lat' dir='ltr'><strong>exceptis</strong></span> <span class='ocrx_word' id='word_1_224' title='bbox 3013 1800 3076 1853; x_wconf 91' lang='lat' dir='ltr'><strong>iis</strong></span> <span class='ocrx_word' id='word_1_225' title='bbox 3104 1812 3223 1866; x_wconf 74' lang='lat' dir='ltr'><strong>quae</strong></span> <span class='ocrx_word' id='word_1_226' title='bbox 3254 1799 3307 1852; x_wconf 90' lang='lat' dir='ltr'><strong>in</strong></span> <span class='ocrx_word' id='word_1_227' title='bbox 3348 1798 3635 1852; x_wconf 87' lang='lat' dir='ltr'><strong>Divinitate</strong></span> 
     </span>
    </p>
   </div>
   <div class='ocr_carea' id='block_1_33' title="bbox 353 1876 3709 1977">
    <p class='ocr_par' dir='ltr' id='par_1_33' title="bbox 353 1876 3709 1977">
     <span class='ocr_line' id='line_1_33' title="bbox 353 1876 3709 1977; baseline -0.002 -28"><span class='ocrx_word' id='word_1_228' title='bbox 353 1891 534 1948; x_wconf 81' lang='lat' dir='ltr'><strong>cellat.</strong></span> <span class='ocrx_word' id='word_1_229' title='bbox 589 1886 668 1943; x_wconf 76' lang='lat' dir='ltr'><strong>An</strong></span> <span class='ocrx_word' id='word_1_230' title='bbox 720 1884 1329 1977; x_wconf 40' lang='lat' dir='ltr'><strong>forSilannsalltltOI‘uﬂ</strong></span> <span class='ocrx_word' id='word_1_231' title='bbox 1360 1878 1575 1977; x_wconf 60' lang='grc' dir='ltr'><strong>Ρδιΐξξηι</strong></span> <span class='ocrx_word' id='word_1_232' title='bbox 1632 1876 1844 1977; x_wconf 59' lang='grc' dir='ltr'><strong>νεευξεξ</strong></span> <span class='ocrx_word' id='word_1_233' title='bbox 1890 1884 1948 1930; x_wconf 69' lang='grc' dir='ltr'><strong>ει</strong></span> <span class='ocrx_word' id='word_1_234' title='bbox 1980 1919 2022 1977; x_wconf 62' lang='grc' dir='ltr'><strong>Β</strong></span> <span class='ocrx_word' id='word_1_235' title='bbox 2051 1893 2311 1963; x_wconf 84' lang='lat' dir='ltr'><strong>profanus</strong></span> <span class='ocrx_word' id='word_1_236' title='bbox 2331 1894 2529 1975; x_wconf 74' lang='lat' dir='ltr'><strong>erupit,</strong></span> <span class='ocrx_word' id='word_1_237' title='bbox 2570 1901 2625 1947; x_wconf 89' lang='lat' dir='ltr'><strong>et</strong></span> <span class='ocrx_word' id='word_1_238' title='bbox 2654 1906 2747 1946; x_wconf 88' lang='lat' dir='ltr'><strong>ore</strong></span> <span class='ocrx_word' id='word_1_239' title='bbox 2776 1892 3038 1961; x_wconf 81' lang='lat' dir='ltr'><strong>sacrilego</strong></span> <span class='ocrx_word' id='word_1_240' title='bbox 3078 1890 3484 1960; x_wconf 83' lang='lat' dir='ltr'><strong>hlasphemavit,</strong></span> <span class='ocrx_word' id='word_1_241' title='bbox 3515 1906 3633 1943; x_wconf 87' lang='lat' dir='ltr'><strong>om-</strong></span> <span class='ocrx_word' id='word_1_242' title='bbox 3704 1894 3709 1901; x_wconf 82' lang='grc'><em>’</em></span> 
     </span>
    </p>
   </div>
   <div class='ocr_carea' id='block_1_34' title="bbox 356 1967 1942 2046">
    <p class='ocr_par' dir='ltr' id='par_1_34' title="bbox 356 1967 1942 2046">
     <span class='ocr_line' id='line_1_34' title="bbox 356 1967 1942 2046; baseline -0.009 -10"><span class='ocrx_word' id='word_1_243' title='bbox 356 1978 771 2036; x_wconf 88' lang='lat' dir='ltr'><strong>constitutiones</strong></span> <span class='ocrx_word' id='word_1_244' title='bbox 797 1973 1080 2046; x_wconf 85' lang='lat' dir='ltr'><strong>synodicas</strong></span> <span class='ocrx_word' id='word_1_245' title='bbox 1105 1971 1381 2040; x_wconf 79' lang='lat' dir='ltr'><strong>ignoratis,</strong></span> <span class='ocrx_word' id='word_1_246' title='bbox 1410 1969 1602 2039; x_wconf 85' lang='lat' dir='ltr'><strong>quibus</strong></span> <span class='ocrx_word' id='word_1_247' title='bbox 1628 1967 1942 2039; x_wconf 52' lang='lat' dir='ltr'><strong>praecipiun-</strong></span> 
     </span>
    </p>
   </div>
   <div class='ocr_carea' id='block_1_35' title="bbox 356 2060 1943 2151">
    <p class='ocr_par' dir='ltr' id='par_1_35' title="bbox 356 2060 1943 2151">
     <span class='ocr_line' id='line_1_35' title="bbox 356 2060 1943 2151; baseline -0.009 -23"><span class='ocrx_word' id='word_1_248' title='bbox 356 2082 446 2128; x_wconf 77' lang='lat' dir='ltr'><strong>tur</strong></span> <span class='ocrx_word' id='word_1_249' title='bbox 468 2081 492 2110; x_wconf 81' lang='grc' dir='ltr'><strong>ο</strong></span> <span class='ocrx_word' id='word_1_250' title='bbox 521 2068 885 2151; x_wconf 69' lang='lat' dir='ltr'><strong>parochenses</strong></span> <span class='ocrx_word' id='word_1_251' title='bbox 914 2062 1215 2136; x_wconf 83' lang='lat' dir='ltr'><strong>presbyteri</strong></span> <span class='ocrx_word' id='word_1_252' title='bbox 1245 2077 1351 2116; x_wconf 92' lang='lat' dir='ltr'><strong>non</strong></span> <span class='ocrx_word' id='word_1_253' title='bbox 1382 2075 1480 2132; x_wconf 92' lang='lat' dir='ltr'><strong>per</strong></span> <span class='ocrx_word' id='word_1_254' title='bbox 1502 2060 1719 2115; x_wconf 76' lang='lat' dir='ltr'><strong>viliores</strong></span> <span class='ocrx_word' id='word_1_255' title='bbox 1756 2075 1943 2131; x_wconf 89' lang='lat' dir='ltr'><strong>perso-</strong></span> 
     </span>
    </p>
   </div>
   <div class='ocr_carea' id='block_1_36' title="bbox 357 2150 1944 2231">
    <p class='ocr_par' dir='ltr' id='par_1_36' title="bbox 357 2150 1944 2231">
     <span class='ocr_line' id='line_1_36' title="bbox 357 2150 1944 2231; baseline -0.01 -11"><span class='ocrx_word' id='word_1_256' title='bbox 357 2176 474 2231; x_wconf 87' lang='lat' dir='ltr'><strong>nas,</strong></span> <span class='ocrx_word' id='word_1_257' title='bbox 507 2162 721 2223; x_wconf 74' lang='lat' dir='ltr'><strong>sedaut</strong></span> <span class='ocrx_word' id='word_1_258' title='bbox 757 2150 854 2231; x_wconf 89' lang='lat' dir='ltr'><strong>per</strong></span> <span class='ocrx_word' id='word_1_259' title='bbox 886 2155 1223 2226; x_wconf 88' lang='lat' dir='ltr'><strong>semetipsos,</strong></span> <span class='ocrx_word' id='word_1_260' title='bbox 1257 2161 1349 2208; x_wconf 88' lang='lat' dir='ltr'><strong>aut</strong></span> <span class='ocrx_word' id='word_1_261' title='bbox 1378 2168 1474 2224; x_wconf 88' lang='lat' dir='ltr'><strong>per</strong></span> <span class='ocrx_word' id='word_1_262' title='bbox 1502 2150 1739 2208; x_wconf 82' lang='lat' dir='ltr'><strong>rectores</strong></span> <span class='ocrx_word' id='word_1_263' title='bbox 1763 2166 1944 2207; x_wconf 78' lang='lat' dir='ltr'><strong>sacra-</strong></span> 
     </span>
    </p>
   </div>
   <div class='ocr_carea' id='block_1_37' title="bbox 359 2240 1943 2314">
    <p class='ocr_par' dir='ltr' id='par_1_37' title="bbox 359 2240 1943 2314">
     <span class='ocr_line' id='line_1_37' title="bbox 359 2240 1943 2314; baseline -0.01 -2"><span class='ocrx_word' id='word_1_264' title='bbox 359 2240 565 2311; x_wconf 79' lang='lat' dir='ltr'><strong>nierum</strong></span> <span class='ocrx_word' id='word_1_265' title='bbox 593 2250 786 2307; x_wconf 86' lang='lat' dir='ltr'><strong>annuis</strong></span> <span class='ocrx_word' id='word_1_266' title='bbox 815 2248 1019 2305; x_wconf 84' lang='lat' dir='ltr'><strong>vicibus</strong></span> <span class='ocrx_word' id='word_1_267' title='bbox 1045 2246 1278 2302; x_wconf 81' lang='lat' dir='ltr'><strong>chrisma</strong></span> <span class='ocrx_word' id='word_1_268' title='bbox 1306 2260 1336 2299; x_wconf 91' lang='lat' dir='ltr'><strong>a</strong></span> <span class='ocrx_word' id='word_1_269' title='bbox 1356 2244 1678 2314; x_wconf 72' lang='lat' dir='ltr'><strong>pnnsidentc</strong></span> <span class='ocrx_word' id='word_1_270' title='bbox 1703 2240 1804 2297; x_wconf 89' lang='lat' dir='ltr'><strong>sibi</strong></span> <span class='ocrx_word' id='word_1_271' title='bbox 1828 2243 1943 2313; x_wconf 87' lang='lat' dir='ltr'><strong>epi-</strong></span> 
     </span>
    </p>
   </div>
   <div class='ocr_carea' id='block_1_38' title="bbox 358 2336 1949 2417">
    <p class='ocr_par' dir='ltr' id='par_1_38' title="bbox 358 2336 1949 2417">
     <span class='ocr_line' id='line_1_38' title="bbox 358 2336 1949 2417; baseline -0.01 -12"><span class='ocrx_word' id='word_1_272' title='bbox 358 2362 527 2417; x_wconf 75' lang='lat' dir='ltr'><strong>seopo</strong></span> <span class='ocrx_word' id='word_1_273' title='bbox 575 2344 799 2417; x_wconf 87' lang='lat' dir='ltr'><strong>petant?</strong></span> <span class='ocrx_word' id='word_1_274' title='bbox 849 2340 1029 2396; x_wconf 88' lang='lat' dir='ltr'><strong>Credo</strong></span> <span class='ocrx_word' id='word_1_275' title='bbox 1081 2338 1226 2409; x_wconf 88' lang='lat' dir='ltr'><strong>quod</strong></span> <span class='ocrx_word' id='word_1_276' title='bbox 1279 2339 1371 2407; x_wconf 89' lang='lat' dir='ltr'><strong>qui</strong></span> <span class='ocrx_word' id='word_1_277' title='bbox 1424 2346 1607 2408; x_wconf 80' lang='lat' dir='ltr'><strong>petere</strong></span> <span class='ocrx_word' id='word_1_278' title='bbox 1648 2336 1949 2406; x_wconf 82' lang='lat' dir='ltr'><strong>jusserunt,</strong></span> 
     </span>
    </p>
   </div>
   <div class='ocr_carea' id='block_1_39' title="bbox 359 2425 1950 2509">
    <p class='ocr_par' dir='ltr' id='par_1_39' title="bbox 359 2425 1950 2509">
     <span class='ocr_line' id='line_1_39' title="bbox 359 2425 1950 2509; baseline -0.008 -17"><span class='ocrx_word' id='word_1_279' title='bbox 359 2444 687 2509; x_wconf 85' lang='lat' dir='ltr'><strong>potestatem</strong></span> <span class='ocrx_word' id='word_1_280' title='bbox 715 2429 1073 2489; x_wconf 90' lang='lat' dir='ltr'><strong>consecrandi</strong></span> <span class='ocrx_word' id='word_1_281' title='bbox 1110 2429 1323 2501; x_wconf 84' lang='lat' dir='ltr'><strong>penitus</strong></span> <span class='ocrx_word' id='word_1_282' title='bbox 1363 2429 1717 2485; x_wconf 87' lang='lat' dir='ltr'><strong>abstulerunt.</strong></span> <span class='ocrx_word' id='word_1_283' title='bbox 1764 2425 1950 2482; x_wconf 87' lang='lat' dir='ltr'><strong>Provi-</strong></span> 
     </span>
    </p>
   </div>
   <div class='ocr_carea' id='block_1_40' title="bbox 360 2515 1950 2593">
    <p class='ocr_par' dir='ltr' id='par_1_40' title="bbox 360 2515 1950 2593">
     <span class='ocr_line' id='line_1_40' title="bbox 360 2515 1950 2593; baseline -0.008 -11"><span class='ocrx_word' id='word_1_284' title='bbox 360 2528 561 2583; x_wconf 73' lang='lat' dir='ltr'><strong>debit-&#39;</strong></span> <span class='ocrx_word' id='word_1_285' title='bbox 595 2540 727 2593; x_wconf 82' lang='lat' dir='ltr'><strong>ergo</strong></span> <span class='ocrx_word' id='word_1_286' title='bbox 766 2522 963 2579; x_wconf 86' lang='lat' dir='ltr'><strong>caritas</strong></span> <span class='ocrx_word' id='word_1_287' title='bbox 1011 2526 1215 2588; x_wconf 86' lang='lat' dir='ltr'><strong>vestra,</strong></span> <span class='ocrx_word' id='word_1_288' title='bbox 1264 2534 1330 2573; x_wconf 90' lang='lat' dir='ltr'><strong>ne</strong></span> <span class='ocrx_word' id='word_1_289' title='bbox 1368 2526 1489 2587; x_wconf 84' lang='lat' dir='ltr'><strong>post</strong></span> <span class='ocrx_word' id='word_1_290' title='bbox 1536 2517 1692 2586; x_wconf 88' lang='lat' dir='ltr'><strong>hujus</strong></span> <span class='ocrx_word' id='word_1_291' title='bbox 1740 2515 1950 2570; x_wconf 78' lang='lat' dir='ltr'><strong>humili-</strong></span> 
     </span>
    </p>
   </div>
   <div class='ocr_carea' id='block_1_41' title="bbox 363 2608 1952 2676">
    <p class='ocr_par' dir='ltr' id='par_1_41' title="bbox 363 2608 1952 2676">
     <span class='ocr_line' id='line_1_41' title="bbox 363 2608 1952 2676; baseline -0.008 -3"><span class='ocrx_word' id='word_1_292' title='bbox 363 2617 491 2673; x_wconf 83' lang='lat' dir='ltr'><strong>tatis</strong></span> <span class='ocrx_word' id='word_1_293' title='bbox 518 2624 715 2672; x_wconf 79' lang='lat' dir='ltr'><strong>nostrae</strong></span> <span class='ocrx_word' id='word_1_294' title='bbox 753 2611 1115 2676; x_wconf 88' lang='lat' dir='ltr'><strong>interdictum,</strong></span> <span class='ocrx_word' id='word_1_295' title='bbox 1148 2610 1319 2665; x_wconf 88' lang='lat' dir='ltr'><strong>donec</strong></span> <span class='ocrx_word' id='word_1_296' title='bbox 1347 2616 1403 2665; x_wconf 90' lang='lat' dir='ltr'><strong>et</strong></span> <span class='ocrx_word' id='word_1_297' title='bbox 1429 2618 1719 2664; x_wconf 87' lang='lat' dir='ltr'><strong>consuetus</strong></span> <span class='ocrx_word' id='word_1_298' title='bbox 1743 2608 1896 2663; x_wconf 91' lang='lat' dir='ltr'><strong>vobis</strong></span> <span class='ocrx_word' id='word_1_299' title='bbox 1922 2623 1952 2660; x_wconf 85' lang='lat' dir='ltr'><strong>a</strong></span> 
     </span>
    </p>
   </div>
   <div class='ocr_carea' id='block_1_42' title="bbox 364 2700 1954 2783">
    <p class='ocr_par' dir='ltr' id='par_1_42' title="bbox 364 2700 1954 2783">
     <span class='ocr_line' id='line_1_42' title="bbox 364 2700 1954 2783; baseline -0.008 -19"><span class='ocrx_word' id='word_1_300' title='bbox 364 2707 596 2764; x_wconf 84' lang='lat' dir='ltr'><strong>Domino</strong></span> <span class='ocrx_word' id='word_1_301' title='bbox 621 2712 955 2776; x_wconf 72' lang='lat' dir='ltr'><strong>prmparatur</strong></span> <span class='ocrx_word' id='word_1_302' title='bbox 981 2702 1223 2783; x_wconf 71' lang='lat' dir='ltr'><strong>antistes,</strong></span> <span class='ocrx_word' id='word_1_303' title='bbox 1256 2701 1537 2770; x_wconf 85' lang='lat' dir='ltr'><strong>quisquam</strong></span> <span class='ocrx_word' id='word_1_304' title='bbox 1566 2700 1726 2755; x_wconf 86' lang='lat' dir='ltr'><strong>vetita</strong></span> <span class='ocrx_word' id='word_1_305' title='bbox 1759 2700 1954 2753; x_wconf 86' lang='lat' dir='ltr'><strong>iterare</strong></span> 
     </span>
    </p>
   </div>
   <div class='ocr_carea' id='block_1_43' title="bbox 364 2789 1955 2872">
    <p class='ocr_par' dir='ltr' id='par_1_43' title="bbox 364 2789 1955 2872">
     <span class='ocr_line' id='line_1_43' title="bbox 364 2789 1955 2872; baseline -0.007 -18"><span class='ocrx_word' id='word_1_306' title='bbox 364 2804 678 2872; x_wconf 82' lang='lat' dir='ltr'><strong>praesumat,</strong></span> <span class='ocrx_word' id='word_1_307' title='bbox 706 2803 763 2851; x_wconf 88' lang='lat' dir='ltr'><strong>et</strong></span> <span class='ocrx_word' id='word_1_308' title='bbox 789 2794 1009 2864; x_wconf 84' lang='lat' dir='ltr'><strong>incipiat</strong></span> <span class='ocrx_word' id='word_1_309' title='bbox 1032 2792 1334 2861; x_wconf 79' lang='lat' dir='ltr'><strong>graviorem</strong></span> <span class='ocrx_word' id='word_1_310' title='bbox 1377 2791 1751 2847; x_wconf 67' lang='lat' dir='ltr'><strong>ecclesiasticae</strong></span> <span class='ocrx_word' id='word_1_311' title='bbox 1774 2789 1955 2844; x_wconf 82' lang='lat' dir='ltr'><strong>distri-</strong></span> 
     </span>
    </p>
   </div>
   <div class='ocr_carea' id='block_1_44' title="bbox 366 2880 1956 2952">
    <p class='ocr_par' dir='ltr' id='par_1_44' title="bbox 366 2880 1956 2952">
     <span class='ocr_line' id='line_1_44' title="bbox 366 2880 1956 2952; baseline -0.008 -7"><span class='ocrx_word' id='word_1_312' title='bbox 366 2889 566 2945; x_wconf 81' lang='lat' dir='ltr'><strong>ctionis</strong></span> <span class='ocrx_word' id='word_1_313' title='bbox 605 2886 871 2942; x_wconf 90' lang='lat' dir='ltr'><strong>sustinere</strong></span> <span class='ocrx_word' id='word_1_314' title='bbox 911 2898 1228 2939; x_wconf 41' lang='lat' dir='ltr'><strong>censuram,</strong></span> <span class='ocrx_word' id='word_1_315' title='bbox 1269 2880 1458 2937; x_wconf 87' lang='lat' dir='ltr'><strong>Utatur</strong></span> <span class='ocrx_word' id='word_1_316' title='bbox 1483 2882 1709 2952; x_wconf 65' lang='lat' dir='ltr'><strong>quisque</strong></span> <span class='ocrx_word' id='word_1_317' title='bbox 1736 2880 1956 2935; x_wconf 89' lang='lat' dir='ltr'><strong>honoris</strong></span> 
     </span>
    </p>
   </div>
   <div class='ocr_carea' id='block_1_45' title="bbox 367 2969 1956 3046">
    <p class='ocr_par' dir='ltr' id='par_1_45' title="bbox 367 2969 1956 3046">
     <span class='ocr_line' id='line_1_45' title="bbox 367 2969 1956 3046; baseline -0.008 -10"><span class='ocrx_word' id='word_1_318' title='bbox 367 2981 451 3037; x_wconf 86' lang='lat' dir='ltr'><strong>sui</strong></span> <span class='ocrx_word' id='word_1_319' title='bbox 476 2992 737 3035; x_wconf 88' lang='lat' dir='ltr'><strong>concesso</strong></span> <span class='ocrx_word' id='word_1_320' title='bbox 764 2973 1243 3046; x_wconf 76' lang='lat' dir='ltr'><strong>privilegio,.quod</strong></span> <span class='ocrx_word' id='word_1_321' title='bbox 1273 2972 1549 3044; x_wconf 89' lang='lat' dir='ltr'><strong>proprium</strong></span> <span class='ocrx_word' id='word_1_322' title='bbox 1577 2971 1677 3027; x_wconf 91' lang='lat' dir='ltr'><strong>scit</strong></span> <span class='ocrx_word' id='word_1_323' title='bbox 1701 2979 1726 3015; x_wconf 78' lang='grc' dir='ltr'><strong><em>κ</em></strong></span> <span class='ocrx_word' id='word_1_324' title='bbox 1755 2969 1956 3025; x_wconf 89' lang='lat' dir='ltr'><strong>ordinis</strong></span> 
     </span>
    </p>
   </div>
   <div class='ocr_carea' id='block_1_46' title="bbox 369 3061 1953 3142">
    <p class='ocr_par' dir='ltr' id='par_1_46' title="bbox 369 3061 1953 3142">
     <span class='ocr_line' id='line_1_46' title="bbox 369 3061 1953 3142; baseline -0.007 -17"><span class='ocrx_word' id='word_1_325' title='bbox 369 3068 726 3142; x_wconf 80' lang='lat' dir='ltr'><strong>presbyterii;</strong></span> <span class='ocrx_word' id='word_1_326' title='bbox 759 3082 864 3121; x_wconf 91' lang='lat' dir='ltr'><strong>non</strong></span> <span class='ocrx_word' id='word_1_327' title='bbox 905 3063 1048 3135; x_wconf 91' lang='lat' dir='ltr'><strong>quod</strong></span> <span class='ocrx_word' id='word_1_328' title='bbox 1094 3063 1288 3118; x_wconf 91' lang='lat' dir='ltr'><strong>summi</strong></span> <span class='ocrx_word' id='word_1_329' title='bbox 1326 3062 1667 3135; x_wconf 80' lang='lat' dir='ltr'><strong>pontiﬁcatus</strong></span> <span class='ocrx_word' id='word_1_330' title='bbox 1705 3071 1807 3129; x_wconf 90' lang='lat' dir='ltr'><strong>est,</strong></span> <span class='ocrx_word' id='word_1_331' title='bbox 1852 3061 1953 3115; x_wconf 94' lang='lat' dir='ltr'><strong>im-</strong></span> 
     </span>
    </p>
   </div>
   <div class='ocr_carea' id='block_1_47' title="bbox 370 3152 1956 3232">
    <p class='ocr_par' dir='ltr' id='par_1_47' title="bbox 370 3152 1956 3232">
     <span class='ocr_line' id='line_1_47' title="bbox 370 3152 1956 3232; baseline -0.006 -17"><span class='ocrx_word' id='word_1_332' title='bbox 370 3161 571 3232; x_wconf 72' lang='lat' dir='ltr'><strong>probus</strong></span> <span class='ocrx_word' id='word_1_333' title='bbox 598 3158 841 3213; x_wconf 83' lang='lat' dir='ltr'><strong>minister</strong></span> <span class='ocrx_word' id='word_1_334' title='bbox 867 3163 1123 3212; x_wconf 82' lang='lat' dir='ltr'><strong>assumat.</strong></span> <span class='ocrx_word' id='word_1_335' title='bbox 1142 3154 1417 3224; x_wconf 78' lang='lat' dir='ltr'><strong>.Quisquis</strong></span> <span class='ocrx_word' id='word_1_336' title='bbox 1444 3162 1569 3224; x_wconf 92' lang='lat' dir='ltr'><strong>post</strong></span> <span class='ocrx_word' id='word_1_337' title='bbox 1595 3154 1733 3208; x_wconf 89' lang='lat' dir='ltr'><strong>hanc</strong></span> <span class='ocrx_word' id='word_1_338' title='bbox 1768 3152 1956 3207; x_wconf 87' lang='lat' dir='ltr'><strong>admo-</strong></span> 
     </span>
    </p>
   </div>
   <div class='ocr_carea' id='block_1_48' title="bbox 373 3228 2031 3317">
    <p class='ocr_par' dir='ltr' id='par_1_48' title="bbox 373 3228 2031 3317">
     <span class='ocr_line' id='line_1_48' title="bbox 373 3228 2031 3317; baseline -0.005 -11"><span class='ocrx_word' id='word_1_339' title='bbox 373 3228 633 3306; x_wconf 75' lang='lat' dir='ltr'><strong>nitionem</strong></span> <span class='ocrx_word' id='word_1_340' title='bbox 656 3249 708 3303; x_wconf 90' lang='lat' dir='ltr'><strong>in</strong></span> <span class='ocrx_word' id='word_1_341' title='bbox 731 3248 1100 3317; x_wconf 81' lang='lat' dir='ltr'><strong>hujuscemodi</strong></span> <span class='ocrx_word' id='word_1_342' title='bbox 1125 3247 1287 3302; x_wconf 88' lang='lat' dir='ltr'><strong>rebus</strong></span> <span class='ocrx_word' id='word_1_343' title='bbox 1298 3246 1645 3317; x_wconf 83' lang='lat' dir='ltr'><strong>aliquatenus</strong></span> <span class='ocrx_word' id='word_1_344' title='bbox 1674 3243 1833 3299; x_wconf 89' lang='lat' dir='ltr'><strong>fuerit</strong></span> <span class='ocrx_word' id='word_1_345' title='bbox 1870 3243 1959 3298; x_wconf 86' lang='lat' dir='ltr'><strong>de—</strong></span> <span class='ocrx_word' id='word_1_346' title='bbox 1985 3228 2031 3290; x_wconf 67' lang='grc' dir='ltr'><strong>(ἶ</strong></span> 
     </span>
    </p>
   </div>
   <div class='ocr_carea' id='block_1_49' title="bbox 374 3336 1962 3414">
    <p class='ocr_par' dir='ltr' id='par_1_49' title="bbox 374 3336 1962 3414">
     <span class='ocr_line' id='line_1_49' title="bbox 374 3336 1962 3414; baseline -0.005 -16"><span class='ocrx_word' id='word_1_347' title='bbox 374 3343 706 3414; x_wconf 83' lang='lat' dir='ltr'><strong>prehensus,</strong></span> <span class='ocrx_word' id='word_1_348' title='bbox 763 3340 863 3396; x_wconf 86' lang='lat' dir='ltr'><strong>sub</strong></span> <span class='ocrx_word' id='word_1_349' title='bbox 917 3338 1273 3394; x_wconf 85' lang='lat' dir='ltr'><strong>anathematis</strong></span> <span class='ocrx_word' id='word_1_350' title='bbox 1324 3337 1593 3392; x_wconf 86' lang='lat' dir='ltr'><strong>insolubili</strong></span> <span class='ocrx_word' id='word_1_351' title='bbox 1638 3336 1851 3392; x_wconf 90' lang='lat' dir='ltr'><strong>vinculo</strong></span> <span class='ocrx_word' id='word_1_352' title='bbox 1902 3351 1962 3392; x_wconf 90' lang='lat' dir='ltr'><strong>se</strong></span> 
     </span>
    </p>
   </div>
   <div class='ocr_carea' id='block_1_50' title="bbox 377 3428 1963 3499">
    <p class='ocr_par' dir='ltr' id='par_1_50' title="bbox 377 3428 1963 3499">
     <span class='ocr_line' id='line_1_50' title="bbox 377 3428 1963 3499; baseline -0.006 -8"><span class='ocrx_word' id='word_1_353' title='bbox 377 3435 586 3491; x_wconf 83' lang='lat' dir='ltr'><strong>noverit</strong></span> <span class='ocrx_word' id='word_1_354' title='bbox 610 3448 727 3488; x_wconf 83' lang='lat' dir='ltr'><strong>esse</strong></span> <span class='ocrx_word' id='word_1_355' title='bbox 754 3429 1137 3488; x_wconf 84' lang='lat' dir='ltr'><strong>damnandum.</strong></span> <span class='ocrx_word' id='word_1_356' title='bbox 1170 3429 1270 3483; x_wconf 87' lang='lat' dir='ltr'><strong>Cui</strong></span> <span class='ocrx_word' id='word_1_357' title='bbox 1307 3428 1359 3482; x_wconf 93' lang='lat' dir='ltr'><strong>in</strong></span> <span class='ocrx_word' id='word_1_358' title='bbox 1390 3428 1493 3493; x_wconf 77' lang='lat' dir='ltr'><strong>hoc</strong></span> <span class='ocrx_word' id='word_1_359' title='bbox 1522 3428 1696 3499; x_wconf 91' lang='lat' dir='ltr'><strong>ipsum</strong></span> <span class='ocrx_word' id='word_1_360' title='bbox 1732 3443 1838 3483; x_wconf 89' lang='lat' dir='ltr'><strong>non</strong></span> <span class='ocrx_word' id='word_1_361' title='bbox 1868 3443 1963 3498; x_wconf 89' lang='lat' dir='ltr'><strong>pa-</strong></span> 
     </span>
    </p>
   </div>
   <div class='ocr_carea' id='block_1_51' title="bbox 377 3518 1965 3590">
    <p class='ocr_par' dir='ltr' id='par_1_51' title="bbox 377 3518 1965 3590">
     <span class='ocr_line' id='line_1_51' title="bbox 377 3518 1965 3590; baseline -0.006 -9"><span class='ocrx_word' id='word_1_362' title='bbox 377 3542 493 3582; x_wconf 85' lang='lat' dir='ltr'><strong>rum</strong></span> <span class='ocrx_word' id='word_1_363' title='bbox 513 3523 862 3587; x_wconf 86' lang='lat' dir='ltr'><strong>humanitatis</strong></span> <span class='ocrx_word' id='word_1_364' title='bbox 888 3521 1220 3587; x_wconf 82' lang='lat' dir='ltr'><strong>conceditur,</strong></span> <span class='ocrx_word' id='word_1_365' title='bbox 1251 3519 1398 3590; x_wconf 84' lang='lat' dir='ltr'><strong>quod</strong></span> <span class='ocrx_word' id='word_1_366' title='bbox 1421 3535 1563 3575; x_wconf 90' lang='lat' dir='ltr'><strong>nunc</strong></span> <span class='ocrx_word' id='word_1_367' title='bbox 1585 3534 1706 3574; x_wconf 90' lang='lat' dir='ltr'><strong>eum</strong></span> <span class='ocrx_word' id='word_1_368' title='bbox 1738 3518 1965 3574; x_wconf 78' lang='lat' dir='ltr'><strong>transire</strong></span> 
     </span>
    </p>
   </div>
   <div class='ocr_carea' id='block_1_52' title="bbox 378 3616 981 3691">
    <p class='ocr_par' dir='ltr' id='par_1_52' title="bbox 378 3616 981 3691">
     <span class='ocr_line' id='line_1_52' title="bbox 378 3616 981 3691; baseline -0.008 -18"><span class='ocrx_word' id='word_1_369' title='bbox 378 3620 616 3691; x_wconf 87' lang='lat' dir='ltr'><strong>patimur</strong></span> <span class='ocrx_word' id='word_1_370' title='bbox 641 3616 981 3687; x_wconf 87' lang='lat' dir='ltr'><strong>impunitum.</strong></span> 
     </span>
    </p>
   </div>
   <div class='ocr_carea' id='block_1_53' title="bbox 450 3703 1962 3774">
    <p class='ocr_par' dir='ltr' id='par_1_53' title="bbox 450 3703 1962 3774">
     <span class='ocr_line' id='line_1_53' title="bbox 450 3703 1962 3774; baseline -0.003 -15"><span class='ocrx_word' id='word_1_371' title='bbox 450 3706 515 3761; x_wconf 84' lang='lat' dir='ltr'><strong>V.</strong></span> <span class='ocrx_word' id='word_1_372' title='bbox 548 3706 690 3761; x_wconf 83' lang='lat' dir='ltr'><strong>Sane</strong></span> <span class='ocrx_word' id='word_1_373' title='bbox 718 3705 762 3761; x_wconf 90' lang='lat' dir='ltr'><strong>si</strong></span> <span class='ocrx_word' id='word_1_374' title='bbox 788 3703 1045 3760; x_wconf 84' lang='lat' dir='ltr'><strong>Dominus</strong></span> <span class='ocrx_word' id='word_1_375' title='bbox 1072 3705 1321 3770; x_wconf 87' lang='lat' dir='ltr'><strong>voluerit,</strong></span> <span class='ocrx_word' id='word_1_376' title='bbox 1350 3720 1472 3761; x_wconf 91' lang='lat' dir='ltr'><strong>cum</strong></span> <span class='ocrx_word' id='word_1_377' title='bbox 1504 3712 1713 3774; x_wconf 77' lang='lat' dir='ltr'><strong>tempus</strong></span> <span class='ocrx_word' id='word_1_378' title='bbox 1737 3703 1962 3774; x_wconf 87' lang='lat' dir='ltr'><strong>pascha-</strong></span> 
     </span>
    </p>
   </div>
   <div class='ocr_carea' id='block_1_54' title="bbox 382 3794 1965 3864">
    <p class='ocr_par' dir='ltr' id='par_1_54' title="bbox 382 3794 1965 3864">
     <span class='ocr_line' id='line_1_54' title="bbox 382 3794 1965 3864; baseline -0.003 -12"><span class='ocrx_word' id='word_1_379' title='bbox 382 3799 445 3852; x_wconf 87' lang='lat' dir='ltr'><strong>lis</strong></span> <span class='ocrx_word' id='word_1_380' title='bbox 483 3796 786 3852; x_wconf 80' lang='lat' dir='ltr'><strong>festivitatis</strong></span> <span class='ocrx_word' id='word_1_381' title='bbox 825 3794 1127 3862; x_wconf 87' lang='lat' dir='ltr'><strong>advenerit,</strong></span> <span class='ocrx_word' id='word_1_382' title='bbox 1170 3796 1216 3851; x_wconf 89' lang='lat' dir='ltr'><strong>si</strong></span> <span class='ocrx_word' id='word_1_383' title='bbox 1261 3796 1413 3851; x_wconf 91' lang='lat' dir='ltr'><strong>vobis</strong></span> <span class='ocrx_word' id='word_1_384' title='bbox 1449 3795 1515 3850; x_wconf 86' lang='lat' dir='ltr'><strong>ad</strong></span> <span class='ocrx_word' id='word_1_385' title='bbox 1546 3794 1832 3864; x_wconf 90' lang='lat' dir='ltr'><strong>petendum</strong></span> <span class='ocrx_word' id='word_1_386' title='bbox 1864 3795 1965 3847; x_wconf 90' lang='lat' dir='ltr'><strong>im-</strong></span> 
     </span>
    </p>
   </div>
   <div class='ocr_carea' id='block_1_55' title="bbox 383 3883 1966 3957">
    <p class='ocr_par' dir='ltr' id='par_1_55' title="bbox 383 3883 1966 3957">
     <span class='ocr_line' id='line_1_55' title="bbox 383 3883 1966 3957; baseline -0.002 -15"><span class='ocrx_word' id='word_1_387' title='bbox 383 3885 634 3957; x_wconf 82' lang='lat' dir='ltr'><strong>possibile</strong></span> <span class='ocrx_word' id='word_1_388' title='bbox 670 3893 772 3947; x_wconf 90' lang='lat' dir='ltr'><strong>est,</strong></span> <span class='ocrx_word' id='word_1_389' title='bbox 803 3884 942 3939; x_wconf 84' lang='lat' dir='ltr'><strong>datis</strong></span> <span class='ocrx_word' id='word_1_390' title='bbox 982 3884 1176 3939; x_wconf 87' lang='lat' dir='ltr'><strong>litteris</strong></span> <span class='ocrx_word' id='word_1_391' title='bbox 1200 3885 1394 3940; x_wconf 89' lang='lat' dir='ltr'><strong>vestris</strong></span> <span class='ocrx_word' id='word_1_392' title='bbox 1423 3885 1660 3940; x_wconf 86' lang='lat' dir='ltr'><strong>indicare</strong></span> <span class='ocrx_word' id='word_1_393' title='bbox 1688 3885 1894 3939; x_wconf 87' lang='lat' dir='ltr'><strong>debetis</strong></span> <span class='ocrx_word' id='word_1_394' title='bbox 1919 3883 1966 3951; x_wconf 74' lang='grc'><strong>³³,</strong></span> 
     </span>
    </p>
   </div>
   <div class='ocr_carea' id='block_1_56' title="bbox 385 3977 1968 4055">
    <p class='ocr_par' dir='ltr' id='par_1_56' title="bbox 385 3977 1968 4055">
     <span class='ocr_line' id='line_1_56' title="bbox 385 3977 1968 4055; baseline -0.001 -22"><span class='ocrx_word' id='word_1_395' title='bbox 385 3990 437 4033; x_wconf 85' lang='lat' dir='ltr'><strong>et</strong></span> <span class='ocrx_word' id='word_1_396' title='bbox 467 3994 567 4035; x_wconf 91' lang='lat' dir='ltr'><strong>nos</strong></span> <span class='ocrx_word' id='word_1_397' title='bbox 610 3978 749 4033; x_wconf 87' lang='lat' dir='ltr'><strong>sacri</strong></span> <span class='ocrx_word' id='word_1_398' title='bbox 805 3977 964 4048; x_wconf 89' lang='lat' dir='ltr'><strong>hujus</strong></span> <span class='ocrx_word' id='word_1_399' title='bbox 1011 3977 1237 4048; x_wconf 90' lang='lat' dir='ltr'><strong>liquoris</strong></span> <span class='ocrx_word' id='word_1_400' title='bbox 1280 3978 1422 4034; x_wconf 85' lang='lat' dir='ltr'><strong>ultro</strong></span> <span class='ocrx_word' id='word_1_401' title='bbox 1465 3977 1761 4055; x_wconf 83' lang='lat' dir='ltr'><strong>poterimus</strong></span> <span class='ocrx_word' id='word_1_402' title='bbox 1792 3987 1968 4032; x_wconf 83' lang='lat' dir='ltr'><strong>trans-</strong></span> 
     </span>
    </p>
   </div>
   <div class='ocr_carea' id='block_1_57' title="bbox 386 4068 1966 4140">
    <p class='ocr_par' dir='ltr' id='par_1_57' title="bbox 386 4068 1966 4140">
     <span class='ocr_line' id='line_1_57' title="bbox 386 4068 1966 4140; baseline 0.001 -16"><span class='ocrx_word' id='word_1_403' title='bbox 386 4072 598 4126; x_wconf 87' lang='lat' dir='ltr'><strong>mittere</strong></span> <span class='ocrx_word' id='word_1_404' title='bbox 624 4070 872 4138; x_wconf 84' lang='lat' dir='ltr'><strong>gratiam,</strong></span> <span class='ocrx_word' id='word_1_405' title='bbox 912 4068 1201 4125; x_wconf 76' lang='lat' dir='ltr'><strong>dummodo</strong></span> <span class='ocrx_word' id='word_1_406' title='bbox 1237 4080 1250 4107; x_wconf 84' lang='grc' dir='ltr'>ι</span> <span class='ocrx_word' id='word_1_407' title='bbox 1287 4086 1394 4125; x_wconf 92' lang='lat' dir='ltr'><strong>non</strong></span> <span class='ocrx_word' id='word_1_408' title='bbox 1424 4078 1779 4140; x_wconf 77' lang='lat' dir='ltr'><strong>praesumatur</strong></span> <span class='ocrx_word' id='word_1_409' title='bbox 1809 4070 1825 4120; x_wconf 84' lang='lat' dir='ltr'><strong>i</strong></span> <span class='ocrx_word' id='word_1_410' title='bbox 1866 4071 1966 4125; x_wconf 89' lang='lat' dir='ltr'><strong>illi-</strong></span> 
     </span>
    </p>
   </div>
   <div class='ocr_carea' id='block_1_58' title="bbox 390 4160 727 4221">
    <p class='ocr_par' dir='ltr' id='par_1_58' title="bbox 390 4160 727 4221">
     <span class='ocr_line' id='line_1_58' title="bbox 390 4160 727 4221; baseline -0.003 0"><span class='ocrx_word' id='word_1_411' title='bbox 390 4167 514 4221; x_wconf 82' lang='lat' dir='ltr'><strong>cita.</strong></span> <span class='ocrx_word' id='word_1_412' title='bbox 724 4160 727 4161; x_wconf 16' lang='grc' dir='ltr'><em>ν</em></span> 
     </span>
    </p>
   </div>
   <div class='ocr_carea' id='block_1_59' title="bbox 459 4255 1969 4327">
    <p class='ocr_par' dir='ltr' id='par_1_59' title="bbox 459 4255 1969 4327">
     <span class='ocr_line' id='line_1_59' title="bbox 459 4255 1969 4327; baseline -0.003 -14"><span class='ocrx_word' id='word_1_413' title='bbox 459 4260 543 4314; x_wconf 80' lang='lat' dir='ltr'><strong>Vl.</strong></span> <span class='ocrx_word' id='word_1_414' title='bbox 590 4259 711 4315; x_wconf 84' lang='lat' dir='ltr'><strong>Pari</strong></span> <span class='ocrx_word' id='word_1_415' title='bbox 753 4261 963 4313; x_wconf 89' lang='lat' dir='ltr'><strong>ratione</strong></span> <span class='ocrx_word' id='word_1_416' title='bbox 1002 4258 1351 4326; x_wconf 76' lang='lat' dir='ltr'><strong>cognovimus</strong></span> <span class='ocrx_word' id='word_1_417' title='bbox 1389 4255 1533 4327; x_wconf 90' lang='lat' dir='ltr'><strong>quod</strong></span> <span class='ocrx_word' id='word_1_418' title='bbox 1574 4257 1641 4312; x_wconf 91' lang='lat' dir='ltr'><strong>ad</strong></span> <span class='ocrx_word' id='word_1_419' title='bbox 1682 4272 1969 4318; x_wconf 80' lang='lat' dir='ltr'><strong>consecra-</strong></span> 
     </span>
    </p>
   </div>
   <div class='ocr_carea' id='block_1_60' title="bbox 390 4348 1972 4420">
    <p class='ocr_par' dir='ltr' id='par_1_60' title="bbox 390 4348 1972 4420">
     <span class='ocr_line' id='line_1_60' title="bbox 390 4348 1972 4420; baseline 0.001 -17"><span class='ocrx_word' id='word_1_420' title='bbox 390 4353 590 4407; x_wconf 84' lang='lat' dir='ltr'><strong>tionem</strong></span> <span class='ocrx_word' id='word_1_421' title='bbox 642 4350 984 4407; x_wconf 87' lang='lat' dir='ltr'><strong>basilicarum</strong></span> <span class='ocrx_word' id='word_1_422' title='bbox 1038 4348 1226 4403; x_wconf 79' lang='lat' dir='ltr'><strong>alienae</strong></span> <span class='ocrx_word' id='word_1_423' title='bbox 1261 4348 1422 4403; x_wconf 77' lang='lat' dir='ltr'><strong>sortis</strong></span> <span class='ocrx_word' id='word_1_424' title='bbox 1463 4363 1495 4404; x_wconf 88' lang='lat' dir='ltr'><strong>a</strong></span> <span class='ocrx_word' id='word_1_425' title='bbox 1537 4348 1690 4405; x_wconf 91' lang='lat' dir='ltr'><strong>vobis</strong></span> <span class='ocrx_word' id='word_1_426' title='bbox 1733 4350 1972 4420; x_wconf 90' lang='lat' dir='ltr'><strong>episcopi</strong></span> 
     </span>
    </p>
   </div>
   <div class='ocr_carea' id='block_1_61' title="bbox 390 4439 1974 4512">
    <p class='ocr_par' dir='ltr' id='par_1_61' title="bbox 390 4439 1974 4512">
     <span class='ocr_line' id='line_1_61' title="bbox 390 4439 1974 4512; baseline -0.001 -16"><span class='ocrx_word' id='word_1_427' title='bbox 390 4443 700 4508; x_wconf 83' lang='lat' dir='ltr'><strong>invitentur,</strong></span> <span class='ocrx_word' id='word_1_428' title='bbox 732 4449 789 4496; x_wconf 92' lang='lat' dir='ltr'><strong>et</strong></span> <span class='ocrx_word' id='word_1_429' title='bbox 815 4441 944 4496; x_wconf 88' lang='lat' dir='ltr'><strong>licet</strong></span> <span class='ocrx_word' id='word_1_430' title='bbox 981 4439 1089 4495; x_wconf 88' lang='lat' dir='ltr'><strong>sint</strong></span> <span class='ocrx_word' id='word_1_431' title='bbox 1126 4440 1283 4495; x_wconf 91' lang='lat' dir='ltr'><strong>unius</strong></span> <span class='ocrx_word' id='word_1_432' title='bbox 1309 4439 1430 4495; x_wconf 83' lang='lat' dir='ltr'><strong>lldei</strong></span> <span class='ocrx_word' id='word_1_433' title='bbox 1472 4440 1665 4512; x_wconf 88' lang='lat' dir='ltr'><strong>copula</strong></span> <span class='ocrx_word' id='word_1_434' title='bbox 1694 4441 1974 4497; x_wconf 88' lang='lat' dir='ltr'><strong>nobiscum</strong></span> 
     </span>
    </p>
   </div>
   <div class='ocr_carea' id='block_1_62' title="bbox 464 4570 1989 4643">
    <p class='ocr_par' dir='ltr' id='par_1_62' title="bbox 464 4570 1989 4643">
     <span class='ocr_line' id='line_1_62' title="bbox 464 4570 1989 4643; baseline 0.002 -15"><span class='ocrx_word' id='word_1_435' title='bbox 464 4578 479 4607; x_wconf 87' lang='grc'>¹</span> <span class='ocrx_word' id='word_1_436' title='bbox 512 4572 663 4629; x_wconf 74' lang='lat' dir='ltr'><strong>lianc</strong></span> <span class='ocrx_word' id='word_1_437' title='bbox 685 4580 1075 4629; x_wconf 89' lang='lat' dir='ltr'><strong>commemorat</strong></span> <span class='ocrx_word' id='word_1_438' title='bbox 1103 4570 1160 4643; x_wconf 86' lang='lat' dir='ltr'><strong>S.</strong></span> <span class='ocrx_word' id='word_1_439' title='bbox 1191 4571 1541 4643; x_wconf 62' lang='lat' dir='ltr'><strong>lldephonsqs</strong></span> <span class='ocrx_word' id='word_1_440' title='bbox 1570 4572 1707 4628; x_wconf 87' lang='lat' dir='ltr'><strong>libro</strong></span> <span class='ocrx_word' id='word_1_441' title='bbox 1731 4572 1891 4643; x_wconf 75' lang='lat' dir='ltr'><strong>citat.</strong></span> <span class='ocrx_word' id='word_1_442' title='bbox 1913 4576 1989 4631; x_wconf 78' lang='lat' dir='ltr'><strong>de</strong></span> 
     </span>
    </p>
   </div>
   <div class='ocr_carea' id='block_1_63' title="bbox 390 4640 1978 4711">
    <p class='ocr_par' dir='ltr' id='par_1_63' title="bbox 390 4640 1978 4711">
     <span class='ocr_line' id='line_1_63' title="bbox 390 4640 1978 4711; baseline 0.002 -11"><span class='ocrx_word' id='word_1_443' title='bbox 390 4645 536 4700; x_wconf 76' lang='lat' dir='ltr'><strong>Viris</strong></span> <span class='ocrx_word' id='word_1_444' title='bbox 580 4642 880 4698; x_wconf 90' lang='lat' dir='ltr'><strong>illustribus</strong></span> <span class='ocrx_word' id='word_1_445' title='bbox 905 4656 1071 4711; x_wconf 86' lang='lat' dir='ltr'><strong>agens</strong></span> <span class='ocrx_word' id='word_1_446' title='bbox 1095 4642 1164 4697; x_wconf 93' lang='lat' dir='ltr'><strong>de</strong></span> <span class='ocrx_word' id='word_1_447' title='bbox 1202 4640 1460 4697; x_wconf 79' lang='lat' dir='ltr'><strong>Montano</strong></span> <span class='ocrx_word' id='word_1_448' title='bbox 1490 4641 1764 4700; x_wconf 62' lang='lat' dir='ltr'><strong>Toletanae</strong></span> <span class='ocrx_word' id='word_1_449' title='bbox 1791 4642 1978 4703; x_wconf 62' lang='lat' dir='ltr'><strong>Eccle—</strong></span> 
     </span>
    </p>
   </div>
   <div class='ocr_carea' id='block_1_64' title="bbox 392 4711 1981 4785">
    <p class='ocr_par' dir='ltr' id='par_1_64' title="bbox 392 4711 1981 4785">
     <span class='ocr_line' id='line_1_64' title="bbox 392 4711 1981 4785; baseline -0.001 -15"><span class='ocrx_word' id='word_1_450' title='bbox 392 4718 485 4770; x_wconf 70' lang='lat' dir='ltr'><strong>sim</strong></span> <span class='ocrx_word' id='word_1_451' title='bbox 510 4714 756 4785; x_wconf 68' lang='lat' dir='ltr'><strong>prtcsule.</strong></span> <span class='ocrx_word' id='word_1_452' title='bbox 784 4711 1080 4785; x_wconf 81' lang='lat' dir='ltr'><strong>Postquam</strong></span> <span class='ocrx_word' id='word_1_453' title='bbox 1096 4712 1240 4767; x_wconf 93' lang='lat' dir='ltr'><strong>enim</strong></span> <span class='ocrx_word' id='word_1_454' title='bbox 1252 4711 1337 4785; x_wconf 88' lang='lat' dir='ltr'><strong>_de</strong></span> <span class='ocrx_word' id='word_1_455' title='bbox 1362 4712 1685 4785; x_wconf 59' lang='lat' dir='ltr'><strong>praecedenti</strong></span> <span class='ocrx_word' id='word_1_456' title='bbox 1706 4712 1846 4768; x_wconf 90' lang='lat' dir='ltr'><strong>illius</strong></span> <span class='ocrx_word' id='word_1_457' title='bbox 1866 4717 1981 4785; x_wconf 82' lang='lat' dir='ltr'><strong>epi-</strong></span> 
     </span>
    </p>
   </div>
   <div class='ocr_carea' id='block_1_65' title="bbox 392 4781 1989 4848">
    <p class='ocr_par' dir='ltr' id='par_1_65' title="bbox 392 4781 1989 4848">
     <span class='ocr_line' id='line_1_65' title="bbox 392 4781 1989 4848; baseline 0 -8"><span class='ocrx_word' id='word_1_458' title='bbox 392 4781 531 4841; x_wconf 80' lang='lat' dir='ltr'><strong>stola</strong></span> <span class='ocrx_word' id='word_1_459' title='bbox 562 4784 775 4840; x_wconf 86' lang='lat' dir='ltr'><strong>locutns</strong></span> <span class='ocrx_word' id='word_1_460' title='bbox 814 4781 929 4846; x_wconf 87' lang='lat' dir='ltr'><strong>fuit,</strong></span> <span class='ocrx_word' id='word_1_461' title='bbox 975 4790 1028 4835; x_wconf 91' lang='lat' dir='ltr'><strong>ut</strong></span> <span class='ocrx_word' id='word_1_462' title='bbox 1069 4782 1123 4838; x_wconf 87' lang='lat' dir='ltr'><strong>in</strong></span> <span class='ocrx_word' id='word_1_463' title='bbox 1152 4782 1296 4837; x_wconf 90' lang='lat' dir='ltr'><strong>notis</strong></span> <span class='ocrx_word' id='word_1_464' title='bbox 1334 4781 1401 4835; x_wconf 87' lang='lat' dir='ltr'><strong>ad</strong></span> <span class='ocrx_word' id='word_1_465' title='bbox 1427 4797 1548 4836; x_wconf 88' lang='lat' dir='ltr'><strong>eam</strong></span> <span class='ocrx_word' id='word_1_466' title='bbox 1575 4782 1823 4848; x_wconf 85' lang='lat' dir='ltr'><strong>vidimus,</strong></span> <span class='ocrx_word' id='word_1_467' title='bbox 1854 4781 1989 4841; x_wconf 67' lang='grc' dir='ltr'>διώ-ι</span> 
     </span>
    </p>
   </div>
   <div class='ocr_carea' id='block_1_66' title="bbox 389 4851 1986 4925">
    <p class='ocr_par' dir='ltr' id='par_1_66' title="bbox 389 4851 1986 4925">
     <span class='ocr_line' id='line_1_66' title="bbox 389 4851 1986 4925; baseline -0.001 -15"><span class='ocrx_word' id='word_1_468' title='bbox 389 4855 603 4925; x_wconf 84' lang='lat' dir='ltr'><strong>jungit:</strong></span> <span class='ocrx_word' id='word_1_469' title='bbox 636 4854 961 4925; x_wconf 79' lang='lat' dir='ltr'><strong>Alimn__vero</strong></span> <span class='ocrx_word' id='word_1_470' title='bbox 1006 4852 1280 4925; x_wconf 77' lang='lat' dir='ltr'><strong>epistolam</strong></span> <span class='ocrx_word' id='word_1_471' title='bbox 1307 4852 1553 4925; x_wconf 79' lang='lat' dir='ltr'><strong>(scripsit</strong></span> <span class='ocrx_word' id='word_1_472' title='bbox 1584 4851 1887 4924; x_wconf 82' lang='lat' dir='ltr'><strong>Montanus)</strong></span> <span class='ocrx_word' id='word_1_473' title='bbox 1912 4858 1986 4909; x_wconf 82' lang='lat' dir='ltr'><strong>ad</strong></span> 
     </span>
    </p>
   </div>
   <div class='ocr_carea' id='block_1_67' title="bbox 397 4922 1983 4996">
    <p class='ocr_par' dir='ltr' id='par_1_67' title="bbox 397 4922 1983 4996">
     <span class='ocr_line' id='line_1_67' title="bbox 397 4922 1983 4996; baseline -0.001 -15"><span class='ocrx_word' id='word_1_474' title='bbox 397 4922 717 4996; x_wconf 24' lang='lat' dir='ltr'><strong>Thuribium‘</strong></span> <span class='ocrx_word' id='word_1_475' title='bbox 744 4923 1076 4996; x_wconf 66' lang='lat' dir='ltr'><strong>religiosam,</strong></span> <span class='ocrx_word' id='word_1_476' title='bbox 1112 4924 1169 4996; x_wconf 77' lang='lat' dir='ltr'><strong>in</strong></span> <span class='ocrx_word' id='word_1_477' title='bbox 1206 4939 1310 4994; x_wconf 76' lang='lat' dir='ltr'><strong>qua</strong></span> <span class='ocrx_word' id='word_1_478' title='bbox 1349 4922 1651 4996; x_wconf 74' lang='lat' dir='ltr'><strong>collaudatis</strong></span> <span class='ocrx_word' id='word_1_479' title='bbox 1679 4922 1983 4996; x_wconf 61' lang='lat' dir='ltr'><strong>cumquod</strong></span> 
     </span>
    </p>
   </div>
   <div class='ocr_carea' id='block_1_68' title="bbox 395 4991 1980 5054">
    <p class='ocr_par' dir='ltr' id='par_1_68' title="bbox 395 4991 1980 5054">
     <span class='ocr_line' id='line_1_68' title="bbox 395 4991 1980 5054; baseline -0.001 -4"><span class='ocrx_word' id='word_1_480' title='bbox 395 4997 651 5050; x_wconf 81' lang='lat' dir='ltr'><strong>culturam</strong></span> <span class='ocrx_word' id='word_1_481' title='bbox 683 4991 992 5047; x_wconf 65' lang='lat' dir='ltr'><strong>destruxerit</strong></span> <span class='ocrx_word' id='word_1_482' title='bbox 1020 4991 1296 5053; x_wconf 65' lang='lat' dir='ltr'><strong>idolorum,</strong></span> <span class='ocrx_word' id='word_1_483' title='bbox 1336 4992 1603 5046; x_wconf 81' lang='lat' dir='ltr'><strong>committit</strong></span> <span class='ocrx_word' id='word_1_484' title='bbox 1644 4991 1980 5054; x_wconf 73' lang='lat' dir='ltr'><strong>sacerdotalis</strong></span> 
     </span>
    </p>
   </div>
   <div class='ocr_carea' id='block_1_69' title="bbox 396 5062 1980 5134">
    <p class='ocr_par' dir='ltr' id='par_1_69' title="bbox 396 5062 1980 5134">
     <span class='ocr_line' id='line_1_69' title="bbox 396 5062 1980 5134; baseline -0.001 -15"><span class='ocrx_word' id='word_1_485' title='bbox 396 5066 763 5119; x_wconf 25' lang='lat' dir='ltr'><strong>auctoritatem.</strong></span> <span class='ocrx_word' id='word_1_486' title='bbox 809 5063 1020 5134; x_wconf 80' lang='lat' dir='ltr'><strong>rigoris,</strong></span> <span class='ocrx_word' id='word_1_487' title='bbox 1061 5080 1155 5133; x_wconf 86' lang='lat' dir='ltr'><strong>per</strong></span> <span class='ocrx_word' id='word_1_488' title='bbox 1200 5078 1369 5134; x_wconf 38' lang='lat' dir='ltr'><strong>(piam,</strong></span> <span class='ocrx_word' id='word_1_489' title='bbox 1398 5062 1721 5133; x_wconf 75' lang='lat' dir='ltr'><strong>presbyteros</strong></span> <span class='ocrx_word' id='word_1_490' title='bbox 1757 5064 1980 5119; x_wconf 73' lang='lat' dir='ltr'><strong>chrisma</strong></span> 
     </span>
    </p>
   </div>
   <div class='ocr_carea' id='block_1_70' title="bbox 468 5170 1955 5242">
    <p class='ocr_par' dir='ltr' id='par_1_70' title="bbox 468 5170 1955 5242">
     <span class='ocr_line' id='line_1_70' title="bbox 468 5170 1955 5242; baseline 0.003 -16"><span class='ocrx_word' id='word_1_491' title='bbox 468 5184 493 5211; x_wconf 81' lang='grc' dir='ltr'>ι</span> <span class='ocrx_word' id='word_1_492' title='bbox 524 5173 600 5227; x_wconf 85' lang='lat' dir='ltr'><strong>ita</strong></span> <span class='ocrx_word' id='word_1_493' title='bbox 630 5172 758 5227; x_wconf 89' lang='lat' dir='ltr'><strong>Ger.</strong></span> <span class='ocrx_word' id='word_1_494' title='bbox 787 5180 843 5242; x_wconf 89' lang='lat' dir='ltr'><strong>et</strong></span> <span class='ocrx_word' id='word_1_495' title='bbox 869 5171 1070 5242; x_wconf 75' lang='lat' dir='ltr'><strong>Urgell.</strong></span> <span class='ocrx_word' id='word_1_496' title='bbox 1094 5190 1106 5237; x_wconf 87' lang='lat'><strong>;</strong></span> <span class='ocrx_word' id='word_1_497' title='bbox 1139 5172 1229 5226; x_wconf 87' lang='lat' dir='ltr'><strong>alii</strong></span> <span class='ocrx_word' id='word_1_498' title='bbox 1253 5170 1715 5236; x_wconf 71' lang='lat' dir='ltr'><strong>vero,.Potestatis</strong></span> <span class='ocrx_word' id='word_1_499' title='bbox 1738 5174 1955 5232; x_wconf 78' lang='lat' dir='ltr'><strong>relatus.</strong></span> 
     </span>
    </p>
   </div>
   <div class='ocr_carea' id='block_1_71' title="bbox 469 5241 1979 5314">
    <p class='ocr_par' dir='ltr' id='par_1_71' title="bbox 469 5241 1979 5314">
     <span class='ocr_line' id='line_1_71' title="bbox 469 5241 1979 5314; baseline 0.003 -17"><span class='ocrx_word' id='word_1_500' title='bbox 469 5243 496 5281; x_wconf 71' lang='grc' dir='ltr'><strong>ιι</strong></span> <span class='ocrx_word' id='word_1_501' title='bbox 526 5243 604 5297; x_wconf 91' lang='lat' dir='ltr'><strong>lta</strong></span> <span class='ocrx_word' id='word_1_502' title='bbox 632 5242 798 5314; x_wconf 83' lang='lat' dir='ltr'><strong>edidit</strong></span> <span class='ocrx_word' id='word_1_503' title='bbox 828 5241 1098 5297; x_wconf 67' lang='lat' dir='ltr'><strong>P.—Florel.</strong></span> <span class='ocrx_word' id='word_1_504' title='bbox 1133 5258 1199 5297; x_wconf 73' lang='lat' dir='ltr'><strong>ex</strong></span> <span class='ocrx_word' id='word_1_505' title='bbox 1232 5258 1356 5307; x_wconf 90' lang='lat' dir='ltr'><strong>ms.;</strong></span> <span class='ocrx_word' id='word_1_506' title='bbox 1390 5258 1487 5298; x_wconf 90' lang='lat' dir='ltr'><strong>nos</strong></span> <span class='ocrx_word' id='word_1_507' title='bbox 1511 5242 1793 5314; x_wconf 84' lang='lat' dir='ltr'><strong>legendum</strong></span> <span class='ocrx_word' id='word_1_508' title='bbox 1822 5255 1979 5314; x_wconf 51' lang='lat' dir='ltr'><strong>putam</strong></span> 
     </span>
    </p>
   </div>
   <div class='ocr_carea' id='block_1_72' title="bbox 398 5312 1984 5384">
    <p class='ocr_par' dir='ltr' id='par_1_72' title="bbox 398 5312 1984 5384">
     <span class='ocr_line' id='line_1_72' title="bbox 398 5312 1984 5384; baseline 0.003 -17"><span class='ocrx_word' id='word_1_509' title='bbox 398 5329 552 5384; x_wconf 86' lang='lat' dir='ltr'><strong>mus:</strong></span> <span class='ocrx_word' id='word_1_510' title='bbox 576 5313 646 5367; x_wconf 92' lang='lat' dir='ltr'><strong>ad</strong></span> <span class='ocrx_word' id='word_1_511' title='bbox 675 5312 866 5384; x_wconf 80' lang='lat' dir='ltr'><strong>obitum</strong></span> <span class='ocrx_word' id='word_1_512' title='bbox 903 5314 1133 5384; x_wconf 78' lang='lat' dir='ltr'><strong>privatus</strong></span> <span class='ocrx_word' id='word_1_513' title='bbox 1180 5321 1412 5367; x_wconf 83' lang='lat' dir='ltr'><strong>maneret</strong></span> <span class='ocrx_word' id='word_1_514' title='bbox 1452 5329 1469 5384; x_wconf 64' lang='grc' dir='ltr'>ς</span> <span class='ocrx_word' id='word_1_515' title='bbox 1511 5312 1657 5381; x_wconf 82' lang='lat' dir='ltr'><strong>quod</strong></span> <span class='ocrx_word' id='word_1_516' title='bbox 1701 5312 1984 5372; x_wconf 80' lang='lat' dir='ltr'><strong>conﬁrmat</strong></span> 
     </span>
    </p>
   </div>
   <div class='ocr_carea' id='block_1_73' title="bbox 398 5383 1992 5453">
    <p class='ocr_par' dir='ltr' id='par_1_73' title="bbox 398 5383 1992 5453">
     <span class='ocr_line' id='line_1_73' title="bbox 398 5383 1992 5453; baseline 0.003 -16"><span class='ocrx_word' id='word_1_517' title='bbox 398 5383 567 5439; x_wconf 89' lang='lat' dir='ltr'><strong>editio</strong></span> <span class='ocrx_word' id='word_1_518' title='bbox 592 5383 909 5452; x_wconf 83' lang='lat' dir='ltr'><strong>Aguirriana</strong></span> <span class='ocrx_word' id='word_1_519' title='bbox 932 5401 945 5435; x_wconf 92' lang='lat'><strong>:</strong></span> <span class='ocrx_word' id='word_1_520' title='bbox 969 5393 1023 5436; x_wconf 85' lang='lat' dir='ltr'><strong>ut</strong></span> <span class='ocrx_word' id='word_1_521' title='bbox 1050 5399 1259 5437; x_wconf 84' lang='lat' dir='ltr'><strong>munere</strong></span> <span class='ocrx_word' id='word_1_522' title='bbox 1285 5383 1568 5438; x_wconf 78' lang='lat' dir='ltr'><strong>sacerdotis</strong></span> <span class='ocrx_word' id='word_1_523' title='bbox 1587 5394 1635 5437; x_wconf 86' lang='lat' dir='ltr'><strong>et</strong></span> <span class='ocrx_word' id='word_1_524' title='bbox 1664 5386 1811 5453; x_wconf 83' lang='lat' dir='ltr'><strong>regni</strong></span> <span class='ocrx_word' id='word_1_525' title='bbox 1839 5399 1992 5442; x_wconf 82' lang='lat' dir='ltr'><strong>care-‘</strong></span> 
     </span>
    </p>
   </div>
   <div class='ocr_carea' id='block_1_74' title="bbox 400 5460 967 5523">
    <p class='ocr_par' dir='ltr' id='par_1_74' title="bbox 400 5460 967 5523">
     <span class='ocr_line' id='line_1_74' title="bbox 400 5460 967 5523; baseline 0.005 -18"><span class='ocrx_word' id='word_1_526' title='bbox 400 5462 497 5521; x_wconf 85' lang='lat' dir='ltr'><strong>ret,</strong></span> <span class='ocrx_word' id='word_1_527' title='bbox 524 5469 828 5523; x_wconf 70' lang='lat' dir='ltr'><strong>exesasque,</strong></span> <span class='ocrx_word' id='word_1_528' title='bbox 860 5460 967 5523; x_wconf 87' lang='lat' dir='ltr'><strong>etc.</strong></span> 
     </span>
    </p>
   </div>
   <div class='ocr_carea' id='block_1_75' title="bbox 473 5518 1713 5595">
    <p class='ocr_par' dir='ltr' id='par_1_75' title="bbox 473 5518 1713 5595">
     <span class='ocr_line' id='line_1_75' title="bbox 473 5518 1713 5595; baseline 0.002 -21"><span class='ocrx_word' id='word_1_529' title='bbox 473 5518 496 5595; x_wconf 54' lang='grc' dir='ltr'><strong>ἡ</strong></span> <span class='ocrx_word' id='word_1_530' title='bbox 527 5521 602 5595; x_wconf 83' lang='lat' dir='ltr'><strong>l_ta</strong></span> <span class='ocrx_word' id='word_1_531' title='bbox 632 5518 1065 5595; x_wconf 62' lang='lat' dir='ltr'><strong>Loays.,_Florea</strong></span> <span class='ocrx_word' id='word_1_532' title='bbox 1093 5538 1256 5595; x_wconf 66' lang='lat' dir='ltr'><strong>vero,~</strong></span> <span class='ocrx_word' id='word_1_533' title='bbox 1274 5540 1376 5595; x_wconf 88' lang='lat' dir='ltr'><strong>non</strong></span> <span class='ocrx_word' id='word_1_534' title='bbox 1398 5524 1713 5595; x_wconf 64' lang='lat' dir='ltr'><strong>ignorant“.</strong></span> 
     </span>
    </p>
   </div>
   <div class='ocr_carea' id='block_1_76' title="bbox 470 5590 1739 5662">
    <p class='ocr_par' dir='ltr' id='par_1_76' title="bbox 470 5590 1739 5662">
     <span class='ocr_line' id='line_1_76' title="bbox 470 5590 1739 5662; baseline 0.001 -17"><span class='ocrx_word' id='word_1_535' title='bbox 470 5590 498 5630; x_wconf 71' lang='grc' dir='ltr'><strong><em>ἀ</em></strong></span> <span class='ocrx_word' id='word_1_536' title='bbox 531 5590 719 5662; x_wconf 81' lang='lat' dir='ltr'><strong>Florez</strong></span> <span class='ocrx_word' id='word_1_537' title='bbox 742 5590 811 5649; x_wconf 82' lang='lat' dir='ltr'><strong>ex</strong></span> <span class='ocrx_word' id='word_1_538' title='bbox 839 5592 1079 5648; x_wconf 82' lang='lat' dir='ltr'><strong>Gerund.</strong></span> <span class='ocrx_word' id='word_1_539' title='bbox 1111 5601 1166 5647; x_wconf 90' lang='lat' dir='ltr'><strong>et</strong></span> <span class='ocrx_word' id='word_1_540' title='bbox 1194 5592 1395 5662; x_wconf 86' lang='lat' dir='ltr'><strong>Urgell.</strong></span> <span class='ocrx_word' id='word_1_541' title='bbox 1418 5590 1587 5648; x_wconf 59' lang='lat' dir='ltr'><strong>&#39;edidit</strong></span> <span class='ocrx_word' id='word_1_542' title='bbox 1607 5610 1739 5648; x_wconf 82' lang='lat' dir='ltr'><strong>reos.</strong></span> 
     </span>
    </p>
   </div>
   <div class='ocr_carea' id='block_1_77' title="bbox 477 5661 1984 5734">
    <p class='ocr_par' dir='ltr' id='par_1_77' title="bbox 477 5661 1984 5734">
     <span class='ocr_line' id='line_1_77' title="bbox 477 5661 1984 5734; baseline -0.001 -18"><span class='ocrx_word' id='word_1_543' title='bbox 477 5661 721 5734; x_wconf 12' lang='lat' dir='ltr'><strong>&#39;rFlorez</strong></span> <span class='ocrx_word' id='word_1_544' title='bbox 747 5679 815 5719; x_wconf 79' lang='lat' dir='ltr'><strong>ex</strong></span> <span class='ocrx_word' id='word_1_545' title='bbox 858 5661 1065 5718; x_wconf 84' lang='lat' dir='ltr'><strong>eisdem</strong></span> <span class='ocrx_word' id='word_1_546' title='bbox 1109 5678 1237 5717; x_wconf 89' lang='lat' dir='ltr'><strong>mss.</strong></span> <span class='ocrx_word' id='word_1_547' title='bbox 1283 5664 1554 5719; x_wconf 88' lang='lat' dir='ltr'><strong>interserit</strong></span> <span class='ocrx_word' id='word_1_548' title='bbox 1580 5674 1675 5728; x_wconf 86' lang='lat' dir='ltr'><strong>ut;</strong></span> <span class='ocrx_word' id='word_1_549' title='bbox 1705 5662 1846 5734; x_wconf 92' lang='lat' dir='ltr'><strong>quod</strong></span> <span class='ocrx_word' id='word_1_550' title='bbox 1880 5678 1984 5717; x_wconf 89' lang='lat' dir='ltr'><strong>non</strong></span> 
     </span>
    </p>
   </div>
   <div class='ocr_carea' id='block_1_78' title="bbox 404 5733 1986 5805">
    <p class='ocr_par' dir='ltr' id='par_1_78' title="bbox 404 5733 1986 5805">
     <span class='ocr_line' id='line_1_78' title="bbox 404 5733 1986 5805; baseline -0.001 -19"><span class='ocrx_word' id='word_1_551' title='bbox 404 5733 712 5802; x_wconf 79' lang='lat' dir='ltr'><strong>probamus,</strong></span> <span class='ocrx_word' id='word_1_552' title='bbox 763 5735 866 5790; x_wconf 90' lang='lat' dir='ltr'><strong>nisi</strong></span> <span class='ocrx_word' id='word_1_553' title='bbox 912 5749 1023 5805; x_wconf 19' lang='lat' dir='ltr'><strong>pro.</strong></span> <span class='ocrx_word' id='word_1_554' title='bbox 1048 5735 1416 5805; x_wconf 67' lang='lat' dir='ltr'><strong>pracipiuntur</strong></span> <span class='ocrx_word' id='word_1_555' title='bbox 1450 5733 1731 5789; x_wconf 80' lang='lat' dir='ltr'><strong>scribatur</strong></span> <span class='ocrx_word' id='word_1_556' title='bbox 1751 5734 1986 5801; x_wconf 72' lang='grc' dir='ltr'><strong>μνωςὶμί-</strong></span> 
     </span>
    </p>
   </div>
   <div class='ocr_carea' id='block_1_79' title="bbox 405 5803 1298 5873">
    <p class='ocr_par' dir='ltr' id='par_1_79' title="bbox 405 5803 1298 5873">
     <span class='ocr_line' id='line_1_79' title="bbox 405 5803 1298 5873; baseline 0.006 -18"><span class='ocrx_word' id='word_1_557' title='bbox 405 5812 516 5863; x_wconf 76' lang='lat' dir='ltr'><strong>tur;</strong></span> <span class='ocrx_word' id='word_1_558' title='bbox 533 5806 689 5873; x_wconf 72' lang='lat' dir='ltr'><strong>quod</strong></span> <span class='ocrx_word' id='word_1_559' title='bbox 719 5806 901 5873; x_wconf 86' lang='lat' dir='ltr'><strong>nullus</strong></span> <span class='ocrx_word' id='word_1_560' title='bbox 918 5803 1077 5858; x_wconf 84' lang='lat' dir='ltr'><strong>habet</strong></span> <span class='ocrx_word' id='word_1_561' title='bbox 1107 5803 1298 5860; x_wconf 81' lang='lat' dir='ltr'><strong>codex.</strong></span> 
     </span>
    </p>
   </div>
   <div class='ocr_carea' id='block_1_80' title="bbox 482 5871 1553 5938">
    <p class='ocr_par' dir='ltr' id='par_1_80' title="bbox 482 5871 1553 5938">
     <span class='ocr_line' id='line_1_80' title="bbox 482 5871 1553 5938; baseline 0 -11"><span class='ocrx_word' id='word_1_562' title='bbox 482 5874 500 5910; x_wconf 73' lang='grc' dir='ltr'>ί</span> <span class='ocrx_word' id='word_1_563' title='bbox 526 5871 604 5929; x_wconf 75' lang='lat' dir='ltr'><strong>Ita</strong></span> <span class='ocrx_word' id='word_1_564' title='bbox 627 5871 752 5930; x_wconf 87' lang='lat' dir='ltr'><strong>Ger.</strong></span> <span class='ocrx_word' id='word_1_565' title='bbox 778 5883 831 5931; x_wconf 87' lang='lat' dir='ltr'><strong>et</strong></span> <span class='ocrx_word' id='word_1_566' title='bbox 862 5872 1082 5938; x_wconf 63' lang='grc' dir='ltr'><strong>[τίτθης</strong></span> <span class='ocrx_word' id='word_1_567' title='bbox 1116 5873 1224 5932; x_wconf 66' lang='lat' dir='ltr'><strong>ald.</strong></span> <span class='ocrx_word' id='word_1_568' title='bbox 1259 5872 1553 5930; x_wconf 69' lang='lat' dir='ltr'><strong>providerit.</strong></span> 
     </span>
    </p>
   </div>
   <div class='ocr_carea' id='block_1_81' title="bbox 2053 1980 3637 2049">
    <p class='ocr_par' dir='ltr' id='par_1_81' title="bbox 2053 1980 3637 2049">
     <span class='ocr_line' id='line_1_81' title="bbox 2053 1980 3637 2049; baseline -0.001 -13"><span class='ocrx_word' id='word_1_569' title='bbox 2053 1983 2196 2036; x_wconf 86' lang='lat' dir='ltr'><strong>nium</strong></span> <span class='ocrx_word' id='word_1_570' title='bbox 2224 1982 2477 2036; x_wconf 64' lang='lat' dir='ltr'><strong>vitiormn</strong></span> <span class='ocrx_word' id='word_1_571' title='bbox 2527 1983 2578 2036; x_wconf 87' lang='lat' dir='ltr'><strong>in</strong></span> <span class='ocrx_word' id='word_1_572' title='bbox 2625 1981 2815 2036; x_wconf 85' lang='lat' dir='ltr'><strong>eodem</strong></span> <span class='ocrx_word' id='word_1_573' title='bbox 2861 1982 3158 2049; x_wconf 84' lang='lat' dir='ltr'><strong>congeries,</strong></span> <span class='ocrx_word' id='word_1_574' title='bbox 3205 1980 3366 2035; x_wconf 88' lang='lat' dir='ltr'><strong>veluti</strong></span> <span class='ocrx_word' id='word_1_575' title='bbox 3414 1981 3465 2034; x_wconf 94' lang='lat' dir='ltr'><strong>in</strong></span> <span class='ocrx_word' id='word_1_576' title='bbox 3517 1996 3637 2037; x_wconf 84' lang='lat' dir='ltr'><strong>sor—</strong></span> 
     </span>
    </p>
   </div>
   <div class='ocr_carea' id='block_1_82' title="bbox 2051 2070 3639 2140">
    <p class='ocr_par' dir='ltr' id='par_1_82' title="bbox 2051 2070 3639 2140">
     <span class='ocr_line' id='line_1_82' title="bbox 2051 2070 3639 2140; baseline -0.003 -11"><span class='ocrx_word' id='word_1_577' title='bbox 2051 2074 2198 2129; x_wconf 89' lang='lat' dir='ltr'><strong>dium</strong></span> <span class='ocrx_word' id='word_1_578' title='bbox 2235 2074 2445 2137; x_wconf 85' lang='lat' dir='ltr'><strong>sentina</strong></span> <span class='ocrx_word' id='word_1_579' title='bbox 2476 2073 2751 2137; x_wconf 77' lang='lat' dir='ltr'><strong>conlluxit,</strong></span> <span class='ocrx_word' id='word_1_580' title='bbox 2783 2080 2841 2127; x_wconf 86' lang='lat' dir='ltr'><strong>ut</strong></span> <span class='ocrx_word' id='word_1_581' title='bbox 2868 2073 3209 2127; x_wconf 87' lang='lat' dir='ltr'><strong>sectatricum</strong></span> <span class='ocrx_word' id='word_1_582' title='bbox 3246 2071 3505 2140; x_wconf 82' lang='lat' dir='ltr'><strong>pudorem</strong></span> <span class='ocrx_word' id='word_1_583' title='bbox 3536 2070 3639 2124; x_wconf 73' lang='lat' dir='ltr'><strong>inf-</strong></span> 
     </span>
    </p>
   </div>
   <div class='ocr_carea' id='block_1_83' title="bbox 2052 2155 3692 2234">
    <p class='ocr_par' dir='ltr' id='par_1_83' title="bbox 2052 2155 3692 2234">
     <span class='ocr_line' id='line_1_83' title="bbox 2052 2155 3692 2234; baseline -0.001 -17"><span class='ocrx_word' id='word_1_584' title='bbox 2052 2163 2366 2234; x_wconf 73' lang='lat' dir='ltr'><strong>pulefactus</strong></span> <span class='ocrx_word' id='word_1_585' title='bbox 2431 2164 2640 2218; x_wconf 74' lang='lat' dir='ltr'><strong>adulter</strong></span> <span class='ocrx_word' id='word_1_586' title='bbox 2693 2165 2927 2234; x_wconf 85' lang='lat' dir='ltr'><strong>eriperet</strong></span> <span class='ocrx_word' id='word_1_587' title='bbox 2975 2161 3030 2229; x_wconf 70' lang='lat' dir='ltr'><strong>l’;</strong></span> <span class='ocrx_word' id='word_1_588' title='bbox 3082 2172 3137 2218; x_wconf 89' lang='lat' dir='ltr'><strong>et</strong></span> <span class='ocrx_word' id='word_1_589' title='bbox 3191 2171 3249 2217; x_wconf 92' lang='lat' dir='ltr'><strong>nt</strong></span> <span class='ocrx_word' id='word_1_590' title='bbox 3304 2162 3370 2215; x_wconf 91' lang='lat' dir='ltr'><strong>ad</strong></span> <span class='ocrx_word' id='word_1_591' title='bbox 3424 2163 3640 2217; x_wconf 88' lang='lat' dir='ltr'><strong>sceleris</strong></span> <span class='ocrx_word' id='word_1_592' title='bbox 3686 2155 3692 2162; x_wconf 83' lang='grc'><em>’</em></span> 
     </span>
    </p>
   </div>
   <div class='ocr_carea' id='block_1_84' title="bbox 2054 2253 3643 2324">
    <p class='ocr_par' dir='ltr' id='par_1_84' title="bbox 2054 2253 3643 2324">
     <span class='ocr_line' id='line_1_84' title="bbox 2054 2253 3643 2324; baseline -0.001 -16"><span class='ocrx_word' id='word_1_593' title='bbox 2054 2254 2244 2309; x_wconf 85' lang='lat' dir='ltr'><strong>nefarii</strong></span> <span class='ocrx_word' id='word_1_594' title='bbox 2286 2253 2534 2310; x_wconf 78' lang='lat' dir='ltr'><strong>eilectum</strong></span> <span class='ocrx_word' id='word_1_595' title='bbox 2579 2254 2785 2309; x_wconf 85' lang='lat' dir='ltr'><strong>facilius</strong></span> <span class='ocrx_word' id='word_1_596' title='bbox 2822 2255 3157 2324; x_wconf 89' lang='lat' dir='ltr'><strong>perveniret,</strong></span> <span class='ocrx_word' id='word_1_597' title='bbox 3203 2253 3448 2308; x_wconf 74' lang='lat' dir='ltr'><strong>maleficii</strong></span> <span class='ocrx_word' id='word_1_598' title='bbox 3491 2268 3643 2307; x_wconf 89' lang='lat' dir='ltr'><strong>usum</strong></span> 
     </span>
    </p>
   </div>
   <div class='ocr_carea' id='block_1_85' title="bbox 2055 2330 3645 2421">
    <p class='ocr_par' dir='ltr' id='par_1_85' title="bbox 2055 2330 3645 2421">
     <span class='ocr_line' id='line_1_85' title="bbox 2055 2330 3645 2421; baseline -0.002 -20"><span class='ocrx_word' id='word_1_599' title='bbox 2055 2355 2203 2415; x_wconf 79' lang='lat' dir='ltr'><strong>gesta</strong></span> <span class='ocrx_word' id='word_1_600' title='bbox 2233 2347 2392 2402; x_wconf 88' lang='lat' dir='ltr'><strong>etiam</strong></span> <span class='ocrx_word' id='word_1_601' title='bbox 2425 2347 2471 2401; x_wconf 90' lang='lat' dir='ltr'><strong>ei</strong></span> <span class='ocrx_word' id='word_1_602' title='bbox 2502 2347 2793 2415; x_wconf 83' lang='lat' dir='ltr'><strong>assignant.</strong></span> <span class='ocrx_word' id='word_1_603' title='bbox 2828 2344 2965 2412; x_wconf 87' lang='lat' dir='ltr'><strong>Quid</strong></span> <span class='ocrx_word' id='word_1_604' title='bbox 2988 2330 3211 2401; x_wconf 83' lang='lat' dir='ltr'><strong>tandem</strong></span> <span class='ocrx_word' id='word_1_605' title='bbox 3239 2345 3289 2398; x_wconf 91' lang='lat' dir='ltr'><strong>in</strong></span> <span class='ocrx_word' id='word_1_606' title='bbox 3321 2347 3421 2399; x_wconf 85' lang='lat' dir='ltr'><strong>hoc</strong></span> <span class='ocrx_word' id='word_1_607' title='bbox 3454 2355 3491 2381; x_wconf 68' lang='grc' dir='ltr'>ιιι</span> <span class='ocrx_word' id='word_1_608' title='bbox 3521 2344 3645 2421; x_wconf 83' lang='lat' dir='ltr'><strong>reli-</strong></span> 
     </span>
    </p>
   </div>
   <div class='ocr_carea' id='block_1_86' title="bbox 2054 2439 3643 2510">
    <p class='ocr_par' dir='ltr' id='par_1_86' title="bbox 2054 2439 3643 2510">
     <span class='ocr_line' id='line_1_86' title="bbox 2054 2439 3643 2510; baseline -0.003 -14"><span class='ocrx_word' id='word_1_609' title='bbox 2054 2441 2200 2510; x_wconf 66' lang='lat' dir='ltr'><strong>gioni</strong></span> <span class='ocrx_word' id='word_1_610' title='bbox 2245 2453 2541 2509; x_wconf 86' lang='lat' dir='ltr'><strong>congruum</strong></span> <span class='ocrx_word' id='word_1_611' title='bbox 2582 2439 2752 2495; x_wconf 81' lang='lat' dir='ltr'><strong>fidelis</strong></span> <span class='ocrx_word' id='word_1_612' title='bbox 2789 2441 3103 2509; x_wconf 86' lang='lat' dir='ltr'><strong>cujusquam</strong></span> <span class='ocrx_word' id='word_1_613' title='bbox 3133 2439 3220 2493; x_wconf 89' lang='lat' dir='ltr'><strong>ani</strong></span> <span class='ocrx_word' id='word_1_614' title='bbox 3280 2453 3310 2491; x_wconf 89' lang='lat' dir='ltr'><strong>a</strong></span> <span class='ocrx_word' id='word_1_615' title='bbox 3338 2446 3643 2501; x_wconf 89' lang='lat' dir='ltr'><strong>veneratur,</strong></span> 
     </span>
    </p>
   </div>
   <div class='ocr_carea' id='block_1_87' title="bbox 2056 2530 3645 2606">
    <p class='ocr_par' dir='ltr' id='par_1_87' title="bbox 2056 2530 3645 2606">
     <span class='ocr_line' id='line_1_87' title="bbox 2056 2530 3645 2606; baseline -0.004 -17"><span class='ocrx_word' id='word_1_616' title='bbox 2056 2536 2148 2606; x_wconf 88' lang='lat' dir='ltr'><strong>qui</strong></span> <span class='ocrx_word' id='word_1_617' title='bbox 2171 2550 2279 2590; x_wconf 90' lang='lat' dir='ltr'><strong>non</strong></span> <span class='ocrx_word' id='word_1_618' title='bbox 2308 2533 2483 2589; x_wconf 92' lang='lat' dir='ltr'><strong>solum</strong></span> <span class='ocrx_word' id='word_1_619' title='bbox 2527 2548 2557 2587; x_wconf 91' lang='lat' dir='ltr'><strong>a</strong></span> <span class='ocrx_word' id='word_1_620' title='bbox 2586 2533 2786 2589; x_wconf 88' lang='lat' dir='ltr'><strong>sanctis</strong></span> <span class='ocrx_word' id='word_1_621' title='bbox 2833 2530 3202 2588; x_wconf 80' lang='lat' dir='ltr'><strong>sacerdotibus</strong></span> <span class='ocrx_word' id='word_1_622' title='bbox 3243 2531 3505 2586; x_wconf 90' lang='lat' dir='ltr'><strong>refutatus</strong></span> <span class='ocrx_word' id='word_1_623' title='bbox 3543 2539 3645 2596; x_wconf 83' lang='lat' dir='ltr'><strong>est,</strong></span> 
     </span>
    </p>
   </div>
   <div class='ocr_carea' id='block_1_88' title="bbox 2057 2615 3645 2694">
    <p class='ocr_par' dir='ltr' id='par_1_88' title="bbox 2057 2615 3645 2694">
     <span class='ocr_line' id='line_1_88' title="bbox 2057 2615 3645 2694; baseline -0.003 -14"><span class='ocrx_word' id='word_1_624' title='bbox 2057 2640 2245 2680; x_wconf 88' lang='lat' dir='ltr'><strong>verum</strong></span> <span class='ocrx_word' id='word_1_625' title='bbox 2273 2624 2436 2680; x_wconf 88' lang='lat' dir='ltr'><strong>etiam</strong></span> <span class='ocrx_word' id='word_1_626' title='bbox 2477 2623 2734 2679; x_wconf 88' lang='lat' dir='ltr'><strong>mundani</strong></span> <span class='ocrx_word' id='word_1_627' title='bbox 2763 2615 3033 2694; x_wconf 55' lang='lat' dir='ltr'><strong>principes</strong></span> <span class='ocrx_word' id='word_1_628' title='bbox 3072 2623 3277 2691; x_wconf 74' lang='lat' dir='ltr'><strong>justitia</strong></span> <span class='ocrx_word' id='word_1_629' title='bbox 3323 2621 3497 2690; x_wconf 81' lang='lat' dir='ltr'><strong>legum</strong></span> <span class='ocrx_word' id='word_1_630' title='bbox 3527 2637 3645 2678; x_wconf 78' lang='lat' dir='ltr'><strong>sua-</strong></span> 
     </span>
    </p>
   </div>
   <div class='ocr_carea' id='block_1_89' title="bbox 2058 2704 3647 2787">
    <p class='ocr_par' dir='ltr' id='par_1_89' title="bbox 2058 2704 3647 2787">
     <span class='ocr_line' id='line_1_89' title="bbox 2058 2704 3647 2787; baseline -0.003 -16"><span class='ocrx_word' id='word_1_631' title='bbox 2058 2732 2177 2771; x_wconf 83' lang='lat' dir='ltr'><strong>rum</strong></span> <span class='ocrx_word' id='word_1_632' title='bbox 2217 2732 2339 2772; x_wconf 91' lang='lat' dir='ltr'><strong>eum</strong></span> <span class='ocrx_word' id='word_1_633' title='bbox 2379 2733 2477 2787; x_wconf 93' lang='lat' dir='ltr'><strong>pro</strong></span> <span class='ocrx_word' id='word_1_634' title='bbox 2529 2715 2810 2771; x_wconf 78' lang='lat' dir='ltr'><strong>memor‘ati</strong></span> <span class='ocrx_word' id='word_1_635' title='bbox 2859 2715 3078 2770; x_wconf 89' lang='lat' dir='ltr'><strong>sceleris</strong></span> <span class='ocrx_word' id='word_1_636' title='bbox 3125 2715 3384 2785; x_wconf 88' lang='lat' dir='ltr'><strong>qualitate</strong></span> <span class='ocrx_word' id='word_1_637' title='bbox 3430 2704 3647 2768; x_wconf 83' lang='lat' dir='ltr'><strong>damna-</strong></span> 
     </span>
    </p>
   </div>
   <div class='ocr_carea' id='block_1_90' title="bbox 2060 2807 2230 2861">
    <p class='ocr_par' dir='ltr' id='par_1_90' title="bbox 2060 2807 2230 2861">
     <span class='ocr_line' id='line_1_90' title="bbox 2060 2807 2230 2861; baseline 0 -2"><span class='ocrx_word' id='word_1_638' title='bbox 2060 2807 2230 2861; x_wconf 85' lang='lat' dir='ltr'><strong>runt?</strong></span> 
     </span>
    </p>
   </div>
   <div class='ocr_carea' id='block_1_91' title="bbox 2136 2902 3648 2989">
    <p class='ocr_par' dir='ltr' id='par_1_91' title="bbox 2136 2902 3648 2989">
     <span class='ocr_line' id='line_1_91' title="bbox 2136 2902 3648 2989; baseline 0.001 -19"><span class='ocrx_word' id='word_1_639' title='bbox 2136 2910 2264 2971; x_wconf 76' lang='lat' dir='ltr'><strong>VIII.</strong></span> <span class='ocrx_word' id='word_1_640' title='bbox 2296 2915 2448 2971; x_wconf 83' lang='lat' dir='ltr'><strong>Hune</strong></span> <span class='ocrx_word' id='word_1_641' title='bbox 2483 2918 2643 2972; x_wconf 87' lang='lat' dir='ltr'><strong>talem</strong></span> <span class='ocrx_word' id='word_1_642' title='bbox 2683 2919 2866 2983; x_wconf 83' lang='lat' dir='ltr'><strong>fuisse,</strong></span> <span class='ocrx_word' id='word_1_643' title='bbox 2890 2918 3105 2989; x_wconf 80' lang='lat' dir='ltr'><strong>plenius</strong></span> <span class='ocrx_word' id='word_1_644' title='bbox 3135 2917 3302 2972; x_wconf 83' lang='lat' dir='ltr'><strong>discet</strong></span> <span class='ocrx_word' id='word_1_645' title='bbox 3330 2918 3420 2986; x_wconf 90' lang='lat' dir='ltr'><strong>qui</strong></span> <span class='ocrx_word' id='word_1_646' title='bbox 3448 2902 3648 2984; x_wconf 50' lang='lat' dir='ltr'><strong>beatise</strong></span> 
     </span>
    </p>
   </div>
   <div class='ocr_carea' id='block_1_92' title="bbox 2061 3005 3650 3077">
    <p class='ocr_par' dir='ltr' id='par_1_92' title="bbox 2061 3005 3650 3077">
     <span class='ocr_line' id='line_1_92' title="bbox 2061 3005 3650 3077; baseline -0.001 -13"><span class='ocrx_word' id='word_1_647' title='bbox 2061 3008 2183 3064; x_wconf 86' lang='lat' dir='ltr'><strong>simi</strong></span> <span class='ocrx_word' id='word_1_648' title='bbox 2210 3023 2274 3062; x_wconf 91' lang='lat' dir='ltr'><strong>ac</strong></span> <span class='ocrx_word' id='word_1_649' title='bbox 2301 3007 2687 3077; x_wconf 87' lang='lat' dir='ltr'><strong>religiosissimi</strong></span> <span class='ocrx_word' id='word_1_650' title='bbox 2711 3007 2812 3062; x_wconf 91' lang='lat' dir='ltr'><strong>viri</strong></span> <span class='ocrx_word' id='word_1_651' title='bbox 2842 3007 3082 3063; x_wconf 87' lang='lat' dir='ltr'><strong>Thoribii</strong></span> <span class='ocrx_word' id='word_1_652' title='bbox 3107 3016 3132 3044; x_wconf 79' lang='grc' dir='ltr'><strong>ιι</strong></span> <span class='ocrx_word' id='word_1_653' title='bbox 3163 3007 3400 3077; x_wconf 83' lang='lat' dir='ltr'><strong>episcopi</strong></span> <span class='ocrx_word' id='word_1_654' title='bbox 3429 3005 3496 3060; x_wconf 86' lang='lat' dir='ltr'><strong>ad</strong></span> <span class='ocrx_word' id='word_1_655' title='bbox 3523 3023 3650 3062; x_wconf 61' lang='lat' dir='ltr'><strong>sano</strong></span> 
     </span>
    </p>
   </div>
   <div class='ocr_carea' id='block_1_93' title="bbox 2062 3098 3651 3173">
    <p class='ocr_par' dir='ltr' id='par_1_93' title="bbox 2062 3098 3651 3173">
     <span class='ocr_line' id='line_1_93' title="bbox 2062 3098 3651 3173; baseline -0.003 -16"><span class='ocrx_word' id='word_1_656' title='bbox 2062 3112 2211 3157; x_wconf 90' lang='lat' dir='ltr'><strong>ctum</strong></span> <span class='ocrx_word' id='word_1_657' title='bbox 2232 3115 2427 3170; x_wconf 87' lang='lat' dir='ltr'><strong>papam</strong></span> <span class='ocrx_word' id='word_1_658' title='bbox 2448 3099 2595 3173; x_wconf 87' lang='lat' dir='ltr'><strong>urbis</strong></span> <span class='ocrx_word' id='word_1_659' title='bbox 2626 3098 2810 3155; x_wconf 79' lang='lat' dir='ltr'><strong>Romae</strong></span> <span class='ocrx_word' id='word_1_660' title='bbox 2849 3098 3080 3155; x_wconf 87' lang='lat' dir='ltr'><strong>Leonem</strong></span> <span class='ocrx_word' id='word_1_661' title='bbox 3111 3100 3276 3155; x_wconf 89' lang='lat' dir='ltr'><strong>libros</strong></span> <span class='ocrx_word' id='word_1_662' title='bbox 3301 3099 3475 3154; x_wconf 89' lang='lat' dir='ltr'><strong>editos</strong></span> <span class='ocrx_word' id='word_1_663' title='bbox 3503 3099 3651 3168; x_wconf 87' lang='lat' dir='ltr'><strong>legit,</strong></span> 
     </span>
    </p>
   </div>
   <div class='ocr_carea' id='block_1_94' title="bbox 2065 3188 3652 3262">
    <p class='ocr_par' dir='ltr' id='par_1_94' title="bbox 2065 3188 3652 3262">
     <span class='ocr_line' id='line_1_94' title="bbox 2065 3188 3652 3262; baseline -0.003 -14"><span class='ocrx_word' id='word_1_664' title='bbox 2065 3193 2119 3248; x_wconf 92' lang='lat' dir='ltr'><strong>in</strong></span> <span class='ocrx_word' id='word_1_665' title='bbox 2164 3191 2358 3262; x_wconf 85' lang='lat' dir='ltr'><strong>quibus</strong></span> <span class='ocrx_word' id='word_1_666' title='bbox 2392 3190 2533 3246; x_wconf 89' lang='lat' dir='ltr'><strong>hanc</strong></span> <span class='ocrx_word' id='word_1_667' title='bbox 2571 3190 2844 3245; x_wconf 86' lang='lat' dir='ltr'><strong>sordidam</strong></span> <span class='ocrx_word' id='word_1_668' title='bbox 2890 3189 3135 3246; x_wconf 67' lang='lat' dir='ltr'><strong>haeresim</strong></span> <span class='ocrx_word' id='word_1_669' title='bbox 3164 3188 3492 3259; x_wconf 76' lang='lat' dir='ltr'><strong>explanavit,</strong></span> <span class='ocrx_word' id='word_1_670' title='bbox 3521 3203 3652 3259; x_wconf 86' lang='lat' dir='ltr'><strong>ape-</strong></span> 
     </span>
    </p>
   </div>
   <div class='ocr_carea' id='block_1_95' title="bbox 2063 3277 3681 3352">
    <p class='ocr_par' dir='ltr' id='par_1_95' title="bbox 2063 3277 3681 3352">
     <span class='ocr_line' id='line_1_95' title="bbox 2063 3277 3681 3352; baseline -0.001 -12"><span class='ocrx_word' id='word_1_671' title='bbox 2063 3284 2190 3351; x_wconf 92' lang='lat' dir='ltr'><strong>ruit,</strong></span> <span class='ocrx_word' id='word_1_672' title='bbox 2239 3291 2296 3340; x_wconf 89' lang='lat' dir='ltr'><strong>et</strong></span> <span class='ocrx_word' id='word_1_673' title='bbox 2331 3281 2595 3339; x_wconf 90' lang='lat' dir='ltr'><strong>occultam</strong></span> <span class='ocrx_word' id='word_1_674' title='bbox 2648 3281 2882 3337; x_wconf 89' lang='lat' dir='ltr'><strong>tenebris</strong></span> <span class='ocrx_word' id='word_1_675' title='bbox 2935 3277 3469 3352; x_wconf 80' lang='lat' dir='ltr'><strong>suis,_perﬂdi:eque</strong></span> <span class='ocrx_word' id='word_1_676' title='bbox 3515 3284 3681 3351; x_wconf 31' lang='lat' dir='ltr'><strong>nubs,</strong></span> 
     </span>
    </p>
   </div>
   <div class='ocr_carea' id='block_1_96' title="bbox 2066 3371 3655 3446">
    <p class='ocr_par' dir='ltr' id='par_1_96' title="bbox 2066 3371 3655 3446">
     <span class='ocr_line' id='line_1_96' title="bbox 2066 3371 3655 3446; baseline -0.004 -13"><span class='ocrx_word' id='word_1_677' title='bbox 2066 3378 2299 3433; x_wconf 83' lang='lat' dir='ltr'><strong>velatam</strong></span> <span class='ocrx_word' id='word_1_678' title='bbox 2327 3376 2379 3431; x_wconf 91' lang='lat' dir='ltr'><strong>in</strong></span> <span class='ocrx_word' id='word_1_679' title='bbox 2409 3373 2694 3446; x_wconf 81' lang='lat' dir='ltr'><strong>prepatulo</strong></span> <span class='ocrx_word' id='word_1_680' title='bbox 2723 3375 2887 3429; x_wconf 92' lang='lat' dir='ltr'><strong>misit.</strong></span> <span class='ocrx_word' id='word_1_681' title='bbox 2939 3372 3017 3428; x_wconf 83' lang='lat' dir='ltr'><strong>Ex</strong></span> <span class='ocrx_word' id='word_1_682' title='bbox 3060 3373 3189 3443; x_wconf 81' lang='lat' dir='ltr'><strong>ipsis</strong></span> <span class='ocrx_word' id='word_1_683' title='bbox 3235 3372 3434 3428; x_wconf 91' lang='lat' dir='ltr'><strong>etenim</strong></span> <span class='ocrx_word' id='word_1_684' title='bbox 3484 3371 3655 3435; x_wconf 88' lang='lat' dir='ltr'><strong>libris,</strong></span> 
     </span>
    </p>
   </div>
   <div class='ocr_carea' id='block_1_97' title="bbox 2065 3463 3657 3539">
    <p class='ocr_par' dir='ltr' id='par_1_97' title="bbox 2065 3463 3657 3539">
     <span class='ocr_line' id='line_1_97' title="bbox 2065 3463 3657 3539; baseline -0.003 -15"><span class='ocrx_word' id='word_1_685' title='bbox 2065 3470 2300 3539; x_wconf 83' lang='lat' dir='ltr'><strong>qualiter</strong></span> <span class='ocrx_word' id='word_1_686' title='bbox 2327 3484 2539 3534; x_wconf 89' lang='lat' dir='ltr'><strong>cavere,</strong></span> <span class='ocrx_word' id='word_1_687' title='bbox 2588 3467 2717 3537; x_wconf 88' lang='lat' dir='ltr'><strong>quid</strong></span> <span class='ocrx_word' id='word_1_688' title='bbox 2771 3465 3102 3538; x_wconf 89' lang='lat' dir='ltr'><strong>respondere</strong></span> <span class='ocrx_word' id='word_1_689' title='bbox 3146 3473 3333 3521; x_wconf 90' lang='lat' dir='ltr'><strong>contra</strong></span> <span class='ocrx_word' id='word_1_690' title='bbox 3371 3463 3657 3534; x_wconf 81' lang='lat' dir='ltr'><strong>sacrilegos</strong></span> 
     </span>
    </p>
   </div>
   <div class='ocr_carea' id='block_1_98' title="bbox 2064 3553 3659 3633">
    <p class='ocr_par' dir='ltr' id='par_1_98' title="bbox 2064 3553 3659 3633">
     <span class='ocr_line' id='line_1_98' title="bbox 2064 3553 3659 3633; baseline -0.006 -15"><span class='ocrx_word' id='word_1_691' title='bbox 2064 3561 2255 3633; x_wconf 85' lang='lat' dir='ltr'><strong>possit,</strong></span> <span class='ocrx_word' id='word_1_692' title='bbox 2286 3561 2402 3631; x_wconf 83' lang='lat' dir='ltr'><strong>pius</strong></span> <span class='ocrx_word' id='word_1_693' title='bbox 2424 3560 2593 3615; x_wconf 87' lang='lat' dir='ltr'><strong>lector</strong></span> <span class='ocrx_word' id='word_1_694' title='bbox 2621 3557 2877 3615; x_wconf 87' lang='lat' dir='ltr'><strong>inveniet.</strong></span> <span class='ocrx_word' id='word_1_695' title='bbox 2916 3567 2940 3595; x_wconf 89' lang='grc' dir='ltr'><strong>ο</strong></span> <span class='ocrx_word' id='word_1_696' title='bbox 2980 3555 3153 3622; x_wconf 87' lang='lat' dir='ltr'><strong>Unde,</strong></span> <span class='ocrx_word' id='word_1_697' title='bbox 3184 3572 3388 3626; x_wconf 77' lang='lat' dir='ltr'><strong>quzeso,</strong></span> <span class='ocrx_word' id='word_1_698' title='bbox 3416 3563 3470 3610; x_wconf 92' lang='lat' dir='ltr'><strong>ut</strong></span> <span class='ocrx_word' id='word_1_699' title='bbox 3501 3553 3659 3627; x_wconf 75' lang='lat' dir='ltr'><strong>peril-</strong></span> 
     </span>
    </p>
   </div>
   <div class='ocr_carea' id='block_1_99' title="bbox 2069 3646 3658 3717">
    <p class='ocr_par' dir='ltr' id='par_1_99' title="bbox 2069 3646 3658 3717">
     <span class='ocr_line' id='line_1_99' title="bbox 2069 3646 3658 3717; baseline -0.006 -8"><span class='ocrx_word' id='word_1_700' title='bbox 2069 3654 2212 3709; x_wconf 89' lang='lat' dir='ltr'><strong>diam</strong></span> <span class='ocrx_word' id='word_1_701' title='bbox 2243 3668 2363 3707; x_wconf 91' lang='lat' dir='ltr'><strong>cum</strong></span> <span class='ocrx_word' id='word_1_702' title='bbox 2393 3660 2615 3707; x_wconf 89' lang='lat' dir='ltr'><strong>auctore</strong></span> <span class='ocrx_word' id='word_1_703' title='bbox 2642 3651 2961 3705; x_wconf 73' lang='lat' dir='ltr'><strong>damnantes</strong></span> <span class='ocrx_word' id='word_1_704' title='bbox 2998 3657 3160 3717; x_wconf 89' lang='lat' dir='ltr'><strong>atque</strong></span> <span class='ocrx_word' id='word_1_705' title='bbox 3200 3646 3658 3702; x_wconf 78' lang='lat' dir='ltr'><strong>anathematizan-</strong></span> 
     </span>
    </p>
   </div>
   <div class='ocr_carea' id='block_1_100' title="bbox 2068 3737 3659 3810">
    <p class='ocr_par' dir='ltr' id='par_1_100' title="bbox 2068 3737 3659 3810">
     <span class='ocr_line' id='line_1_100' title="bbox 2068 3737 3659 3810; baseline -0.005 -12"><span class='ocrx_word' id='word_1_706' title='bbox 2068 3752 2169 3803; x_wconf 76' lang='lat' dir='ltr'><strong>tes.</strong></span> <span class='ocrx_word' id='word_1_707' title='bbox 2206 3750 2365 3798; x_wconf 72' lang='lat' dir='ltr'><strong>recta:</strong></span> <span class='ocrx_word' id='word_1_708' title='bbox 2394 3741 2514 3797; x_wconf 73' lang='lat' dir='ltr'><strong>fidei</strong></span> <span class='ocrx_word' id='word_1_709' title='bbox 2546 3742 2780 3810; x_wconf 83' lang='lat' dir='ltr'><strong>regulam</strong></span> <span class='ocrx_word' id='word_1_710' title='bbox 2813 3740 3061 3806; x_wconf 82' lang='lat' dir='ltr'><strong>teneatis,</strong></span> <span class='ocrx_word' id='word_1_711' title='bbox 3100 3748 3155 3793; x_wconf 87' lang='lat' dir='ltr'><strong>et</strong></span> <span class='ocrx_word' id='word_1_712' title='bbox 3180 3738 3249 3794; x_wconf 90' lang='lat' dir='ltr'><strong>de</strong></span> <span class='ocrx_word' id='word_1_713' title='bbox 3289 3737 3537 3794; x_wconf 89' lang='lat' dir='ltr'><strong>omnibus</strong></span> <span class='ocrx_word' id='word_1_714' title='bbox 3573 3752 3659 3791; x_wconf 78' lang='lat' dir='ltr'><strong>su-</strong></span> 
     </span>
    </p>
   </div>
   <div class='ocr_carea' id='block_1_101' title="bbox 2071 3816 3660 3905">
    <p class='ocr_par' dir='ltr' id='par_1_101' title="bbox 2071 3816 3660 3905">
     <span class='ocr_line' id='line_1_101' title="bbox 2071 3816 3660 3905; baseline -0.006 -17"><span class='ocrx_word' id='word_1_715' title='bbox 2071 3834 2381 3905; x_wconf 74' lang='lat' dir='ltr'><strong>proscriptis</strong></span> <span class='ocrx_word' id='word_1_716' title='bbox 2414 3833 2691 3893; x_wconf 78' lang='lat' dir='ltr'><strong>cautiores</strong></span> <span class='ocrx_word' id='word_1_717' title='bbox 2742 3830 2998 3887; x_wconf 76' lang='lat' dir='ltr'><strong>exhibere</strong></span> <span class='ocrx_word' id='word_1_718' title='bbox 3044 3845 3139 3886; x_wconf 88' lang='lat' dir='ltr'><strong>vos</strong></span> <span class='ocrx_word' id='word_1_719' title='bbox 3192 3830 3513 3900; x_wconf 88' lang='lat' dir='ltr'><strong>procuretis,</strong></span> <span class='ocrx_word' id='word_1_720' title='bbox 3554 3816 3660 3896; x_wconf 85' lang='lat' dir='ltr'><strong>quo</strong></span> 
     </span>
    </p>
   </div>
   <div class='ocr_carea' id='block_1_102' title="bbox 2072 3916 3660 3990">
    <p class='ocr_par' dir='ltr' id='par_1_102' title="bbox 2072 3916 3660 3990">
     <span class='ocr_line' id='line_1_102' title="bbox 2072 3916 3660 3990; baseline -0.006 -11"><span class='ocrx_word' id='word_1_721' title='bbox 2072 3926 2281 3981; x_wconf 82' lang='lat' dir='ltr'><strong>facilius</strong></span> <span class='ocrx_word' id='word_1_722' title='bbox 2308 3941 2407 3981; x_wconf 91' lang='lat' dir='ltr'><strong>nec</strong></span> <span class='ocrx_word' id='word_1_723' title='bbox 2434 3925 2561 3985; x_wconf 72' lang='lat' dir='ltr'><strong>mihi</strong></span> <span class='ocrx_word' id='word_1_724' title='bbox 2590 3923 2657 3978; x_wconf 88' lang='lat' dir='ltr'><strong>de</strong></span> <span class='ocrx_word' id='word_1_725' title='bbox 2698 3923 3062 3978; x_wconf 84' lang='lat' dir='ltr'><strong>taciturnitate</strong></span> <span class='ocrx_word' id='word_1_726' title='bbox 3092 3921 3259 3990; x_wconf 90' lang='lat' dir='ltr'><strong>possit</strong></span> <span class='ocrx_word' id='word_1_727' title='bbox 3287 3933 3405 3974; x_wconf 89' lang='lat' dir='ltr'><strong>esse</strong></span> <span class='ocrx_word' id='word_1_728' title='bbox 3442 3916 3660 3971; x_wconf 83' lang='lat' dir='ltr'><strong>damna-</strong></span> 
     </span>
    </p>
   </div>
   <div class='ocr_carea' id='block_1_103' title="bbox 2073 4009 3662 4081">
    <p class='ocr_par' dir='ltr' id='par_1_103' title="bbox 2073 4009 3662 4081">
     <span class='ocr_line' id='line_1_103' title="bbox 2073 4009 3662 4081; baseline -0.005 -11"><span class='ocrx_word' id='word_1_729' title='bbox 2073 4020 2170 4081; x_wconf 87' lang='lat' dir='ltr'><strong>tio,</strong></span> <span class='ocrx_word' id='word_1_730' title='bbox 2203 4023 2257 4071; x_wconf 91' lang='lat' dir='ltr'><strong>et</strong></span> <span class='ocrx_word' id='word_1_731' title='bbox 2282 4016 2431 4071; x_wconf 79' lang='lat' dir='ltr'><strong>vobis</strong></span> <span class='ocrx_word' id='word_1_732' title='bbox 2467 4015 2534 4070; x_wconf 90' lang='lat' dir='ltr'><strong>de</strong></span> <span class='ocrx_word' id='word_1_733' title='bbox 2562 4013 2865 4069; x_wconf 88' lang='lat' dir='ltr'><strong>obedientia</strong></span> <span class='ocrx_word' id='word_1_734' title='bbox 2897 4012 3129 4065; x_wconf 87' lang='lat' dir='ltr'><strong>fructum</strong></span> <span class='ocrx_word' id='word_1_735' title='bbox 3160 4009 3449 4063; x_wconf 73' lang='lat' dir='ltr'><strong>maximum</strong></span> <span class='ocrx_word' id='word_1_736' title='bbox 3479 4022 3662 4062; x_wconf 88' lang='lat' dir='ltr'><strong>coram</strong></span> 
     </span>
    </p>
   </div>
   <div class='ocr_carea' id='block_1_104' title="bbox 2080 4094 3662 4173">
    <p class='ocr_par' dir='ltr' id='par_1_104' title="bbox 2080 4094 3662 4173">
     <span class='ocr_line' id='line_1_104' title="bbox 2080 4094 3662 4173; baseline -0.005 -12"><span class='ocrx_word' id='word_1_737' title='bbox 2080 4107 2360 4162; x_wconf 83' lang='lat' dir='ltr'><strong>Salvatore</strong></span> <span class='ocrx_word' id='word_1_738' title='bbox 2386 4104 2497 4161; x_wconf 91' lang='lat' dir='ltr'><strong>Deo</strong></span> <span class='ocrx_word' id='word_1_739' title='bbox 2527 4111 2712 4159; x_wconf 90' lang='lat' dir='ltr'><strong>nostro</strong></span> <span class='ocrx_word' id='word_1_740' title='bbox 2736 4094 3022 4173; x_wconf 76' lang='lat' dir='ltr'><strong>provideri:</strong></span> <span class='ocrx_word' id='word_1_741' title='bbox 3051 4102 3283 4172; x_wconf 70' lang='lat' dir='ltr'><strong>possitis.</strong></span> <span class='ocrx_word' id='word_1_742' title='bbox 3323 4096 3662 4153; x_wconf 40' lang='lat' dir='ltr'><strong>l’ax‘Dmnini</strong></span> 
     </span>
    </p>
   </div>
   <div class='ocr_carea' id='block_1_105' title="bbox 2081 4185 3463 4255">
    <p class='ocr_par' dir='ltr' id='par_1_105' title="bbox 2081 4185 3463 4255">
     <span class='ocr_line' id='line_1_105' title="bbox 2081 4185 3463 4255; baseline -0.007 0"><span class='ocrx_word' id='word_1_743' title='bbox 2081 4218 2200 4255; x_wconf 80' lang='lat' dir='ltr'><strong>cum</strong></span> <span class='ocrx_word' id='word_1_744' title='bbox 2223 4200 2472 4255; x_wconf 87' lang='lat' dir='ltr'><strong>omnibus</strong></span> <span class='ocrx_word' id='word_1_745' title='bbox 2499 4196 2670 4251; x_wconf 77' lang='lat' dir='ltr'><strong>vobis.</strong></span> <span class='ocrx_word' id='word_1_746' title='bbox 2705 4196 2895 4251; x_wconf 84' lang='lat' dir='ltr'><strong>Amen.</strong></span> <span class='ocrx_word' id='word_1_747' title='bbox 3455 4185 3463 4199; x_wconf 73' lang='grc'><strong><em>“</em></strong></span> 
     </span>
    </p>
   </div>
   <div class='ocr_carea' id='block_1_106' title="bbox 2502 4305 3254 4363">
    <p class='ocr_par' dir='ltr' id='par_1_106' title="bbox 2502 4305 3254 4363">
     <span class='ocr_line' id='line_1_106' title="bbox 2502 4305 3254 4363; baseline -0.003 -1"><span class='ocrx_word' id='word_1_748' title='bbox 2502 4306 2831 4363; x_wconf 78' lang='lat' dir='ltr'><strong>EPISTOLA</strong></span> <span class='ocrx_word' id='word_1_749' title='bbox 2871 4305 3188 4362; x_wconf 79' lang='lat' dir='ltr'><strong>SECUNDA</strong></span> <span class='ocrx_word' id='word_1_750' title='bbox 3220 4308 3254 4360; x_wconf 92' lang='lat'><strong>&#39;.</strong></span> 
     </span>
    </p>
   </div>
   <div class='ocr_carea' id='block_1_107' title="bbox 2156 4376 3667 4500">
    <p class='ocr_par' dir='ltr' id='par_1_107' title="bbox 2156 4376 3667 4500">
     <span class='ocr_line' id='line_1_107' title="bbox 2156 4376 3667 4500; baseline -0.004 -20"><span class='ocrx_word' id='word_1_751' title='bbox 2156 4426 2382 4480; x_wconf 60' lang='lat' dir='ltr'><strong>[Mutina</strong></span> <span class='ocrx_word' id='word_1_752' title='bbox 2433 4423 2634 4478; x_wconf 79' lang='lat' dir='ltr'><strong>eximio</strong></span> <span class='ocrx_word' id='word_1_753' title='bbox 2668 4464 2683 4488; x_wconf 87' lang='lat'><strong>,</strong></span> <span class='ocrx_word' id='word_1_754' title='bbox 2714 4421 3115 4492; x_wconf 70' lang='lat' dir='ltr'><strong>praecipueque</strong></span> <span class='ocrx_word' id='word_1_755' title='bbox 3170 4419 3520 4500; x_wconf 53' lang='lat' dir='ltr'><strong>Christicolis,</strong></span> <span class='ocrx_word' id='word_1_756' title='bbox 3571 4376 3667 4474; x_wconf 78' lang='lat' dir='ltr'><strong>do-</strong></span> 
     </span>
    </p>
   </div>
   <div class='ocr_carea' id='block_1_108' title="bbox 2084 4572 3670 4699">
    <p class='ocr_par' dir='ltr' id='par_1_108' title="bbox 2084 4572 3670 4699">
     <span class='ocr_line' id='line_1_108' title="bbox 2084 4572 3670 4699; baseline -0.004 -68"><span class='ocrx_word' id='word_1_757' title='bbox 2084 4576 2353 4699; x_wconf 68' lang='lat' dir='ltr'><strong>ron/icere,</strong></span> <span class='ocrx_word' id='word_1_758' title='bbox 2385 4583 2435 4627; x_wconf 87' lang='lat' dir='ltr'><strong>et</strong></span> <span class='ocrx_word' id='word_1_759' title='bbox 2483 4574 2754 4643; x_wconf 74' lang='lat' dir='ltr'><strong>episcopos</strong></span> <span class='ocrx_word' id='word_1_760' title='bbox 2791 4573 2976 4625; x_wconf 71' lang='lat' dir='ltr'><strong>aliena:</strong></span> <span class='ocrx_word' id='word_1_761' title='bbox 3018 4572 3175 4625; x_wconf 84' lang='lat' dir='ltr'><strong>sortis</strong></span> <span class='ocrx_word' id='word_1_762' title='bbox 3202 4572 3411 4625; x_wconf 82' lang='lat' dir='ltr'><strong>alterius</strong></span> <span class='ocrx_word' id='word_1_763' title='bbox 3440 4572 3670 4626; x_wconf 71' lang='lat' dir='ltr'><strong>diwcesis</strong></span> 
     </span>
     <span class='ocr_line' id='line_1_109' title="bbox 2084 4641 3670 4699; baseline -0.002 0"><span class='ocrx_word' id='word_1_764' title='bbox 2084 4662 2169 4699; x_wconf 77' lang='lat' dir='ltr'><strong>ccc</strong></span> <span class='ocrx_word' id='word_1_765' title='bbox 2193 4645 2327 4699; x_wconf 80' lang='lat' dir='ltr'><strong>esias</strong></span> <span class='ocrx_word' id='word_1_766' title='bbox 2367 4660 2670 4697; x_wconf 75' lang='lat' dir='ltr'><strong>consecrare</strong></span> <span class='ocrx_word' id='word_1_767' title='bbox 2695 4658 2885 4699; x_wconf 74' lang='lat' dir='ltr'><strong>mantus</strong></span> <span class='ocrx_word' id='word_1_768' title='bbox 2916 4650 3205 4699; x_wconf 77' lang='lat' dir='ltr'><strong>compescat</strong></span> <span class='ocrx_word' id='word_1_769' title='bbox 3232 4642 3532 4696; x_wconf 69' lang='lat' dir='ltr'><strong>inuectione.</strong></span> <span class='ocrx_word' id='word_1_770' title='bbox 3561 4641 3670 4696; x_wconf 86' lang='lat' dir='ltr'><strong>Sed</strong></span> 
     </span>
    </p>
   </div>
   <div class='ocr_carea' id='block_1_109' title="bbox 2084 4641 3670 4713">
    <p class='ocr_par' dir='ltr' id='par_1_109' title="bbox 2084 4641 3670 4713">
     <span class='ocr_line' id='line_1_110' title="bbox 2084 4641 3670 4713; baseline -0.002 -14"><span class='ocrx_word' id='word_1_771' title='bbox 2084 4641 2327 4699; x_wconf 81' lang='lat' dir='ltr'><strong>ecclesias</strong></span> <span class='ocrx_word' id='word_1_772' title='bbox 2367 4641 2670 4697; x_wconf 75' lang='lat' dir='ltr'><strong>consecrare</strong></span> <span class='ocrx_word' id='word_1_773' title='bbox 2695 4658 2885 4713; x_wconf 81' lang='lat' dir='ltr'><strong>magna</strong></span> <span class='ocrx_word' id='word_1_774' title='bbox 2916 4650 3205 4713; x_wconf 77' lang='lat' dir='ltr'><strong>compescat</strong></span> <span class='ocrx_word' id='word_1_775' title='bbox 3232 4642 3532 4713; x_wconf 70' lang='lat' dir='ltr'><strong>inuectione.</strong></span> <span class='ocrx_word' id='word_1_776' title='bbox 3561 4641 3670 4696; x_wconf 88' lang='lat' dir='ltr'><strong>Sed</strong></span> 
     </span>
    </p>
   </div>
   <div class='ocr_carea' id='block_1_110' title="bbox 2085 4710 3665 4781">
    <p class='ocr_par' dir='ltr' id='par_1_110' title="bbox 2085 4710 3665 4781">
     <span class='ocr_line' id='line_1_111' title="bbox 2085 4710 3665 4781; baseline -0.003 -15"><span class='ocrx_word' id='word_1_777' title='bbox 2085 4728 2135 4766; x_wconf 75' lang='lat' dir='ltr'><strong>et</strong></span> <span class='ocrx_word' id='word_1_778' title='bbox 2168 4714 2349 4768; x_wconf 85' lang='lat' dir='ltr'><strong>statim</strong></span> <span class='ocrx_word' id='word_1_779' title='bbox 2391 4714 2651 4779; x_wconf 82' lang='lat' dir='ltr'><strong>insignem</strong></span> <span class='ocrx_word' id='word_1_780' title='bbox 2682 4710 2800 4781; x_wconf 81' lang='lat' dir='ltr'><strong>ejus</strong></span> <span class='ocrx_word' id='word_1_781' title='bbox 2827 4710 3038 4767; x_wconf 83' lang='lat' dir='ltr'><strong>laudem</strong></span> <span class='ocrx_word' id='word_1_782' title='bbox 3067 4710 3232 4775; x_wconf 84' lang='lat' dir='ltr'><strong>addit,</strong></span> <span class='ocrx_word' id='word_1_783' title='bbox 3276 4712 3424 4767; x_wconf 73' lang='lat' dir='ltr'><strong>hisce</strong></span> <span class='ocrx_word' id='word_1_784' title='bbox 3452 4713 3665 4766; x_wconf 84' lang='lat' dir='ltr'><strong>verbis:</strong></span> 
     </span>
    </p>
   </div>
   <div class='ocr_carea' id='block_1_111' title="bbox 2089 4782 3677 4855">
    <p class='ocr_par' dir='ltr' id='par_1_111' title="bbox 2089 4782 3677 4855">
     <span class='ocr_line' id='line_1_112' title="bbox 2089 4782 3677 4855; baseline -0.003 -16"><span class='ocrx_word' id='word_1_785' title='bbox 2089 4785 2190 4839; x_wconf 79' lang='lat' dir='ltr'><strong>llic</strong></span> <span class='ocrx_word' id='word_1_786' title='bbox 2236 4786 2311 4838; x_wconf 77' lang='lat' dir='ltr'><strong>vir</strong></span> <span class='ocrx_word' id='word_1_787' title='bbox 2343 4782 2700 4855; x_wconf 79' lang='lat' dir='ltr'><strong>antiquissima</strong></span> <span class='ocrx_word' id='word_1_788' title='bbox 2734 4783 2975 4855; x_wconf 70' lang='lat' dir='ltr'><strong>ﬁdelique</strong></span> <span class='ocrx_word' id='word_1_789' title='bbox 3020 4782 3270 4837; x_wconf 83' lang='lat' dir='ltr'><strong>relatione</strong></span> <span class='ocrx_word' id='word_1_790' title='bbox 3306 4793 3570 4855; x_wconf 80' lang='lat' dir='ltr'><strong>narratur,</strong></span> <span class='ocrx_word' id='word_1_791' title='bbox 3602 4782 3677 4835; x_wconf 79' lang='lat' dir='ltr'><strong>ad</strong></span> 
     </span>
    </p>
   </div>
   <div class='ocr_carea' id='block_1_112' title="bbox 2081 4853 3671 4924">
    <p class='ocr_par' dir='ltr' id='par_1_112' title="bbox 2081 4853 3671 4924">
     <span class='ocr_line' id='line_1_113' title="bbox 2081 4853 3671 4924; baseline -0.002 -15"><span class='ocrx_word' id='word_1_792' title='bbox 2081 4853 2536 4924; x_wconf 75' lang='lat' dir='ltr'><strong>exprobrationem</strong></span> <span class='ocrx_word' id='word_1_793' title='bbox 2569 4853 2802 4924; x_wconf 69' lang='lat' dir='ltr'><strong>infamiae</strong></span> <span class='ocrx_word' id='word_1_794' title='bbox 2830 4853 3010 4906; x_wconf 81' lang='lat' dir='ltr'><strong>tandiu</strong></span> <span class='ocrx_word' id='word_1_795' title='bbox 3039 4869 3232 4923; x_wconf 82' lang='lat' dir='ltr'><strong>prunas</strong></span> <span class='ocrx_word' id='word_1_796' title='bbox 3258 4854 3480 4908; x_wconf 82' lang='lat' dir='ltr'><strong>tenuisse</strong></span> <span class='ocrx_word' id='word_1_797' title='bbox 3507 4856 3561 4906; x_wconf 86' lang='lat' dir='ltr'><strong>in</strong></span> <span class='ocrx_word' id='word_1_798' title='bbox 3590 4869 3671 4924; x_wconf 47' lang='lat' dir='ltr'><strong>nea</strong></span> 
     </span>
    </p>
   </div>
   <div class='ocr_carea' id='block_1_113' title="bbox 2082 4923 3672 4985">
    <p class='ocr_par' dir='ltr' id='par_1_113' title="bbox 2082 4923 3672 4985">
     <span class='ocr_line' id='line_1_114' title="bbox 2082 4923 3672 4985; baseline -0.002 -7"><span class='ocrx_word' id='word_1_799' title='bbox 2082 4926 2334 4979; x_wconf 76' lang='lat' dir='ltr'><strong>alimentis</strong></span> <span class='ocrx_word' id='word_1_800' title='bbox 2363 4923 2636 4985; x_wconf 84' lang='lat' dir='ltr'><strong>ardentes,</strong></span> <span class='ocrx_word' id='word_1_801' title='bbox 2654 4923 2815 4977; x_wconf 83' lang='lat' dir='ltr'><strong>donec</strong></span> <span class='ocrx_word' id='word_1_802' title='bbox 2836 4939 3012 4977; x_wconf 85' lang='lat' dir='ltr'><strong>coram</strong></span> <span class='ocrx_word' id='word_1_803' title='bbox 3034 4925 3171 4978; x_wconf 80' lang='lat' dir='ltr'><strong>sedis</strong></span> <span class='ocrx_word' id='word_1_804' title='bbox 3199 4939 3306 4978; x_wconf 68' lang='lat' dir='ltr'><strong>suae</strong></span> <span class='ocrx_word' id='word_1_805' title='bbox 3339 4940 3487 4979; x_wconf 83' lang='lat' dir='ltr'><strong>sacro</strong></span> <span class='ocrx_word' id='word_1_806' title='bbox 3515 4923 3672 4976; x_wconf 85' lang='lat' dir='ltr'><strong>altari</strong></span> 
     </span>
    </p>
   </div>
   <div class='ocr_carea' id='block_1_114' title="bbox 2085 4991 3672 5064">
    <p class='ocr_par' dir='ltr' id='par_1_114' title="bbox 2085 4991 3672 5064">
     <span class='ocr_line' id='line_1_115' title="bbox 2085 4991 3672 5064; baseline -0.003 -15"><span class='ocrx_word' id='word_1_807' title='bbox 2085 4996 2240 5064; x_wconf 81' lang='lat' dir='ltr'><strong>totius</strong></span> <span class='ocrx_word' id='word_1_808' title='bbox 2267 4995 2441 5049; x_wconf 73' lang='lat' dir='ltr'><strong>missa:</strong></span> <span class='ocrx_word' id='word_1_809' title='bbox 2461 4994 2801 5064; x_wconf 79' lang='lat' dir='ltr'><strong>celebritatem</strong></span> <span class='ocrx_word' id='word_1_810' title='bbox 2829 5010 2919 5064; x_wconf 83' lang='lat' dir='ltr'><strong>per</strong></span> <span class='ocrx_word' id='word_1_811' title='bbox 2935 4995 3264 5064; x_wconf 80' lang='lat' dir='ltr'><strong>semetipsum</strong></span> <span class='ocrx_word' id='word_1_812' title='bbox 3286 4994 3531 5061; x_wconf 66' lang='lat' dir='ltr'><strong>expleret.</strong></span> <span class='ocrx_word' id='word_1_813' title='bbox 3568 4991 3672 5045; x_wconf 79' lang='lat' dir='ltr'><strong>Pe-</strong></span> 
     </span>
    </p>
   </div>
   <div class='ocr_carea' id='block_1_115' title="bbox 2084 5062 3671 5135">
    <p class='ocr_par' dir='ltr' id='par_1_115' title="bbox 2084 5062 3671 5135">
     <span class='ocr_line' id='line_1_116' title="bbox 2084 5062 3671 5135; baseline -0.001 -18"><span class='ocrx_word' id='word_1_814' title='bbox 2084 5063 2241 5119; x_wconf 78' lang='lat' dir='ltr'><strong>ractis</strong></span> <span class='ocrx_word' id='word_1_815' title='bbox 2262 5073 2430 5117; x_wconf 65' lang='lat' dir='ltr'><strong>autem</strong></span> <span class='ocrx_word' id='word_1_816' title='bbox 2457 5062 2787 5128; x_wconf 80' lang='lat' dir='ltr'><strong>solemnibus,</strong></span> <span class='ocrx_word' id='word_1_817' title='bbox 2819 5062 2910 5118; x_wconf 84' lang='lat' dir='ltr'><strong>nec</strong></span> <span class='ocrx_word' id='word_1_818' title='bbox 2947 5062 3126 5135; x_wconf 61' lang='lat' dir='ltr'><strong>pruina</strong></span> <span class='ocrx_word' id='word_1_819' title='bbox 3169 5066 3354 5134; x_wconf 73' lang='lat' dir='ltr'><strong>ignem,</strong></span> <span class='ocrx_word' id='word_1_820' title='bbox 3394 5079 3485 5116; x_wconf 85' lang='lat' dir='ltr'><strong>nec</strong></span> <span class='ocrx_word' id='word_1_821' title='bbox 3518 5064 3671 5116; x_wconf 81' lang='lat' dir='ltr'><strong>restis</strong></span> 
     </span>
    </p>
   </div>
   <div class='ocr_carea' id='block_1_116' title="bbox 2156 5174 3236 5245">
    <p class='ocr_par' dir='ltr' id='par_1_116' title="bbox 2156 5174 3236 5245">
     <span class='ocr_line' id='line_1_117' title="bbox 2156 5174 3236 5245; baseline -0.001 -14"><span class='ocrx_word' id='word_1_822' title='bbox 2156 5188 2179 5219; x_wconf 76' lang='grc' dir='ltr'><em>κ</em></span> <span class='ocrx_word' id='word_1_823' title='bbox 2203 5176 2281 5231; x_wconf 79' lang='lat' dir='ltr'><strong>Ita</strong></span> <span class='ocrx_word' id='word_1_824' title='bbox 2306 5174 2437 5231; x_wconf 85' lang='lat' dir='ltr'><strong>Ger.</strong></span> <span class='ocrx_word' id='word_1_825' title='bbox 2464 5185 2519 5232; x_wconf 92' lang='lat' dir='ltr'><strong>et</strong></span> <span class='ocrx_word' id='word_1_826' title='bbox 2544 5174 2742 5245; x_wconf 68' lang='lat' dir='ltr'><strong>l&#39;ngell.</strong></span> <span class='ocrx_word' id='word_1_827' title='bbox 2766 5193 2780 5243; x_wconf 84' lang='lat'><strong>;</strong></span> <span class='ocrx_word' id='word_1_828' title='bbox 2804 5176 2895 5232; x_wconf 88' lang='lat' dir='ltr'><strong>alii</strong></span> <span class='ocrx_word' id='word_1_829' title='bbox 2925 5176 3125 5232; x_wconf 83' lang='lat' dir='ltr'><strong>habent</strong></span> <span class='ocrx_word' id='word_1_830' title='bbox 3153 5178 3236 5230; x_wconf 89' lang='lat' dir='ltr'><strong>sit.</strong></span> 
     </span>
    </p>
   </div>
   <div class='ocr_carea' id='block_1_117' title="bbox 2155 5244 2773 5311">
    <p class='ocr_par' dir='ltr' id='par_1_117' title="bbox 2155 5244 2773 5311">
     <span class='ocr_line' id='line_1_118' title="bbox 2155 5244 2773 5311; baseline -0.005 -9"><span class='ocrx_word' id='word_1_831' title='bbox 2155 5244 2180 5283; x_wconf 70' lang='grc'><strong><em>³³</em></strong></span> <span class='ocrx_word' id='word_1_832' title='bbox 2208 5247 2309 5302; x_wconf 80' lang='lat' dir='ltr'><strong>Alii</strong></span> <span class='ocrx_word' id='word_1_833' title='bbox 2340 5247 2486 5311; x_wconf 63' lang='grc' dir='ltr'><strong>ρούς,</strong></span> <span class='ocrx_word' id='word_1_834' title='bbox 2511 5244 2773 5301; x_wconf 85' lang='lat' dir='ltr'><strong>debebitis.</strong></span> 
     </span>
    </p>
   </div>
   <div class='ocr_carea' id='block_1_118' title="bbox 2164 5314 3131 5383">
    <p class='ocr_par' dir='ltr' id='par_1_118' title="bbox 2164 5314 3131 5383">
     <span class='ocr_line' id='line_1_119' title="bbox 2164 5314 3131 5383; baseline -0.004 -12"><span class='ocrx_word' id='word_1_835' title='bbox 2164 5318 2175 5355; x_wconf 77' lang='grc' dir='ltr'><strong>ί</strong></span> <span class='ocrx_word' id='word_1_836' title='bbox 2213 5317 2289 5371; x_wconf 86' lang='lat' dir='ltr'><strong>Ita</strong></span> <span class='ocrx_word' id='word_1_837' title='bbox 2319 5315 2555 5371; x_wconf 84' lang='lat' dir='ltr'><strong>Gerund.</strong></span> <span class='ocrx_word' id='word_1_838' title='bbox 2589 5326 2643 5372; x_wconf 93' lang='lat' dir='ltr'><strong>et</strong></span> <span class='ocrx_word' id='word_1_839' title='bbox 2673 5314 2840 5383; x_wconf 79' lang='lat' dir='ltr'><strong>Urg.;</strong></span> <span class='ocrx_word' id='word_1_840' title='bbox 2871 5317 2962 5372; x_wconf 86' lang='lat' dir='ltr'><strong>alii</strong></span> <span class='ocrx_word' id='word_1_841' title='bbox 2993 5317 3131 5370; x_wconf 79' lang='lat' dir='ltr'><strong>dum.</strong></span> 
     </span>
    </p>
   </div>
   <div class='ocr_carea' id='block_1_119' title="bbox 2163 5384 3352 5456">
    <p class='ocr_par' dir='ltr' id='par_1_119' title="bbox 2163 5384 3352 5456">
     <span class='ocr_line' id='line_1_120' title="bbox 2163 5384 3352 5456; baseline 0.003 -18"><span class='ocrx_word' id='word_1_842' title='bbox 2163 5389 2176 5438; x_wconf 87' lang='lat' dir='ltr'><strong>i</strong></span> <span class='ocrx_word' id='word_1_843' title='bbox 2215 5386 2588 5456; x_wconf 69' lang='grc' dir='ltr'><strong>Ρναεδιηηαιην,</strong></span> <span class='ocrx_word' id='word_1_844' title='bbox 2624 5402 2727 5441; x_wconf 90' lang='lat' dir='ltr'><strong>nou</strong></span> <span class='ocrx_word' id='word_1_845' title='bbox 2759 5387 2930 5442; x_wconf 86' lang='lat' dir='ltr'><strong>habet</strong></span> <span class='ocrx_word' id='word_1_846' title='bbox 2949 5386 3141 5456; x_wconf 82' lang='lat' dir='ltr'><strong>Loays.</strong></span> <span class='ocrx_word' id='word_1_847' title='bbox 3170 5384 3352 5442; x_wconf 83' lang='lat' dir='ltr'><strong>editio.</strong></span> 
     </span>
    </p>
   </div>
   <div class='ocr_carea' id='block_1_120' title="bbox 2154 5452 2679 5524">
    <p class='ocr_par' dir='ltr' id='par_1_120' title="bbox 2154 5452 2679 5524">
     <span class='ocr_line' id='line_1_121' title="bbox 2154 5452 2679 5524; baseline 0.002 -15"><span class='ocrx_word' id='word_1_848' title='bbox 2154 5452 2177 5524; x_wconf 70' lang='grc' dir='ltr'><strong>’ξ</strong></span> <span class='ocrx_word' id='word_1_849' title='bbox 2214 5454 2429 5524; x_wconf 72' lang='lat' dir='ltr'><strong>Lo‘ays.,</strong></span> <span class='ocrx_word' id='word_1_850' title='bbox 2453 5457 2679 5524; x_wconf 85' lang='lat' dir='ltr'><strong>prolata.</strong></span> 
     </span>
    </p>
   </div>
   <div class='ocr_carea' id='block_1_121' title="bbox 2166 5521 3671 5599">
    <p class='ocr_par' dir='ltr' id='par_1_121' title="bbox 2166 5521 3671 5599">
     <span class='ocr_line' id='line_1_122' title="bbox 2166 5521 3671 5599; baseline 0.002 -19"><span class='ocrx_word' id='word_1_851' title='bbox 2166 5521 2180 5559; x_wconf 69' lang='grc' dir='ltr'>ι</span> <span class='ocrx_word' id='word_1_852' title='bbox 2218 5526 2292 5580; x_wconf 84' lang='lat' dir='ltr'><strong>ita</strong></span> <span class='ocrx_word' id='word_1_853' title='bbox 2324 5521 2519 5598; x_wconf 80' lang='lat' dir='ltr'><strong>Loays.</strong></span> <span class='ocrx_word' id='word_1_854' title='bbox 2552 5524 2741 5581; x_wconf 87' lang='lat' dir='ltr'><strong>Florez</strong></span> <span class='ocrx_word' id='word_1_855' title='bbox 2770 5542 2835 5582; x_wconf 79' lang='lat' dir='ltr'><strong>ex</strong></span> <span class='ocrx_word' id='word_1_856' title='bbox 2878 5522 3115 5580; x_wconf 86' lang='lat' dir='ltr'><strong>Gerund.</strong></span> <span class='ocrx_word' id='word_1_857' title='bbox 3146 5525 3342 5594; x_wconf 87' lang='lat' dir='ltr'><strong>edidit,</strong></span> <span class='ocrx_word' id='word_1_858' title='bbox 3376 5531 3671 5599; x_wconf 56' lang='lat' dir='ltr'><strong>impudera-</strong></span> 
     </span>
    </p>
   </div>
   <div class='ocr_carea' id='block_1_122' title="bbox 2077 5605 3673 5747">
    <p class='ocr_par' dir='ltr' id='par_1_122' title="bbox 2077 5605 3673 5747">
     <span class='ocr_line' id='line_1_123' title="bbox 2077 5605 3673 5747; baseline 0.014 -46"><span class='ocrx_word' id='word_1_859' title='bbox 2077 5605 2523 5747; x_wconf 37' lang='lat' dir='ltr'><strong>‘i‘ﬁfngnipggg.</strong></span> <span class='ocrx_word' id='word_1_860' title='bbox 2549 5664 2889 5747; x_wconf 81' lang='lat' dir='ltr'><strong>Flore7._vero</strong></span> <span class='ocrx_word' id='word_1_861' title='bbox 2914 5680 2981 5719; x_wconf 81' lang='lat' dir='ltr'><strong>ex</strong></span> <span class='ocrx_word' id='word_1_862' title='bbox 3000 5669 3109 5747; x_wconf 78' lang='lat' dir='ltr'><strong>suis</strong></span> <span class='ocrx_word' id='word_1_863' title='bbox 3138 5683 3265 5725; x_wconf 81' lang='lat' dir='ltr'><strong>mss.</strong></span> <span class='ocrx_word' id='word_1_864' title='bbox 3297 5669 3506 5737; x_wconf 79' lang='lat' dir='ltr'><strong>edebat,</strong></span> <span class='ocrx_word' id='word_1_865' title='bbox 3535 5668 3673 5734; x_wconf 78' lang='lat' dir='ltr'><strong>Quid</strong></span> 
     </span>
    </p>
   </div>
   <div class='ocr_carea' id='block_1_123' title="bbox 2093 5735 3149 5803">
    <p class='ocr_par' dir='ltr' id='par_1_123' title="bbox 2093 5735 3149 5803">
     <span class='ocr_line' id='line_1_124' title="bbox 2093 5735 3149 5803; baseline 0.003 -15"><span class='ocrx_word' id='word_1_866' title='bbox 2093 5745 2258 5788; x_wconf 77' lang='lat' dir='ltr'><strong>tamen</strong></span> <span class='ocrx_word' id='word_1_867' title='bbox 2282 5736 2334 5787; x_wconf 91' lang='lat' dir='ltr'><strong>in</strong></span> <span class='ocrx_word' id='word_1_868' title='bbox 2365 5735 2537 5788; x_wconf 82' lang='lat' dir='ltr'><strong>hunc:</strong></span> <span class='ocrx_word' id='word_1_869' title='bbox 2572 5751 2677 5789; x_wconf 89' lang='lat' dir='ltr'><strong>non</strong></span> <span class='ocrx_word' id='word_1_870' title='bbox 2708 5735 2908 5803; x_wconf 84' lang='lat' dir='ltr'><strong>absque</strong></span> <span class='ocrx_word' id='word_1_871' title='bbox 2938 5739 3149 5791; x_wconf 87' lang='lat' dir='ltr'><strong>mendo.</strong></span> 
     </span>
    </p>
   </div>
   <div class='ocr_carea' id='block_1_124' title="bbox 2162 5803 3255 5869">
    <p class='ocr_par' dir='ltr' id='par_1_124' title="bbox 2162 5803 3255 5869">
     <span class='ocr_line' id='line_1_125' title="bbox 2162 5803 3255 5869; baseline 0.005 -12"><span class='ocrx_word' id='word_1_872' title='bbox 2162 5813 2187 5839; x_wconf 78' lang='grc' dir='ltr'><strong>τι</strong></span> <span class='ocrx_word' id='word_1_873' title='bbox 2217 5803 2359 5858; x_wconf 90' lang='lat' dir='ltr'><strong>Flor.</strong></span> <span class='ocrx_word' id='word_1_874' title='bbox 2391 5821 2458 5859; x_wconf 78' lang='lat' dir='ltr'><strong>ex</strong></span> <span class='ocrx_word' id='word_1_875' title='bbox 2491 5819 2615 5857; x_wconf 90' lang='lat' dir='ltr'><strong>mss.</strong></span> <span class='ocrx_word' id='word_1_876' title='bbox 2652 5803 2870 5869; x_wconf 80' lang='lat' dir='ltr'><strong>Loays.,</strong></span> <span class='ocrx_word' id='word_1_877' title='bbox 2905 5805 3178 5862; x_wconf 76' lang='lat' dir='ltr'><strong>Theoribii.</strong></span> <span class='ocrx_word' id='word_1_878' title='bbox 3252 5806 3255 5807; x_wconf 52' lang='grc'><strong><em>⁷</em></strong></span> 
     </span>
    </p>
   </div>
   <div class='ocr_carea' id='block_1_125' title="bbox 2163 5864 3195 5944">
    <p class='ocr_par' dir='ltr' id='par_1_125' title="bbox 2163 5864 3195 5944">
     <span class='ocr_line' id='line_1_126' title="bbox 2163 5864 3195 5944; baseline -0.001 -18"><span class='ocrx_word' id='word_1_879' title='bbox 2163 5885 2186 5907; x_wconf 74' lang='grc' dir='ltr'>υ</span> <span class='ocrx_word' id='word_1_880' title='bbox 2215 5872 2290 5926; x_wconf 83' lang='lat' dir='ltr'><strong>ita</strong></span> <span class='ocrx_word' id='word_1_881' title='bbox 2321 5872 2445 5943; x_wconf 69' lang='lat' dir='ltr'><strong>lTrg.</strong></span> <span class='ocrx_word' id='word_1_882' title='bbox 2484 5871 2675 5942; x_wconf 80' lang='lat' dir='ltr'><strong>Loays.</strong></span> <span class='ocrx_word' id='word_1_883' title='bbox 2709 5864 2894 5944; x_wconf 78' lang='lat' dir='ltr'><strong>edidit,</strong></span> <span class='ocrx_word' id='word_1_884' title='bbox 2928 5878 3195 5936; x_wconf 71' lang='lat' dir='ltr'><strong>iurenitur,</strong></span> 
     </span>
    </p>
   </div>
  </div>
