4124 6476
552 437 620 490 59
1435 437 1493 491 δ.
1536 424 1961 491 ELEUT‘uEuu‘
1987 424 2157 491 ιἰτζς

2260 425 2512 491 JCTORE
2549 434 2911 492 GUIBERTO.
3762 434 3835 490 ω

545 548 700 605 nobis
745 544 851 603 erit
890 547 1102 603 Domini
1149 547 1317 603 nostri
1361 548 1555 605 exinde
1596 548 1817 602 auribus
1861 546 2130 608 intimare,
2166 549 2213 608 Α
2240 554 2387 598 tanta
2426 546 2646 609 etenim,
2690 544 2959 597 tribuente
3002 540 3251 607 Domino,
3280 539 3398 609 ejus
3435 550 3519 595 est
3548 540 3742 609 pietas,
3775 550 3835 597 ut

544 639 747 709 pariter
773 646 832 694 et
852 637 963 692 lilio
993 646 1180 692 nostro
1202 636 1396 705 Ergani
1425 652 1731 707 suggerere,
1746 647 1803 691 et
1829 635 2136 705 hujusmodi

543 744 731 784 ausum
762 736 1032 799 pnecepta
1082 728 1329 812 culminis
1366 729 1487 798 ejus
1525 729 1610 783 vel
1649 727 1915 783 districtio
1940 727 2138 796 judicis

543 834 652 877 non
682 820 799 876 sine
822 828 1003 875 vestro
1041 821 1365 875 detrimento
1395 820 1735 876 severissime
1755 819 2133 874 vindicabunt:

556 972 796 989 *-

2243 635 2378 689 uihil
2399 635 2468 689 de
2492 636 2594 689 hoc
2623 633 2767 703 quod
2796 632 2885 700 jus
2918 632 3196 701 antiquum
3226 630 3523 687 custodisse
3556 631 3833 700 probatur.

2246 724 2518 778 iumiuturi
2562 724 2859 793 permittat.
2907 722 3096 777 Divina
3140 738 3235 777 vos
3277 721 3545 777 custodiat
3579 721 3835 777 Trinitas.

2244 817 2446 871 A'iueu.

3097 970 3315 981 -οο
3385 970 3805 984 ————-——-—~

1402 1104 1467 1179 θ
1578 1104 1849 1185 Vl'l’A
1933 1108 2019 1184 s.
2107 1082 2827 1186 ELEUTHERII

1304 1266 1349 1325 Α
1401 1265 1859 1325 CUIllEIlT!)
1907 1265 2098 1325 0RD.
2147 1264 2578 1327 MINORUM
2625 1260 3088 1329 ORDIN-ATA.

1410 1376 1434 1397 ‘
1824 1401 1917 1457 (Ex
1959 1402 2188 1451 Biblioth.
2212 1401 2311 1451 PP.
2361 1411 2413 1451 et
2449 1407 2565 1466 ms.)

2018 1540 2428 1557 ψ

550 1668 845 1727 Panuoct's.
878 1699 944 1709 -—-
970 1668 1018 1721 l.
1045 1663 1357 1721 Revereudo
1384 1661 1519 1731 patri
1546 1677 1608 1715 ac
1636 1660 1854 1714 domin
1877 1668 1902 1694 ⁸³
1924 1656 2145 1731 Joanni,

622 1743 715 1796 Dei
744 1742 913 1808 gratia
934 1735 1223 1808 venerabili
1254 1729 1593 1808 Tornaccusi
1611 1731 1887 1808 episcopo,
1910 1729 2143 1808 Guibep

623 1824 725 1873 tus,
746 1799 954 1877 origine
976 1799 1925 1877 ToruVaceusis,_prolessioneMinor,
1949 1799 2143 1877 merito

619 1869 960 1966 niinimujs,l_lt
997 1876 1187 1957 spiritu
1217 1869 1428 1954 consilii
1461 1880 1570 1925 tam
1606 1870 1879 1940 sapienter
1922 1869 2141 1934 armari,
2180 1906 2224 1966 Β

618 1965 779 2020 quam
803 1947 1028 2002 viriliter
1057 1944 1304 1999 animari.

2250 1658 2383 1714 mihi
2419 1660 2660 1715 scribere
2683 1700 2700 1727 ,
2738 1659 2924 1717 durius
2947 1670 3114 1717 tanta:
3143 1664 3418 1734 dignitatis
3449 1668 3676 1737 imperio
3703 1686 3843 1726 con-

2253 1751 2437 1806 traire.
2485 1750 2621 1806 Nam
2665 1763 2855 1823 preces
2878 1762 3092 1811 vestras
3117 1771 3223 1811 cur
3260 1758 3542 1829 imperium
3592 1778 3698 1817 non
3742 1779 3845 1834 ap-

2252 1841 2449 1910 pellem
2466 1842 2490 1895 'l

2379 1950 2484 2001 l\'o;i
2505 1953 2618 2013 quia
2645 1946 3445 2014 nudatosurplicat’euse‘[.otetis
3470 1993 3484 2015 ,

625 2060 838 2123 Petistis
862 2101 878 2123 ,
916 2057 1133 2111 domine
1158 2054 1455 2110 revercude
1477 2095 1491 2118 ,
1526 2061 1585 2107 ut
1613 2060 1762 2107 actus
1792 2059 1847 2107 et
1877 2051 2146 2121 praeconia
2250 2054 2357 2110 Sed
2408 2054 2533 2124 quia
2583 2054 2801 2110 dudum“
2842 2055 2975 2110 inita
3048 2054 3381 2110 familiaritas
3405 2097 3420 2122 ,
3469 2059 3877 2113 concivilitatis-

553 2150 775 2223 gloriosi
804 2146 1146 2220 ,confessoris
1189 2144 1387 2200 Christi
1437 2142 1727 2197 Eteutherii
1775 2140 1860 2195 vel
1898 2140 2151 2195 ordinare

555 2243 801 2301 debeam,
832 2239 915 2293 vel
944 2227 1268 2305 diligentiori
1299 2235 1444 2300 lima,
1479 2233 1562 2289 vel
1594 2233 1819 2301 meliore
1845 2230 1987 2303 stylo
2016 2245 2152 2301 prte-

555 2331 794 2388 sentibus
821 2338 878 2385 et
906 2326 1135 2399 posteris
1164 2326 1476 2396 explanare.
1510 2323 1603 2378 Pia
1633 2316 1842 2393 petitio,
1866 2338 1964 2393 per
1991 2335 2152 2391 quam

555 2433 690 2479 tetas
720 2420 1005 2492 posthuma
1046 2416 1183 2472 tanti
1224 2416 1454 2487 pastoris
1491 2413 2155 2482 concelebrar.do,perpe-

555 2500 668 2566 luet
680 2510 1045 2575 sanctitatem,
1063 2515 1119 2582 et
1138 2505 1415 2575 generatio
1434 2520 1692 2575 praesens,
1706 2504 1821 2573 ejus
1843 2502 2153 2557 inhaerendo

556 2601 820 2671 vestigiis,
843 2600 1072 2670 amplius
1099 2594 1457 2652 inllammetur
1477 2594 1543 2655 ad
1566 2593 1661 2649 Dei
1685 2603 1742 2649 ct
1762 2593 1991 2663 proximi
2018 2592 2157 2647 cari-

556 2700 745 2746 tatem.
786 2690 854 2745 Hi
902 2697 1033 2745 sunt
1059 2688 1163 2745 cibi
1215 2701 1353 2755 quos
1394 2687 1447 2739 in
1478 2684 1763 2739 novalibus
1790 2682 2009 2737 Patrum
2036 2697 2158 2738 esse

565 2797 718 2838 sacra
748 2782 942 2852 pagina
970 2784 1302 2851 protestatur
1342 2775 1522 2847 (Prov.
1557 2789 1679 2841 xui,
1712 2773 1803 2845 25)
1824 2813 1838 2839 ,
1871 2772 2000 2827 dum
2033 2787 2158 2829 san-

559 2883 769 2929 ctorum
800 2870 1063 2941 exemplis
1084 2867 1374 2940 posteritas
1399 2865 1735 2921 informatur.
1780 2863 1915 2919 Novi
1941 2863 2160 2935 petitio-

560 2967 644 3020 nis
671 2965 826 3019 istius
858 2961 1122 3030 originem
1152 2975 1218 3015 ex
1255 2958 1428 3027 gloria
1457 2956 1680 3023 Christi,
1708 2971 1814 3025 qua
1844 2955 2159 3011 miriticatur

561 3059 615 3113 in
657 3056 892 3123 sanctis,
942 3070 1011 3109 ex
1053 3053 1226 3123 gratia
1268 3052 1487 3123 speciali
1547 3065 1655 3121 qua
1689 3060 1883 3105 vestra:
1926 3049 2160 3106 civitatis

563 3148 859 3202 antistitem
890 3153 942 3201 et
980 3154 1263 3216 patronum
1293 3143 1555 3199 sincerius
1584 3144 1637 3198 in
1663 3142 1879 3199 Christo
1907 3142 2159 3212 diligitis,

2253 2144 2561 2211 indentitas,
2597 2144 3137 2215 patria,-parent‘ela,
3169 2146 3444 2214 sanguinis
3478 2157 3533 2202 et
3573 2147 3879 2205 aliinitatis-

2253 2236 2649 2308 propinquitas,
2670 2243 2727 2291 et
2738 2244 2939 2292 caetera
2960 2236 3015 2292 id
3031 2250 3219 2306 genus,
3241 2251 3363 2307 qua:
3382 2237 3468 2294 vel
3491 2241 3849 2295 reverentiam

2254 2326 2545 2382 conciliant
2583 2324 2670 2381 vel
2715 2324 3081 2381 conciliatam'
3120 2328 3476 2391 continuant,
3525 2328 3744 2399 exigunt
3789 2338 3849 2385 et

2226 2418 2555 2489 ‘requirunt,
2588 2424 2646 2473 ut
2673 2422 2867 2474 vestra".l
2894 2419 3188 2475 voluntatis
3212 2418 3497 2487 aﬂ'ectum,’
3512 2422 3689 2476 .vestri
3719 2419 3850 2477 alie-

2257 2516 2378 2565 ctus
2411 2518 2673 2580 appetens
2707 2509 3104 2581 beneplacitum
3150 2522 3372 2567 censere
3414 2510 3642 2566 debeam
3683 2512 3881 2583 inope--

2258 2601 2397 2655 rium
2426 2608 2482 2655 et
2509 2606 2860 2671 praeceptum.
2892 2599 3020 2657 Hoc
3034 2608 3216 2657 autem
3243 2602 3644 2671 exsequendum
3669 2604 3877 2659 utilius-

2259 2692 2518 2762 peteretis
2546 2707 2575 2746 a
2614 2692 2875 2763 person-is“
2889 2691 3134 2762 pluribus
3177 2699 3337 2749 nitate
3376 2692 3673 2763 grandzcvis
3694 2736 3709 2761 ,
3737 2695 3885 2764 ﬁde-

2259 2780 2420 2836 claris
2437 2819 2452 2843 ,
2484 2796 2650 2851 opere
2678 2781 2939 2850 vulgatis,
2973 2796 3069 2838 ore
3094 2783 3391 2853 promptis,
3412 2785 3673 2840 memoria
3702 2794 3854 2840 tena~

2261 2858 2444 2936 cibus,
2476 2870 2627 2926 omni
2655 2869 2889 2943 denique
2914 2871 3222 2929 sublimium
3252 2872 3568 2928 meritorum
3598 2874 3726 2932 dote
3753 2890 3855 2944 po-

2260 2958 2490 3014 tioribus
2510 3000 2525 3026 ,
2565 2974 2703 3030 quos
2730 2959 2942 3018 habetis
2969 2959 3036 3015 a‘d
3062 2975 3280 3016 manum
3310 2962 3528 3040 tamde'
3554 2972 3853 3019 vestrorum

2262 3050 2648 3106 cauonicorum
2688 3066 2955 3118 numero,
3002 3065 3169 3123 quam
3216 3052 3286 3107 de
3325 3062 3513 3109 vesti-te
3558 3053 3859 3110 diteceseos

2262 3142 2488 3197 diversis
2512 3141 2754 3209 collegiis
2789 3141 3200 3209 monachorum.
3245 3140 3440 3199 Exsilis
3478 3143 3624 3199 enim
3654 3143 3875 3212 eloquii

564 3253 632 3295 ex
662 3236 998 3308 provilcntia
1041 3235 1297 3306 pastorali
1332 3250 1436 3305 qua
1467 3235 1613 3290 clero
1638 3243 1818 3290 vestro
1845 3235 2157 3299 consulitis,
2186 3261 2231 3323 ο
2263 3232 2371 3287 mei
2398 3231 2743 3287 mediocritas
2770 3240 2963 3288 tenues
2991 3230 3279 3289 admodum
3308 3233 3487 3302 fruges
3515 3234 3675 3303 parit,
3706 3241 3761 3288 et
3789 3233 3855 3289 ad

563 3344 633 3383 ex
657 3326 1033 3382 benevolentia
1071 3326 1324 3395 singulari
1358 3341 1519 3397 quam
1544 3326 1667 3381 talis
1693 3333 1748 3379 et
1769 3333 1949 3380 tantus
1977 3324 2047 3379 ad
2073 3341 2160 3383 me

566 3417 985 3473 homuncionem
1027 3416 1292 3470 tantillum
1337 3425 1394 3471 et
1436 3431 1574 3487 pene
1613 3416 1813 3471 nullum
1853 3416 2162 3485 ostenditis,

568 3507 821 3565 derivari.
859 3507 1038 3575 Quare
1065 3522 1152 3562 mc
1176 3508 1327 3576 quasi
1356 3507 1677 3578 compellitis
1705 3515 1799 3561 aut
1820 3507 2024 3576 garrire
2051 3521 2161 3561 nte-

569 3601 674 3656 aiis
697 3643 713 3667 ,
745 3607 837 3654 aut
865 3599 1046 3670 potius
1076 3598 1323 3668 ineptire.
1358 3598 1470 3668 Ego
1502 3598 1663 3666 igitur
1706 3598 1832 3653 dum
1885 3599 1935 3653 in
1986 3598 2163 3669 capite

570 3692 949 3762 saemetipsum
980 3691 1270 3745 introrsum
1302 3692 1517 3759 metior,
1549 3706 1647 3760 per
1675 3691 1910 3745 incertos
1939 3689 2164 3746 allectus

572 3781 845 3838 distrahor
870 3789 927 3837 et
954 3780 1211 3837 deducor.
1244 3780 1375 3835 Nam
1406 3782 1545 3836 inter
1572 3781 1959 3837 sollicitudines
1985 3780 2164 3836 conti-

574 3888 709 3927 nuas
754 3869 1046 3929 lectionum
1095 3878 1152 3925 et
1202 3869 1344 3926 inter
1390 3871 1727 3944 lahyrinthos
1771 3871 2164 3940 iuegressibiles

575 3963 931 4031 quaestionum
957 4004 971 4028 ,
1011 3977 1320 4018 sermonum
1370 3963 1735 4034 paradigmata
1760 3998 1775 4028 ς
1815 3963 2163 4020 consiliorum

574 4056 866 4124 axiozuata,
890 4056 1085 4126 quibus
1109 4056 1399 4126 immergor
1419 4065 1473 4112 et
1492 4057 1693 4111 alteror
1713 4056 1946 4119 assidue,
1971 4055 2167 4112 durum

663 4218 685 4245 δ
703 4207 946 4262 Waltero
975 4207 1233 4276 episc0po
1252 4206 1323 4260 26
1345 4206 1601 4261 Novemb.
1630 4208 1754 4260 anuli
1786 4206 1911 4276 l26l
1949 4216 2171 4263 mortuo

574 4281 832 4335 successit
860 4275 1096 4333 Joannes
1120 4276 1440 4339 Bucbiavus,
1467 4278 1573 4329 vita
1600 4277 1813 4331 functus
1836 4275 1906 4328 ‘25
1929 4276 2164 4332 Februa-

575 4351 642 4405 rii
669 4350 793 4405 anni
823 4349 980 4403 l266.

2265 3326 2401 3379 tanti
2423 3323 2749 3381 confessoris
2767 3324 2995 3394 gloriam
3016 3324 3441 3397 exprimendam,
3460 3324 3618 3380 nullis
3637 3325 3859 3381 secundi

2263 3415 2484 3485 cespitis
2509 3414 2771 3471 fructibus
2798 3415 3141 3485 ingravescit.
3173 3412 3287 3484 Ego
3317 3415 3476 3485 igitur
3501 3423 3557 3470 et
3582 3414 3861 3470 fraudatus

2266 3518 2533 3581 tempore,
2555 3516 2615 3565 et
2634 3517 2930 3582 occupatus
2949 3510 3153 3578 animo,
3175 3510 3260 3564 cui
3287 3508 3457 3578 magis
3482 3517 3565 3564 est
3583 3508 3857 3563 humilitas

2266 3602 2570 3673 appetitui,
2600 3616 2760 3674 quam
2800 3601 3087 3657 verborum
3133 3599 3405 3655 urbanitas
3448 3599 3741 3671 voluptati,
3773 3599 3859 3654 vel

2265 3695 2523 3752 historica
2563 3695 2802 3751 narratio
2839 3692 3257 3759 consuetudini,
3287 3691 3426 3748 facio
3466 3691 3610 3762 quod
3634 3690 3867 3761 jubctis,

2267 3786 2501 3843 offerens
2523 3786 2720 3842 seriem
2740 3786 2868 3840 vita:
2895 3785 3065 3840 sancti
3087 3783 3374 3855 pontiﬁcis,
3399 3790 3455 3839 et
3476 3781 3710 3839 oflicium
3734 3798 3859 3839 cum

2267 3877 2378 3935 suis
2405 3877 2771 3948 appendiciis,
2814 3878 2953 3933 sicut
2993 3890 3056 3947 ex
3088 3884 3240 3946 parte
3267 3881 3447 3931 vestra
3481 3883 3699 3944 rogatus
3741 3872 3855 3929 fuc-

2268 3986 2400 4036 ram,
2429 3971 2586 4027 mitto
2615 3971 2788 4033 vobis,
2819 3978 2873 4026 et
2905 3975 2961 4025 ut
2986 3968 3222 4040 apertius
3251 3975 3410 4023 tenor
3438 3968 3644 4037 paginae
3671 3967 3863 4023 videa-

2270 4068 2378 4129 tur,
2406 4062 2505 4115 sub
2518 4063 2710 4126 certis,
2743 4061 2786 4116 si
2818 4060 3016 4131 placet,
3050 4071 3072 4099 ο
3109 4058 3275 4114 titulis
3298 4058 3679 4127 distinguatur.-

2268 4222 2600 4274 sanctarum,
2635 4230 2747 4266 cum
2782 4212 2949 4267 Roma
2979 4212 3217 4267 rediisset
3248 4212 3493 4266 Sanctus.
3651 4262 3659 4269 .

2337 4280 2468 4355 Cap.
2500 4299 2574 4337 χι.
2616 4282 2694 4355 D_e
2723 4284 2964 4355 conﬂictu
2986 4299 3133 4355 quem
3162 4283 3340 4355 [tabuit
3368 4297 3479 4335 cum
3510 4282 3781 4355 Itwreticis.

2338 4350 2469 4423 Cap.
2506 4368 2598 4407 xu.
2637 4351 2713 4407 De
2743 4350 2944 4408 insidiis
2973 4350 3022 4407 et
3057 4352 3226 4424 plagis
3256 4351 3453 4407 Sancto
3476 4368 3566 4423 per
3596 4351 3862 4407 haereticos

647 4429 673 4468 ι’
704 4428 999 4498 Sequentia
1028 4426 1222 4482 desunt
1246 4428 1297 4482 in
1328 4442 1561 4487 excuso;
1593 4440 1887 4496 eorumque
1919 4426 2038 4481 loco
2066 4428 2166 4482 ha-
2267 4423 2453 4498 illatis.

576 4499 932 4634 “Thylae
968 4578 1357 4647 suhjungimus,
1392 4592 1456 4631 ac
1489 4576 1712 4645 margini
1743 4575 1865 4629 dein
1900 4576 2036 4630 nuda
2073 4594 2165 4633 ca~

2301 4564 2314 4576 .
2339 4491 2468 4574 Cap.
2504 4509 2613 4547 xm.
2649 4493 2733 4547 ‘De
2771 4495 2932 4547 verbis
2965 4505 3014 4546 et
3049 4492 3494 4547 exhortationibus
3532 4492 3645 4562 ejus
3689 4493 3861 4548 novis-

2269 4578 2433 4617 8111118.

576 4649 685 4774 rita
706 4630 1030 4705 asc—ﬁliolus
1040 4630 1094 4713 7",
1110 4630 1366 4703 multorum
1389 4630 1540 4701 more
1564 4630 1748 4701 nostro
1768 4630 2159 4715 distinguimus.

602 4736 635 4774 ιι
664 4719 779 4774 hmo
805 4733 936 4774 ergo
965 4721 1139 4774 capita
1167 4727 1356 4772 auctor
1382 4720 1731 4772 distinxerat:

2275 4704 2287 4716 .
2343 4631 2482 4703 ϐαρ.
2504 4650 2615 4718 xiv.
2646 4633 2722 4687 De
2745 4634 2975 4696 Salaria,
2995 4648 3140 4702 quem
3168 4631 3292 4686 vidit
3321 4632 3633 4693 adstantem,
3665 4633 3861 4703 positus

2270 4719 2325 4757 tn
2355 4714 2619 4757 extremis.

602 4736 635 4774 ιι
664 4719 779 4775 hate
805 4733 936 4787 ergo
965 4721 1139 4788 capita
1167 4727 1356 4772 auctor
1382 4720 1731 4772 distinxerat:

646 4789 774 4861 Cap.
804 4806 840 4844 ι.
874 4790 952 4861 De
973 4791 1172 4861 origine
1196 4788 1419 4842 civitatis
1447 4788 1814 4861 Tornat'eusis.

647 4857 773 4931 Cap.
808 4877 863 4915 ιι.
908 4860 986 4914 De
1013 4857 1231 4913 atlreu'u
1269 4868 1318 4911 et
1346 4859 1715 4928 praedicatione
1747 4857 1808 4911 Β.
1842 4857 1983 4913 Piati
2024 4862 2164 4931 apud

581 4931 886 4985 Tornacum.

932 5000 1011 5053 De
1039 4999 1266 5092 reliquiis
1291 5007 1340 5051 et
1369 5000 1562 5052 semine
1595 4998 1654 5053 Β.
1694 4997 1838 5053 Piati
1878 5007 1925 5052 et
1954 5012 2067 5055 ortu
2102 5002 2161 5055 Β.

581 5065 882 5125 Eleullterii.
950 5124 953 5127 .
1146 5065 1155 5069 ’
1183 5083 1192 5092 '

648 5140 777 5211 Cap.
812 5155 881 5194 tv.
900 5138 993 5211 _De
1021 5137 1153 5191 bona
1177 5138 1351 5193 indole
1452 5138 1770 5211 Alfletttherii.

582 5279 622 5332 Τ
648 5208 777 5280 Cap.
802 5225 854 5263 v.
888 5208 965 5262 De
990 5210 1363 5279 proscriptione
1384 5209 1616 5278 ﬁdelium
1645 5228 1705 5264 ac
1738 5211 1797 5266 Β.
1829 5212 2107 5268 Ιιὶιειιιείυνίἱ
2136 5232 2167 5267 tt

624 5295 835 5332 ornaco.

624 5295 835 5335 ονηαοο.

650 5348 777 5420 Cap.
808 5366 882 5406 VI.
920 5350 997 5405 De
1027 5353 1347 5422 promotione
1377 5349 1437 5403 Β.
1472 5348 1756 5406 ΕΙειιιΙιενῑί
1792 5354 1845 5407 in
1875 5357 2170 5425 episcopum

584 5419 980 5475 Tornacensem.

652 5487 779 5558 Cap.
808 5505 900 5544 vn.
938 5490 1012 5543 De
1046 5490 1277 5558 Blanda,
1310 5507 1423 5563 qua:
1446 5493 1746 5564 sollicitari!
1774 5497 2091 5564 episcopum,
2123 5498 2173 5547 et

585 5557 646 5609 de
663 5557 835 5631 morte
863 5572 911 5614 et
939 5557 1332 5617 resuscitatione
1356 5562 1536 5631 ipsius.

651 5625 780 5702 Cap.
804 5645 917 5685 νιιι.
955 5633 1029 5702 De
1058 5633 1207 5702 modo
1238 5625 1584 5686 conversionis
1621 5635 1792 5702 populi
1827 5633 2172 5687 Tornucensis

582 5697 651 5751 ad
664 5697 835 5772 fidem
863 5720 954 5772 per
985 5701 1044 5754 Β.
1072 5701 1444 5756 Eleutlterium.

651 5772 779 5839 Cap.
831 5789 906 5828 ix.
966 5772 1040 5825 De
1076 5772 1337 5825 miraculis
1384 5775 1536 5840 fartis
1582 5773 1669 5826 illo
1712 5783 1938 5843 tempore
1984 5790 2075 5843 per
2110 5772 2167 5827 Β.

588 5835 952 5895 Eleutherium.

682 5857 952 5896 umertum.

659 5908 786 5974 Cap.
816 5927 869 5965 x.
899 5913 972 5965 De
993 5913 1256 5967 miraculis
1278 5913 1432 5979 fartis
1454 5915 1503 5970 iu
1532 5916 1821 5969 os'eusioue
1847 5913 2178 5983 reliquiarum

2270 4704 2325 4757 in
2355 4706 2619 4757 extremis.

2345 4773 2470 4843 Cap.
2508 4790 2610 4828 xv“
2632 4773 2708 4827 De
2744 4774 2958 4828 muliere
2999 4789 3135 4827 cteca
3172 4782 3223 4826 et
3256 4781 3399 4826 muta
3426 4789 3518 4843 per
3544 4773 3711 4842 ipsimi
3741 4773 3863 4827 illu-

2271 4844 2471 4896 minata
2504 4854 2554 4897 et
2583 4853 2784 4897 curata.

2343 4913 2469 4985 Cap.
2501 4931 2608 4967 xvi.
2646 4914 2723 4985 De
2749 4915 3071 4968 restitutione
3100 4914 3237 4985 sellis
3267 4914 3599 4985 episcopalis.

2278 4983 2479 5108 “321];
2505 5000 2629 5039 xvii.
2684 4984 2767 5037 De
2808 4985 3113 5039 reuelatione
3163 4983 3225 5039 Β.
3270 4983 3558 5038 Ειειιαιενίἱ
3607 4993 3657 5037 et
3703 4994 3866 5037 morte

2306 5070 2497 5108 necne.

2345 5124 2474 5196 Cap.
2500 5142 2643 5180 xvtu.
2678 5123 2756 5196 De
2785 5125 3174 5196 resuscitatieue
3200 5125 3299 5194 filii
3328 5124 3511 5196 vidium

2344 5192 2476 5264 Cap.
2515 5211 2622 5249 xIx.
2677 5194 2753 5247 De
2781 5203 2944 5248 morte
2974 5192 3207 5248 mulieris
3228 5203 3278 5247 et
3304 5195 3643 5248 suscitatione
3662 5192 3874 5263 juvenis

2274 5265 2331 5317 in
2357 5265 2533 5318 eadem
2563 5264 2907 5318 solemnitate.

2346 5332 2482 5403 (ξαρ.
2509 5351 2607 5388 ιι.
2629 5334 2705 5387 De
2726 5335 2846 5388 aliis
2870 5334 3133 5387 mirarslis
3156 5334 3334 5387 eodem
3362 5334 3445 5388 die
3469 5335 3639 5403 factis.

2347 5402 2476 5473 Cap.
2519 5421 2626 5458 xxi.
2669 5404 2743 5457 De
2778 5404 3029 5475 ligatioue
3076 5404 3137 5459 S.
3173 5402 3370 5459 Ferioli
3400 5402 3656 5458 visitantis
3698 5418 3868 5473 septi.-

2278 5489 2420 5526 rrum
2452 5474 2655 5528 Sancti.

2349 5542 2477 5612 Cap.
2509 5560 2635 5615 χχιι.
2673 5543 2749 5596 De
2773 5544 3025 5598 solutione
3054 5544 3285 5614 ejusdem
3306 5561 3397 5615 per
3430 5542 3489 5597 Β.
3524 5541 3871 5596 Eleutherum

2278 5623 2325 5665 et
2357 5622 2518 5667 morte
2548 5613 2757 5667 tribuni.

2348 5682 2476 5753 Cap.
2511 5699 2661 5737 xxm.
2696 5682 2773 5737 De
2806 5685 3144 5737 suscilalioue
3177 5681 3367 5736 tribuni

2350 5749 2479 5822 Cap.
2510 5769 2655 5809 xstv.
2700 5753 2780 5808 De
2811 5755 3062 5808 relatione
3089 5754 3320 5822 mrporis
3351 5768 3382 5803 a
3424 5749 3703 5805 Blaudinio
3744 5749 3887 5805 Tort

2281 5840 2488 5877 uacuus.

2342 5923 2358 5944 ‘
2386 5922 2484 5973 Sos
2505 5925 2553 5974 in
2579 5930 2798 5975 notarum
2834 5923 2993 5974 fronte
3019 5936 3139 5974 cum
3168 5921 3319 5972 citl‘ris
3355 5919 3710 5984 superloribus.
3736 5916 3873 5970 Eois.
