4074 6472
250 432 317 491 οι
1247 430 1659 492 ELEUTllERll
1695 439 1846 493 \‘ITA
1886 440 2204 500 AUCTORE
2241 445 2601 507 GUIBERTO.
2847 495 2849 499 η
3451 461 3528 520 C9.

771 542 998 600 CAPUT
1038 544 1324 603 PRIMUM.

327 627 594 684 Fabulam
614 632 759 702 origo
784 632 923 702 urbis
949 634 1306 691 Tornarcnsis.
1337 637 1495 692 Fides
1519 639 1708 695 Christi
1734 661 1766 695 a

831 701 891 757 S.
922 703 1071 759 Piato
1100 706 1266 760 illata.

330 812 346 841 ‘
369 809 423 863 2.
442 808 808 865 Recensenles
827 812 1130 889 diligentius
1151 819 1587 887 cosmographias
1613 827 1667 873 et
1681 821 1838 877 chro-

248 902 372 955 nica
403 907 726 968 temporum,
751 902 987 968 gentium
1011 904 1259 960 historias
1285 915 1340 960 et
1363 909 1604 976 annales,
1628 908 1834 966 Torna-

245 1005 369 1045 cum
404 988 589 1044 Gallia:
619 989 843 1059 Belgica:
885 991 1108 1061 legimus
1136 996 1558 1065 antiquissimam
1585 1007 1640 1054 et
1671 1002 1838 1073 notis-

244 1079 440 1134 simam
482 1079 753 1135 civitatem
778 1121 793 1146 ,
834 1098 952 1152 quae
979 1087 1218 1153 potentia
1245 1128 1260 1154 ,
1291 1087 1570 1144 nobilitate
1591 1131 1606 1155 ,
1639 1091 1836 1160 gloria,-

241 1184 410 1238 super
437 1170 570 1224 arias
611 1171 710 1226 sibi
749 1169 1002 1230 ﬁnitimas
1031 1176 1356 1245 singularem
1386 1180 1836 1252 vindicat.digni-

249 1267 415 1314 tatem
449 1278 462 1313 :
490 1275 609 1330 qua:
640 1271 663 1297 ι
694 1263 828 1317 mari
855 1267 1188 1321 contermina
1207 1309 1222 1334 ,
1255 1268 1497 1341 dulcibus
1525 1273 1678 1341 aquis
1703 1272 1730 1311 δ
1761 1275 1834 1329 ir-

240 1349 413 1417 rigua,
440 1348 680 1419 frugibus
706 1353 956 1422 copiosa,
975 1355 1170 1412 divitiis
1195 1366 1251 1413 ct
1273 1339 1480 1416 deliciis
1501 1339 1591 1418 est
1609 1362 1830 1421 referta.

239 1435 407 1505 Cujus
434 1451 562 1506 ager
586 1438 807 1494 diﬁ‘usus
835 1441 888 1495 in
915 1443 1082 1510 silvis,
1105 1446 1280 1515 pictus
1301 1449 1352 1502 in
1377 1450 1564 1518 pratis,
1587 1453 1830 1522 peculio-

238 1540 334 1580 sus
362 1533 446 1581 est
472 1527 523 1580 in
556 1529 876 1596 pastoribus,
908 1538 964 1586 et
990 1532 1044 1586 in
1072 1536 1280 1603 pascuis
1307 1550 1622 1606 pecorosus.
1668 1541 1832 1613 Cujus

239 1616 433 1672 ﬁuvius
455 1652 480 1683 ,ς
522 1618 713 1673 Scalda
741 1619 949 1688 dict-us,
983 1623 1150 1692 ipsam
1191 1627 1396 1682 alluens
1435 1637 1490 1682 et
1531 1632 1830 1701 conﬁuens,

241 1708 468 1764 Galliam
507 1708 697 1764 dividit
724 1718 780 1765 et
807 1710 1145 1769 Germaniam
1168 1757 1182 1784 ,
1213 1727 1538 1788 potestatem
1582 1723 1832 1780 videlicet

241 1801 574 1871 imperialem
615 1810 670 1855 et
710 1803 961 1872 regalem.
1007 1816 1028 1845 ο
1061 1806 1207 1863 llanc
1244 1809 1511 1880 siquidem
1555 1813 1826 1870 civitatem

243 1893 455 1950 Priscus
479 1893 505 1931 ἀ
537 1893 880 1965 Tarquinius,
904 1897 1266 1956 Romanorum
1296 1918 1392 1958 rex
1419 1905 1638 1973 quintus
1664 1923 1694 1960 a
1725 1905 1834 1962 Ro-
1863 1910 1910 1968 B

243 1987 406 2050 mulo,
430 1987 640 2043 decimo
663 1990 810 2058 regni
837 1991 919 2044 sui
948 2006 1090 2047 anno
1119 1984 1216 2062 per
1237 1993 1509 2050 Romanos
1535 1997 1829 2052 aediﬁcasse

245 2082 477 2150 legitur,
507 2089 563 2136 et
603 2083 932 2154 sumptuosis
972 2100 1300 2155 consurgens
1346 2085 1584 2144 :ediﬁciis
1611 2090 1848 2145 alterius.

242 2167 429 2226 Ruina:
459 2171 675 2226 nomine
710 2173 1046 2228 censebatur.
1089 2174 1245 2229 Anno
1283 2175 1543 2246 siquidem
1587 2187 1610 2215 ο
1647 2187 1830 2233 cente-

237 2264 377 2318 simo
417 2261 826 2332 quadragesimo
863 2263 1022 2318 tertio
1050 2264 1116 2318 ab
1155 2263 1296 2320 Urbe
1337 2266 1552 2320 condita
1592 2268 1829 2322 civitatis

235 2349 477 2422 ejusdem
497 2352 756 2407 :editicata
776 2361 899 2408 sunt
921 2352 1289 2420 fundamenta,
1309 2355 1448 2412 circa
1470 2364 1679 2426 tempus
1700 2357 1828 2412 illud

236 2458 354 2512 quo
373 2449 774 2496 sacrosanctum
811 2441 1022 2496 Domini
1064 2442 1321 2512 templum
1357 2458 1387 2497 a
1416 2443 1679 2498 Chaldzeis
1707 2461 1828 2500 suc-

236 2549 456 2589 censum
484 2540 566 2588 est
591 2572 608 2599 ,
642 2541 697 2587 et
726 2531 1018 2588 Jerusalem
1048 2533 1236 2588 civitas
1281 2542 1468 2589 sancta
1516 2550 1613 2603 per
1650 2533 1827 2588 Nabu-

236 2625 578 2680 chodonosor
606 2633 690 2679 est
718 2639 925 2679 eversa.
976 2623 1033 2678 ln
1067 2625 1254 2680 diebus
1290 2625 1391 2680 illis
1429 2627 1828 2694 transmigravit

236 2711 517 2779 Ezechiel,
551 2721 605 2768 et
631 2729 727 2767 rex
765 2712 1023 2767 Joachim-
1048 2713 1244 2782 legitur
1271 2716 1600 2785 captivatus,
1633 2725 1687 2771 et
1719 2717 1826 2773 Ro-

235 2820 519 2860 manorum
576 2820 671 2860 rex
721 2803 1042 2872 Tarquinius
1107 2806 1477 2876 interemptus.
1560 2806 1828 2863 Successit

234 2897 409 2952 eidem
453 2894 471 2933 ί
508 2894 767 2962 Servius,
810 2895 900 2965 qui
929 2895 1192 2950 minorem
1224 2895 1487 2964 Romam,
1519 2913 1639 2966 qua:
1685 2915 1827 2956 nunc

234 2984 537 3041 'l‘ornacum
566 2984 788 3050 dicitur,
821 2999 986 3054 super
1017 2995 1232 3039 centum
1268 2986 1454 3054 viginti
1483 2988 1723 3057 quinque
1751 2989 1828 3043 ci—

234 3077 425 3131 vitates
455 3076 538 3130 vel
564 3074 762 3145 oppida
792 3075 1118 3140 sublimavit,
1150 3084 1208 3129 ut
1236 3091 1303 3130 ex
1333 3076 1395 3130 iis
1424 3092 1617 3132 census
1643 3085 1696 3132 et
1727 3080 1825 3132 tri-

234 3166 363 3221 bula
386 3167 682 3234 colligeret,
706 3181 825 3236 quze
857 3164 1114 3220 Romanis
1142 3166 1482 3235 postmodum
1507 3166 1822 3223 destinaret.

233 3258 342 3313 Sed
373 3258 606 3313 insolens
635 3258 771 3312 facta
802 3273 911 3327 prae
941 3258 1280 3313 multitudine
1313 3259 1503 3312 virium
1529 3299 1543 3326 ,
1575 3275 1718 3315 anno
1757 3259 1826 3313 24

235 3351 409 3406 Servii
450 3351 593 3420 regis
640 3349 798 3404 desiit
843 3349 908 3403 ab
956 3350 1240 3420 impendiis
1280 3351 1635 3419 tributorum,
1664 3360 1720 3406 et
1748 3353 1826 3408 sic

235 3442 398 3497 annis
417 3440 484 3494 40
513 3441 580 3495 ab
608 3441 722 3508 ejus
747 3441 1130 3496 constitutione
1154 3441 1296 3496 dicta
1326 3443 1514 3497 civitas
1539 3444 1743 3513 quievit
1771 3444 1825 3499 in

231 3548 388 3602 pace.
428 3531 537 3587 Sed
568 3531 796 3587 Romani
827 3533 1004 3588 missis
1030 3534 1328 3602 legionibus
1356 3535 1410 3590 in
1438 3537 1666 3592 rebelles
1689 3553 1826 3608 pne-

231 3623 360 3678 lium
391 3623 671 3689 suscitant,
697 3630 751 3676 et
776 3631 896 3692 post
923 3623 1181 3693 plurimos
1206 3625 1330 3680 hinc
1358 3625 1481 3680 inde
1505 3641 1826 3697 congressus

231 3727 376 3768 anno
413 3712 585 3766 Servii
629 3713 906 3781 trigesimo
946 3724 1140 3782 quarto
1176 3715 1274 3769 sub
1304 3731 1470 3771 onere
1499 3718 1824 3775 tributorum

231 3803 464 3877 pristino
510 3803 857 3873 rependendo
899 3821 1019 3859 cum
1054 3804 1312 3860 Romanis
1343 3824 1528 3877 pacem
1558 3812 1660 3865 sibi
1690 3829 1824 3868 con-

233 3897 419 3953 ciliant
448 3905 502 3950 et
544 3894 858 3948 rcformant.
906 3894 1014 3950 Nec
1055 3896 1284 3964 amplius
1311 3896 1455 3953 dicta
1481 3911 1564 3953 est
1593 3903 1824 3957 secunda

234 3989 434 4055 Roma,
459 3987 553 4042 sed
584 3985 804 4041 l-lostilis
832 3986 1021 4042 civitas
1047 3987 1313 4056 appellata
1343 3998 1445 4044 est.
1479 3989 1586 4046 Sed
1614 3992 1827 4048 labente

235 4088 479 4148 tempore
509 4093 628 4132 cum
656 4087 905 4146 regnaret
937 4087 959 4124 Β
994 4077 1338 4144 Artaxerxes,
1361 4081 1453 4149 qui
1483 4095 1703 4150 regnum
1734 4083 1828 4137 de.

234 4169 430 4224 struxit
452 4167 688 4238 1Egypti,
713 4168 900 4222 civitas
927 4164 1144 4222 Hostilis
1171 4167 1441 4223 destructa
1464 4178 1564 4239 est,
1588 4181 1643 4227 et
1670 4171 1826 4229 Elea-

233 4276 358 4314 zaro
390 4259 723 4328 principante
757 4247 987 4327 Jtidzeis',
1018 4259 1274 4314 vicesimo
1303 4272 1460 4317 sexto
1490 4260 1517 4300 ιι
1549 4263 1823 4320 Ptolemazi

233 4350 376 4419 regis
409 4363 550 4404 anno
581 4348 928 4415 recediﬁcata,
971 4349 1196 4405 Nervius
1230 4353 1495 4422 appellata
1536 4365 1636 4410 est.
1671 4355 1826 4412 Prius

236 4442 401 4496 altera
446 4440 614 4496 Roma
656 4457 752 4511 pro
779 4441 962 4510 gloriae
1001 4439 1302 4511 dignitate;
1352 4446 1588 4502 secundo
1634 4449 1822 4502 civitas

313 4578 325 4606 '
362 4576 506 4630 Alias
533 4577 692 4631 etiam
719 4591 838 4646 cap.
871 4593 906 4631 ι.

309 4648 327 4677 ³
355 4648 498 4700 Alias
527 4662 646 4714 cap.
679 4662 733 4700 n.
1159 4685 1163 4694 .

308 4726 331 4752 ἰ
375 4715 594 4769 Finibus
622 4715 877 4792 dioecesis
919 4716 1056 4770 ultra
1093 4717 1294 4787 Brugas
1341 4717 1407 4771 ad
1455 4734 1602 4776 mare
1649 4736 1825 4792 usque“

235 4787 362 4840 oiim
401 4785 686 4855 protensis.

309 4857 333 4893 δ
363 4854 572 4910 Scaldis
599 4855 744 4909 lluvii
771 4856 1067 4925 prtecipue,
1096 4857 1187 4925 qui
1218 4858 1404 4913 urbem
1432 4870 1597 4925 secat.

311 4936 332 4964 ε
366 4925 498 4997 llinc
522 4925 728 4997 initium
747 4927 902 4997 datur
927 4925 1116 4980 fabulis
1142 4927 1210 4982 de
1239 4928 1444 4997 origine
1467 4928 1815 4996 Tornac‘ensi,

235 5010 356 5066 qua:
386 4995 514 5065 ipsis
542 4995 967 5050 Tornaccnsibus
993 4997 1119 5049 olim
1163 4998 1214 5051 in
1257 4995 1461 5053 deliciis
1502 5011 1656 5054 erant
1680 5045 1694 5066 ,
1726 4995 1819 5056 sed

234 5065 400 5120 modo
429 5073 537 5118 tam
567 5066 634 5118 ab
664 5066 766 5119 illis
793 5080 950 5135 quam
981 5067 1219 5120 externis
1247 5068 1578 5135 rejiciuntur.
1611 5069 1713 5125 Eas
1743 5071 1819 5125 fa-

233 5135 390 5208 bulas
436 5135 757 5208 revelationi
789 5134 1016 5189 ‘Henrici
1039 5134 1413 5208 ‘Canoniciﬁtt
1443 5140 1678 5208 aliquam
1707 5143 1820 5198 veri

234 5206 473 5276 speciem
505 5219 612 5276 pra:
640 5220 707 5276 se;
725 5205 943 5276 ferrent,
977 5207 1248 5276 appos-itas
1277 5206 1437 5264 fuisse
1463 5205 1715 5264 disimns.

310 5272 335 5310 ά
384 5275 465 5348 An
495 5272 619 5348 huic
647 5274 782 5348 adeo
811 5275 976 5328 latum
1013 5272 1299 5348 imperium
1325 5317 1339 5339 ,
1376 5293 1443 5348 ac
1467 5290 1652 5348 postea
1678 5281 1823 5339 Julio

231 5343 470 5417 Caesari,
510 5346 602 5417 qui
647 5343 1009 5417 Romanorum
1051 5343 1253 5414 primus
1292 5347 1343 5400 in
1374 5343 1638 5417 Belgicam
1670 5367 1818 5406 arma

235 5415 448 5486 intulit?
495 5414 746 5486 Augustis
794 5413 968 5486 adhuc
998 5413 1237 5471 terminis
1267 5413 1494 5486 regnum
1521 5417 1819 5476 Romanum

232 5485 334 5537 sub
359 5483 652 5552 Tarquinio
681 5483 1005 5538 conclusum.

310 5563 332 5588 ε
366 5551 536 5627 Anno
570 5551 726 5607 Urbis
766 5553 1010 5627 condite
1027 5555 1134 5627 350
1161 5557 1323 5626 etrapit
1372 5557 1690 5627 Tarquinius
1738 5574 1823 5615 re-

232 5637 402 5745 gnare
425 5661 439 5686 ,
473 5622 538 5677 ad
567 5639 762 5677 annum
792 5637 960 5690 usque
992 5624 1088 5676 177
1117 5661 1131 5690 ,
1181 5622 1332 5694 cujus
1380 5622 1526 5694 regni
1577 5638 1820 5699 tempore

274 5692 409 5745 ιιόωί
443 5693 498 5745 in
533 5693 896 5745 captivitatem
926 5693 1142 5745 abducti
1171 5707 1312 5745 sunt.

274 5692 409 5763 udmi
443 5693 498 5746 in
533 5693 896 5763 captivitatem
919 5693 1142 5763 rabducti
1171 5692 1312 5749 sum.

203 5808 248 5832 ._
314 5760 333 5799 τ
367 5760 854 5831 ὃρτνίυεῖθςηωὶι
882 5762 949 5816 ab
979 5779 1118 5819 anno
1152 5764 1214 5818 U.
1250 5768 1308 5820 (ὲ.
1353 5769 1446 5820 l77
1476 5770 1539 5823 ad
1567 5769 1691 5832 221,
1726 5772 1817 5826 sed

235 5830 377 5884 intra
405 5834 559 5902 regni
591 5830 862 5902 Tarquinii
897 5833 1107 5888 limites.

311 5909 336 5948 ι
388 5900 727 5958 Artaxerxes
751 5903 947 5959 bellum
999 5906 1049 5961 in
1097 5902 1382 5972 .llgyptum
1417 5911 1579 5964 movit
1617 5929 1756 5967 ωηο
1785 5916 1818 5967 :2

1850 4668 1904 4728 D

1870 561 1918 616 A
1947 563 2166 619 Hostilis
2192 581 2223 618 ιι
2250 564 2591 631 fortitudine;
2635 567 2795 622 tertio
2823 567 3045 624 Nervius
3081 586 3111 623 a
3149 572 3160 607 ί
3185 571 3386 629 Servio
3415 574 3527 631 Ro-

1943 669 2224 709 manorum
2251 669 2378 722 rege
2403 672 2415 708 :
2441 654 2536 710 sed
2567 657 2734 724 prima
2762 656 2937 712 littera
2963 661 3290 727 mutabatur,
3323 679 3391 718 uc
3415 663 3528 719 for-

1942 752 2082 798 tasse
2108 746 2381 800 servitutis
2415 747 2591 814 elogio
2619 755 2917 803 notaretur.

2007 836 2060 890 5.
2103 836 2236 890 Cum
2263 847 2444 894 autem
2474 839 2798 908 procedente
2828 843 3000 911 spatio
3028 847 3284 914 temporis
3311 847 3324 896 ι
3358 846 3528 902 Julius

1938 926 2118 982 Caesar
2146 928 2213 982 ad
2243 929 2588 984 obtinendam
2626 931 2850 986 Galliam
2883 935 3220 1004 mitteretur,
3250 947 3303 990 et
3334 939 3386 991 in
3407 939 3528 992 bel-

1937 1018 2109 1073 lorum
2135 1020 2406 1075 exercitiis
2429 1029 2721 1090 occupatus
2737 1037 2832 1091 per
2852 1023 3171 1079 decennium
3194 1036 3523 1094 moraretur,

1997 1134 2152 1192 Quem
2174 1135 2333 1183 tenuit
2355 1135 2566 1194 geminis
2587 1135 2854 1185 bellantem
2873 1135 3043 1186 Gaillia
3070 1138 3235 1188 lustris

1935 1233 2150 1287 tandem
2183 1231 2250 1287 de
2277 1229 2449 1287 Gallia
2479 1232 2844 1304 triumphavit,
2876 1236 2967 1306 qui
2991 1237 3248 1293 barbaras
3277 1240 3530 1296 nationes

1933 1331 1989 1377 et
2013 1322 2299 1378 indomitas
2321 1321 2646 1377 sublimavit.
2679 1323 2813 1379 Nam

2055 1439 2367 1508 Cappadoces
2388 1427 3120 1508 CilicasqueferosTaurosque
3153 1445 3373 1508 subegit,

2059 1506 2214 1558 Quem
2239 1502 2455 1550 domitus
2476 1503 2703 1563 cognovit
2726 1503 2901 1564 Arabs,
2925 1512 2977 1552 et
2997 1502 3164 1554 dedita
3185 1502 3335 1556 sacris

2058 1563 2234 1613 Incerti
2264 1563 2430 1612 Judaea
2457 1563 2567 1612 Dei.

1932 1665 2000 1721 Et
2035 1676 2094 1722 ut
2133 1667 2378 1736 egregius
2427 1666 2516 1720 ille
2563 1664 3030 1737 historiograph'us
3076 1667 3194 1722 ait:
3229 1666 3356 1738 Ejus
3397 1676 3518 1739 post

1931 1759 2154 1813 multam
2180 1757 2454 1826 sanguinis
2480 1756 2747 1813 fusionem
2777 1759 2955 1828 paruit
2977 1758 3148 1814 Gallia
3177 1760 3366 1846 ditioni
3396 1779 3409 1813 :

2542 1870 2853 1932 Nimiumque
2878 1871 3084 1920 rebellis

2058 1930 2294 1986 Nervius.
2334 1937 2386 1979 et
2413 1933 2522 1979 caesi
2554 1930 3038 2056 pollutus—sanandis
3072 1941 3220 2052 efﬂat:

2951 2006 3090 2042 ιιι-απ.

1930 2095 2082 2150 Sicut
2107 2095 2442 2151 manifestius
2470 2096 2664 2165 legitur
2690 2097 2743 2150 in
2768 2075 3005 2151 secundo
3025 2096 3165 2152 libro
3188 2095 3314 2151 Julii
3339 2096 3512 2153 Ctesa-

1929 2191 2035 2255 ris,
2066 2190 2156 2260 qui
2187 2189 2491 2244 inscribitur
2519 2188 2644 2242 belli
2673 2188 2860 2243 Gallici
2891 2203 2920 2242 a
2949 2203 3009 2243 se
3037 2187 3288 2244 confecti.
3322 2188 3517 2246 Iisdem-

1929 2298 2060 2338 vero
2107 2283 2440 2352 temporibus
2479 2282 2506 2319 ιι
2547 2282 2758 2338 Turnus
2807 2298 2902 2338 rex
2955 2282 3270 2339 Nerviorum
3319 2279 3523 2349 populo

1927 2372 2138 2443 pnefuit
2165 2391 2178 2425 :
2208 2388 2237 2427 a
2263 2388 2372 2441 quo
2401 2373 2588 2428 civitas
2618 2372 2894 2429 Tornacus
2916 2389 3110 2429 nomen
3131 2374 3356 2444 accepit.
3380 2374 3514 2439 Quia

1928 2463 2066 2518 sicut
2104 2461 2315 2518 Turnus
2353 2469 2540 2518 contra
2572 2461 2798 2518 Eneam
2819 2505 2834 2531 ,
2864 2463 2941 2518 sic
2971 2463 3071 2518 iste
3101 2471 3290 2518 contra
3317 2461 3514 2516 Julium

1928 2555 2140 2609 fortiter
2168 2555 2461 2610 dimicavit.

2001 2648 2021 2677 ²
2061 2647 2188 2701 Post
2215 2655 2443 2701 mortem
2469 2645 2591 2701 Julii
2614 2644 2836 2701 Cmsaris
2857 2655 3114 2714 regnante
3141 2647 3378 2714 Augusto
3396 2643 3513 2698 Ca:-

1927 2753 2066 2802 sare,
2099 2753 2241 2792 anno
2272 2738 2476 2808 imperii
2508 2736 2624 2807 ejus
2651 2737 3063 2807 quadragesimo
3088 2736 3342 2801 secundo,
3373 2750 3516 2789 anno

1929 2831 1995 2885 ab
2029 2831 2161 2886 orbe
2190 2831 2409 2886 condito
2445 2831 2731 2900 quinquies
2770 2831 3053 2885 millesimo
3091 2829 3385 2884 centesimo
3414 2842 3514 2881 no-

1929 2920 2202 2986 nagesimo
2231 2935 2396 2986 nono,
2439 2919 2586 2974 etab
2616 2917 2760 2974 Urbe
2789 2920 3004 2974 condita
3035 2917 3516 2988 septingentesimo

1927 3010 2368 3078 quinquagesimo
2391 3008 2644 3074 secundo,
2676 3017 2730 3062 et
2752 3025 2782 3063 a
2803 3009 2976 3078 prima
3004 3009 3314 3064 conditione
3341 3006 3357 3046 ι
3383 3007 3515 3062 Tor-

1929 3101 2046 3155 naci
2077 3101 2506 3170 quingentesimo
2536 3100 2882 3168 nonagesimo
2913 3099 3023 3154 fere
3052 3100 3234 3167 tertio,
3260 3098 3519 3153 Dominus

1925 3189 2079 3247 Jesus
2107 3190 2350 3246 Christus
2379 3190 2432 3244 in
2463 3189 2742 3244 Bethleem
2782 3188 2848 3244 de
2887 3189 3108 3258 Virgine
3144 3189 3383 3244 nascitur
3403 3229 3420 3254 ,
3463 3194 3517 3242 et

1855 3296 1898 3357 ρ
1929 3282 2165 3337 secundo
2195 3292 2231 3318 ιιι
2263 3280 2489 3336 Neronis
2517 3295 2659 3334 anno
2691 3280 2709 3351 (
2739 3279 2996 3334 videlicet
3036 3279 3180 3334 circa
3221 3293 3418 3332 annum
3449 3276 3518 3332 ab

1930 3372 2298 3426 incarnatione
2344 3370 2556 3426 Domini
2601 3365 3144 3438 quinquagesimum)
3191 3382 3223 3420 a
3262 3366 3520 3423 Romanis

1930 3461 2282 3517 Tornacensis
2303 3460 2490 3516 civitas
2513 3469 2543 3496 ιι
2572 3466 2922 3514 restauratur.

1999 3574 2052 3630 4.
2093 3574 2456 3630 Cucurrerunt
2495 3571 2763 3643 apostoli,
2803 3580 2912 3626 tam
2953 3572 3075 3626 vitae
3111 3570 3320 3642 prodigi
3357 3586 3519 3640 quam

1929 3666 2146 3729 laboris,
2169 3665 2234 3720 ad
2265 3673 2480 3720 exteras
2507 3665 2754 3719 nationes
2787 3682 2798 3716 :
2827 3661 3095 3718 Christum
3124 3662 3322 3731 ubique
3344 3669 3518 3717 terra~

1928 3773 2047 3813 rum
2086 3757 2436 3812 disseminant
2468 3775 2481 3809 :
2513 3756 2893 3810 disseminatus
2933 3755 3198 3822 germinat
3244 3753 3388 3807 viros
3429 3767 3520 3807 ca--
3602 3799 3605 3802 .

1931 3848 2163 3902 tholicos
2209 3855 2265 3902 et
2313 3846 2513 3901 ﬁdeles.
2563 3843 2632 3898 Et
2680 3845 2808 3898 dum
2852 3843 3144 3898 secundum
3193 3841 3518 3912 Prophetam
3573 3911 3587 3923 ⁸

1931 3938 1949 4006 (
1977 3935 2108 3990 Ιεαὶ.
2141 3951 2307 4000 xxvu,
2337 3935 2412 4003 6)
2455 3935 2680 4003 implent
2716 3933 2908 3987 faciem
2945 3933 3092 3986 orbis
3119 3933 3322 3986 semine
3347 3974 3361 3999 ,
3391 3947 3518 4001 pur-

1928 4035 2122 4095 gantur
2149 4028 2351 4081 zizania
2381 4027 2665 4091 vitiorum;
2695 4024 2873 4092 fruges
2901 4023 3201 4078 exuberant
3227 4037 3434 4076 morum
3463 4031 3519 4076 et

1931 4118 2050 4173 ﬁdei
2081 4118 2395 4188 disciplinae.
2436 4117 2820 4172 Successerunt
2854 4123 2976 4185 post
3012 4113 3288 4185 apostolos
3317 4123 3519 4186 marty-

1929 4224 2017 4264 res
2036 4246 2051 4274 ,
2078 4207 2414 4264 confessores
2445 4207 2774 4274 temporibus
2801 4204 3124 4276 opportunis
3152 4204 3336 4260 mundi
3367 4213 3518 4259 tene-

1929 4303 2054 4357 bras
2100 4301 2500 4366 illuminantes,
2550 4299 2712 4354 radiis
2755 4299 2998 4353 veritatis
3044 4296 3384 4366 fulgentibus.
3428 4296 3518 4352 Sic

1930 4395 2076 4449 enim
2106 4393 2175 4447 ad
2203 4393 2605 4447 illuminandam
2653 4399 2867 4445 noctem
2913 4391 3036 4443 vitae
3067 4389 3344 4458 pmsentis
3372 4395 3515 4440 astra

1928 4498 2154 4553 qumque
2177 4483 2287 4538 suis
2313 4483 2517 4538 viribus
2545 4482 2598 4535 in
2626 4481 2747 4536 ραδιί
2777 4479 2963 4534 faciem
2993 4478 3234 4539 veniunt,
3262 4477 3436 4532 donec
3464 4477 3541 4544 in_

1929 4611 2750 4736 °‘-‘»"'B'.‘i.‘l;i..133h‘iioﬁ;3£;

2002 4683 2030 4721 ιι
2078 4678 2368 4737 Ptolemaeo
2401 4682 2761 4737 Philometore
2809 4689 3102 4749 regnante,
3151 4679 3219 4732 ab
3251 4678 3520 4734 Antiocho

1925 4752 2204 4824 Epiphane
2231 4767 2357 4822 rege
2381 4752 2739 4824 Syriaeoccisi
2764 4760 2890 4804 sunt
2916 4749 3285 4824 Eleazaruset
3309 4757 3517 4824 septem

1925 4817 2117 4878 fratres
2154 4817 2441 4879 Maclfabaﬁ
2467 4863 2482 4887 ,
2522 4823 2665 4877 circa
2703 4837 2902 4876 annum
2953 4819 3016 4875 U.
3056 4820 3118 4875 ϐ.
3161 4817 3286 4887 586,
3328 4817 3384 4875 et
3414 4818 3522 4872 168

1925 4902 2052 4947 ante
2079 4893 2349 4948 Christum
2381 4901 2585 4948 natum.

2004 4967 2018 4999 ί
2055 4963 2159 5018 Sed
2183 4965 2335 5017 annis
2364 4963 2495 5026 560,
2518 4971 2572 5017 ct
2600 4961 2827 5032 amplius
2855 4970 2976 5032 post
3005 4961 3215 5032 obitum,
3246 4960 3436 5032 Servii.

2003 5031 2016 5083 i
2055 5034 2210 5088 Anno
2238 5033 2309 5088 υτ
2335 5035 2394 5087 t2.
2430 5031 2532 5086 (:96
2559 5031 2784 5088 Galliam
2813 5031 3140 5100 provinciam
3169 5031 3416 5091 obtinuit,
3451 5043 3513 5081 ac

1926 5105 2170 5176 sequenti
2199 5104 2404 5158 domuit
2446 5103 2714 5176 Nervios:
2758 5102 2953 5173 quibus
2995 5101 3285 5157 Guibertus
3330 5113 3523 5152 errore

1926 5168 2043 5247 tuin
2055 5181 2280 5247 recepto
2309 5168 3060 5247 annumerat_Tor;nacenses._
3264 5245 3270 5247 Α
3432 5236 3443 5247 ⁸

1998 5242 2022 5279 ’ί
2055 5243 2120 5297 Et
2158 5241 2269 5297 haec
2307 5245 2463 5297 anilis
2509 5241 2684 5297 fabula
2735 5241 3155 5297 Tornacensium
3195 5245 3277 5293 est
3302 5278 3317 5302 ,
3360 5241 3512 5306 cujus

1925 5313 2126 5382 nullum
2158 5312 2296 5382 apud
2329 5312 2526 5368 Julium
2553 5311 2819 5382 Caesarem
2853 5311 3152 5378 vestigium.

2003 5381 2019 5421 ¹
2054 5379 2208 5438 llanc
2247 5385 2439 5438 seriem
2484 5379 2746 5437 annorum
2775 5420 2798 5446 ,.
2819 5395 3046 5449 quorum
3079 5394 3146 5434 ne
3191 5379 3275 5432 vel
3326 5379 3514 5432 unicus

1926 5463 2074 5508 recte
2117 5453 2416 5520 ordinatur,
2449 5453 2684 5508 refutare
2725 5453 3008 5516 nolumus,
3037 5449 3182 5518 quod
3210 5463 3240 5502 a
3271 5449 3514 5518 plurimis

1927 5524 2053 5576 viris
2080 5523 2303 5577 eruditis
2332 5523 2548 5578 factum.
2667 5580 2672 5584 ,
3519 5525 3522 5528 ’

1985 5603 2022 5628 η’
2055 5592 2118 5658 Q.
2151 5593 2332 5666 Asinio
2363 5593 2617 5666 Marcello.
2634 5600 2691 5666 et
2721 5591 2789 5644 Μ.
2819 5588 3366 5666 AcilioAviolacoss.
3399 5586 3518 5666 sive

1926 5679 2068 5715 anno
2098 5679 2216 5717 mne
2246 5664 2561 5718 Christianic
2587 5661 2682 5724 Si,
2712 5669 2925 5714 mortuo
2947 5659 3171 5714 Claudio
3200 5658 3519 5726 imperatori

1924 5735 2181 5787 successit
2210 5733 2366 5786 Nero.

1999 5813 2022 5837 "
2057 5803 2182 5856 Acta
2213 5803 2266 5855 S.
2300 5803 2429 5856 l’iati
2459 5813 2568 5856 tum
2593 5801 2765 5871 primo
2789 5799 3058 5856 conditam
3084 5799 3300 5855 tradunt
3327 5789 3526 5851 urbem

1925 5872 2342 5927 Tornaccnscm.
