  <div class='ocr_page' id='page_1' title='image "/cluster/home/n/w/nwhite01/storage/ocr_20150623/65/hvd.32044015469315/039.png"; bbox 0 0 4124 6456; ppageno 0'>
   <div class='ocr_carea' id='block_1_1' title="bbox 588 374 3874 488">
    <p class='ocr_par' dir='ltr' id='par_1_1' title="bbox 588 374 3874 488">
     <span class='ocr_line' id='line_1_1' title="bbox 588 374 3874 488; baseline 0.001 -2"><span class='ocrx_word' id='word_1_1' title='bbox 588 374 663 487; x_wconf 62' lang='lat' dir='ltr'><strong>b3</strong></span> <span class='ocrx_word' id='word_1_2' title='bbox 1493 424 1548 484; x_wconf 86' lang='lat' dir='ltr'><strong>S.</strong></span> <span class='ocrx_word' id='word_1_3' title='bbox 1590 424 2003 484; x_wconf 74' lang='lat' dir='ltr'><strong>ELEUTHERM</strong></span> <span class='ocrx_word' id='word_1_4' title='bbox 2048 428 2202 483; x_wconf 63' lang='lat' dir='ltr'><strong>\‘lTA</strong></span> <span class='ocrx_word' id='word_1_5' title='bbox 2244 421 2565 484; x_wconf 76' lang='lat' dir='ltr'><strong>AUCTORE</strong></span> <span class='ocrx_word' id='word_1_6' title='bbox 2600 418 2965 487; x_wconf 72' lang='lat' dir='ltr'><strong>CUIBERTO.</strong></span> <span class='ocrx_word' id='word_1_7' title='bbox 3803 426 3874 488; x_wconf 73' lang='grc' dir='ltr'><strong>δι.</strong></span> 
     </span>
    </p>
   </div>
   <div class='ocr_carea' id='block_1_2' title="bbox 592 534 3873 615">
    <p class='ocr_par' dir='ltr' id='par_1_2' title="bbox 592 534 3873 615">
     <span class='ocr_line' id='line_1_2' title="bbox 592 534 3873 615; baseline 0.001 -15"><span class='ocrx_word' id='word_1_8' title='bbox 592 548 858 602; x_wconf 80' lang='lat' dir='ltr'><strong>matutino</strong></span> <span class='ocrx_word' id='word_1_9' title='bbox 878 545 1185 602; x_wconf 85' lang='lat' dir='ltr'><strong>Luciferum</strong></span> <span class='ocrx_word' id='word_1_10' title='bbox 1216 544 1460 599; x_wconf 84' lang='lat' dir='ltr'><strong>homines</strong></span> <span class='ocrx_word' id='word_1_11' title='bbox 1490 544 1744 615; x_wconf 83' lang='lat' dir='ltr'><strong>effulgere</strong></span> <span class='ocrx_word' id='word_1_12' title='bbox 1780 552 2024 601; x_wconf 86' lang='lat' dir='ltr'><strong>cernunt.</strong></span> <span class='ocrx_word' id='word_1_13' title='bbox 2071 541 2177 596; x_wconf 84' lang='grc' dir='ltr'>Νο-</span> <span class='ocrx_word' id='word_1_14' title='bbox 2207 544 2250 599; x_wconf 81' lang='grc' dir='ltr'><strong>Α</strong></span> <span class='ocrx_word' id='word_1_15' title='bbox 2282 542 2499 598; x_wconf 88' lang='lat' dir='ltr'><strong>nomine</strong></span> <span class='ocrx_word' id='word_1_16' title='bbox 2527 542 2821 599; x_wconf 74' lang='lat' dir='ltr'><strong>Hirenmus.</strong></span> <span class='ocrx_word' id='word_1_17' title='bbox 2853 543 2951 599; x_wconf 88' lang='lat' dir='ltr'><strong>Hic</strong></span> <span class='ocrx_word' id='word_1_18' title='bbox 2977 534 3104 599; x_wconf 82' lang='lat' dir='ltr'><strong>dum</strong></span> <span class='ocrx_word' id='word_1_19' title='bbox 3133 552 3260 599; x_wconf 83' lang='lat' dir='ltr'><strong>suos</strong></span> <span class='ocrx_word' id='word_1_20' title='bbox 3289 551 3535 614; x_wconf 76' lang='lat' dir='ltr'><strong>posteros</strong></span> <span class='ocrx_word' id='word_1_21' title='bbox 3564 541 3873 615; x_wconf 76' lang='lat' dir='ltr'><strong>iufonnavit</strong></span> 
     </span>
    </p>
   </div>
   <div class='ocr_carea' id='block_1_3' title="bbox 566 634 2177 706">
    <p class='ocr_par' dir='ltr' id='par_1_3' title="bbox 566 634 2177 706">
     <span class='ocr_line' id='line_1_3' title="bbox 566 634 2177 706; baseline -0.002 -15"><span class='ocrx_word' id='word_1_22' title='bbox 566 647 835 693; x_wconf 87' lang='lat' dir='ltr'><strong>.eturuum</strong></span> <span class='ocrx_word' id='word_1_23' title='bbox 866 637 1064 692; x_wconf 86' lang='lat' dir='ltr'><strong>etenim</strong></span> <span class='ocrx_word' id='word_1_24' title='bbox 1101 636 1331 706; x_wconf 88' lang='lat' dir='ltr'><strong>spatium</strong></span> <span class='ocrx_word' id='word_1_25' title='bbox 1361 635 1486 689; x_wconf 88' lang='lat' dir='ltr'><strong>dum</strong></span> <span class='ocrx_word' id='word_1_26' title='bbox 1514 634 1952 689; x_wconf 89' lang='lat' dir='ltr'><strong>descendentium</strong></span> <span class='ocrx_word' id='word_1_27' title='bbox 1989 645 2177 688; x_wconf 79' lang='lat' dir='ltr'><strong>succe—</strong></span> 
     </span>
    </p>
   </div>
   <div class='ocr_carea' id='block_1_4' title="bbox 590 723 2176 796">
    <p class='ocr_par' dir='ltr' id='par_1_4' title="bbox 590 723 2176 796">
     <span class='ocr_line' id='line_1_4' title="bbox 590 723 2176 796; baseline -0.003 -15"><span class='ocrx_word' id='word_1_28' title='bbox 590 728 940 796; x_wconf 87' lang='lat' dir='ltr'><strong>dentiumque</strong></span> <span class='ocrx_word' id='word_1_29' title='bbox 985 727 1261 781; x_wconf 89' lang='lat' dir='ltr'><strong>stellarum</strong></span> <span class='ocrx_word' id='word_1_30' title='bbox 1310 725 1553 779; x_wconf 87' lang='lat' dir='ltr'><strong>cursibus</strong></span> <span class='ocrx_word' id='word_1_31' title='bbox 1601 723 1935 789; x_wconf 81' lang='lat' dir='ltr'><strong>illustratur,</strong></span> <span class='ocrx_word' id='word_1_32' title='bbox 1982 736 2176 790; x_wconf 85' lang='lat' dir='ltr'><strong>magno</strong></span> 
     </span>
    </p>
   </div>
   <div class='ocr_carea' id='block_1_5' title="bbox 558 814 2177 889">
    <p class='ocr_par' dir='ltr' id='par_1_5' title="bbox 558 814 2177 889">
     <span class='ocr_line' id='line_1_5' title="bbox 558 814 2177 889; baseline -0.005 -15"><span class='ocrx_word' id='word_1_33' title='bbox 558 819 715 874; x_wconf 24' lang='lat' dir='ltr'><strong>oemli</strong></span> <span class='ocrx_word' id='word_1_34' title='bbox 743 819 940 874; x_wconf 88' lang='lat' dir='ltr'><strong>decore</strong></span> <span class='ocrx_word' id='word_1_35' title='bbox 968 819 1275 889; x_wconf 79' lang='lat' dir='ltr'><strong>peragitur;</strong></span> <span class='ocrx_word' id='word_1_36' title='bbox 1314 817 1393 872; x_wconf 91' lang='lat' dir='ltr'><strong>sic</strong></span> <span class='ocrx_word' id='word_1_37' title='bbox 1431 824 1577 870; x_wconf 88' lang='lat' dir='ltr'><strong>certe</strong></span> <span class='ocrx_word' id='word_1_38' title='bbox 1614 815 1789 871; x_wconf 90' lang='lat' dir='ltr'><strong>donec</strong></span> <span class='ocrx_word' id='word_1_39' title='bbox 1832 814 1886 869; x_wconf 93' lang='lat' dir='ltr'><strong>in</strong></span> <span class='ocrx_word' id='word_1_40' title='bbox 1914 814 2177 868; x_wconf 87' lang='lat' dir='ltr'><strong>matutino</strong></span> 
     </span>
    </p>
   </div>
   <div class='ocr_carea' id='block_1_6' title="bbox 589 902 2178 975">
    <p class='ocr_par' dir='ltr' id='par_1_6' title="bbox 589 902 2178 975">
     <span class='ocr_line' id='line_1_6' title="bbox 589 902 2178 975; baseline -0.004 -14"><span class='ocrx_word' id='word_1_41' title='bbox 589 907 773 974; x_wconf 58' lang='lat' dir='ltr'><strong>gloria:</strong></span> <span class='ocrx_word' id='word_1_42' title='bbox 804 907 1016 962; x_wconf 81' lang='lat' dir='ltr'><strong>Lucifer</strong></span> <span class='ocrx_word' id='word_1_43' title='bbox 1042 920 1199 961; x_wconf 88' lang='lat' dir='ltr'><strong>verus</strong></span> <span class='ocrx_word' id='word_1_44' title='bbox 1228 914 1517 975; x_wconf 89' lang='lat' dir='ltr'><strong>appareat,</strong></span> <span class='ocrx_word' id='word_1_45' title='bbox 1550 920 1657 960; x_wconf 81' lang='lat' dir='ltr'><strong>nox</strong></span> <span class='ocrx_word' id='word_1_46' title='bbox 1684 904 1964 971; x_wconf 82' lang='lat' dir='ltr'><strong>militantis</strong></span> <span class='ocrx_word' id='word_1_47' title='bbox 1991 902 2178 959; x_wconf 85' lang='lat' dir='ltr'><strong>Eccle-</strong></span> 
     </span>
    </p>
   </div>
   <div class='ocr_carea' id='block_1_7' title="bbox 590 996 2178 1058">
    <p class='ocr_par' dir='ltr' id='par_1_7' title="bbox 590 996 2178 1058">
     <span class='ocr_line' id='line_1_7' title="bbox 590 996 2178 1058; baseline -0.004 -4"><span class='ocrx_word' id='word_1_48' title='bbox 590 1000 684 1054; x_wconf 75' lang='lat' dir='ltr'><strong>sia:</strong></span> <span class='ocrx_word' id='word_1_49' title='bbox 720 1000 824 1055; x_wconf 89' lang='lat' dir='ltr'><strong>sibi</strong></span> <span class='ocrx_word' id='word_1_50' title='bbox 851 999 1263 1055; x_wconf 83' lang='lat' dir='ltr'><strong>succedentibus</strong></span> <span class='ocrx_word' id='word_1_51' title='bbox 1302 998 1512 1058; x_wconf 83' lang='lat' dir='ltr'><strong>erudita</strong></span> <span class='ocrx_word' id='word_1_52' title='bbox 1552 997 1864 1054; x_wconf 88' lang='lat' dir='ltr'><strong>doctoribus</strong></span> <span class='ocrx_word' id='word_1_53' title='bbox 1901 996 2086 1052; x_wconf 85' lang='lat' dir='ltr'><strong>rutilat</strong></span> <span class='ocrx_word' id='word_1_54' title='bbox 2120 1002 2178 1050; x_wconf 89' lang='lat' dir='ltr'><strong>et</strong></span> 
     </span>
    </p>
   </div>
   <div class='ocr_carea' id='block_1_8' title="bbox 590 1088 2207 1161">
    <p class='ocr_par' dir='ltr' id='par_1_8' title="bbox 590 1088 2207 1161">
     <span class='ocr_line' id='line_1_8' title="bbox 590 1088 2207 1161; baseline -0.001 -17"><span class='ocrx_word' id='word_1_55' title='bbox 590 1100 856 1146; x_wconf 77' lang='lat' dir='ltr'><strong>coruscat.</strong></span> <span class='ocrx_word' id='word_1_56' title='bbox 887 1090 992 1146; x_wconf 86' lang='lat' dir='ltr'><strong>Pro</strong></span> <span class='ocrx_word' id='word_1_57' title='bbox 1016 1091 1253 1161; x_wconf 83' lang='lat' dir='ltr'><strong>patribus</strong></span> <span class='ocrx_word' id='word_1_58' title='bbox 1274 1104 1403 1159; x_wconf 83' lang='lat' dir='ltr'><strong>ergo</strong></span> <span class='ocrx_word' id='word_1_59' title='bbox 1424 1091 1532 1146; x_wconf 92' lang='lat' dir='ltr'><strong>nati</strong></span> <span class='ocrx_word' id='word_1_60' title='bbox 1562 1100 1689 1145; x_wconf 88' lang='lat' dir='ltr'><strong>sunt</strong></span> <span class='ocrx_word' id='word_1_61' title='bbox 1711 1090 1822 1156; x_wconf 86' lang='lat' dir='ltr'><strong>lilii,</strong></span> <span class='ocrx_word' id='word_1_62' title='bbox 1847 1090 1945 1144; x_wconf 92' lang='lat' dir='ltr'><strong>viri</strong></span> <span class='ocrx_word' id='word_1_63' title='bbox 1970 1088 2177 1145; x_wconf 88' lang='lat' dir='ltr'><strong>scilicet</strong></span> <span class='ocrx_word' id='word_1_64' title='bbox 2203 1102 2207 1106; x_wconf 69' lang='lat'><strong><em>’</em></strong></span> 
     </span>
    </p>
   </div>
   <div class='ocr_carea' id='block_1_9' title="bbox 590 1181 2177 1254">
    <p class='ocr_par' dir='ltr' id='par_1_9' title="bbox 590 1181 2177 1254">
     <span class='ocr_line' id='line_1_9' title="bbox 590 1181 2177 1254; baseline 0.001 -19"><span class='ocrx_word' id='word_1_65' title='bbox 590 1182 892 1250; x_wconf 87' lang='lat' dir='ltr'><strong>apostolici,</strong></span> <span class='ocrx_word' id='word_1_66' title='bbox 915 1183 1004 1251; x_wconf 90' lang='lat' dir='ltr'><strong>qui</strong></span> <span class='ocrx_word' id='word_1_67' title='bbox 1033 1182 1309 1252; x_wconf 76' lang='lat' dir='ltr'><strong>sapientiae</strong></span> <span class='ocrx_word' id='word_1_68' title='bbox 1339 1182 1459 1239; x_wconf 91' lang='lat' dir='ltr'><strong>luce</strong></span> <span class='ocrx_word' id='word_1_69' title='bbox 1488 1181 1706 1254; x_wconf 82' lang='lat' dir='ltr'><strong>perfusi,</strong></span> <span class='ocrx_word' id='word_1_70' title='bbox 1733 1190 1790 1237; x_wconf 92' lang='lat' dir='ltr'><strong>et</strong></span> <span class='ocrx_word' id='word_1_71' title='bbox 1818 1181 1937 1237; x_wconf 86' lang='lat' dir='ltr'><strong>fidei</strong></span> <span class='ocrx_word' id='word_1_72' title='bbox 1967 1181 2177 1237; x_wconf 78' lang='lat' dir='ltr'><strong>fervore</strong></span> 
     </span>
    </p>
   </div>
   <div class='ocr_carea' id='block_1_10' title="bbox 590 1270 2175 1335">
    <p class='ocr_par' dir='ltr' id='par_1_10' title="bbox 590 1270 2175 1335">
     <span class='ocr_line' id='line_1_10' title="bbox 590 1270 2175 1335; baseline 0.001 -11"><span class='ocrx_word' id='word_1_73' title='bbox 590 1274 872 1335; x_wconf 78' lang='lat' dir='ltr'><strong>succensi,</strong></span> <span class='ocrx_word' id='word_1_74' title='bbox 918 1272 1127 1328; x_wconf 90' lang='lat' dir='ltr'><strong>diversa</strong></span> <span class='ocrx_word' id='word_1_75' title='bbox 1174 1272 1357 1328; x_wconf 89' lang='lat' dir='ltr'><strong>mundi</strong></span> <span class='ocrx_word' id='word_1_76' title='bbox 1396 1271 1610 1328; x_wconf 91' lang='lat' dir='ltr'><strong>climata</strong></span> <span class='ocrx_word' id='word_1_77' title='bbox 1648 1279 1773 1328; x_wconf 91' lang='lat' dir='ltr'><strong>sunt</strong></span> <span class='ocrx_word' id='word_1_78' title='bbox 1805 1270 2003 1327; x_wconf 89' lang='lat' dir='ltr'><strong>sortiti.</strong></span> <span class='ocrx_word' id='word_1_79' title='bbox 2042 1271 2175 1326; x_wconf 87' lang='lat' dir='ltr'><strong>Nam</strong></span> 
     </span>
    </p>
   </div>
   <div class='ocr_carea' id='block_1_11' title="bbox 591 1362 2178 1430">
    <p class='ocr_par' dir='ltr' id='par_1_11' title="bbox 591 1362 2178 1430">
     <span class='ocr_line' id='line_1_11' title="bbox 591 1362 2178 1430; baseline 0.003 -15"><span class='ocrx_word' id='word_1_80' title='bbox 591 1363 731 1416; x_wconf 88' lang='lat' dir='ltr'><strong>sicut</strong></span> <span class='ocrx_word' id='word_1_81' title='bbox 749 1362 992 1425; x_wconf 79' lang='lat' dir='ltr'><strong>Thomas</strong></span> <span class='ocrx_word' id='word_1_82' title='bbox 1019 1365 1241 1423; x_wconf 89' lang='lat' dir='ltr'><strong>sortitus</strong></span> <span class='ocrx_word' id='word_1_83' title='bbox 1269 1373 1352 1421; x_wconf 85' lang='lat' dir='ltr'><strong>est</strong></span> <span class='ocrx_word' id='word_1_84' title='bbox 1381 1364 1627 1430; x_wconf 85' lang='lat' dir='ltr'><strong>Parthos,</strong></span> <span class='ocrx_word' id='word_1_85' title='bbox 1659 1364 1939 1422; x_wconf 73' lang='lat' dir='ltr'><strong>Matthzcus</strong></span> <span class='ocrx_word' id='word_1_86' title='bbox 1964 1363 2178 1420; x_wconf 65' lang='lat' dir='ltr'><strong>)Ethio-</strong></span> 
     </span>
    </p>
   </div>
   <div class='ocr_carea' id='block_1_12' title="bbox 590 1452 2179 1528">
    <p class='ocr_par' dir='ltr' id='par_1_12' title="bbox 590 1452 2179 1528">
     <span class='ocr_line' id='line_1_12' title="bbox 590 1452 2179 1528; baseline 0.003 -21"><span class='ocrx_word' id='word_1_87' title='bbox 590 1469 703 1522; x_wconf 90' lang='lat' dir='ltr'><strong>pes,</strong></span> <span class='ocrx_word' id='word_1_88' title='bbox 739 1452 1162 1512; x_wconf 76' lang='lat' dir='ltr'><strong>Bartholomzcus</strong></span> <span class='ocrx_word' id='word_1_89' title='bbox 1190 1456 1495 1512; x_wconf 86' lang='lat' dir='ltr'><strong>citeriorem</strong></span> <span class='ocrx_word' id='word_1_90' title='bbox 1525 1455 1748 1521; x_wconf 86' lang='lat' dir='ltr'><strong>Indiam,</strong></span> <span class='ocrx_word' id='word_1_91' title='bbox 1783 1456 2022 1513; x_wconf 77' lang='lat' dir='ltr'><strong>Andreas</strong></span> <span class='ocrx_word' id='word_1_92' title='bbox 2045 1454 2179 1528; x_wconf 83' lang='lat' dir='ltr'><strong>Scy-</strong></span> 
     </span>
    </p>
   </div>
   <div class='ocr_carea' id='block_1_13' title="bbox 592 1545 2179 1617">
    <p class='ocr_par' dir='ltr' id='par_1_13' title="bbox 592 1545 2179 1617">
     <span class='ocr_line' id='line_1_13' title="bbox 592 1545 2179 1617; baseline 0.004 -19"><span class='ocrx_word' id='word_1_93' title='bbox 592 1545 778 1611; x_wconf 86' lang='lat' dir='ltr'><strong>thiam,</strong></span> <span class='ocrx_word' id='word_1_94' title='bbox 825 1546 1060 1607; x_wconf 81' lang='lat' dir='ltr'><strong>Joannes</strong></span> <span class='ocrx_word' id='word_1_95' title='bbox 1087 1548 1287 1616; x_wconf 86' lang='lat' dir='ltr'><strong>Asiam,</strong></span> <span class='ocrx_word' id='word_1_96' title='bbox 1317 1550 1504 1605; x_wconf 86' lang='lat' dir='ltr'><strong>Petrus</strong></span> <span class='ocrx_word' id='word_1_97' title='bbox 1525 1548 1778 1617; x_wconf 81' lang='lat' dir='ltr'><strong>Pontum,</strong></span> <span class='ocrx_word' id='word_1_98' title='bbox 1807 1548 2095 1617; x_wconf 84' lang='lat' dir='ltr'><strong>Galatiam,</strong></span> <span class='ocrx_word' id='word_1_99' title='bbox 2122 1557 2179 1605; x_wconf 89' lang='lat' dir='ltr'><strong>et</strong></span> 
     </span>
    </p>
   </div>
   <div class='ocr_carea' id='block_1_14' title="bbox 590 1637 2177 1716">
    <p class='ocr_par' dir='ltr' id='par_1_14' title="bbox 590 1637 2177 1716">
     <span class='ocr_line' id='line_1_14' title="bbox 590 1637 2177 1716; baseline 0.006 -25"><span class='ocrx_word' id='word_1_100' title='bbox 590 1640 774 1694; x_wconf 65' lang='lat' dir='ltr'><strong>ueteri</strong></span> <span class='ocrx_word' id='word_1_101' title='bbox 818 1649 1043 1700; x_wconf 79' lang='lat' dir='ltr'><strong>czeteras</strong></span> <span class='ocrx_word' id='word_1_102' title='bbox 1084 1637 1421 1699; x_wconf 83' lang='lat' dir='ltr'><strong>illustravere</strong></span> <span class='ocrx_word' id='word_1_103' title='bbox 1454 1646 1789 1716; x_wconf 81' lang='lat' dir='ltr'><strong>provincias;</strong></span> <span class='ocrx_word' id='word_1_104' title='bbox 1827 1647 1906 1702; x_wconf 92' lang='lat' dir='ltr'><strong>sic</strong></span> <span class='ocrx_word' id='word_1_105' title='bbox 1933 1643 2177 1716; x_wconf 85' lang='lat' dir='ltr'><strong>postmo-</strong></span> 
     </span>
    </p>
   </div>
   <div class='ocr_carea' id='block_1_15' title="bbox 589 1729 2179 1808">
    <p class='ocr_par' dir='ltr' id='par_1_15' title="bbox 589 1729 2179 1808">
     <span class='ocr_line' id='line_1_15' title="bbox 589 1729 2179 1808; baseline 0.006 -25"><span class='ocrx_word' id='word_1_106' title='bbox 589 1729 718 1784; x_wconf 91' lang='lat' dir='ltr'><strong>dum</strong></span> <span class='ocrx_word' id='word_1_107' title='bbox 762 1730 1115 1788; x_wconf 90' lang='lat' dir='ltr'><strong>Parisiensem</strong></span> <span class='ocrx_word' id='word_1_108' title='bbox 1164 1735 1419 1804; x_wconf 89' lang='lat' dir='ltr'><strong>populum</strong></span> <span class='ocrx_word' id='word_1_109' title='bbox 1450 1746 1474 1773; x_wconf 75' lang='grc' dir='ltr'><strong>ι</strong></span> <span class='ocrx_word' id='word_1_110' title='bbox 1519 1735 1802 1808; x_wconf 89' lang='lat' dir='ltr'><strong>Dionysius</strong></span> <span class='ocrx_word' id='word_1_111' title='bbox 1847 1752 1970 1792; x_wconf 90' lang='lat' dir='ltr'><strong>cum</strong></span> <span class='ocrx_word' id='word_1_112' title='bbox 2016 1737 2179 1793; x_wconf 89' lang='lat' dir='ltr'><strong>sociis</strong></span> 
     </span>
    </p>
   </div>
   <div class='ocr_carea' id='block_1_16' title="bbox 589 1818 2175 1896">
    <p class='ocr_par' dir='ltr' id='par_1_16' title="bbox 589 1818 2175 1896">
     <span class='ocr_line' id='line_1_16' title="bbox 589 1818 2175 1896; baseline 0.005 -24"><span class='ocrx_word' id='word_1_113' title='bbox 589 1818 746 1889; x_wconf 84' lang='lat' dir='ltr'><strong>adiit,</strong></span> <span class='ocrx_word' id='word_1_114' title='bbox 773 1819 1036 1877; x_wconf 87' lang='lat' dir='ltr'><strong>Lucianus</strong></span> <span class='ocrx_word' id='word_1_115' title='bbox 1064 1824 1439 1880; x_wconf 87' lang='lat' dir='ltr'><strong>Belvacensem</strong></span> <span class='ocrx_word' id='word_1_116' title='bbox 1469 1827 1724 1896; x_wconf 81' lang='lat' dir='ltr'><strong>expetiit,</strong></span> <span class='ocrx_word' id='word_1_117' title='bbox 1763 1827 2175 1882; x_wconf 86' lang='lat' dir='ltr'><strong>Ambianenscm</strong></span> 
     </span>
    </p>
   </div>
   <div class='ocr_carea' id='block_1_17' title="bbox 2278 631 3866 712">
    <p class='ocr_par' dir='ltr' id='par_1_17' title="bbox 2278 631 3866 712">
     <span class='ocr_line' id='line_1_17' title="bbox 2278 631 3866 712; baseline 0.004 -27"><span class='ocrx_word' id='word_1_118' title='bbox 2278 631 2347 691; x_wconf 85' lang='lat' dir='ltr'><strong>ad</strong></span> <span class='ocrx_word' id='word_1_119' title='bbox 2374 631 2553 699; x_wconf 88' lang='lat' dir='ltr'><strong>fidem,</strong></span> <span class='ocrx_word' id='word_1_120' title='bbox 2581 648 2677 687; x_wconf 92' lang='lat' dir='ltr'><strong>sua</strong></span> <span class='ocrx_word' id='word_1_121' title='bbox 2705 634 2978 712; x_wconf 32' lang='lat' dir='ltr'><strong>sapientia.</strong></span> <span class='ocrx_word' id='word_1_122' title='bbox 2998 634 3244 691; x_wconf 83' lang='lat' dir='ltr'><strong>liberavit</strong></span> <span class='ocrx_word' id='word_1_123' title='bbox 3269 650 3298 689; x_wconf 90' lang='lat' dir='ltr'><strong>a</strong></span> <span class='ocrx_word' id='word_1_124' title='bbox 3320 635 3544 691; x_wconf 90' lang='lat' dir='ltr'><strong>crimine</strong></span> <span class='ocrx_word' id='word_1_125' title='bbox 3573 635 3866 692; x_wconf 83' lang='lat' dir='ltr'><strong>civitatem.</strong></span> 
     </span>
    </p>
   </div>
   <div class='ocr_carea' id='block_1_18' title="bbox 2279 722 3869 801">
    <p class='ocr_par' dir='ltr' id='par_1_18' title="bbox 2279 722 3869 801">
     <span class='ocr_line' id='line_1_18' title="bbox 2279 722 3869 801; baseline 0.003 -26"><span class='ocrx_word' id='word_1_126' title='bbox 2279 722 2384 777; x_wconf 85' lang='lat' dir='ltr'><strong>Iste</strong></span> <span class='ocrx_word' id='word_1_127' title='bbox 2412 731 2495 777; x_wconf 83' lang='lat' dir='ltr'><strong>est</strong></span> <span class='ocrx_word' id='word_1_128' title='bbox 2524 722 2801 779; x_wconf 74' lang='lat' dir='ltr'><strong>llirenzeus</strong></span> <span class='ocrx_word' id='word_1_129' title='bbox 2824 765 2840 789; x_wconf 92' lang='lat'><strong>,</strong></span> <span class='ocrx_word' id='word_1_130' title='bbox 2881 724 2973 793; x_wconf 92' lang='lat' dir='ltr'><strong>qui</strong></span> <span class='ocrx_word' id='word_1_131' title='bbox 3002 723 3278 780; x_wconf 91' lang='lat' dir='ltr'><strong>confessus</strong></span> <span class='ocrx_word' id='word_1_132' title='bbox 3319 725 3529 797; x_wconf 86' lang='lat' dir='ltr'><strong>publice</strong></span> <span class='ocrx_word' id='word_1_133' title='bbox 3575 726 3869 801; x_wconf 85' lang='lat' dir='ltr'><strong>Christum,</strong></span> 
     </span>
    </p>
   </div>
   <div class='ocr_carea' id='block_1_19' title="bbox 2247 813 3866 889">
    <p class='ocr_par' dir='ltr' id='par_1_19' title="bbox 2247 813 3866 889">
     <span class='ocr_line' id='line_1_19' title="bbox 2247 813 3866 889; baseline 0.001 -20"><span class='ocrx_word' id='word_1_134' title='bbox 2247 826 2250 830; x_wconf 89' lang='lat'>&#39;</span> <span class='ocrx_word' id='word_1_135' title='bbox 2277 823 2529 885; x_wconf 88' lang='lat' dir='ltr'><strong>suscepto</strong></span> <span class='ocrx_word' id='word_1_136' title='bbox 2553 813 2580 852; x_wconf 72' lang='grc' dir='ltr'><strong>ιι</strong></span> <span class='ocrx_word' id='word_1_137' title='bbox 2608 815 2867 887; x_wconf 74' lang='lat' dir='ltr'><strong>martyrio</strong></span> <span class='ocrx_word' id='word_1_138' title='bbox 2895 816 3145 885; x_wconf 76' lang='lat' dir='ltr'><strong>migravit</strong></span> <span class='ocrx_word' id='word_1_139' title='bbox 3174 816 3399 872; x_wconf 75' lang='lat' dir='ltr'><strong>feliciter</strong></span> <span class='ocrx_word' id='word_1_140' title='bbox 3427 815 3494 870; x_wconf 91' lang='lat' dir='ltr'><strong>ad</strong></span> <span class='ocrx_word' id='word_1_141' title='bbox 3520 816 3866 889; x_wconf 76' lang='lat' dir='ltr'><strong>triumphum.</strong></span> 
     </span>
    </p>
   </div>
   <div class='ocr_carea' id='block_1_20' title="bbox 2349 896 3870 987">
    <p class='ocr_par' dir='ltr' id='par_1_20' title="bbox 2349 896 3870 987">
     <span class='ocr_line' id='line_1_20' title="bbox 2349 896 3870 987; baseline 0.002 -29"><span class='ocrx_word' id='word_1_142' title='bbox 2349 905 2402 961; x_wconf 85' lang='lat'><strong>6.</strong></span> <span class='ocrx_word' id='word_1_143' title='bbox 2448 905 2545 960; x_wconf 88' lang='lat' dir='ltr'><strong>Hic</strong></span> <span class='ocrx_word' id='word_1_144' title='bbox 2577 915 2601 945; x_wconf 70' lang='grc' dir='ltr'>ε</span> <span class='ocrx_word' id='word_1_145' title='bbox 2635 904 2801 960; x_wconf 90' lang='lat' dir='ltr'><strong>filium</strong></span> <span class='ocrx_word' id='word_1_146' title='bbox 2832 921 2891 961; x_wconf 91' lang='lat' dir='ltr'><strong>re</strong></span> <span class='ocrx_word' id='word_1_147' title='bbox 2919 922 2983 962; x_wconf 91' lang='lat' dir='ltr'><strong>ac</strong></span> <span class='ocrx_word' id='word_1_148' title='bbox 3007 907 3224 961; x_wconf 90' lang='lat' dir='ltr'><strong>nomine</strong></span> <span class='ocrx_word' id='word_1_149' title='bbox 3251 896 3509 962; x_wconf 85' lang='lat' dir='ltr'><strong>Serenum</strong></span> <span class='ocrx_word' id='word_1_150' title='bbox 3541 898 3870 987; x_wconf 83' lang='lat' dir='ltr'><strong>genuit,qui</strong></span> 
     </span>
    </p>
   </div>
   <div class='ocr_carea' id='block_1_21' title="bbox 2279 988 3868 1068">
    <p class='ocr_par' dir='ltr' id='par_1_21' title="bbox 2279 988 3868 1068">
     <span class='ocr_line' id='line_1_21' title="bbox 2279 988 3868 1068; baseline 0.001 -18"><span class='ocrx_word' id='word_1_151' title='bbox 2279 995 2584 1051; x_wconf 85' lang='lat' dir='ltr'><strong>divitiarum</strong></span> <span class='ocrx_word' id='word_1_152' title='bbox 2626 996 2794 1068; x_wconf 86' lang='lat' dir='ltr'><strong>gloria</strong></span> <span class='ocrx_word' id='word_1_153' title='bbox 2821 1039 2838 1065; x_wconf 87' lang='lat'><strong>,</strong></span> <span class='ocrx_word' id='word_1_154' title='bbox 2877 1006 3160 1066; x_wconf 85' lang='lat' dir='ltr'><strong>parentum</strong></span> <span class='ocrx_word' id='word_1_155' title='bbox 3186 998 3426 1067; x_wconf 90' lang='lat' dir='ltr'><strong>potentia</strong></span> <span class='ocrx_word' id='word_1_156' title='bbox 3451 1038 3466 1063; x_wconf 93' lang='lat'><strong>,</strong></span> <span class='ocrx_word' id='word_1_157' title='bbox 3498 988 3750 1052; x_wconf 75' lang='lat' dir='ltr'><strong>veritatis</strong></span> <span class='ocrx_word' id='word_1_158' title='bbox 3778 996 3868 1063; x_wconf 80' lang='lat' dir='ltr'><strong>sa-</strong></span> 
     </span>
    </p>
   </div>
   <div class='ocr_carea' id='block_1_22' title="bbox 2280 1074 3872 1157">
    <p class='ocr_par' dir='ltr' id='par_1_22' title="bbox 2280 1074 3872 1157">
     <span class='ocr_line' id='line_1_22' title="bbox 2280 1074 3872 1157; baseline 0.003 -18"><span class='ocrx_word' id='word_1_159' title='bbox 2280 1086 2479 1156; x_wconf 87' lang='lat' dir='ltr'><strong>pientia</strong></span> <span class='ocrx_word' id='word_1_160' title='bbox 2504 1126 2518 1148; x_wconf 94' lang='lat'><strong>,</strong></span> <span class='ocrx_word' id='word_1_161' title='bbox 2552 1074 2784 1157; x_wconf 81' lang='lat' dir='ltr'><strong>pietatis</strong></span> <span class='ocrx_word' id='word_1_162' title='bbox 2814 1080 3095 1142; x_wconf 82' lang='lat' dir='ltr'><strong>afllueutia</strong></span> <span class='ocrx_word' id='word_1_163' title='bbox 3137 1080 3337 1157; x_wconf 33' lang='lat' dir='ltr'><strong>plenus:</strong></span> <span class='ocrx_word' id='word_1_164' title='bbox 3366 1085 3484 1142; x_wconf 88' lang='lat' dir='ltr'><strong>fuit.</strong></span> <span class='ocrx_word' id='word_1_165' title='bbox 3534 1085 3704 1156; x_wconf 86' lang='lat' dir='ltr'><strong>llujus</strong></span> <span class='ocrx_word' id='word_1_166' title='bbox 3735 1102 3872 1143; x_wconf 80' lang='lat' dir='ltr'><strong>uxor</strong></span> 
     </span>
    </p>
   </div>
   <div class='ocr_carea' id='block_1_23' title="bbox 2280 1166 3864 1249">
    <p class='ocr_par' dir='ltr' id='par_1_23' title="bbox 2280 1166 3864 1249">
     <span class='ocr_line' id='line_1_23' title="bbox 2280 1166 3864 1249; baseline 0.003 -21"><span class='ocrx_word' id='word_1_167' title='bbox 2280 1175 2484 1230; x_wconf 85' lang='lat' dir='ltr'><strong>Blanda</strong></span> <span class='ocrx_word' id='word_1_168' title='bbox 2536 1183 2642 1230; x_wconf 90' lang='lat' dir='ltr'><strong>tam</strong></span> <span class='ocrx_word' id='word_1_169' title='bbox 2689 1192 2819 1232; x_wconf 86' lang='lat' dir='ltr'><strong>vero</strong></span> <span class='ocrx_word' id='word_1_170' title='bbox 2865 1192 3025 1247; x_wconf 85' lang='lat' dir='ltr'><strong>quam</strong></span> <span class='ocrx_word' id='word_1_171' title='bbox 3055 1177 3275 1249; x_wconf 88' lang='lat' dir='ltr'><strong>proprio</strong></span> <span class='ocrx_word' id='word_1_172' title='bbox 3306 1166 3523 1234; x_wconf 85' lang='lat' dir='ltr'><strong>nomine</strong></span> <span class='ocrx_word' id='word_1_173' title='bbox 3547 1179 3864 1243; x_wconf 83' lang='lat' dir='ltr'><strong>vocabatur,</strong></span> 
     </span>
    </p>
   </div>
   <div class='ocr_carea' id='block_1_24' title="bbox 2280 1258 3871 1347">
    <p class='ocr_par' dir='ltr' id='par_1_24' title="bbox 2280 1258 3871 1347">
     <span class='ocr_line' id='line_1_24' title="bbox 2280 1258 3871 1347; baseline 0.003 -25"><span class='ocrx_word' id='word_1_174' title='bbox 2280 1276 2340 1322; x_wconf 91' lang='lat' dir='ltr'><strong>ut</strong></span> <span class='ocrx_word' id='word_1_175' title='bbox 2368 1276 2585 1338; x_wconf 86' lang='lat' dir='ltr'><strong>putares</strong></span> <span class='ocrx_word' id='word_1_176' title='bbox 2612 1267 2734 1339; x_wconf 86' lang='lat' dir='ltr'><strong>quia</strong></span> <span class='ocrx_word' id='word_1_177' title='bbox 2766 1268 2947 1325; x_wconf 88' lang='lat' dir='ltr'><strong>cordis</strong></span> <span class='ocrx_word' id='word_1_178' title='bbox 2972 1271 3235 1326; x_wconf 86' lang='lat' dir='ltr'><strong>serenitas</strong></span> <span class='ocrx_word' id='word_1_179' title='bbox 3265 1278 3320 1325; x_wconf 91' lang='lat' dir='ltr'><strong>et</strong></span> <span class='ocrx_word' id='word_1_180' title='bbox 3346 1258 3871 1347; x_wconf 37' lang='lat' dir='ltr'><strong>sermonis&#39;suavitas</strong></span> 
     </span>
    </p>
   </div>
   <div class='ocr_carea' id='block_1_25' title="bbox 2278 1359 3871 1436">
    <p class='ocr_par' dir='ltr' id='par_1_25' title="bbox 2278 1359 3871 1436">
     <span class='ocr_line' id='line_1_25' title="bbox 2278 1359 3871 1436; baseline 0.003 -23"><span class='ocrx_word' id='word_1_181' title='bbox 2278 1359 2512 1430; x_wconf 88' lang='lat' dir='ltr'><strong>quodam</strong></span> <span class='ocrx_word' id='word_1_182' title='bbox 2541 1360 2805 1431; x_wconf 88' lang='lat' dir='ltr'><strong>spirituali</strong></span> <span class='ocrx_word' id='word_1_183' title='bbox 2831 1360 3082 1431; x_wconf 84' lang='lat' dir='ltr'><strong>conjugio</strong></span> <span class='ocrx_word' id='word_1_184' title='bbox 3110 1361 3426 1418; x_wconf 86' lang='lat' dir='ltr'><strong>ditarentur.</strong></span> <span class='ocrx_word' id='word_1_185' title='bbox 3457 1361 3525 1417; x_wconf 88' lang='lat' dir='ltr'><strong>Et</strong></span> <span class='ocrx_word' id='word_1_186' title='bbox 3551 1362 3675 1432; x_wconf 89' lang='lat' dir='ltr'><strong>quia</strong></span> <span class='ocrx_word' id='word_1_187' title='bbox 3704 1363 3871 1436; x_wconf 88' lang='lat' dir='ltr'><strong>arbor</strong></span> 
     </span>
    </p>
   </div>
   <div class='ocr_carea' id='block_1_26' title="bbox 2278 1450 3866 1525">
    <p class='ocr_par' dir='ltr' id='par_1_26' title="bbox 2278 1450 3866 1525">
     <span class='ocr_line' id='line_1_26' title="bbox 2278 1450 3866 1525; baseline 0.001 -20"><span class='ocrx_word' id='word_1_188' title='bbox 2278 1450 2420 1505; x_wconf 91' lang='lat' dir='ltr'><strong>bona</strong></span> <span class='ocrx_word' id='word_1_189' title='bbox 2449 1450 2682 1506; x_wconf 89' lang='lat' dir='ltr'><strong>fructum</strong></span> <span class='ocrx_word' id='word_1_190' title='bbox 2709 1451 2907 1507; x_wconf 90' lang='lat' dir='ltr'><strong>bonum</strong></span> <span class='ocrx_word' id='word_1_191' title='bbox 2938 1468 3006 1508; x_wconf 83' lang='lat' dir='ltr'><strong>ex</strong></span> <span class='ocrx_word' id='word_1_192' title='bbox 3028 1467 3084 1507; x_wconf 91' lang='lat' dir='ltr'><strong>se</strong></span> <span class='ocrx_word' id='word_1_193' title='bbox 3112 1452 3378 1524; x_wconf 86' lang='lat' dir='ltr'><strong>producit,</strong></span> <span class='ocrx_word' id='word_1_194' title='bbox 3404 1462 3459 1508; x_wconf 90' lang='lat' dir='ltr'><strong>et</strong></span> <span class='ocrx_word' id='word_1_195' title='bbox 3485 1453 3628 1525; x_wconf 91' lang='lat' dir='ltr'><strong>quod</strong></span> <span class='ocrx_word' id='word_1_196' title='bbox 3655 1461 3866 1523; x_wconf 85' lang='lat' dir='ltr'><strong>patrem</strong></span> 
     </span>
    </p>
   </div>
   <div class='ocr_carea' id='block_1_27' title="bbox 2278 1536 3868 1608">
    <p class='ocr_par' dir='ltr' id='par_1_27' title="bbox 2278 1536 3868 1608">
     <span class='ocr_line' id='line_1_27' title="bbox 2278 1536 3868 1608; baseline 0.001 -15"><span class='ocrx_word' id='word_1_197' title='bbox 2278 1536 2472 1595; x_wconf 85' lang='lat' dir='ltr'><strong>viderit</strong></span> <span class='ocrx_word' id='word_1_198' title='bbox 2501 1540 2784 1596; x_wconf 83' lang='lat' dir='ltr'><strong>facientem</strong></span> <span class='ocrx_word' id='word_1_199' title='bbox 2809 1580 2824 1604; x_wconf 94' lang='lat'><strong>,</strong></span> <span class='ocrx_word' id='word_1_200' title='bbox 2859 1541 2998 1599; x_wconf 91' lang='lat' dir='ltr'><strong>filius</strong></span> <span class='ocrx_word' id='word_1_201' title='bbox 3027 1541 3167 1597; x_wconf 89' lang='lat' dir='ltr'><strong>idem</strong></span> <span class='ocrx_word' id='word_1_202' title='bbox 3208 1541 3369 1608; x_wconf 86' lang='lat' dir='ltr'><strong>facit,</strong></span> <span class='ocrx_word' id='word_1_203' title='bbox 3408 1542 3739 1600; x_wconf 88' lang='lat' dir='ltr'><strong>declinantes</strong></span> <span class='ocrx_word' id='word_1_204' title='bbox 3767 1539 3868 1597; x_wconf 90' lang='lat' dir='ltr'><strong>ali-</strong></span> 
     </span>
    </p>
   </div>
   <div class='ocr_carea' id='block_1_28' title="bbox 2254 1624 3867 1703">
    <p class='ocr_par' dir='ltr' id='par_1_28' title="bbox 2254 1624 3867 1703">
     <span class='ocr_line' id='line_1_28' title="bbox 2254 1624 3867 1703; baseline 0.002 -19"><span class='ocrx_word' id='word_1_205' title='bbox 2254 1630 2595 1701; x_wconf 89' lang='lat' dir='ltr'><strong>quantisper</strong></span> <span class='ocrx_word' id='word_1_206' title='bbox 2623 1630 2689 1684; x_wconf 91' lang='lat' dir='ltr'><strong>ad</strong></span> <span class='ocrx_word' id='word_1_207' title='bbox 2718 1646 2998 1703; x_wconf 84' lang='lat' dir='ltr'><strong>vesperam</strong></span> <span class='ocrx_word' id='word_1_208' title='bbox 3028 1633 3321 1687; x_wconf 85' lang='lat' dir='ltr'><strong>senectutis</strong></span> <span class='ocrx_word' id='word_1_209' title='bbox 3343 1674 3358 1699; x_wconf 90' lang='lat'><strong>,</strong></span> <span class='ocrx_word' id='word_1_210' title='bbox 3397 1631 3521 1688; x_wconf 92' lang='lat' dir='ltr'><strong>dum</strong></span> <span class='ocrx_word' id='word_1_211' title='bbox 3558 1633 3627 1688; x_wconf 90' lang='lat' dir='ltr'><strong>ob</strong></span> <span class='ocrx_word' id='word_1_212' title='bbox 3663 1624 3867 1688; x_wconf 86' lang='lat' dir='ltr'><strong>cultum</strong></span> 
     </span>
    </p>
   </div>
   <div class='ocr_carea' id='block_1_29' title="bbox 2281 1720 3865 1794">
    <p class='ocr_par' dir='ltr' id='par_1_29' title="bbox 2281 1720 3865 1794">
     <span class='ocr_line' id='line_1_29' title="bbox 2281 1720 3865 1794; baseline 0.003 -19"><span class='ocrx_word' id='word_1_213' title='bbox 2281 1720 2403 1777; x_wconf 88' lang='lat' dir='ltr'><strong>fidei</strong></span> <span class='ocrx_word' id='word_1_214' title='bbox 2431 1722 2835 1794; x_wconf 85' lang='lat' dir='ltr'><strong>propagandum</strong></span> <span class='ocrx_word' id='word_1_215' title='bbox 2881 1731 3076 1779; x_wconf 92' lang='lat' dir='ltr'><strong>vacant</strong></span> <span class='ocrx_word' id='word_1_216' title='bbox 3112 1722 3291 1779; x_wconf 87' lang='lat' dir='ltr'><strong>officio</strong></span> <span class='ocrx_word' id='word_1_217' title='bbox 3316 1724 3522 1794; x_wconf 69' lang='lat' dir='ltr'><strong>copula:</strong></span> <span class='ocrx_word' id='word_1_218' title='bbox 3549 1723 3865 1794; x_wconf 86' lang='lat' dir='ltr'><strong>conjugalis,</strong></span> 
     </span>
    </p>
   </div>
   <div class='ocr_carea' id='block_1_30' title="bbox 2280 1810 3867 1886">
    <p class='ocr_par' dir='ltr' id='par_1_30' title="bbox 2280 1810 3867 1886">
     <span class='ocr_line' id='line_1_30' title="bbox 2280 1810 3867 1886; baseline 0 -17"><span class='ocrx_word' id='word_1_219' title='bbox 2280 1814 2464 1869; x_wconf 91' lang='lat' dir='ltr'><strong>divino</strong></span> <span class='ocrx_word' id='word_1_220' title='bbox 2494 1828 2715 1870; x_wconf 90' lang='lat' dir='ltr'><strong>munere</strong></span> <span class='ocrx_word' id='word_1_221' title='bbox 2759 1815 3058 1886; x_wconf 91' lang='lat' dir='ltr'><strong>suscipiunt</strong></span> <span class='ocrx_word' id='word_1_222' title='bbox 3099 1810 3365 1880; x_wconf 71' lang='lat' dir='ltr'><strong>bteredem</strong></span> <span class='ocrx_word' id='word_1_223' title='bbox 3388 1856 3404 1882; x_wconf 93' lang='lat'><strong>,</strong></span> <span class='ocrx_word' id='word_1_224' title='bbox 3455 1823 3562 1870; x_wconf 89' lang='lat' dir='ltr'><strong>tam</strong></span> <span class='ocrx_word' id='word_1_225' title='bbox 3601 1817 3867 1871; x_wconf 90' lang='lat' dir='ltr'><strong>bonorum</strong></span> 
     </span>
    </p>
   </div>
   <div class='ocr_carea' id='block_1_31' title="bbox 588 1902 3866 1990">
    <p class='ocr_par' dir='ltr' id='par_1_31' title="bbox 588 1902 3866 1990">
     <span class='ocr_line' id='line_1_31' title="bbox 588 1902 3866 1990; baseline 0.006 -29"><span class='ocrx_word' id='word_1_226' title='bbox 588 1907 889 1974; x_wconf 84' lang='lat' dir='ltr'><strong>Quintinus,</strong></span> <span class='ocrx_word' id='word_1_227' title='bbox 913 1910 1354 1990; x_wconf 84' lang='lat' dir='ltr'><strong>suessionensem</strong></span> <span class='ocrx_word' id='word_1_228' title='bbox 1379 1913 1656 1985; x_wconf 86' lang='lat' dir='ltr'><strong>Crispinus</strong></span> <span class='ocrx_word' id='word_1_229' title='bbox 1688 1923 1743 1970; x_wconf 90' lang='lat' dir='ltr'><strong>et</strong></span> <span class='ocrx_word' id='word_1_230' title='bbox 1769 1914 2173 1986; x_wconf 83' lang='lat' dir='ltr'><strong>Crispinianus;</strong></span> <span class='ocrx_word' id='word_1_231' title='bbox 2210 1906 2252 1964; x_wconf 76' lang='grc' dir='ltr'><strong><em>Β</em></strong></span> <span class='ocrx_word' id='word_1_232' title='bbox 2280 1920 2497 1960; x_wconf 71' lang='grc' dir='ltr'><strong>ευθτυηι</strong></span> <span class='ocrx_word' id='word_1_233' title='bbox 2548 1921 2708 1975; x_wconf 72' lang='lat' dir='ltr'><strong>quam</strong></span> <span class='ocrx_word' id='word_1_234' title='bbox 2745 1905 2964 1976; x_wconf 69' lang='grc' dir='ltr'><strong>Ρίθιθῑίε</strong></span> <span class='ocrx_word' id='word_1_235' title='bbox 2992 1921 3057 1961; x_wconf 67' lang='grc' dir='ltr'><strong>οε</strong></span> <span class='ocrx_word' id='word_1_236' title='bbox 3084 1905 3206 1961; x_wconf 59' lang='lat' dir='ltr'><strong>“dei</strong></span> <span class='ocrx_word' id='word_1_237' title='bbox 3234 1919 3620 1961; x_wconf 61' lang='lat' dir='ltr'><strong>successorem</strong></span> <span class='ocrx_word' id='word_1_238' title='bbox 3671 1902 3866 1959; x_wconf 64' lang='lat' dir='ltr'><strong>Filium</strong></span> 
     </span>
    </p>
   </div>
   <div class='ocr_carea' id='block_1_32' title="bbox 588 1996 2176 2073">
    <p class='ocr_par' dir='ltr' id='par_1_32' title="bbox 588 1996 2176 2073">
     <span class='ocr_line' id='line_1_32' title="bbox 588 1996 2176 2073; baseline 0.006 -23"><span class='ocrx_word' id='word_1_239' title='bbox 588 1996 770 2053; x_wconf 87' lang='lat' dir='ltr'><strong>Piatus</strong></span> <span class='ocrx_word' id='word_1_240' title='bbox 816 2016 944 2055; x_wconf 87' lang='lat' dir='ltr'><strong>vero</strong></span> <span class='ocrx_word' id='word_1_241' title='bbox 968 2003 1241 2071; x_wconf 70' lang='lat' dir='ltr'><strong>&quot;populum</strong></span> <span class='ocrx_word' id='word_1_242' title='bbox 1281 2004 1698 2060; x_wconf 90' lang='lat' dir='ltr'><strong>Tornacensem.</strong></span> <span class='ocrx_word' id='word_1_243' title='bbox 1751 2006 2005 2073; x_wconf 83' lang='lat' dir='ltr'><strong>Quicum</strong></span> <span class='ocrx_word' id='word_1_244' title='bbox 2031 2013 2176 2061; x_wconf 91' lang='lat' dir='ltr'><strong>esset</strong></span> 
     </span>
    </p>
   </div>
   <div class='ocr_carea' id='block_1_33' title="bbox 590 2090 2175 2169">
    <p class='ocr_par' dir='ltr' id='par_1_33' title="bbox 590 2090 2175 2169">
     <span class='ocr_line' id='line_1_33' title="bbox 590 2090 2175 2169; baseline 0.004 -24"><span class='ocrx_word' id='word_1_245' title='bbox 590 2090 783 2145; x_wconf 87' lang='lat' dir='ltr'><strong>nobilis</strong></span> <span class='ocrx_word' id='word_1_246' title='bbox 811 2104 1009 2158; x_wconf 84' lang='lat' dir='ltr'><strong>genere</strong></span> <span class='ocrx_word' id='word_1_247' title='bbox 1029 2134 1043 2160; x_wconf 90' lang='lat'><strong>,</strong></span> <span class='ocrx_word' id='word_1_248' title='bbox 1072 2093 1166 2169; x_wconf 84' lang='lat' dir='ltr'><strong>sed</strong></span> <span class='ocrx_word' id='word_1_249' title='bbox 1195 2094 1443 2169; x_wconf 11' lang='lat' dir='ltr'><strong>nobilior,</strong></span> <span class='ocrx_word' id='word_1_250' title='bbox 1461 2095 1594 2161; x_wconf 80' lang='lat' dir='ltr'><strong>ﬁde,</strong></span> <span class='ocrx_word' id='word_1_251' title='bbox 1629 2097 2039 2154; x_wconf 82' lang='lat' dir='ltr'><strong>Beneventanus</strong></span> <span class='ocrx_word' id='word_1_252' title='bbox 2066 2097 2175 2152; x_wconf 88' lang='lat' dir='ltr'><strong>ori-</strong></span> 
     </span>
    </p>
   </div>
   <div class='ocr_carea' id='block_1_34' title="bbox 587 2167 2168 2260">
    <p class='ocr_par' dir='ltr' id='par_1_34' title="bbox 587 2167 2168 2260">
     <span class='ocr_line' id='line_1_34' title="bbox 587 2167 2168 2260; baseline 0.007 -29"><span class='ocrx_word' id='word_1_253' title='bbox 587 2178 731 2245; x_wconf 85' lang='lat' dir='ltr'><strong>gine,</strong></span> <span class='ocrx_word' id='word_1_254' title='bbox 765 2180 1085 2249; x_wconf 80' lang='lat' dir='ltr'><strong>praedicator</strong></span> <span class='ocrx_word' id='word_1_255' title='bbox 1107 2167 1313 2251; x_wconf 31' lang='lat' dir='ltr'><strong>‘officio,</strong></span> <span class='ocrx_word' id='word_1_256' title='bbox 1342 2168 1511 2239; x_wconf 87' lang='lat' dir='ltr'><strong>dulcis</strong></span> <span class='ocrx_word' id='word_1_257' title='bbox 1534 2187 1772 2254; x_wconf 86' lang='lat' dir='ltr'><strong>eloquio,</strong></span> <span class='ocrx_word' id='word_1_258' title='bbox 1806 2195 2009 2260; x_wconf 88' lang='lat' dir='ltr'><strong>martyr</strong></span> <span class='ocrx_word' id='word_1_259' title='bbox 2033 2187 2168 2243; x_wconf 85' lang='lat' dir='ltr'><strong>desi-</strong></span> 
     </span>
    </p>
   </div>
   <div class='ocr_carea' id='block_1_35' title="bbox 586 2268 2177 2349">
    <p class='ocr_par' dir='ltr' id='par_1_35' title="bbox 586 2268 2177 2349">
     <span class='ocr_line' id='line_1_35' title="bbox 586 2268 2177 2349; baseline 0.007 -26"><span class='ocrx_word' id='word_1_260' title='bbox 586 2268 757 2338; x_wconf 78' lang='lat' dir='ltr'><strong>derio,</strong></span> <span class='ocrx_word' id='word_1_261' title='bbox 771 2272 865 2326; x_wconf 86' lang='lat' dir='ltr'><strong>sed</strong></span> <span class='ocrx_word' id='word_1_262' title='bbox 879 2274 1154 2341; x_wconf 88' lang='lat' dir='ltr'><strong>apostolus</strong></span> <span class='ocrx_word' id='word_1_263' title='bbox 1179 2276 1318 2349; x_wconf 77' lang='lat' dir='ltr'><strong>zelo,</strong></span> <span class='ocrx_word' id='word_1_264' title='bbox 1339 2286 1525 2343; x_wconf 82' lang='lat' dir='ltr'><strong>gentes</strong></span> <span class='ocrx_word' id='word_1_265' title='bbox 1547 2277 1852 2343; x_wconf 85' lang='lat' dir='ltr'><strong>indomitas,</strong></span> <span class='ocrx_word' id='word_1_266' title='bbox 1875 2288 1930 2333; x_wconf 91' lang='lat' dir='ltr'><strong>et</strong></span> <span class='ocrx_word' id='word_1_267' title='bbox 1951 2280 2177 2334; x_wconf 89' lang='lat' dir='ltr'><strong>incultas</strong></span> 
     </span>
    </p>
   </div>
   <div class='ocr_carea' id='block_1_36' title="bbox 585 2364 2173 2436">
    <p class='ocr_par' dir='ltr' id='par_1_36' title="bbox 585 2364 2173 2436">
     <span class='ocr_line' id='line_1_36' title="bbox 585 2364 2173 2436; baseline 0.006 -20"><span class='ocrx_word' id='word_1_268' title='bbox 585 2366 708 2433; x_wconf 83' lang='lat' dir='ltr'><strong>pOst</strong></span> <span class='ocrx_word' id='word_1_269' title='bbox 749 2364 971 2418; x_wconf 82' lang='lat' dir='ltr'><strong>multam</strong></span> <span class='ocrx_word' id='word_1_270' title='bbox 1020 2366 1417 2436; x_wconf 70' lang='lat' dir='ltr'><strong>praedicationis</strong></span> <span class='ocrx_word' id='word_1_271' title='bbox 1455 2369 1762 2423; x_wconf 89' lang='lat' dir='ltr'><strong>instantiam</strong></span> <span class='ocrx_word' id='word_1_272' title='bbox 1797 2371 2063 2424; x_wconf 80' lang='lat' dir='ltr'><strong>convertit</strong></span> <span class='ocrx_word' id='word_1_273' title='bbox 2106 2370 2173 2425; x_wconf 90' lang='lat' dir='ltr'><strong>ad</strong></span> 
     </span>
    </p>
   </div>
   <div class='ocr_carea' id='block_1_37' title="bbox 586 2453 2177 2527">
    <p class='ocr_par' dir='ltr' id='par_1_37' title="bbox 586 2453 2177 2527">
     <span class='ocr_line' id='line_1_37' title="bbox 586 2453 2177 2527; baseline 0.006 -22"><span class='ocrx_word' id='word_1_274' title='bbox 586 2453 707 2507; x_wconf 89' lang='lat' dir='ltr'><strong>fidei</strong></span> <span class='ocrx_word' id='word_1_275' title='bbox 748 2453 1104 2526; x_wconf 88' lang='lat' dir='ltr'><strong>disciplinam.</strong></span> <span class='ocrx_word' id='word_1_276' title='bbox 1150 2457 1514 2527; x_wconf 79' lang='lat' dir='ltr'><strong>Regnantibus</strong></span> <span class='ocrx_word' id='word_1_277' title='bbox 1551 2468 1730 2516; x_wconf 91' lang='lat' dir='ltr'><strong>autem</strong></span> <span class='ocrx_word' id='word_1_278' title='bbox 1762 2461 2091 2517; x_wconf 83' lang='lat' dir='ltr'><strong>Diocletiano</strong></span> <span class='ocrx_word' id='word_1_279' title='bbox 2119 2469 2177 2515; x_wconf 88' lang='lat' dir='ltr'><strong>et</strong></span> 
     </span>
    </p>
   </div>
   <div class='ocr_carea' id='block_1_38' title="bbox 584 2540 2170 2617">
    <p class='ocr_par' dir='ltr' id='par_1_38' title="bbox 584 2540 2170 2617">
     <span class='ocr_line' id='line_1_38' title="bbox 584 2540 2170 2617; baseline 0.007 -23"><span class='ocrx_word' id='word_1_280' title='bbox 584 2540 931 2612; x_wconf 78' lang='lat' dir='ltr'><strong>Max&#39;miano,</strong></span> <span class='ocrx_word' id='word_1_281' title='bbox 961 2555 1083 2615; x_wconf 93' lang='lat' dir='ltr'><strong>post</strong></span> <span class='ocrx_word' id='word_1_282' title='bbox 1108 2548 1271 2602; x_wconf 89' lang='lat' dir='ltr'><strong>multa</strong></span> <span class='ocrx_word' id='word_1_283' title='bbox 1298 2563 1492 2617; x_wconf 83' lang='lat' dir='ltr'><strong>genera</strong></span> <span class='ocrx_word' id='word_1_284' title='bbox 1521 2559 1927 2616; x_wconf 77' lang='lat' dir='ltr'><strong>tormentorum,</strong></span> <span class='ocrx_word' id='word_1_285' title='bbox 1955 2552 2170 2605; x_wconf 85' lang='lat' dir='ltr'><strong>tandem</strong></span> 
     </span>
    </p>
   </div>
   <div class='ocr_carea' id='block_1_39' title="bbox 584 2634 2171 2707">
    <p class='ocr_par' dir='ltr' id='par_1_39' title="bbox 584 2634 2171 2707">
     <span class='ocr_line' id='line_1_39' title="bbox 584 2634 2171 2707; baseline 0.006 -20"><span class='ocrx_word' id='word_1_286' title='bbox 584 2634 902 2702; x_wconf 74' lang='lat' dir='ltr'><strong>przccisione</strong></span> <span class='ocrx_word' id='word_1_287' title='bbox 952 2637 1143 2707; x_wconf 89' lang='lat' dir='ltr'><strong>capitis</strong></span> <span class='ocrx_word' id='word_1_288' title='bbox 1188 2638 1239 2693; x_wconf 93' lang='lat' dir='ltr'><strong>iu</strong></span> <span class='ocrx_word' id='word_1_289' title='bbox 1285 2639 1472 2695; x_wconf 86' lang='lat' dir='ltr'><strong>eodem</strong></span> <span class='ocrx_word' id='word_1_290' title='bbox 1523 2642 1796 2697; x_wconf 86' lang='lat' dir='ltr'><strong>territorio</strong></span> <span class='ocrx_word' id='word_1_291' title='bbox 1841 2642 2171 2698; x_wconf 78' lang='lat' dir='ltr'><strong>Tornaecnsi</strong></span> 
     </span>
    </p>
   </div>
   <div class='ocr_carea' id='block_1_40' title="bbox 583 2725 2173 2788">
    <p class='ocr_par' dir='ltr' id='par_1_40' title="bbox 583 2725 2173 2788">
     <span class='ocr_line' id='line_1_40' title="bbox 583 2725 2173 2788; baseline 0.006 -13"><span class='ocrx_word' id='word_1_292' title='bbox 583 2725 782 2778; x_wconf 84' lang='lat' dir='ltr'><strong>meruit</strong></span> <span class='ocrx_word' id='word_1_293' title='bbox 810 2725 1054 2782; x_wconf 88' lang='lat' dir='ltr'><strong>obtinere</strong></span> <span class='ocrx_word' id='word_1_294' title='bbox 1090 2727 1449 2785; x_wconf 90' lang='lat' dir='ltr'><strong>desideratum</strong></span> <span class='ocrx_word' id='word_1_295' title='bbox 1484 2730 1686 2787; x_wconf 90' lang='lat' dir='ltr'><strong>diutius</strong></span> <span class='ocrx_word' id='word_1_296' title='bbox 1724 2733 1964 2787; x_wconf 87' lang='lat' dir='ltr'><strong>hravium</strong></span> <span class='ocrx_word' id='word_1_297' title='bbox 1995 2740 2049 2788; x_wconf 90' lang='lat' dir='ltr'><strong>et</strong></span> <span class='ocrx_word' id='word_1_298' title='bbox 2078 2750 2173 2788; x_wconf 89' lang='lat' dir='ltr'><strong>co-</strong></span> 
     </span>
    </p>
   </div>
   <div class='ocr_carea' id='block_1_41' title="bbox 584 2817 2171 2896">
    <p class='ocr_par' dir='ltr' id='par_1_41' title="bbox 584 2817 2171 2896">
     <span class='ocr_line' id='line_1_41' title="bbox 584 2817 2171 2896; baseline 0.008 -29"><span class='ocrx_word' id='word_1_299' title='bbox 584 2827 772 2868; x_wconf 80' lang='lat' dir='ltr'><strong>ronam</strong></span> <span class='ocrx_word' id='word_1_300' title='bbox 792 2855 807 2880; x_wconf 93' lang='lat'><strong>,</strong></span> <span class='ocrx_word' id='word_1_301' title='bbox 847 2817 1156 2887; x_wconf 87' lang='lat' dir='ltr'><strong>relinquens</strong></span> <span class='ocrx_word' id='word_1_302' title='bbox 1193 2830 1309 2889; x_wconf 86' lang='lat' dir='ltr'><strong>post</strong></span> <span class='ocrx_word' id='word_1_303' title='bbox 1340 2822 1456 2889; x_wconf 77' lang='lat' dir='ltr'><strong>ejus</strong></span> <span class='ocrx_word' id='word_1_304' title='bbox 1482 2825 1793 2896; x_wconf 88' lang='lat' dir='ltr'><strong>martyrium</strong></span> <span class='ocrx_word' id='word_1_305' title='bbox 1825 2824 1961 2879; x_wconf 89' lang='lat' dir='ltr'><strong>filios</strong></span> <span class='ocrx_word' id='word_1_306' title='bbox 1989 2835 2045 2879; x_wconf 86' lang='lat' dir='ltr'><strong>et</strong></span> <span class='ocrx_word' id='word_1_307' title='bbox 2073 2822 2171 2880; x_wconf 76' lang='lat' dir='ltr'><strong>ne—</strong></span> 
     </span>
    </p>
   </div>
   <div class='ocr_carea' id='block_1_42' title="bbox 584 2908 2170 2983">
    <p class='ocr_par' dir='ltr' id='par_1_42' title="bbox 584 2908 2170 2983">
     <span class='ocr_line' id='line_1_42' title="bbox 584 2908 2170 2983; baseline 0.009 -26"><span class='ocrx_word' id='word_1_308' title='bbox 584 2912 770 2973; x_wconf 89' lang='lat' dir='ltr'><strong>potes,</strong></span> <span class='ocrx_word' id='word_1_309' title='bbox 799 2923 934 2975; x_wconf 87' lang='lat' dir='ltr'><strong>quos</strong></span> <span class='ocrx_word' id='word_1_310' title='bbox 972 2924 1068 2979; x_wconf 88' lang='lat' dir='ltr'><strong>per</strong></span> <span class='ocrx_word' id='word_1_311' title='bbox 1105 2908 1447 2981; x_wconf 85' lang='lat' dir='ltr'><strong>Evangelium</strong></span> <span class='ocrx_word' id='word_1_312' title='bbox 1488 2913 1539 2968; x_wconf 90' lang='lat' dir='ltr'><strong>in</strong></span> <span class='ocrx_word' id='word_1_313' title='bbox 1582 2914 1798 2970; x_wconf 85' lang='lat' dir='ltr'><strong>Christo</strong></span> <span class='ocrx_word' id='word_1_314' title='bbox 1823 2917 2033 2983; x_wconf 90' lang='lat' dir='ltr'><strong>genitos</strong></span> <span class='ocrx_word' id='word_1_315' title='bbox 2061 2932 2170 2972; x_wconf 75' lang='lat' dir='ltr'><strong>sum</strong></span> 
     </span>
    </p>
   </div>
   <div class='ocr_carea' id='block_1_43' title="bbox 583 2994 2168 3072">
    <p class='ocr_par' dir='ltr' id='par_1_43' title="bbox 583 2994 2168 3072">
     <span class='ocr_line' id='line_1_43' title="bbox 583 2994 2168 3072; baseline 0.009 -25"><span class='ocrx_word' id='word_1_316' title='bbox 583 2994 814 3050; x_wconf 82' lang='lat' dir='ltr'><strong>reddidit</strong></span> <span class='ocrx_word' id='word_1_317' title='bbox 841 2998 1023 3067; x_wconf 81' lang='lat' dir='ltr'><strong>gloriae</strong></span> <span class='ocrx_word' id='word_1_318' title='bbox 1061 3001 1376 3072; x_wconf 46' lang='lat' dir='ltr'><strong>particlpen</strong></span> <span class='ocrx_word' id='word_1_319' title='bbox 1416 3011 1470 3058; x_wconf 84' lang='lat' dir='ltr'><strong>et</strong></span> <span class='ocrx_word' id='word_1_320' title='bbox 1499 3002 1621 3060; x_wconf 90' lang='lat' dir='ltr'><strong>fidei</strong></span> <span class='ocrx_word' id='word_1_321' title='bbox 1649 3006 1927 3061; x_wconf 77' lang='lat' dir='ltr'><strong>catholica:</strong></span> <span class='ocrx_word' id='word_1_322' title='bbox 1955 3008 2168 3063; x_wconf 86' lang='lat' dir='ltr'><strong>confes-</strong></span> 
     </span>
    </p>
   </div>
   <div class='ocr_carea' id='block_1_44' title="bbox 583 3100 854 3143">
    <p class='ocr_par' dir='ltr' id='par_1_44' title="bbox 583 3100 854 3143">
     <span class='ocr_line' id='line_1_44' title="bbox 583 3100 854 3143; baseline 0.011 -2"><span class='ocrx_word' id='word_1_323' title='bbox 583 3100 734 3143; x_wconf 70' lang='lat' dir='ltr'><strong>SOPCS</strong></span> <span class='ocrx_word' id='word_1_324' title='bbox 741 3128 754 3142; x_wconf 75' lang='grc' dir='ltr'><strong>ο</strong></span> <span class='ocrx_word' id='word_1_325' title='bbox 850 3119 854 3123; x_wconf 93' lang='grc'>·</span> 
     </span>
    </p>
   </div>
   <div class='ocr_carea' id='block_1_45' title="bbox 1110 3226 1529 3286">
    <p class='ocr_par' dir='ltr' id='par_1_45' title="bbox 1110 3226 1529 3286">
     <span class='ocr_line' id='line_1_45' title="bbox 1110 3226 1529 3286; baseline 0.014 -7"><span class='ocrx_word' id='word_1_326' title='bbox 1110 3233 1130 3249; x_wconf 83' lang='grc'><strong><em>⁸</em></strong></span> <span class='ocrx_word' id='word_1_327' title='bbox 1204 3226 1431 3284; x_wconf 81' lang='lat' dir='ltr'><strong>CAPUT</strong></span> <span class='ocrx_word' id='word_1_328' title='bbox 1468 3229 1529 3286; x_wconf 88' lang='lat' dir='ltr'><strong>ll.</strong></span> 
     </span>
    </p>
   </div>
   <div class='ocr_carea' id='block_1_46' title="bbox 586 3298 2165 3417">
    <p class='ocr_par' dir='ltr' id='par_1_46' title="bbox 586 3331 2165 3417">
     <span class='ocr_line' id='line_1_46' title="bbox 586 3331 2165 3417; baseline 0.009 -31"><span class='ocrx_word' id='word_1_329' title='bbox 586 3331 647 3388; x_wconf 90' lang='lat' dir='ltr'><strong>S.</strong></span> <span class='ocrx_word' id='word_1_330' title='bbox 681 3332 967 3391; x_wconf 77' lang='lat' dir='ltr'><strong>Eleutherii</strong></span> <span class='ocrx_word' id='word_1_331' title='bbox 1006 3347 1179 3404; x_wconf 78' lang='lat' dir='ltr'><strong>ortus,</strong></span> <span class='ocrx_word' id='word_1_332' title='bbox 1219 3341 1480 3403; x_wconf 79' lang='lat' dir='ltr'><strong>educatio,</strong></span> <span class='ocrx_word' id='word_1_333' title='bbox 1525 3341 1784 3407; x_wconf 72' lang='lat' dir='ltr'><strong>exsilium,</strong></span> <span class='ocrx_word' id='word_1_334' title='bbox 1824 3347 2165 3417; x_wconf 76' lang='lat' dir='ltr'><strong>episcopatus.</strong></span> 
     </span>
    </p>
   </div>
   <div class='ocr_carea' id='block_1_47' title="bbox 607 3436 2168 3530">
    <p class='ocr_par' dir='ltr' id='par_1_47' title="bbox 607 3436 2168 3530">
     <span class='ocr_line' id='line_1_47' title="bbox 607 3436 2168 3530; baseline 0.01 -28"><span class='ocrx_word' id='word_1_335' title='bbox 607 3494 613 3503; x_wconf 76' lang='lat'><strong>.</strong></span> <span class='ocrx_word' id='word_1_336' title='bbox 656 3447 671 3479; x_wconf 88' lang='grc'>¹</span> <span class='ocrx_word' id='word_1_337' title='bbox 712 3446 766 3503; x_wconf 85' lang='grc'><strong>5.</strong></span> <span class='ocrx_word' id='word_1_338' title='bbox 806 3442 972 3518; x_wconf 85' lang='lat' dir='ltr'><strong>Igitur</strong></span> <span class='ocrx_word' id='word_1_339' title='bbox 998 3461 1119 3520; x_wconf 90' lang='lat' dir='ltr'><strong>post</strong></span> <span class='ocrx_word' id='word_1_340' title='bbox 1163 3452 1317 3521; x_wconf 88' lang='lat' dir='ltr'><strong>hujus</strong></span> <span class='ocrx_word' id='word_1_341' title='bbox 1356 3436 1675 3511; x_wconf 75' lang='lat' dir='ltr'><strong>venerabilis</strong></span> <span class='ocrx_word' id='word_1_342' title='bbox 1700 3456 1843 3513; x_wconf 87' lang='lat' dir='ltr'><strong>beati</strong></span> <span class='ocrx_word' id='word_1_343' title='bbox 1874 3461 2043 3530; x_wconf 84' lang='lat' dir='ltr'><strong>patris</strong></span> <span class='ocrx_word' id='word_1_344' title='bbox 2071 3476 2168 3517; x_wconf 83' lang='lat' dir='ltr'><strong>ex-</strong></span> 
     </span>
    </p>
   </div>
   <div class='ocr_carea' id='block_1_48' title="bbox 583 3544 2166 3621">
    <p class='ocr_par' dir='ltr' id='par_1_48' title="bbox 583 3544 2166 3621">
     <span class='ocr_line' id='line_1_48' title="bbox 583 3544 2166 3621; baseline 0.009 -26"><span class='ocrx_word' id='word_1_345' title='bbox 583 3555 794 3621; x_wconf 89' lang='lat' dir='ltr'><strong>cessum</strong></span> <span class='ocrx_word' id='word_1_346' title='bbox 821 3584 836 3610; x_wconf 90' lang='lat'><strong>,</strong></span> <span class='ocrx_word' id='word_1_347' title='bbox 874 3544 1205 3613; x_wconf 88' lang='lat' dir='ltr'><strong>procedente</strong></span> <span class='ocrx_word' id='word_1_348' title='bbox 1246 3554 1515 3616; x_wconf 85' lang='lat' dir='ltr'><strong>tempore,</strong></span> <span class='ocrx_word' id='word_1_349' title='bbox 1546 3549 1640 3604; x_wconf 91' lang='lat' dir='ltr'><strong>sed</strong></span> <span class='ocrx_word' id='word_1_350' title='bbox 1668 3551 1798 3606; x_wconf 90' lang='lat' dir='ltr'><strong>vitio</strong></span> <span class='ocrx_word' id='word_1_351' title='bbox 1825 3553 2166 3621; x_wconf 86' lang='lat' dir='ltr'><strong>succedente,</strong></span> 
     </span>
    </p>
   </div>
   <div class='ocr_carea' id='block_1_49' title="bbox 581 3620 2165 3708">
    <p class='ocr_par' dir='ltr' id='par_1_49' title="bbox 581 3620 2165 3708">
     <span class='ocr_line' id='line_1_49' title="bbox 581 3620 2165 3708; baseline 0.009 -23"><span class='ocrx_word' id='word_1_352' title='bbox 581 3620 742 3700; x_wconf 84' lang='lat' dir='ltr'><strong>gente</strong></span> <span class='ocrx_word' id='word_1_353' title='bbox 802 3633 1195 3703; x_wconf 89' lang='lat' dir='ltr'><strong>multiplicata,</strong></span> <span class='ocrx_word' id='word_1_354' title='bbox 1256 3634 1351 3689; x_wconf 88' lang='lat' dir='ltr'><strong>sed</strong></span> <span class='ocrx_word' id='word_1_355' title='bbox 1408 3653 1512 3691; x_wconf 91' lang='lat' dir='ltr'><strong>non</strong></span> <span class='ocrx_word' id='word_1_356' title='bbox 1560 3641 1911 3708; x_wconf 71' lang='lat' dir='ltr'><strong>magnificata&#39;</strong></span> <span class='ocrx_word' id='word_1_357' title='bbox 1964 3644 2165 3708; x_wconf 64' lang='lat' dir='ltr'><strong>laetitia,</strong></span> 
     </span>
    </p>
   </div>
   <div class='ocr_carea' id='block_1_50' title="bbox 581 3724 2170 3793">
    <p class='ocr_par' dir='ltr' id='par_1_50' title="bbox 581 3724 2170 3793">
     <span class='ocr_line' id='line_1_50' title="bbox 581 3724 2170 3793; baseline 0.011 -19"><span class='ocrx_word' id='word_1_358' title='bbox 581 3735 773 3789; x_wconf 83' lang='lat' dir='ltr'><strong>magna</strong></span> <span class='ocrx_word' id='word_1_359' title='bbox 810 3736 934 3790; x_wconf 86' lang='lat' dir='ltr'><strong>pars</strong></span> <span class='ocrx_word' id='word_1_360' title='bbox 978 3725 1161 3793; x_wconf 89' lang='lat' dir='ltr'><strong>populi</strong></span> <span class='ocrx_word' id='word_1_361' title='bbox 1211 3724 1569 3783; x_wconf 77' lang='lat' dir='ltr'><strong>Tornaceusis</strong></span> <span class='ocrx_word' id='word_1_362' title='bbox 1612 3732 1901 3787; x_wconf 85' lang='lat' dir='ltr'><strong>revertitur</strong></span> <span class='ocrx_word' id='word_1_363' title='bbox 1935 3742 1996 3788; x_wconf 90' lang='lat' dir='ltr'><strong>ut</strong></span> <span class='ocrx_word' id='word_1_364' title='bbox 2021 3737 2170 3791; x_wconf 88' lang='lat' dir='ltr'><strong>canis</strong></span> 
     </span>
    </p>
   </div>
   <div class='ocr_carea' id='block_1_51' title="bbox 580 3808 2169 3889">
    <p class='ocr_par' dir='ltr' id='par_1_51' title="bbox 580 3808 2169 3889">
     <span class='ocr_line' id='line_1_51' title="bbox 580 3808 2169 3889; baseline 0.013 -29"><span class='ocrx_word' id='word_1_365' title='bbox 580 3808 647 3863; x_wconf 84' lang='lat' dir='ltr'><strong>ad</strong></span> <span class='ocrx_word' id='word_1_366' title='bbox 677 3808 967 3887; x_wconf 70' lang='lat' dir='ltr'><strong>vomitum,</strong></span> <span class='ocrx_word' id='word_1_367' title='bbox 999 3817 1056 3865; x_wconf 89' lang='lat' dir='ltr'><strong>et</strong></span> <span class='ocrx_word' id='word_1_368' title='bbox 1081 3813 1324 3868; x_wconf 87' lang='lat' dir='ltr'><strong>veritatis</strong></span> <span class='ocrx_word' id='word_1_369' title='bbox 1368 3814 1654 3874; x_wconf 83' lang='lat' dir='ltr'><strong>deficiente</strong></span> <span class='ocrx_word' id='word_1_370' title='bbox 1680 3819 1955 3889; x_wconf 89' lang='lat' dir='ltr'><strong>doctrina,</strong></span> <span class='ocrx_word' id='word_1_371' title='bbox 1986 3839 2169 3880; x_wconf 83' lang='lat' dir='ltr'><strong>recru-</strong></span> 
     </span>
    </p>
   </div>
   <div class='ocr_carea' id='block_1_52' title="bbox 477 3888 2167 3979">
    <p class='ocr_par' dir='ltr' id='par_1_52' title="bbox 477 3888 2167 3979">
     <span class='ocr_line' id='line_1_52' title="bbox 477 3888 2167 3979; baseline 0.012 -28"><span class='ocrx_word' id='word_1_372' title='bbox 477 3888 503 3940; x_wconf 69' lang='grc'><strong>.’</strong></span> <span class='ocrx_word' id='word_1_373' title='bbox 580 3898 750 3973; x_wconf 81' lang='lat' dir='ltr'><strong>descit</strong></span> <span class='ocrx_word' id='word_1_374' title='bbox 777 3897 1061 3956; x_wconf 82' lang='lat' dir='ltr'><strong>infidelitas</strong></span> <span class='ocrx_word' id='word_1_375' title='bbox 1090 3910 1146 3958; x_wconf 89' lang='lat' dir='ltr'><strong>et</strong></span> <span class='ocrx_word' id='word_1_376' title='bbox 1167 3910 1468 3973; x_wconf 89' lang='lat' dir='ltr'><strong>peccatum.</strong></span> <span class='ocrx_word' id='word_1_377' title='bbox 1494 3906 1561 3962; x_wconf 86' lang='lat' dir='ltr'><strong>Et</strong></span> <span class='ocrx_word' id='word_1_378' title='bbox 1584 3912 1839 3979; x_wconf 91' lang='lat' dir='ltr'><strong>quoniam</strong></span> <span class='ocrx_word' id='word_1_379' title='bbox 1868 3930 1988 3968; x_wconf 92' lang='lat' dir='ltr'><strong>cum</strong></span> <span class='ocrx_word' id='word_1_380' title='bbox 2014 3916 2167 3971; x_wconf 89' lang='lat' dir='ltr'><strong>senio</strong></span> 
     </span>
    </p>
   </div>
   <div class='ocr_carea' id='block_1_53' title="bbox 579 3988 2168 4073">
    <p class='ocr_par' dir='ltr' id='par_1_53' title="bbox 579 3988 2168 4073">
     <span class='ocr_line' id='line_1_53' title="bbox 579 3988 2168 4073; baseline 0.011 -31"><span class='ocrx_word' id='word_1_381' title='bbox 579 3988 773 4044; x_wconf 91' lang='lat' dir='ltr'><strong>delicta</strong></span> <span class='ocrx_word' id='word_1_382' title='bbox 795 3989 1101 4046; x_wconf 88' lang='lat' dir='ltr'><strong>nullatenus</strong></span> <span class='ocrx_word' id='word_1_383' title='bbox 1127 3993 1447 4061; x_wconf 86' lang='lat' dir='ltr'><strong>moriuntur,</strong></span> <span class='ocrx_word' id='word_1_384' title='bbox 1475 4014 1574 4053; x_wconf 89' lang='lat' dir='ltr'><strong>nec</strong></span> <span class='ocrx_word' id='word_1_385' title='bbox 1602 4000 1803 4055; x_wconf 89' lang='lat' dir='ltr'><strong>scelera</strong></span> <span class='ocrx_word' id='word_1_386' title='bbox 1835 4005 2168 4073; x_wconf 87' lang='lat' dir='ltr'><strong>temporibus</strong></span> 
     </span>
    </p>
   </div>
   <div class='ocr_carea' id='block_1_54' title="bbox 579 4079 2167 4159">
    <p class='ocr_par' dir='ltr' id='par_1_54' title="bbox 579 4079 2167 4159">
     <span class='ocr_line' id='line_1_54' title="bbox 579 4079 2167 4159; baseline 0.011 -27"><span class='ocrx_word' id='word_1_387' title='bbox 579 4079 900 4147; x_wconf 82' lang='lat' dir='ltr'><strong>obruuntur,</strong></span> <span class='ocrx_word' id='word_1_388' title='bbox 930 4095 1030 4136; x_wconf 88' lang='lat' dir='ltr'><strong>nec</strong></span> <span class='ocrx_word' id='word_1_389' title='bbox 1057 4083 1330 4140; x_wconf 89' lang='lat' dir='ltr'><strong>oblivione</strong></span> <span class='ocrx_word' id='word_1_390' title='bbox 1363 4085 1571 4143; x_wconf 91' lang='lat' dir='ltr'><strong>facinus</strong></span> <span class='ocrx_word' id='word_1_391' title='bbox 1597 4091 1887 4159; x_wconf 87' lang='lat' dir='ltr'><strong>sepelitur;</strong></span> <span class='ocrx_word' id='word_1_392' title='bbox 1931 4103 2167 4150; x_wconf 91' lang='lat' dir='ltr'><strong>mutatus</strong></span> 
     </span>
    </p>
   </div>
   <div class='ocr_carea' id='block_1_55' title="bbox 578 4170 2164 4251">
    <p class='ocr_par' dir='ltr' id='par_1_55' title="bbox 578 4170 2164 4251">
     <span class='ocr_line' id='line_1_55' title="bbox 578 4170 2164 4251; baseline 0.011 -29"><span class='ocrx_word' id='word_1_393' title='bbox 578 4175 662 4223; x_wconf 89' lang='lat' dir='ltr'><strong>est</strong></span> <span class='ocrx_word' id='word_1_394' title='bbox 706 4175 879 4231; x_wconf 87' lang='lat' dir='ltr'><strong>status</strong></span> <span class='ocrx_word' id='word_1_395' title='bbox 920 4170 1194 4241; x_wconf 88' lang='lat' dir='ltr'><strong>optimus,</strong></span> <span class='ocrx_word' id='word_1_396' title='bbox 1228 4176 1387 4245; x_wconf 89' lang='lat' dir='ltr'><strong>periit</strong></span> <span class='ocrx_word' id='word_1_397' title='bbox 1436 4177 1487 4231; x_wconf 91' lang='lat' dir='ltr'><strong>in</strong></span> <span class='ocrx_word' id='word_1_398' title='bbox 1539 4178 1784 4236; x_wconf 83' lang='lat' dir='ltr'><strong>Tornaco</strong></span> <span class='ocrx_word' id='word_1_399' title='bbox 1813 4181 2164 4251; x_wconf 88' lang='lat' dir='ltr'><strong>plurimorum</strong></span> 
     </span>
    </p>
   </div>
   <div class='ocr_carea' id='block_1_56' title="bbox 579 4259 2164 4348">
    <p class='ocr_par' dir='ltr' id='par_1_56' title="bbox 579 4259 2164 4348">
     <span class='ocr_line' id='line_1_56' title="bbox 579 4259 2164 4348; baseline 0.014 -37"><span class='ocrx_word' id='word_1_400' title='bbox 579 4259 740 4328; x_wconf 81' lang='lat' dir='ltr'><strong>ﬁdes,</strong></span> <span class='ocrx_word' id='word_1_401' title='bbox 778 4269 832 4315; x_wconf 90' lang='lat' dir='ltr'><strong>et</strong></span> <span class='ocrx_word' id='word_1_402' title='bbox 861 4263 999 4317; x_wconf 89' lang='lat' dir='ltr'><strong>sicut</strong></span> <span class='ocrx_word' id='word_1_403' title='bbox 1025 4265 1282 4335; x_wconf 89' lang='lat' dir='ltr'><strong>scriptum</strong></span> <span class='ocrx_word' id='word_1_404' title='bbox 1311 4277 1396 4322; x_wconf 86' lang='lat' dir='ltr'><strong>est</strong></span> <span class='ocrx_word' id='word_1_405' title='bbox 1435 4267 1610 4340; x_wconf 75' lang='lat' dir='ltr'><strong>(Ome</strong></span> <span class='ocrx_word' id='word_1_406' title='bbox 1639 4288 1690 4336; x_wconf 91' lang='lat' dir='ltr'><strong>v,</strong></span> <span class='ocrx_word' id='word_1_407' title='bbox 1720 4273 1842 4344; x_wconf 74' lang='lat' dir='ltr'><strong>if),</strong></span> <span class='ocrx_word' id='word_1_408' title='bbox 1871 4277 2035 4345; x_wconf 74' lang='lat' dir='ltr'><strong>cmpit</strong></span> <span class='ocrx_word' id='word_1_409' title='bbox 2062 4293 2164 4348; x_wconf 84' lang='lat' dir='ltr'><strong>po-</strong></span> 
     </span>
    </p>
   </div>
   <div class='ocr_carea' id='block_1_57' title="bbox 576 4354 2165 4427">
    <p class='ocr_par' dir='ltr' id='par_1_57' title="bbox 576 4354 2165 4427">
     <span class='ocr_line' id='line_1_57' title="bbox 576 4354 2165 4427; baseline 0.011 -18"><span class='ocrx_word' id='word_1_410' title='bbox 576 4354 733 4424; x_wconf 89' lang='lat' dir='ltr'><strong>pulus</strong></span> <span class='ocrx_word' id='word_1_411' title='bbox 772 4355 920 4411; x_wconf 87' lang='lat' dir='ltr'><strong>abire</strong></span> <span class='ocrx_word' id='word_1_412' title='bbox 957 4367 1080 4427; x_wconf 91' lang='lat' dir='ltr'><strong>post</strong></span> <span class='ocrx_word' id='word_1_413' title='bbox 1115 4359 1321 4415; x_wconf 77' lang='lat' dir='ltr'><strong>sordes.</strong></span> <span class='ocrx_word' id='word_1_414' title='bbox 1368 4361 1500 4416; x_wconf 85' lang='lat' dir='ltr'><strong>Nam</strong></span> <span class='ocrx_word' id='word_1_415' title='bbox 1531 4365 1707 4420; x_wconf 89' lang='lat' dir='ltr'><strong>omnis</strong></span> <span class='ocrx_word' id='word_1_416' title='bbox 1733 4367 1895 4421; x_wconf 85' lang='lat' dir='ltr'><strong>arbor</strong></span> <span class='ocrx_word' id='word_1_417' title='bbox 1921 4370 2165 4427; x_wconf 88' lang='lat' dir='ltr'><strong>eradica-</strong></span> 
     </span>
    </p>
   </div>
   <div class='ocr_carea' id='block_1_58' title="bbox 575 4443 2160 4524">
    <p class='ocr_par' dir='ltr' id='par_1_58' title="bbox 575 4443 2160 4524">
     <span class='ocr_line' id='line_1_58' title="bbox 575 4443 2160 4524; baseline 0.012 -27"><span class='ocrx_word' id='word_1_418' title='bbox 575 4443 720 4497; x_wconf 89' lang='lat' dir='ltr'><strong>bitur</strong></span> <span class='ocrx_word' id='word_1_419' title='bbox 740 4483 755 4508; x_wconf 94' lang='lat'><strong>,</strong></span> <span class='ocrx_word' id='word_1_420' title='bbox 785 4460 904 4513; x_wconf 78' lang='lat' dir='ltr'><strong>quae</strong></span> <span class='ocrx_word' id='word_1_421' title='bbox 944 4461 974 4500; x_wconf 91' lang='lat' dir='ltr'><strong>a</strong></span> <span class='ocrx_word' id='word_1_422' title='bbox 1004 4444 1176 4504; x_wconf 89' lang='lat' dir='ltr'><strong>Patre</strong></span> <span class='ocrx_word' id='word_1_423' title='bbox 1203 4449 1411 4505; x_wconf 72' lang='lat' dir='ltr'><strong>cmlesti</strong></span> <span class='ocrx_word' id='word_1_424' title='bbox 1461 4452 1572 4520; x_wconf 87' lang='lat' dir='ltr'><strong>(qui</strong></span> <span class='ocrx_word' id='word_1_425' title='bbox 1599 4454 1747 4510; x_wconf 90' lang='lat' dir='ltr'><strong>solus</strong></span> <span class='ocrx_word' id='word_1_426' title='bbox 1773 4455 2160 4524; x_wconf 83' lang='lat' dir='ltr'><strong>incrementum</strong></span> 
     </span>
    </p>
   </div>
   <div class='ocr_carea' id='block_1_59' title="bbox 576 4534 2164 4621">
    <p class='ocr_par' dir='ltr' id='par_1_59' title="bbox 576 4534 2164 4621">
     <span class='ocr_line' id='line_1_59' title="bbox 576 4534 2164 4621; baseline 0.014 -35"><span class='ocrx_word' id='word_1_427' title='bbox 576 4534 961 4601; x_wconf 88' lang='lat' dir='ltr'><strong>vegetabilibus</strong></span> <span class='ocrx_word' id='word_1_428' title='bbox 990 4539 1226 4608; x_wconf 87' lang='lat' dir='ltr'><strong>mysticis</strong></span> <span class='ocrx_word' id='word_1_429' title='bbox 1254 4541 1481 4611; x_wconf 88' lang='lat' dir='ltr'><strong>tribuit)</strong></span> <span class='ocrx_word' id='word_1_430' title='bbox 1532 4559 1636 4599; x_wconf 88' lang='lat' dir='ltr'><strong>non</strong></span> <span class='ocrx_word' id='word_1_431' title='bbox 1682 4544 1956 4614; x_wconf 88' lang='lat' dir='ltr'><strong>plantatur</strong></span> <span class='ocrx_word' id='word_1_432' title='bbox 1987 4567 2000 4603; x_wconf 89' lang='lat'><strong>:</strong></span> <span class='ocrx_word' id='word_1_433' title='bbox 2033 4566 2164 4621; x_wconf 90' lang='lat' dir='ltr'><strong>ergo</strong></span> 
     </span>
    </p>
   </div>
   <div class='ocr_carea' id='block_1_60' title="bbox 2278 1995 3869 2073">
    <p class='ocr_par' dir='ltr' id='par_1_60' title="bbox 2278 1995 3869 2073">
     <span class='ocr_line' id='line_1_60' title="bbox 2278 1995 3869 2073; baseline 0.001 -22"><span class='ocrx_word' id='word_1_434' title='bbox 2278 2005 2457 2052; x_wconf 88' lang='lat' dir='ltr'><strong>autem</strong></span> <span class='ocrx_word' id='word_1_435' title='bbox 2500 1997 2610 2066; x_wconf 88' lang='lat' dir='ltr'><strong>jam</strong></span> <span class='ocrx_word' id='word_1_436' title='bbox 2658 1997 2710 2050; x_wconf 92' lang='lat' dir='ltr'><strong>in</strong></span> <span class='ocrx_word' id='word_1_437' title='bbox 2741 1997 2954 2052; x_wconf 88' lang='lat' dir='ltr'><strong>Christo</strong></span> <span class='ocrx_word' id='word_1_438' title='bbox 2999 2006 3247 2052; x_wconf 90' lang='lat' dir='ltr'><strong>renatum</strong></span> <span class='ocrx_word' id='word_1_439' title='bbox 3274 2003 3377 2073; x_wconf 12' lang='lat' dir='ltr'><strong>,‘et</strong></span> <span class='ocrx_word' id='word_1_440' title='bbox 3421 1995 3490 2051; x_wconf 90' lang='lat' dir='ltr'><strong>de</strong></span> <span class='ocrx_word' id='word_1_441' title='bbox 3527 2010 3679 2051; x_wconf 90' lang='lat' dir='ltr'><strong>sacro</strong></span> <span class='ocrx_word' id='word_1_442' title='bbox 3719 1995 3869 2052; x_wconf 90' lang='lat' dir='ltr'><strong>fonte</strong></span> 
     </span>
    </p>
   </div>
   <div class='ocr_carea' id='block_1_61' title="bbox 2276 2080 3868 2157">
    <p class='ocr_par' dir='ltr' id='par_1_61' title="bbox 2276 2080 3868 2157">
     <span class='ocr_line' id='line_1_61' title="bbox 2276 2080 3868 2157; baseline 0 -14"><span class='ocrx_word' id='word_1_443' title='bbox 2276 2095 2614 2157; x_wconf 88' lang='lat' dir='ltr'><strong>susceptum,</strong></span> <span class='ocrx_word' id='word_1_444' title='bbox 2647 2080 3274 2156; x_wconf 30' lang='lat' dir='ltr'><strong>Eleutherium&#39;vocant‘,</strong></span> <span class='ocrx_word' id='word_1_445' title='bbox 3304 2094 3358 2142; x_wconf 91' lang='lat' dir='ltr'><strong>et</strong></span> <span class='ocrx_word' id='word_1_446' title='bbox 3382 2087 3525 2157; x_wconf 91' lang='lat' dir='ltr'><strong>quod</strong></span> <span class='ocrx_word' id='word_1_447' title='bbox 3554 2095 3698 2143; x_wconf 88' lang='lat' dir='ltr'><strong>esset</strong></span> <span class='ocrx_word' id='word_1_448' title='bbox 3726 2088 3868 2143; x_wconf 87' lang='lat' dir='ltr'><strong>futu-</strong></span> 
     </span>
    </p>
   </div>
   <div class='ocr_carea' id='block_1_62' title="bbox 2276 2178 3869 2256">
    <p class='ocr_par' dir='ltr' id='par_1_62' title="bbox 2276 2178 3869 2256">
     <span class='ocr_line' id='line_1_62' title="bbox 2276 2178 3869 2256; baseline 0.001 -24"><span class='ocrx_word' id='word_1_449' title='bbox 2276 2195 2369 2234; x_wconf 91' lang='lat' dir='ltr'><strong>rus</strong></span> <span class='ocrx_word' id='word_1_450' title='bbox 2396 2185 2772 2245; x_wconf 85' lang='lat' dir='ltr'><strong>ornamentum</strong></span> <span class='ocrx_word' id='word_1_451' title='bbox 2809 2178 3011 2247; x_wconf 72' lang='lat' dir='ltr'><strong>szcculi,</strong></span> <span class='ocrx_word' id='word_1_452' title='bbox 3040 2178 3191 2248; x_wconf 91' lang='lat' dir='ltr'><strong>quasi</strong></span> <span class='ocrx_word' id='word_1_453' title='bbox 3222 2178 3454 2256; x_wconf 86' lang='lat' dir='ltr'><strong>nominis</strong></span> <span class='ocrx_word' id='word_1_454' title='bbox 3482 2178 3506 2215; x_wconf 78' lang='grc' dir='ltr'><strong>ι¹</strong></span> <span class='ocrx_word' id='word_1_455' title='bbox 3540 2179 3869 2249; x_wconf 87' lang='lat' dir='ltr'><strong>interpreta-</strong></span> 
     </span>
    </p>
   </div>
   <div class='ocr_carea' id='block_1_63' title="bbox 2276 2257 3868 2341">
    <p class='ocr_par' dir='ltr' id='par_1_63' title="bbox 2276 2257 3868 2341">
     <span class='ocr_line' id='line_1_63' title="bbox 2276 2257 3868 2341; baseline 0.003 -18"><span class='ocrx_word' id='word_1_456' title='bbox 2276 2271 2424 2323; x_wconf 89' lang='lat' dir='ltr'><strong>tionc</strong></span> <span class='ocrx_word' id='word_1_457' title='bbox 2452 2268 2774 2338; x_wconf 69' lang='lat' dir='ltr'><strong>prmsagiunt</strong></span> <span class='ocrx_word' id='word_1_458' title='bbox 2803 2276 2860 2324; x_wconf 91' lang='lat' dir='ltr'><strong>et</strong></span> <span class='ocrx_word' id='word_1_459' title='bbox 2886 2268 3192 2341; x_wconf 78' lang='lat' dir='ltr'><strong>designant.</strong></span> <span class='ocrx_word' id='word_1_460' title='bbox 3238 2269 3427 2326; x_wconf 79' lang='lat' dir='ltr'><strong>Nonne</strong></span> <span class='ocrx_word' id='word_1_461' title='bbox 3458 2269 3569 2340; x_wconf 88' lang='lat' dir='ltr'><strong>jam</strong></span> <span class='ocrx_word' id='word_1_462' title='bbox 3607 2257 3868 2328; x_wconf 82' lang='lat' dir='ltr'><strong>renovata</strong></span> 
     </span>
    </p>
   </div>
   <div class='ocr_carea' id='block_1_64' title="bbox 2274 2356 3865 2431">
    <p class='ocr_par' dir='ltr' id='par_1_64' title="bbox 2274 2356 3865 2431">
     <span class='ocr_line' id='line_1_64' title="bbox 2274 2356 3865 2431; baseline 0.003 -19"><span class='ocrx_word' id='word_1_463' title='bbox 2274 2358 2442 2413; x_wconf 89' lang='lat' dir='ltr'><strong>videri</strong></span> <span class='ocrx_word' id='word_1_464' title='bbox 2472 2356 2685 2428; x_wconf 73' lang='lat' dir='ltr'><strong>poterat</strong></span> <span class='ocrx_word' id='word_1_465' title='bbox 2713 2358 2803 2413; x_wconf 89' lang='lat' dir='ltr'><strong>illa</strong></span> <span class='ocrx_word' id='word_1_466' title='bbox 2845 2359 3098 2431; x_wconf 75' lang='lat' dir='ltr'><strong>pnedicta</strong></span> <span class='ocrx_word' id='word_1_467' title='bbox 3135 2375 3234 2431; x_wconf 90' lang='lat' dir='ltr'><strong>per</strong></span> <span class='ocrx_word' id='word_1_468' title='bbox 3273 2361 3520 2431; x_wconf 86' lang='lat' dir='ltr'><strong>angelum</strong></span> <span class='ocrx_word' id='word_1_469' title='bbox 3563 2359 3738 2415; x_wconf 89' lang='lat' dir='ltr'><strong>futura</strong></span> <span class='ocrx_word' id='word_1_470' title='bbox 3769 2362 3865 2416; x_wconf 72' lang='lat' dir='ltr'><strong>Iaz-</strong></span> 
     </span>
    </p>
   </div>
   <div class='ocr_carea' id='block_1_65' title="bbox 2278 2447 3867 2525">
    <p class='ocr_par' dir='ltr' id='par_1_65' title="bbox 2278 2447 3867 2525">
     <span class='ocr_line' id='line_1_65' title="bbox 2278 2447 3867 2525; baseline 0.004 -25"><span class='ocrx_word' id='word_1_471' title='bbox 2278 2448 2392 2501; x_wconf 86' lang='lat' dir='ltr'><strong>titia</strong></span> <span class='ocrx_word' id='word_1_472' title='bbox 2426 2447 2575 2519; x_wconf 83' lang='lat' dir='ltr'><strong>(Luc.</strong></span> <span class='ocrx_word' id='word_1_473' title='bbox 2602 2448 2662 2520; x_wconf 92' lang='grc' dir='ltr'><strong>ι),</strong></span> <span class='ocrx_word' id='word_1_474' title='bbox 2689 2460 2810 2504; x_wconf 89' lang='lat' dir='ltr'><strong>cum</strong></span> <span class='ocrx_word' id='word_1_475' title='bbox 2840 2447 3074 2506; x_wconf 83' lang='lat' dir='ltr'><strong>Joannes</strong></span> <span class='ocrx_word' id='word_1_476' title='bbox 3100 2459 3258 2506; x_wconf 83' lang='lat' dir='ltr'><strong>natus</strong></span> <span class='ocrx_word' id='word_1_477' title='bbox 3286 2459 3368 2507; x_wconf 88' lang='lat' dir='ltr'><strong>est</strong></span> <span class='ocrx_word' id='word_1_478' title='bbox 3395 2453 3462 2506; x_wconf 87' lang='lat' dir='ltr'><strong>de</strong></span> <span class='ocrx_word' id='word_1_479' title='bbox 3485 2449 3645 2525; x_wconf 87' lang='lat' dir='ltr'><strong>justis</strong></span> <span class='ocrx_word' id='word_1_480' title='bbox 3670 2467 3867 2521; x_wconf 89' lang='lat' dir='ltr'><strong>paren-</strong></span> 
     </span>
    </p>
   </div>
   <div class='ocr_carea' id='block_1_66' title="bbox 2282 2539 3867 2612">
    <p class='ocr_par' dir='ltr' id='par_1_66' title="bbox 2282 2539 3867 2612">
     <span class='ocr_line' id='line_1_66' title="bbox 2282 2539 3867 2612; baseline 0.005 -20"><span class='ocrx_word' id='word_1_481' title='bbox 2282 2539 2422 2594; x_wconf 90' lang='lat' dir='ltr'><strong>tihus</strong></span> <span class='ocrx_word' id='word_1_482' title='bbox 2450 2550 2504 2595; x_wconf 92' lang='lat' dir='ltr'><strong>et</strong></span> <span class='ocrx_word' id='word_1_483' title='bbox 2531 2550 2692 2596; x_wconf 81' lang='lat' dir='ltr'><strong>:etate</strong></span> <span class='ocrx_word' id='word_1_484' title='bbox 2719 2543 2990 2612; x_wconf 90' lang='lat' dir='ltr'><strong>provectis</strong></span> <span class='ocrx_word' id='word_1_485' title='bbox 3008 2542 3281 2599; x_wconf 89' lang='lat' dir='ltr'><strong>Elisabeth</strong></span> <span class='ocrx_word' id='word_1_486' title='bbox 3304 2550 3359 2598; x_wconf 91' lang='lat' dir='ltr'><strong>et</strong></span> <span class='ocrx_word' id='word_1_487' title='bbox 3382 2540 3668 2599; x_wconf 85' lang='lat' dir='ltr'><strong>Zacharia?</strong></span> <span class='ocrx_word' id='word_1_488' title='bbox 3699 2542 3727 2583; x_wconf 61' lang='grc' dir='ltr'>ἀ</span> <span class='ocrx_word' id='word_1_489' title='bbox 3756 2544 3867 2600; x_wconf 75' lang='lat' dir='ltr'><strong>Re-</strong></span> 
     </span>
    </p>
   </div>
   <div class='ocr_carea' id='block_1_67' title="bbox 2274 2620 3864 2716">
    <p class='ocr_par' dir='ltr' id='par_1_67' title="bbox 2274 2620 3864 2716">
     <span class='ocr_line' id='line_1_67' title="bbox 2274 2620 3864 2716; baseline 0.005 -34"><span class='ocrx_word' id='word_1_490' title='bbox 2274 2630 2559 2698; x_wconf 84' lang='lat' dir='ltr'><strong>gnantihus</strong></span> <span class='ocrx_word' id='word_1_491' title='bbox 2596 2645 2725 2701; x_wconf 89' lang='lat' dir='ltr'><strong>ergo</strong></span> <span class='ocrx_word' id='word_1_492' title='bbox 2754 2632 3131 2688; x_wconf 89' lang='lat' dir='ltr'><strong>Valentiniano</strong></span> <span class='ocrx_word' id='word_1_493' title='bbox 3169 2642 3225 2689; x_wconf 91' lang='lat' dir='ltr'><strong>et</strong></span> <span class='ocrx_word' id='word_1_494' title='bbox 3265 2634 3538 2690; x_wconf 89' lang='lat' dir='ltr'><strong>Marciano</strong></span> <span class='ocrx_word' id='word_1_495' title='bbox 3577 2620 3864 2716; x_wconf 53' lang='lat' dir='ltr'><strong>imperato;</strong></span> 
     </span>
    </p>
   </div>
   <div class='ocr_carea' id='block_1_68' title="bbox 2274 2721 3864 2792">
    <p class='ocr_par' dir='ltr' id='par_1_68' title="bbox 2274 2721 3864 2792">
     <span class='ocr_line' id='line_1_68' title="bbox 2274 2721 3864 2792; baseline 0.005 -17"><span class='ocrx_word' id='word_1_496' title='bbox 2274 2722 2420 2776; x_wconf 85' lang='lat' dir='ltr'><strong>ribus</strong></span> <span class='ocrx_word' id='word_1_497' title='bbox 2442 2738 2575 2792; x_wconf 87' lang='lat' dir='ltr'><strong>puer</strong></span> <span class='ocrx_word' id='word_1_498' title='bbox 2601 2721 2941 2781; x_wconf 88' lang='lat' dir='ltr'><strong>Eleutherius</strong></span> <span class='ocrx_word' id='word_1_499' title='bbox 2969 2725 3196 2781; x_wconf 89' lang='lat' dir='ltr'><strong>Tornaci</strong></span> <span class='ocrx_word' id='word_1_500' title='bbox 3229 2726 3485 2789; x_wconf 86' lang='lat' dir='ltr'><strong>nascitur,</strong></span> <span class='ocrx_word' id='word_1_501' title='bbox 3511 2726 3632 2782; x_wconf 91' lang='lat' dir='ltr'><strong>loco</strong></span> <span class='ocrx_word' id='word_1_502' title='bbox 3658 2727 3864 2783; x_wconf 81' lang='lat' dir='ltr'><strong>scilicet</strong></span> 
     </span>
    </p>
   </div>
   <div class='ocr_carea' id='block_1_69' title="bbox 2275 2813 3695 2898">
    <p class='ocr_par' dir='ltr' id='par_1_69' title="bbox 2275 2813 3695 2898">
     <span class='ocr_line' id='line_1_69' title="bbox 2275 2813 3695 2898; baseline 0.008 -32"><span class='ocrx_word' id='word_1_503' title='bbox 2275 2813 2568 2884; x_wconf 84' lang='lat' dir='ltr'><strong>oppidano.</strong></span> <span class='ocrx_word' id='word_1_504' title='bbox 2604 2826 2607 2829; x_wconf 76' lang='grc'><em>’</em></span> <span class='ocrx_word' id='word_1_505' title='bbox 2850 2890 2853 2893; x_wconf 82' lang='lat'><em>_</em></span> <span class='ocrx_word' id='word_1_506' title='bbox 3690 2894 3695 2898; x_wconf 23' lang='grc' dir='ltr'>ν</span> 
     </span>
    </p>
   </div>
   <div class='ocr_carea' id='block_1_70' title="bbox 2343 2905 3864 2979">
    <p class='ocr_par' dir='ltr' id='par_1_70' title="bbox 2343 2905 3864 2979">
     <span class='ocr_line' id='line_1_70' title="bbox 2343 2905 3864 2979; baseline 0.005 -20"><span class='ocrx_word' id='word_1_507' title='bbox 2343 2908 2364 2938; x_wconf 76' lang='grc'><strong><em>⁸</em></strong></span> <span class='ocrx_word' id='word_1_508' title='bbox 2397 2906 2446 2959; x_wconf 79' lang='grc'><strong>’7.</strong></span> <span class='ocrx_word' id='word_1_509' title='bbox 2484 2905 2620 2962; x_wconf 85' lang='lat' dir='ltr'><strong>Puer</strong></span> <span class='ocrx_word' id='word_1_510' title='bbox 2641 2917 2819 2963; x_wconf 85' lang='lat' dir='ltr'><strong>autem</strong></span> <span class='ocrx_word' id='word_1_511' title='bbox 2849 2910 3119 2979; x_wconf 83' lang='lat' dir='ltr'><strong>magistris</strong></span> <span class='ocrx_word' id='word_1_512' title='bbox 3149 2910 3375 2968; x_wconf 82' lang='lat' dir='ltr'><strong>traditus</strong></span> <span class='ocrx_word' id='word_1_513' title='bbox 3401 2911 3591 2968; x_wconf 89' lang='lat' dir='ltr'><strong>litteris</strong></span> <span class='ocrx_word' id='word_1_514' title='bbox 3622 2913 3864 2968; x_wconf 77' lang='lat' dir='ltr'><strong>imbuen-</strong></span> 
     </span>
    </p>
   </div>
   <div class='ocr_carea' id='block_1_71' title="bbox 2273 2995 3861 3072">
    <p class='ocr_par' dir='ltr' id='par_1_71' title="bbox 2273 2995 3861 3072">
     <span class='ocr_line' id='line_1_71' title="bbox 2273 2995 3861 3072; baseline 0.003 -21"><span class='ocrx_word' id='word_1_515' title='bbox 2273 2995 2406 3055; x_wconf 89' lang='lat' dir='ltr'><strong>dus.</strong></span> <span class='ocrx_word' id='word_1_516' title='bbox 2439 2997 2787 3054; x_wconf 88' lang='lat' dir='ltr'><strong>adolescebat</strong></span> <span class='ocrx_word' id='word_1_517' title='bbox 2825 3000 2877 3054; x_wconf 93' lang='lat' dir='ltr'><strong>in</strong></span> <span class='ocrx_word' id='word_1_518' title='bbox 2907 3001 3077 3070; x_wconf 88' lang='lat' dir='ltr'><strong>gratia</strong></span> <span class='ocrx_word' id='word_1_519' title='bbox 3102 3041 3117 3067; x_wconf 92' lang='lat'><strong>,</strong></span> <span class='ocrx_word' id='word_1_520' title='bbox 3157 3002 3434 3057; x_wconf 88' lang='lat' dir='ltr'><strong>crescebat</strong></span> <span class='ocrx_word' id='word_1_521' title='bbox 3471 3002 3522 3056; x_wconf 90' lang='lat' dir='ltr'><strong>in</strong></span> <span class='ocrx_word' id='word_1_522' title='bbox 3552 3003 3810 3072; x_wconf 76' lang='lat' dir='ltr'><strong>sapientia</strong></span> <span class='ocrx_word' id='word_1_523' title='bbox 3846 3021 3861 3056; x_wconf 88' lang='lat'><strong>:</strong></span> 
     </span>
    </p>
   </div>
   <div class='ocr_carea' id='block_1_72' title="bbox 2258 3088 3863 3161">
    <p class='ocr_par' dir='ltr' id='par_1_72' title="bbox 2258 3088 3863 3161">
     <span class='ocr_line' id='line_1_72' title="bbox 2258 3088 3863 3161; baseline 0.002 -17"><span class='ocrx_word' id='word_1_524' title='bbox 2258 3088 2517 3145; x_wconf 74' lang='lat' dir='ltr'><strong>Creatori</strong></span> <span class='ocrx_word' id='word_1_525' title='bbox 2558 3091 2799 3146; x_wconf 87' lang='lat' dir='ltr'><strong>caritatis</strong></span> <span class='ocrx_word' id='word_1_526' title='bbox 2827 3091 3074 3147; x_wconf 90' lang='lat' dir='ltr'><strong>ardorem</strong></span> <span class='ocrx_word' id='word_1_527' title='bbox 3100 3134 3114 3157; x_wconf 92' lang='lat'><strong>,</strong></span> <span class='ocrx_word' id='word_1_528' title='bbox 3152 3092 3252 3147; x_wconf 90' lang='lat' dir='ltr'><strong>sibi</strong></span> <span class='ocrx_word' id='word_1_529' title='bbox 3294 3094 3554 3149; x_wconf 89' lang='lat' dir='ltr'><strong>castitatis</strong></span> <span class='ocrx_word' id='word_1_530' title='bbox 3587 3095 3863 3161; x_wconf 83' lang='lat' dir='ltr'><strong>decorem,</strong></span> 
     </span>
    </p>
   </div>
   <div class='ocr_carea' id='block_1_73' title="bbox 2276 3183 3862 3252">
    <p class='ocr_par' dir='ltr' id='par_1_73' title="bbox 2276 3183 3862 3252">
     <span class='ocr_line' id='line_1_73' title="bbox 2276 3183 3862 3252; baseline 0.004 -17"><span class='ocrx_word' id='word_1_531' title='bbox 2276 3183 2536 3252; x_wconf 81' lang='lat' dir='ltr'><strong>proximis</strong></span> <span class='ocrx_word' id='word_1_532' title='bbox 2585 3183 2903 3239; x_wconf 88' lang='lat' dir='ltr'><strong>humilitatis</strong></span> <span class='ocrx_word' id='word_1_533' title='bbox 2953 3184 3215 3240; x_wconf 90' lang='lat' dir='ltr'><strong>honorem</strong></span> <span class='ocrx_word' id='word_1_534' title='bbox 3260 3185 3478 3243; x_wconf 83' lang='lat' dir='ltr'><strong>sedulus</strong></span> <span class='ocrx_word' id='word_1_535' title='bbox 3523 3187 3806 3243; x_wconf 81' lang='lat' dir='ltr'><strong>exhibebat</strong></span> <span class='ocrx_word' id='word_1_536' title='bbox 3848 3205 3862 3241; x_wconf 90' lang='lat'><strong>:</strong></span> 
     </span>
    </p>
   </div>
   <div class='ocr_carea' id='block_1_74' title="bbox 2197 3274 3862 3349">
    <p class='ocr_par' dir='ltr' id='par_1_74' title="bbox 2197 3274 3862 3349">
     <span class='ocr_line' id='line_1_74' title="bbox 2197 3274 3862 3349; baseline 0.001 -18"><span class='ocrx_word' id='word_1_537' title='bbox 2197 3275 2242 3336; x_wconf 91' lang='lat' dir='ltr'><strong>C</strong></span> <span class='ocrx_word' id='word_1_538' title='bbox 2274 3274 2436 3331; x_wconf 72' lang='lat' dir='ltr'><strong>corde</strong></span> <span class='ocrx_word' id='word_1_539' title='bbox 2467 3275 2615 3344; x_wconf 87' lang='lat' dir='ltr'><strong>pius,</strong></span> <span class='ocrx_word' id='word_1_540' title='bbox 2647 3291 2741 3332; x_wconf 92' lang='lat' dir='ltr'><strong>ore</strong></span> <span class='ocrx_word' id='word_1_541' title='bbox 2769 3276 3008 3341; x_wconf 90' lang='lat' dir='ltr'><strong>sobrius,</strong></span> <span class='ocrx_word' id='word_1_542' title='bbox 3041 3294 3207 3349; x_wconf 90' lang='lat' dir='ltr'><strong>opere</strong></span> <span class='ocrx_word' id='word_1_543' title='bbox 3235 3290 3499 3345; x_wconf 75' lang='lat' dir='ltr'><strong>strenuus,</strong></span> <span class='ocrx_word' id='word_1_544' title='bbox 3536 3280 3681 3335; x_wconf 88' lang='lat' dir='ltr'><strong>vultu</strong></span> <span class='ocrx_word' id='word_1_545' title='bbox 3711 3296 3862 3335; x_wconf 81' lang='lat' dir='ltr'><strong>vere-</strong></span> 
     </span>
    </p>
   </div>
   <div class='ocr_carea' id='block_1_75' title="bbox 2275 3364 3863 3438">
    <p class='ocr_par' dir='ltr' id='par_1_75' title="bbox 2275 3364 3863 3438">
     <span class='ocr_line' id='line_1_75' title="bbox 2275 3364 3863 3438; baseline 0.005 -19"><span class='ocrx_word' id='word_1_546' title='bbox 2275 3364 2498 3429; x_wconf 81' lang='lat' dir='ltr'><strong>cundus,</strong></span> <span class='ocrx_word' id='word_1_547' title='bbox 2529 3374 2683 3436; x_wconf 88' lang='lat' dir='ltr'><strong>gestu</strong></span> <span class='ocrx_word' id='word_1_548' title='bbox 2710 3376 2974 3438; x_wconf 89' lang='lat' dir='ltr'><strong>maturus,</strong></span> <span class='ocrx_word' id='word_1_549' title='bbox 3005 3371 3198 3426; x_wconf 80' lang='lat' dir='ltr'><strong>affectu</strong></span> <span class='ocrx_word' id='word_1_550' title='bbox 3228 3371 3471 3438; x_wconf 84' lang='lat' dir='ltr'><strong>devotus,</strong></span> <span class='ocrx_word' id='word_1_551' title='bbox 3504 3372 3664 3427; x_wconf 79' lang='lat' dir='ltr'><strong>affatu</strong></span> <span class='ocrx_word' id='word_1_552' title='bbox 3693 3373 3863 3427; x_wconf 82' lang='lat' dir='ltr'><strong>bene-</strong></span> 
     </span>
    </p>
   </div>
   <div class='ocr_carea' id='block_1_76' title="bbox 2274 3454 3864 3537">
    <p class='ocr_par' dir='ltr' id='par_1_76' title="bbox 2274 3454 3864 3537">
     <span class='ocr_line' id='line_1_76' title="bbox 2274 3454 3864 3537; baseline 0.008 -29"><span class='ocrx_word' id='word_1_553' title='bbox 2274 3454 2447 3523; x_wconf 69' lang='lat' dir='ltr'><strong>Vnius,</strong></span> <span class='ocrx_word' id='word_1_554' title='bbox 2477 3458 2674 3512; x_wconf 81' lang='lat' dir='ltr'><strong>vestitu</strong></span> <span class='ocrx_word' id='word_1_555' title='bbox 2705 3458 3008 3527; x_wconf 87' lang='lat' dir='ltr'><strong>modestus,</strong></span> <span class='ocrx_word' id='word_1_556' title='bbox 3041 3464 3308 3530; x_wconf 86' lang='lat' dir='ltr'><strong>gratiosus</strong></span> <span class='ocrx_word' id='word_1_557' title='bbox 3339 3465 3388 3519; x_wconf 92' lang='lat' dir='ltr'><strong>iu</strong></span> <span class='ocrx_word' id='word_1_558' title='bbox 3420 3466 3667 3521; x_wconf 90' lang='lat' dir='ltr'><strong>omnibus</strong></span> <span class='ocrx_word' id='word_1_559' title='bbox 3693 3481 3864 3537; x_wconf 82' lang='lat' dir='ltr'><strong>appa-</strong></span> 
     </span>
    </p>
   </div>
   <div class='ocr_carea' id='block_1_77' title="bbox 2274 3546 3860 3627">
    <p class='ocr_par' dir='ltr' id='par_1_77' title="bbox 2274 3546 3860 3627">
     <span class='ocr_line' id='line_1_77' title="bbox 2274 3546 3860 3627; baseline 0.009 -29"><span class='ocrx_word' id='word_1_560' title='bbox 2274 3546 2443 3601; x_wconf 84' lang='lat' dir='ltr'><strong>rebat.</strong></span> <span class='ocrx_word' id='word_1_561' title='bbox 2472 3546 2701 3603; x_wconf 86' lang='lat' dir='ltr'><strong>Tantam</strong></span> <span class='ocrx_word' id='word_1_562' title='bbox 2725 3549 2777 3604; x_wconf 92' lang='lat' dir='ltr'><strong>iu</strong></span> <span class='ocrx_word' id='word_1_563' title='bbox 2799 3566 2856 3606; x_wconf 91' lang='lat' dir='ltr'><strong>se</strong></span> <span class='ocrx_word' id='word_1_564' title='bbox 2878 3550 3252 3610; x_wconf 89' lang='lat' dir='ltr'><strong>demonstrans</strong></span> <span class='ocrx_word' id='word_1_565' title='bbox 3277 3557 3513 3627; x_wconf 80' lang='lat' dir='ltr'><strong>speciem</strong></span> <span class='ocrx_word' id='word_1_566' title='bbox 3544 3558 3860 3625; x_wconf 85' lang='lat' dir='ltr'><strong>honestatis,</strong></span> 
     </span>
    </p>
   </div>
   <div class='ocr_carea' id='block_1_78' title="bbox 2275 3639 3864 3719">
    <p class='ocr_par' dir='ltr' id='par_1_78' title="bbox 2275 3639 3864 3719">
     <span class='ocr_line' id='line_1_78' title="bbox 2275 3639 3864 3719; baseline 0.008 -29"><span class='ocrx_word' id='word_1_567' title='bbox 2275 3650 2329 3692; x_wconf 79' lang='grc' dir='ltr'><strong>ιιι</strong></span> <span class='ocrx_word' id='word_1_568' title='bbox 2360 3639 2410 3692; x_wconf 92' lang='lat' dir='ltr'><strong>in</strong></span> <span class='ocrx_word' id='word_1_569' title='bbox 2441 3640 2726 3695; x_wconf 80' lang='lat' dir='ltr'><strong>exterioris</strong></span> <span class='ocrx_word' id='word_1_570' title='bbox 2755 3639 3106 3712; x_wconf 90' lang='lat' dir='ltr'><strong>dispositione</strong></span> <span class='ocrx_word' id='word_1_571' title='bbox 3145 3645 3379 3702; x_wconf 89' lang='lat' dir='ltr'><strong>hominis</strong></span> <span class='ocrx_word' id='word_1_572' title='bbox 3414 3647 3517 3717; x_wconf 84' lang='lat' dir='ltr'><strong>legi</strong></span> <span class='ocrx_word' id='word_1_573' title='bbox 3556 3656 3738 3719; x_wconf 90' lang='lat' dir='ltr'><strong>posset</strong></span> <span class='ocrx_word' id='word_1_574' title='bbox 3775 3648 3864 3702; x_wconf 82' lang='lat' dir='ltr'><strong>iu-</strong></span> 
     </span>
    </p>
   </div>
   <div class='ocr_carea' id='block_1_79' title="bbox 2272 3731 3865 3807">
    <p class='ocr_par' dir='ltr' id='par_1_79' title="bbox 2272 3731 3865 3807">
     <span class='ocr_line' id='line_1_79' title="bbox 2272 3731 3865 3807; baseline 0.009 -23"><span class='ocrx_word' id='word_1_575' title='bbox 2272 3731 2487 3786; x_wconf 85' lang='lat' dir='ltr'><strong>terioris</strong></span> <span class='ocrx_word' id='word_1_576' title='bbox 2519 3732 2734 3790; x_wconf 87' lang='lat' dir='ltr'><strong>habitus</strong></span> <span class='ocrx_word' id='word_1_577' title='bbox 2761 3736 2944 3804; x_wconf 65' lang='lat' dir='ltr'><strong>gratia:</strong></span> <span class='ocrx_word' id='word_1_578' title='bbox 2973 3743 3030 3790; x_wconf 89' lang='lat' dir='ltr'><strong>et</strong></span> <span class='ocrx_word' id='word_1_579' title='bbox 3058 3737 3288 3807; x_wconf 81' lang='lat' dir='ltr'><strong>virtutis.</strong></span> <span class='ocrx_word' id='word_1_580' title='bbox 3340 3737 3429 3795; x_wconf 92' lang='lat' dir='ltr'><strong>Sic</strong></span> <span class='ocrx_word' id='word_1_581' title='bbox 3459 3741 3600 3795; x_wconf 90' lang='lat' dir='ltr'><strong>enim</strong></span> <span class='ocrx_word' id='word_1_582' title='bbox 3627 3740 3679 3795; x_wconf 94' lang='lat' dir='ltr'><strong>in</strong></span> <span class='ocrx_word' id='word_1_583' title='bbox 3708 3749 3865 3797; x_wconf 83' lang='lat' dir='ltr'><strong>exte-</strong></span> 
     </span>
    </p>
   </div>
   <div class='ocr_carea' id='block_1_80' title="bbox 2271 3822 3863 3911">
    <p class='ocr_par' dir='ltr' id='par_1_80' title="bbox 2271 3822 3863 3911">
     <span class='ocr_line' id='line_1_80' title="bbox 2271 3822 3863 3911; baseline 0.008 -37"><span class='ocrx_word' id='word_1_584' title='bbox 2271 3822 2428 3877; x_wconf 87' lang='lat' dir='ltr'><strong>rioris</strong></span> <span class='ocrx_word' id='word_1_585' title='bbox 2456 3822 2646 3879; x_wconf 89' lang='lat' dir='ltr'><strong>domus</strong></span> <span class='ocrx_word' id='word_1_586' title='bbox 2677 3825 2940 3881; x_wconf 88' lang='lat' dir='ltr'><strong>vestibulo</strong></span> <span class='ocrx_word' id='word_1_587' title='bbox 2970 3826 3254 3896; x_wconf 88' lang='lat' dir='ltr'><strong>conjicitur</strong></span> <span class='ocrx_word' id='word_1_588' title='bbox 3284 3829 3438 3886; x_wconf 89' lang='lat' dir='ltr'><strong>facile</strong></span> <span class='ocrx_word' id='word_1_589' title='bbox 3473 3831 3689 3887; x_wconf 92' lang='lat' dir='ltr'><strong>bonitas</strong></span> <span class='ocrx_word' id='word_1_590' title='bbox 3716 3832 3863 3911; x_wconf 77' lang='lat' dir='ltr'><strong>inte-</strong></span> 
     </span>
    </p>
   </div>
   <div class='ocr_carea' id='block_1_81' title="bbox 2271 3913 3861 4003">
    <p class='ocr_par' dir='ltr' id='par_1_81' title="bbox 2271 3913 3861 4003">
     <span class='ocr_line' id='line_1_81' title="bbox 2271 3913 3861 4003; baseline 0.008 -37"><span class='ocrx_word' id='word_1_591' title='bbox 2271 3913 2381 3967; x_wconf 88' lang='lat' dir='ltr'><strong>rior</strong></span> <span class='ocrx_word' id='word_1_592' title='bbox 2416 3928 2536 3983; x_wconf 77' lang='lat' dir='ltr'><strong>quae</strong></span> <span class='ocrx_word' id='word_1_593' title='bbox 2567 3918 2696 3972; x_wconf 90' lang='lat' dir='ltr'><strong>latet</strong></span> <span class='ocrx_word' id='word_1_594' title='bbox 2747 3917 2800 3971; x_wconf 90' lang='lat' dir='ltr'><strong>in</strong></span> <span class='ocrx_word' id='word_1_595' title='bbox 2830 3917 3011 3973; x_wconf 88' lang='lat' dir='ltr'><strong>domo.</strong></span> <span class='ocrx_word' id='word_1_596' title='bbox 3062 3918 3188 4003; x_wconf 84' lang='lat' dir='ltr'><strong>Inde</strong></span> <span class='ocrx_word' id='word_1_597' title='bbox 3216 3928 3299 3975; x_wconf 91' lang='lat' dir='ltr'><strong>est</strong></span> <span class='ocrx_word' id='word_1_598' title='bbox 3322 3962 3338 3988; x_wconf 92' lang='lat'><strong>,</strong></span> <span class='ocrx_word' id='word_1_599' title='bbox 3378 3921 3524 3991; x_wconf 83' lang='lat' dir='ltr'><strong>quod</strong></span> <span class='ocrx_word' id='word_1_600' title='bbox 3555 3921 3861 3987; x_wconf 84' lang='lat' dir='ltr'><strong>Medardus,</strong></span> 
     </span>
    </p>
   </div>
   <div class='ocr_carea' id='block_1_82' title="bbox 2269 4002 3861 4083">
    <p class='ocr_par' dir='ltr' id='par_1_82' title="bbox 2269 4002 3861 4083">
     <span class='ocr_line' id='line_1_82' title="bbox 2269 4002 3861 4083; baseline 0.008 -28"><span class='ocrx_word' id='word_1_601' title='bbox 2269 4002 2478 4056; x_wconf 90' lang='lat' dir='ltr'><strong>futurus</strong></span> <span class='ocrx_word' id='word_1_602' title='bbox 2510 4004 2852 4074; x_wconf 89' lang='lat' dir='ltr'><strong>postmodum</strong></span> <span class='ocrx_word' id='word_1_603' title='bbox 2891 4002 3265 4065; x_wconf 85' lang='lat' dir='ltr'><strong>Noviomeusis</strong></span> <span class='ocrx_word' id='word_1_604' title='bbox 3303 4011 3591 4082; x_wconf 90' lang='lat' dir='ltr'><strong>episcopus</strong></span> <span class='ocrx_word' id='word_1_605' title='bbox 3613 4050 3629 4076; x_wconf 91' lang='lat'><strong>,</strong></span> <span class='ocrx_word' id='word_1_606' title='bbox 3669 4013 3861 4083; x_wconf 90' lang='lat' dir='ltr'><strong>spiritu</strong></span> 
     </span>
    </p>
   </div>
   <div class='ocr_carea' id='block_1_83' title="bbox 2268 4093 3862 4174">
    <p class='ocr_par' dir='ltr' id='par_1_83' title="bbox 2268 4093 3862 4174">
     <span class='ocr_line' id='line_1_83' title="bbox 2268 4093 3862 4174; baseline 0.008 -27"><span class='ocrx_word' id='word_1_607' title='bbox 2268 4093 2570 4163; x_wconf 75' lang='lat' dir='ltr'><strong>prophetizc</strong></span> <span class='ocrx_word' id='word_1_608' title='bbox 2598 4103 2930 4166; x_wconf 64' lang='lat' dir='ltr'><strong>praeventus,</strong></span> <span class='ocrx_word' id='word_1_609' title='bbox 2962 4098 3211 4155; x_wconf 91' lang='lat' dir='ltr'><strong>eumdem</strong></span> <span class='ocrx_word' id='word_1_610' title='bbox 3236 4099 3351 4157; x_wconf 91' lang='lat' dir='ltr'><strong>fore</strong></span> <span class='ocrx_word' id='word_1_611' title='bbox 3377 4103 3622 4173; x_wconf 73' lang='lat' dir='ltr'><strong>przedixit</strong></span> <span class='ocrx_word' id='word_1_612' title='bbox 3650 4104 3862 4174; x_wconf 87' lang='lat' dir='ltr'><strong>episco-</strong></span> 
     </span>
    </p>
   </div>
   <div class='ocr_carea' id='block_1_84' title="bbox 2266 4184 3860 4257">
    <p class='ocr_par' dir='ltr' id='par_1_84' title="bbox 2266 4184 3860 4257">
     <span class='ocr_line' id='line_1_84' title="bbox 2266 4184 3860 4257; baseline 0.012 -20"><span class='ocrx_word' id='word_1_613' title='bbox 2266 4200 2391 4254; x_wconf 89' lang='lat' dir='ltr'><strong>pum</strong></span> <span class='ocrx_word' id='word_1_614' title='bbox 2420 4184 2815 4243; x_wconf 88' lang='lat' dir='ltr'><strong>Tornacensem</strong></span> <span class='ocrx_word' id='word_1_615' title='bbox 2838 4227 2854 4255; x_wconf 95' lang='lat'><strong>,</strong></span> <span class='ocrx_word' id='word_1_616' title='bbox 2894 4205 3016 4245; x_wconf 90' lang='lat' dir='ltr'><strong>cum</strong></span> <span class='ocrx_word' id='word_1_617' title='bbox 3059 4190 3411 4251; x_wconf 60' lang='lat' dir='ltr'><strong>adhucidem</strong></span> <span class='ocrx_word' id='word_1_618' title='bbox 3439 4195 3775 4253; x_wconf 87' lang='lat' dir='ltr'><strong>Eleutherius</strong></span> <span class='ocrx_word' id='word_1_619' title='bbox 3804 4199 3860 4257; x_wconf 91' lang='lat' dir='ltr'><strong>in</strong></span> 
     </span>
    </p>
   </div>
   <div class='ocr_carea' id='block_1_85' title="bbox 2264 4275 3462 4355">
    <p class='ocr_par' dir='ltr' id='par_1_85' title="bbox 2264 4275 3462 4355">
     <span class='ocr_line' id='line_1_85' title="bbox 2264 4275 3462 4355; baseline 0.009 -25"><span class='ocrx_word' id='word_1_620' title='bbox 2264 4275 2464 4331; x_wconf 88' lang='lat' dir='ltr'><strong>scholis</strong></span> <span class='ocrx_word' id='word_1_621' title='bbox 2491 4276 2697 4346; x_wconf 90' lang='lat' dir='ltr'><strong>positus</strong></span> <span class='ocrx_word' id='word_1_622' title='bbox 2724 4285 2939 4334; x_wconf 59' lang='lat' dir='ltr'><strong>aetatem</strong></span> <span class='ocrx_word' id='word_1_623' title='bbox 2970 4280 3159 4350; x_wconf 83' lang='lat' dir='ltr'><strong>ageret</strong></span> <span class='ocrx_word' id='word_1_624' title='bbox 3182 4285 3462 4355; x_wconf 90' lang='lat' dir='ltr'><strong>puerilem.</strong></span> 
     </span>
    </p>
   </div>
   <div class='ocr_carea' id='block_1_86' title="bbox 2337 4366 3927 4451">
    <p class='ocr_par' dir='ltr' id='par_1_86' title="bbox 2337 4366 3927 4451">
     <span class='ocr_line' id='line_1_86' title="bbox 2337 4366 3927 4451; baseline 0.01 -29"><span class='ocrx_word' id='word_1_625' title='bbox 2337 4366 2389 4422; x_wconf 92' lang='lat'><strong>8.</strong></span> <span class='ocrx_word' id='word_1_626' title='bbox 2427 4366 2533 4423; x_wconf 86' lang='lat' dir='ltr'><strong>Sed</strong></span> <span class='ocrx_word' id='word_1_627' title='bbox 2560 4377 2616 4424; x_wconf 91' lang='lat' dir='ltr'><strong>et</strong></span> <span class='ocrx_word' id='word_1_628' title='bbox 2641 4369 2746 4426; x_wconf 90' lang='lat' dir='ltr'><strong>hoc</strong></span> <span class='ocrx_word' id='word_1_629' title='bbox 2775 4372 3000 4443; x_wconf 81' lang='lat' dir='ltr'><strong>multum</strong></span> <span class='ocrx_word' id='word_1_630' title='bbox 3029 4371 3159 4444; x_wconf 60' lang='lat' dir='ltr'><strong>ejus&#39;</strong></span> <span class='ocrx_word' id='word_1_631' title='bbox 3176 4375 3427 4432; x_wconf 90' lang='lat' dir='ltr'><strong>laudibus</strong></span> <span class='ocrx_word' id='word_1_632' title='bbox 3454 4379 3683 4448; x_wconf 88' lang='lat' dir='ltr'><strong>proficit,</strong></span> <span class='ocrx_word' id='word_1_633' title='bbox 3713 4380 3860 4451; x_wconf 84' lang='lat' dir='ltr'><strong>quod</strong></span> <span class='ocrx_word' id='word_1_634' title='bbox 3914 4390 3927 4397; x_wconf 81' lang='lat'><strong><em>‘</em></strong></span> 
     </span>
    </p>
   </div>
   <div class='ocr_carea' id='block_1_87' title="bbox 2265 4459 3861 4541">
    <p class='ocr_par' dir='ltr' id='par_1_87' title="bbox 2265 4459 3861 4541">
     <span class='ocr_line' id='line_1_87' title="bbox 2265 4459 3861 4541; baseline 0.008 -27"><span class='ocrx_word' id='word_1_635' title='bbox 2265 4459 2407 4515; x_wconf 89' lang='lat' dir='ltr'><strong>inter</strong></span> <span class='ocrx_word' id='word_1_636' title='bbox 2434 4461 2606 4517; x_wconf 89' lang='lat' dir='ltr'><strong>malos</strong></span> <span class='ocrx_word' id='word_1_637' title='bbox 2646 4478 2780 4533; x_wconf 88' lang='lat' dir='ltr'><strong>puer</strong></span> <span class='ocrx_word' id='word_1_638' title='bbox 2816 4465 2973 4521; x_wconf 76' lang='lat' dir='ltr'><strong>bouze</strong></span> <span class='ocrx_word' id='word_1_639' title='bbox 3000 4467 3196 4524; x_wconf 89' lang='lat' dir='ltr'><strong>indolis</strong></span> <span class='ocrx_word' id='word_1_640' title='bbox 3223 4468 3341 4525; x_wconf 91' lang='lat' dir='ltr'><strong>fuit.</strong></span> <span class='ocrx_word' id='word_1_641' title='bbox 3387 4470 3537 4526; x_wconf 90' lang='lat' dir='ltr'><strong>Sicut</strong></span> <span class='ocrx_word' id='word_1_642' title='bbox 3566 4473 3707 4527; x_wconf 88' lang='lat' dir='ltr'><strong>enim</strong></span> <span class='ocrx_word' id='word_1_643' title='bbox 3736 4486 3861 4541; x_wconf 78' lang='lat' dir='ltr'><strong>gra~</strong></span> 
     </span>
    </p>
   </div>
   <div class='ocr_carea' id='block_1_88' title="bbox 2268 4550 3859 4632">
    <p class='ocr_par' dir='ltr' id='par_1_88' title="bbox 2268 4550 3859 4632">
     <span class='ocr_line' id='line_1_88' title="bbox 2268 4550 3859 4632; baseline 0.011 -27"><span class='ocrx_word' id='word_1_644' title='bbox 2268 4551 2437 4608; x_wconf 91' lang='lat' dir='ltr'><strong>vioris</strong></span> <span class='ocrx_word' id='word_1_645' title='bbox 2463 4550 2635 4624; x_wconf 75' lang='lat' dir='ltr'><strong>culpa:</strong></span> <span class='ocrx_word' id='word_1_646' title='bbox 2663 4563 2782 4621; x_wconf 91' lang='lat' dir='ltr'><strong>est,</strong></span> <span class='ocrx_word' id='word_1_647' title='bbox 2818 4555 2960 4612; x_wconf 91' lang='lat' dir='ltr'><strong>inter</strong></span> <span class='ocrx_word' id='word_1_648' title='bbox 2995 4558 3169 4614; x_wconf 92' lang='lat' dir='ltr'><strong>bonos</strong></span> <span class='ocrx_word' id='word_1_649' title='bbox 3205 4560 3406 4616; x_wconf 90' lang='lat' dir='ltr'><strong>bonum</strong></span> <span class='ocrx_word' id='word_1_650' title='bbox 3446 4578 3552 4618; x_wconf 92' lang='lat' dir='ltr'><strong>non</strong></span> <span class='ocrx_word' id='word_1_651' title='bbox 3582 4556 3740 4632; x_wconf 87' lang='lat' dir='ltr'><strong>esse;</strong></span> <span class='ocrx_word' id='word_1_652' title='bbox 3779 4567 3859 4622; x_wconf 86' lang='lat' dir='ltr'><strong>sie</strong></span> 
     </span>
    </p>
   </div>
   <div class='ocr_carea' id='block_1_89' title="bbox 573 4624 3854 4723">
    <p class='ocr_par' dir='ltr' id='par_1_89' title="bbox 573 4624 3854 4723">
     <span class='ocr_line' id='line_1_89' title="bbox 573 4624 3854 4723; baseline 0.011 -45"><span class='ocrx_word' id='word_1_653' title='bbox 573 4624 739 4679; x_wconf 89' lang='lat' dir='ltr'><strong>ramis</strong></span> <span class='ocrx_word' id='word_1_654' title='bbox 766 4627 1003 4692; x_wconf 90' lang='lat' dir='ltr'><strong>succisis,</strong></span> <span class='ocrx_word' id='word_1_655' title='bbox 1034 4627 1176 4684; x_wconf 90' lang='lat' dir='ltr'><strong>foliis</strong></span> <span class='ocrx_word' id='word_1_656' title='bbox 1203 4632 1442 4706; x_wconf 78' lang='lat' dir='ltr'><strong>excussis</strong></span> <span class='ocrx_word' id='word_1_657' title='bbox 1463 4672 1479 4697; x_wconf 93' lang='lat'><strong>,</strong></span> <span class='ocrx_word' id='word_1_658' title='bbox 1519 4631 1884 4706; x_wconf 87' lang='lat' dir='ltr'><strong>fructibusque</strong></span> <span class='ocrx_word' id='word_1_659' title='bbox 1910 4638 2165 4711; x_wconf 90' lang='lat' dir='ltr'><strong>dispersis</strong></span> <span class='ocrx_word' id='word_1_660' title='bbox 2194 4644 2245 4705; x_wconf 85' lang='grc' dir='ltr'><strong>Ι)</strong></span> <span class='ocrx_word' id='word_1_661' title='bbox 2269 4642 2487 4711; x_wconf 69' lang='lat' dir='ltr'><strong>majm&#39;is</strong></span> <span class='ocrx_word' id='word_1_662' title='bbox 2516 4652 2599 4699; x_wconf 88' lang='lat' dir='ltr'><strong>est</strong></span> <span class='ocrx_word' id='word_1_663' title='bbox 2627 4647 2879 4715; x_wconf 72' lang='lat' dir='ltr'><strong>prmconii</strong></span> <span class='ocrx_word' id='word_1_664' title='bbox 2909 4648 3051 4703; x_wconf 90' lang='lat' dir='ltr'><strong>inter</strong></span> <span class='ocrx_word' id='word_1_665' title='bbox 3079 4651 3247 4723; x_wconf 79' lang='lat' dir='ltr'><strong>malos</strong></span> <span class='ocrx_word' id='word_1_666' title='bbox 3283 4653 3446 4708; x_wconf 90' lang='lat' dir='ltr'><strong>etiam</strong></span> <span class='ocrx_word' id='word_1_667' title='bbox 3488 4654 3687 4709; x_wconf 92' lang='lat' dir='ltr'><strong>bonum</strong></span> <span class='ocrx_word' id='word_1_668' title='bbox 3717 4671 3854 4712; x_wconf 89' lang='lat' dir='ltr'><strong>esse.</strong></span> 
     </span>
    </p>
   </div>
   <div class='ocr_carea' id='block_1_90' title="bbox 575 4713 2163 4795">
    <p class='ocr_par' dir='ltr' id='par_1_90' title="bbox 575 4713 2163 4795">
     <span class='ocr_line' id='line_1_90' title="bbox 575 4713 2163 4795; baseline 0.013 -28"><span class='ocrx_word' id='word_1_669' title='bbox 575 4713 778 4769; x_wconf 88' lang='lat' dir='ltr'><strong>succisa</strong></span> <span class='ocrx_word' id='word_1_670' title='bbox 799 4722 884 4770; x_wconf 89' lang='lat' dir='ltr'><strong>est</strong></span> <span class='ocrx_word' id='word_1_671' title='bbox 902 4717 1062 4771; x_wconf 91' lang='lat' dir='ltr'><strong>arbor</strong></span> <span class='ocrx_word' id='word_1_672' title='bbox 1078 4718 1253 4789; x_wconf 88' lang='lat' dir='ltr'><strong>typica</strong></span> <span class='ocrx_word' id='word_1_673' title='bbox 1269 4717 1503 4776; x_wconf 89' lang='lat' dir='ltr'><strong>Danielis</strong></span> <span class='ocrx_word' id='word_1_674' title='bbox 1524 4721 1685 4793; x_wconf 83' lang='lat' dir='ltr'><strong>(Dan.</strong></span> <span class='ocrx_word' id='word_1_675' title='bbox 1703 4725 1797 4795; x_wconf 81' lang='lat' dir='ltr'><strong>IV),</strong></span> <span class='ocrx_word' id='word_1_676' title='bbox 1818 4727 2079 4786; x_wconf 87' lang='lat' dir='ltr'><strong>intantum</strong></span> <span class='ocrx_word' id='word_1_677' title='bbox 2105 4741 2163 4787; x_wconf 94' lang='lat' dir='ltr'><strong>ut</strong></span> 
     </span>
    </p>
   </div>
   <div class='ocr_carea' id='block_1_91' title="bbox 574 4799 2157 4876">
    <p class='ocr_par' dir='ltr' id='par_1_91' title="bbox 574 4799 2157 4876">
     <span class='ocr_line' id='line_1_91' title="bbox 574 4799 2157 4876; baseline 0.015 -23"><span class='ocrx_word' id='word_1_678' title='bbox 574 4799 818 4870; x_wconf 85' lang='lat' dir='ltr'><strong>fugerent</strong></span> <span class='ocrx_word' id='word_1_679' title='bbox 832 4803 1081 4860; x_wconf 88' lang='lat' dir='ltr'><strong>volucres</strong></span> <span class='ocrx_word' id='word_1_680' title='bbox 1096 4804 1148 4859; x_wconf 91' lang='lat' dir='ltr'><strong>in</strong></span> <span class='ocrx_word' id='word_1_681' title='bbox 1165 4820 1435 4861; x_wconf 90' lang='lat' dir='ltr'><strong>ramorum</strong></span> <span class='ocrx_word' id='word_1_682' title='bbox 1451 4811 1817 4869; x_wconf 89' lang='lat' dir='ltr'><strong>cacuminibus</strong></span> <span class='ocrx_word' id='word_1_683' title='bbox 1838 4815 2157 4876; x_wconf 89' lang='lat' dir='ltr'><strong>habitantes.</strong></span> 
     </span>
    </p>
   </div>
   <div class='ocr_carea' id='block_1_92' title="bbox 575 4888 2158 4980">
    <p class='ocr_par' dir='ltr' id='par_1_92' title="bbox 575 4888 2158 4980">
     <span class='ocr_line' id='line_1_92' title="bbox 575 4888 2158 4980; baseline 0.016 -37"><span class='ocrx_word' id='word_1_684' title='bbox 575 4888 793 4946; x_wconf 85' lang='lat' dir='ltr'><strong>Succisa</strong></span> <span class='ocrx_word' id='word_1_685' title='bbox 821 4900 930 4957; x_wconf 92' lang='lat' dir='ltr'><strong>est,</strong></span> <span class='ocrx_word' id='word_1_686' title='bbox 961 4909 1066 4949; x_wconf 89' lang='lat' dir='ltr'><strong>non</strong></span> <span class='ocrx_word' id='word_1_687' title='bbox 1096 4895 1410 4967; x_wconf 83' lang='lat' dir='ltr'><strong>simpliciter</strong></span> <span class='ocrx_word' id='word_1_688' title='bbox 1436 4901 1758 4973; x_wconf 77' lang='lat' dir='ltr'><strong>exstirpata,</strong></span> <span class='ocrx_word' id='word_1_689' title='bbox 1787 4909 1909 4977; x_wconf 91' lang='lat' dir='ltr'><strong>quia</strong></span> <span class='ocrx_word' id='word_1_690' title='bbox 1939 4910 2158 4980; x_wconf 85' lang='lat' dir='ltr'><strong>germen</strong></span> 
     </span>
    </p>
   </div>
   <div class='ocr_carea' id='block_1_93' title="bbox 575 4980 2155 5062">
    <p class='ocr_par' dir='ltr' id='par_1_93' title="bbox 575 4980 2155 5062">
     <span class='ocr_line' id='line_1_93' title="bbox 575 4980 2155 5062; baseline 0.016 -29"><span class='ocrx_word' id='word_1_691' title='bbox 575 4980 813 5037; x_wconf 87' lang='lat' dir='ltr'><strong>radicum</strong></span> <span class='ocrx_word' id='word_1_692' title='bbox 851 4983 1020 5053; x_wconf 91' lang='lat' dir='ltr'><strong>ipsius</strong></span> <span class='ocrx_word' id='word_1_693' title='bbox 1052 4988 1454 5056; x_wconf 87' lang='lat' dir='ltr'><strong>perseveravit,</strong></span> <span class='ocrx_word' id='word_1_694' title='bbox 1499 5000 1555 5046; x_wconf 88' lang='lat' dir='ltr'><strong>et</strong></span> <span class='ocrx_word' id='word_1_695' title='bbox 1591 4995 1871 5062; x_wconf 84' lang='lat' dir='ltr'><strong>pullulavit</strong></span> <span class='ocrx_word' id='word_1_696' title='bbox 1908 5001 1960 5055; x_wconf 89' lang='lat' dir='ltr'><strong>in</strong></span> <span class='ocrx_word' id='word_1_697' title='bbox 1991 5009 2155 5058; x_wconf 91' lang='lat' dir='ltr'><strong>terra.</strong></span> 
     </span>
    </p>
   </div>
   <div class='ocr_carea' id='block_1_94' title="bbox 574 5068 2153 5159">
    <p class='ocr_par' dir='ltr' id='par_1_94' title="bbox 574 5068 2153 5159">
     <span class='ocr_line' id='line_1_94' title="bbox 574 5068 2153 5159; baseline 0.015 -36"><span class='ocrx_word' id='word_1_698' title='bbox 574 5068 706 5124; x_wconf 88' lang='lat' dir='ltr'><strong>Nam</strong></span> <span class='ocrx_word' id='word_1_699' title='bbox 727 5087 849 5126; x_wconf 88' lang='lat' dir='ltr'><strong>cum</strong></span> <span class='ocrx_word' id='word_1_700' title='bbox 871 5084 1016 5129; x_wconf 83' lang='lat' dir='ltr'><strong>esset</strong></span> <span class='ocrx_word' id='word_1_701' title='bbox 1042 5075 1230 5131; x_wconf 82' lang='lat' dir='ltr'><strong>civitas</strong></span> <span class='ocrx_word' id='word_1_702' title='bbox 1257 5076 1575 5135; x_wconf 76' lang='lat' dir='ltr'><strong>idololatria:</strong></span> <span class='ocrx_word' id='word_1_703' title='bbox 1598 5083 1827 5141; x_wconf 89' lang='lat' dir='ltr'><strong>ludibrio</strong></span> <span class='ocrx_word' id='word_1_704' title='bbox 1847 5091 2153 5159; x_wconf 88' lang='lat' dir='ltr'><strong>prostituta,</strong></span> 
     </span>
    </p>
   </div>
   <div class='ocr_carea' id='block_1_95' title="bbox 570 5159 2155 5248">
    <p class='ocr_par' dir='ltr' id='par_1_95' title="bbox 570 5159 2155 5248">
     <span class='ocr_line' id='line_1_95' title="bbox 570 5159 2155 5248; baseline 0.016 -37"><span class='ocrx_word' id='word_1_705' title='bbox 570 5159 822 5215; x_wconf 87' lang='lat' dir='ltr'><strong>vitiorum</strong></span> <span class='ocrx_word' id='word_1_706' title='bbox 846 5161 1021 5241; x_wconf 88' lang='lat' dir='ltr'><strong>spinis</strong></span> <span class='ocrx_word' id='word_1_707' title='bbox 1034 5164 1231 5233; x_wconf 85' lang='lat' dir='ltr'><strong>obsita,</strong></span> <span class='ocrx_word' id='word_1_708' title='bbox 1253 5176 1502 5238; x_wconf 86' lang='lat' dir='ltr'><strong>repertus</strong></span> <span class='ocrx_word' id='word_1_709' title='bbox 1529 5179 1611 5228; x_wconf 89' lang='lat' dir='ltr'><strong>est</strong></span> <span class='ocrx_word' id='word_1_710' title='bbox 1641 5172 1692 5226; x_wconf 93' lang='lat' dir='ltr'><strong>in</strong></span> <span class='ocrx_word' id='word_1_711' title='bbox 1721 5188 1785 5228; x_wconf 90' lang='lat' dir='ltr'><strong>ea</strong></span> <span class='ocrx_word' id='word_1_712' title='bbox 1815 5176 1896 5230; x_wconf 88' lang='lat' dir='ltr'><strong>vir</strong></span> <span class='ocrx_word' id='word_1_713' title='bbox 1921 5179 2155 5248; x_wconf 87' lang='lat' dir='ltr'><strong>sapiens,</strong></span> 
     </span>
    </p>
   </div>
   <div class='ocr_carea' id='block_1_96' title="bbox 573 5250 2155 5345">
    <p class='ocr_par' dir='ltr' id='par_1_96' title="bbox 573 5250 2155 5345">
     <span class='ocr_line' id='line_1_96' title="bbox 573 5250 2155 5345; baseline 0.014 -40"><span class='ocrx_word' id='word_1_714' title='bbox 573 5250 676 5307; x_wconf 81' lang='lat' dir='ltr'><strong>fide</strong></span> <span class='ocrx_word' id='word_1_715' title='bbox 713 5255 1035 5326; x_wconf 79' lang='lat' dir='ltr'><strong>cdnspicuus</strong></span> <span class='ocrx_word' id='word_1_716' title='bbox 1058 5297 1074 5324; x_wconf 92' lang='lat'><strong>,</strong></span> <span class='ocrx_word' id='word_1_717' title='bbox 1113 5258 1372 5317; x_wconf 75' lang='lat' dir='ltr'><strong>doctrina:</strong></span> <span class='ocrx_word' id='word_1_718' title='bbox 1412 5261 1543 5319; x_wconf 81' lang='lat' dir='ltr'><strong>Piati</strong></span> <span class='ocrx_word' id='word_1_719' title='bbox 1574 5273 1811 5322; x_wconf 90' lang='lat' dir='ltr'><strong>sectator</strong></span> <span class='ocrx_word' id='word_1_720' title='bbox 1836 5271 2155 5345; x_wconf 61' lang='lat' dir='ltr'><strong>praecipuus,</strong></span> 
     </span>
    </p>
   </div>
   <div class='ocr_carea' id='block_1_97' title="bbox 554 5457 1087 5531">
    <p class='ocr_par' dir='ltr' id='par_1_97' title="bbox 554 5457 1087 5531">
     <span class='ocr_line' id='line_1_97' title="bbox 554 5457 1087 5531; baseline 0.015 -21"><span class='ocrx_word' id='word_1_721' title='bbox 554 5500 557 5505; x_wconf 92' lang='lat'><strong>.</strong></span> <span class='ocrx_word' id='word_1_722' title='bbox 644 5458 659 5531; x_wconf 67' lang='grc' dir='ltr'><strong>ξ</strong></span> <span class='ocrx_word' id='word_1_723' title='bbox 691 5457 836 5531; x_wconf 73' lang='lat' dir='ltr'><strong>Alias</strong></span> <span class='ocrx_word' id='word_1_724' title='bbox 858 5474 978 5531; x_wconf 89' lang='lat' dir='ltr'><strong>cap.</strong></span> <span class='ocrx_word' id='word_1_725' title='bbox 1010 5477 1087 5518; x_wconf 84' lang='lat' dir='ltr'><strong>tu.</strong></span> 
     </span>
    </p>
   </div>
   <div class='ocr_carea' id='block_1_98' title="bbox 642 5527 1081 5601">
    <p class='ocr_par' dir='ltr' id='par_1_98' title="bbox 642 5527 1081 5601">
     <span class='ocr_line' id='line_1_98' title="bbox 642 5527 1081 5601; baseline 0.021 -22"><span class='ocrx_word' id='word_1_726' title='bbox 642 5528 661 5557; x_wconf 83' lang='lat'>&#39;</span> <span class='ocrx_word' id='word_1_727' title='bbox 686 5527 833 5601; x_wconf 69' lang='lat' dir='ltr'><strong>Alias</strong></span> <span class='ocrx_word' id='word_1_728' title='bbox 860 5527 978 5601; x_wconf 83' lang='lat' dir='ltr'><strong>cap.</strong></span> <span class='ocrx_word' id='word_1_729' title='bbox 1009 5549 1081 5588; x_wconf 82' lang='lat' dir='ltr'><strong>tv.</strong></span> 
     </span>
    </p>
   </div>
   <div class='ocr_carea' id='block_1_99' title="bbox 643 5596 2154 5678">
    <p class='ocr_par' dir='ltr' id='par_1_99' title="bbox 643 5596 2154 5678">
     <span class='ocr_line' id='line_1_99' title="bbox 643 5596 2154 5678; baseline 0.014 -28"><span class='ocrx_word' id='word_1_730' title='bbox 643 5606 667 5678; x_wconf 53' lang='grc' dir='ltr'><strong>ἡ</strong></span> <span class='ocrx_word' id='word_1_731' title='bbox 706 5596 985 5678; x_wconf 31' lang='grc' dir='ltr'><strong>έῦοιυιιιύιι</strong></span> <span class='ocrx_word' id='word_1_732' title='bbox 1031 5603 1084 5659; x_wconf 92' lang='lat' dir='ltr'><strong>hi</strong></span> <span class='ocrx_word' id='word_1_733' title='bbox 1137 5604 1428 5678; x_wconf 64' lang='lat' dir='ltr'><strong>Galliarum</strong></span> <span class='ocrx_word' id='word_1_734' title='bbox 1475 5616 1705 5678; x_wconf 69' lang='lat' dir='ltr'><strong>apostoa</strong></span> <span class='ocrx_word' id='word_1_735' title='bbox 1732 5649 1747 5673; x_wconf 87' lang='lat'><strong>,</strong></span> <span class='ocrx_word' id='word_1_736' title='bbox 1800 5609 2080 5678; x_wconf 69' lang='lat' dir='ltr'><strong>Dionysius</strong></span> <span class='ocrx_word' id='word_1_737' title='bbox 2120 5617 2154 5672; x_wconf 90' lang='lat'><strong>9</strong></span> 
     </span>
    </p>
   </div>
   <div class='ocr_carea' id='block_1_100' title="bbox 569 5663 2153 5758">
    <p class='ocr_par' dir='ltr' id='par_1_100' title="bbox 569 5663 2153 5758">
     <span class='ocr_line' id='line_1_100' title="bbox 569 5663 2153 5758; baseline 0.016 -42"><span class='ocrx_word' id='word_1_738' title='bbox 569 5663 756 5758; x_wconf 51' lang='lat' dir='ltr'><strong>Sit-tuli.</strong></span> <span class='ocrx_word' id='word_1_739' title='bbox 785 5709 800 5734; x_wconf 88' lang='lat'><strong>,</strong></span> <span class='ocrx_word' id='word_1_740' title='bbox 841 5669 1107 5758; x_wconf 43' lang='lat' dir='ltr'><strong>Lucilium.</strong></span> <span class='ocrx_word' id='word_1_741' title='bbox 1191 5674 1468 5758; x_wconf 49' lang='lat' dir='ltr'><strong>Jammriin,</strong></span> <span class='ocrx_word' id='word_1_742' title='bbox 1502 5663 2153 5758; x_wconf 53' lang='lat' dir='ltr'><strong>Quintilius</strong></span> 
     </span>
    </p>
   </div>
   <div class='ocr_carea' id='block_1_101' title="bbox 568 5735 2160 5891">
    <p class='ocr_par' dir='ltr' id='par_1_101' title="bbox 568 5735 2160 5891">
     <span class='ocr_line' id='line_1_101' title="bbox 568 5735 2153 5815; baseline -0.038 -1"><span class='ocrx_word' id='word_1_743' title='bbox 568 5735 833 5808; x_wconf 52' lang='lat' dir='ltr'><strong>emplum</strong></span> <span class='ocrx_word' id='word_1_744' title='bbox 862 5751 910 5794; x_wconf 78' lang='lat' dir='ltr'><strong>et</strong></span> <span class='ocrx_word' id='word_1_745' title='bbox 939 5740 1299 5815; x_wconf 80' lang='lat' dir='ltr'><strong>Crispiuianus</strong></span> <span class='ocrx_word' id='word_1_746' title='bbox 1319 5747 1389 5801; x_wconf 70' lang='lat'><strong>25</strong></span> <span class='ocrx_word' id='word_1_747' title='bbox 1417 5735 1608 5803; x_wconf 72' lang='lat' dir='ltr'><strong>Octob.</strong></span> <span class='ocrx_word' id='word_1_748' title='bbox 1840 5735 1850 5736; x_wconf 50' lang='lat'><strong><em>’</em></strong></span> <span class='ocrx_word' id='word_1_749' title='bbox 1946 5735 1968 5739; x_wconf 83' lang='grc'><strong><em>“</em></strong></span> <span class='ocrx_word' id='word_1_750' title='bbox 1988 5735 2153 5754; x_wconf 56' lang='grc' dir='ltr'><strong>*την-ν</strong></span> 
     </span>
     <span class='ocr_line' id='line_1_102' title="bbox 568 5808 2160 5891; baseline -0.008 0"><span class='ocrx_word' id='word_1_751' title='bbox 568 5890 573 5891; x_wconf 63' lang='lat'><strong><em>,</em></strong></span> <span class='ocrx_word' id='word_1_752' title='bbox 698 5808 1007 5891; x_wconf 51' lang='lat' dir='ltr'><strong>Mattytiyin</strong></span> <span class='ocrx_word' id='word_1_753' title='bbox 1040 5814 1212 5891; x_wconf 51' lang='lat' dir='ltr'><strong>silent</strong></span> <span class='ocrx_word' id='word_1_754' title='bbox 1253 5816 1382 5891; x_wconf 68' lang='lat' dir='ltr'><strong>Acta</strong></span> <span class='ocrx_word' id='word_1_755' title='bbox 1426 5817 1711 5891; x_wconf 78' lang='lat' dir='ltr'><strong>hactenus</strong></span> <span class='ocrx_word' id='word_1_756' title='bbox 1734 5818 1879 5891; x_wconf 76' lang='lat' dir='ltr'><strong>data.</strong></span> <span class='ocrx_word' id='word_1_757' title='bbox 1912 5821 2047 5880; x_wconf 86' lang='lat' dir='ltr'><strong>Illud</strong></span> <span class='ocrx_word' id='word_1_758' title='bbox 2077 5825 2160 5882; x_wconf 85' lang='lat' dir='ltr'><strong>in—</strong></span> 
     </span>
    </p>
   </div>
   <div class='ocr_carea' id='block_1_102' title="bbox 564 5881 2159 5954">
    <p class='ocr_par' dir='ltr' id='par_1_102' title="bbox 564 5881 2159 5954">
     <span class='ocr_line' id='line_1_103' title="bbox 564 5881 2159 5954; baseline 0.014 -22"><span class='ocrx_word' id='word_1_759' title='bbox 564 5881 747 5933; x_wconf 79' lang='lat' dir='ltr'><strong>nuitur</strong></span> <span class='ocrx_word' id='word_1_760' title='bbox 796 5881 845 5934; x_wconf 85' lang='lat' dir='ltr'><strong>in</strong></span> <span class='ocrx_word' id='word_1_761' title='bbox 880 5881 997 5935; x_wconf 89' lang='lat' dir='ltr'><strong>Vita</strong></span> <span class='ocrx_word' id='word_1_762' title='bbox 1038 5882 1327 5939; x_wconf 84' lang='lat' dir='ltr'><strong>Eleutherii</strong></span> <span class='ocrx_word' id='word_1_763' title='bbox 1373 5902 1437 5941; x_wconf 80' lang='lat' dir='ltr'><strong>cx</strong></span> <span class='ocrx_word' id='word_1_764' title='bbox 1485 5888 1751 5946; x_wconf 64' lang='grc' dir='ltr'><strong>διυγίαιἧο</strong></span> <span class='ocrx_word' id='word_1_765' title='bbox 1792 5890 1886 5948; x_wconf 78' lang='lat' dir='ltr'><strong>Ms.</strong></span> <span class='ocrx_word' id='word_1_766' title='bbox 1949 5881 2159 5954; x_wconf 85' lang='lat' dir='ltr'><strong>Torna-</strong></span> 
     </span>
    </p>
   </div>
   <div class='ocr_carea' id='block_1_103' title="bbox 2268 4734 3857 4818">
    <p class='ocr_par' dir='ltr' id='par_1_103' title="bbox 2268 4734 3857 4818">
     <span class='ocr_line' id='line_1_104' title="bbox 2268 4734 3857 4818; baseline 0.01 -30"><span class='ocrx_word' id='word_1_767' title='bbox 2268 4734 2397 4790; x_wconf 88' lang='lat' dir='ltr'><strong>lude</strong></span> <span class='ocrx_word' id='word_1_768' title='bbox 2424 4734 2525 4791; x_wconf 81' lang='lat' dir='ltr'><strong>Job</strong></span> <span class='ocrx_word' id='word_1_769' title='bbox 2553 4740 2761 4807; x_wconf 87' lang='lat' dir='ltr'><strong>magnis</strong></span> <span class='ocrx_word' id='word_1_770' title='bbox 2785 4740 3005 4795; x_wconf 76' lang='lat' dir='ltr'><strong>effertur</strong></span> <span class='ocrx_word' id='word_1_771' title='bbox 3030 4742 3274 4800; x_wconf 91' lang='lat' dir='ltr'><strong>laudibus</strong></span> <span class='ocrx_word' id='word_1_772' title='bbox 3297 4743 3416 4816; x_wconf 83' lang='lat' dir='ltr'><strong>(Job</strong></span> <span class='ocrx_word' id='word_1_773' title='bbox 3438 4762 3566 4811; x_wconf 80' lang='lat' dir='ltr'><strong>xxx,</strong></span> <span class='ocrx_word' id='word_1_774' title='bbox 3588 4746 3700 4818; x_wconf 70' lang='lat'><strong>29),</strong></span> <span class='ocrx_word' id='word_1_775' title='bbox 3729 4749 3857 4818; x_wconf 89' lang='lat' dir='ltr'><strong>quia</strong></span> 
     </span>
    </p>
   </div>
   <div class='ocr_carea' id='block_1_104' title="bbox 2268 4825 3860 4894">
    <p class='ocr_par' dir='ltr' id='par_1_104' title="bbox 2268 4825 3860 4894">
     <span class='ocr_line' id='line_1_105' title="bbox 2268 4825 3860 4894; baseline 0.009 -16"><span class='ocrx_word' id='word_1_776' title='bbox 2268 4825 2434 4881; x_wconf 88' lang='lat' dir='ltr'><strong>frater</strong></span> <span class='ocrx_word' id='word_1_777' title='bbox 2476 4826 2576 4882; x_wconf 93' lang='lat' dir='ltr'><strong>fuit</strong></span> <span class='ocrx_word' id='word_1_778' title='bbox 2620 4827 2914 4885; x_wconf 89' lang='lat' dir='ltr'><strong>draconum</strong></span> <span class='ocrx_word' id='word_1_779' title='bbox 2961 4840 3018 4886; x_wconf 91' lang='lat' dir='ltr'><strong>et</strong></span> <span class='ocrx_word' id='word_1_780' title='bbox 3059 4833 3238 4889; x_wconf 90' lang='lat' dir='ltr'><strong>socius</strong></span> <span class='ocrx_word' id='word_1_781' title='bbox 3273 4835 3655 4891; x_wconf 89' lang='lat' dir='ltr'><strong>struthionum.</strong></span> <span class='ocrx_word' id='word_1_782' title='bbox 3698 4836 3763 4891; x_wconf 86' lang='lat' dir='ltr'><strong>Et</strong></span> <span class='ocrx_word' id='word_1_783' title='bbox 3789 4838 3860 4894; x_wconf 89' lang='lat' dir='ltr'><strong>de</strong></span> 
     </span>
    </p>
   </div>
   <div class='ocr_carea' id='block_1_105' title="bbox 2266 4917 3860 4998">
    <p class='ocr_par' dir='ltr' id='par_1_105' title="bbox 2266 4917 3860 4998">
     <span class='ocr_line' id='line_1_106' title="bbox 2266 4917 3860 4998; baseline 0.008 -27"><span class='ocrx_word' id='word_1_784' title='bbox 2266 4917 2403 4974; x_wconf 90' lang='lat' dir='ltr'><strong>Loth</strong></span> <span class='ocrx_word' id='word_1_785' title='bbox 2433 4920 2628 4975; x_wconf 90' lang='lat' dir='ltr'><strong>dicitur</strong></span> <span class='ocrx_word' id='word_1_786' title='bbox 2657 4920 2747 4993; x_wconf 86' lang='lat' dir='ltr'><strong>(Il</strong></span> <span class='ocrx_word' id='word_1_787' title='bbox 2771 4921 2917 4979; x_wconf 85' lang='lat' dir='ltr'><strong>Petr.</strong></span> <span class='ocrx_word' id='word_1_788' title='bbox 2951 4940 3008 4993; x_wconf 87' lang='lat' dir='ltr'><strong>ll,</strong></span> <span class='ocrx_word' id='word_1_789' title='bbox 3038 4924 3115 4997; x_wconf 88' lang='lat'><strong>8),</strong></span> <span class='ocrx_word' id='word_1_790' title='bbox 3146 4927 3399 4996; x_wconf 87' lang='lat' dir='ltr'><strong>quoniam</strong></span> <span class='ocrx_word' id='word_1_791' title='bbox 3430 4936 3649 4998; x_wconf 88' lang='lat' dir='ltr'><strong>aspectu</strong></span> <span class='ocrx_word' id='word_1_792' title='bbox 3679 4940 3735 4984; x_wconf 89' lang='lat' dir='ltr'><strong>et</strong></span> <span class='ocrx_word' id='word_1_793' title='bbox 3761 4945 3860 4983; x_wconf 86' lang='lat' dir='ltr'><strong>au-</strong></span> 
     </span>
    </p>
   </div>
   <div class='ocr_carea' id='block_1_106' title="bbox 2264 5009 3858 5090">
    <p class='ocr_par' dir='ltr' id='par_1_106' title="bbox 2264 5009 3858 5090">
     <span class='ocr_line' id='line_1_107' title="bbox 2264 5009 3858 5090; baseline 0.008 -27"><span class='ocrx_word' id='word_1_794' title='bbox 2264 5009 2378 5065; x_wconf 92' lang='lat' dir='ltr'><strong>ditu</strong></span> <span class='ocrx_word' id='word_1_795' title='bbox 2411 5009 2588 5079; x_wconf 92' lang='lat' dir='ltr'><strong>justus</strong></span> <span class='ocrx_word' id='word_1_796' title='bbox 2625 5020 2779 5080; x_wconf 91' lang='lat' dir='ltr'><strong>erat,</strong></span> <span class='ocrx_word' id='word_1_797' title='bbox 2812 5013 3061 5071; x_wconf 88' lang='lat' dir='ltr'><strong>habitans</strong></span> <span class='ocrx_word' id='word_1_798' title='bbox 3113 5017 3257 5087; x_wconf 89' lang='lat' dir='ltr'><strong>apud</strong></span> <span class='ocrx_word' id='word_1_799' title='bbox 3288 5033 3383 5073; x_wconf 89' lang='lat' dir='ltr'><strong>eos</strong></span> <span class='ocrx_word' id='word_1_800' title='bbox 3438 5019 3528 5090; x_wconf 87' lang='lat' dir='ltr'><strong>qui</strong></span> <span class='ocrx_word' id='word_1_801' title='bbox 3564 5018 3633 5075; x_wconf 91' lang='lat' dir='ltr'><strong>de</strong></span> <span class='ocrx_word' id='word_1_802' title='bbox 3679 5019 3765 5075; x_wconf 92' lang='lat' dir='ltr'><strong>die</strong></span> <span class='ocrx_word' id='word_1_803' title='bbox 3803 5020 3858 5075; x_wconf 90' lang='lat' dir='ltr'><strong>in</strong></span> 
     </span>
    </p>
   </div>
   <div class='ocr_carea' id='block_1_107' title="bbox 2264 5100 3861 5177">
    <p class='ocr_par' dir='ltr' id='par_1_107' title="bbox 2264 5100 3861 5177">
     <span class='ocr_line' id='line_1_108' title="bbox 2264 5100 3861 5177; baseline 0.009 -24"><span class='ocrx_word' id='word_1_804' title='bbox 2264 5100 2405 5155; x_wconf 88' lang='lat' dir='ltr'><strong>diem</strong></span> <span class='ocrx_word' id='word_1_805' title='bbox 2434 5102 2670 5157; x_wconf 88' lang='lat' dir='ltr'><strong>animum</strong></span> <span class='ocrx_word' id='word_1_806' title='bbox 2695 5103 2826 5173; x_wconf 91' lang='lat' dir='ltr'><strong>justi</strong></span> <span class='ocrx_word' id='word_1_807' title='bbox 2877 5104 3072 5175; x_wconf 91' lang='lat' dir='ltr'><strong>iniquis</strong></span> <span class='ocrx_word' id='word_1_808' title='bbox 3114 5108 3368 5177; x_wconf 90' lang='lat' dir='ltr'><strong>operibus</strong></span> <span class='ocrx_word' id='word_1_809' title='bbox 3405 5110 3737 5165; x_wconf 80' lang='lat' dir='ltr'><strong>cruciabam.</strong></span> <span class='ocrx_word' id='word_1_810' title='bbox 3769 5110 3861 5167; x_wconf 89' lang='lat' dir='ltr'><strong>Sic</strong></span> 
     </span>
    </p>
   </div>
   <div class='ocr_carea' id='block_1_108' title="bbox 2265 5192 3860 5270">
    <p class='ocr_par' dir='ltr' id='par_1_108' title="bbox 2265 5192 3860 5270">
     <span class='ocr_line' id='line_1_109' title="bbox 2265 5192 3860 5270; baseline 0.008 -26"><span class='ocrx_word' id='word_1_811' title='bbox 2265 5199 2483 5246; x_wconf 86' lang='lat' dir='ltr'><strong>sanctus</strong></span> <span class='ocrx_word' id='word_1_812' title='bbox 2519 5192 2621 5247; x_wconf 90' lang='lat' dir='ltr'><strong>iste</strong></span> <span class='ocrx_word' id='word_1_813' title='bbox 2644 5231 2660 5258; x_wconf 95' lang='lat'><strong>,</strong></span> <span class='ocrx_word' id='word_1_814' title='bbox 2701 5194 2753 5248; x_wconf 91' lang='lat' dir='ltr'><strong>in</strong></span> <span class='ocrx_word' id='word_1_815' title='bbox 2793 5196 3027 5252; x_wconf 87' lang='lat' dir='ltr'><strong>nationis</strong></span> <span class='ocrx_word' id='word_1_816' title='bbox 3060 5213 3241 5268; x_wconf 67' lang='lat' dir='ltr'><strong>pravae</strong></span> <span class='ocrx_word' id='word_1_817' title='bbox 3269 5208 3322 5254; x_wconf 89' lang='lat' dir='ltr'><strong>et</strong></span> <span class='ocrx_word' id='word_1_818' title='bbox 3353 5215 3619 5270; x_wconf 66' lang='lat' dir='ltr'><strong>perversa:</strong></span> <span class='ocrx_word' id='word_1_819' title='bbox 3655 5200 3860 5269; x_wconf 89' lang='lat' dir='ltr'><strong>medio,</strong></span> 
     </span>
    </p>
   </div>
   <div class='ocr_carea' id='block_1_109' title="bbox 2266 5280 3864 5363">
    <p class='ocr_par' dir='ltr' id='par_1_109' title="bbox 2266 5280 3864 5363">
     <span class='ocr_line' id='line_1_110' title="bbox 2266 5280 3864 5363; baseline 0.009 -28"><span class='ocrx_word' id='word_1_820' title='bbox 2266 5280 2405 5336; x_wconf 88' lang='lat' dir='ltr'><strong>sicut</strong></span> <span class='ocrx_word' id='word_1_821' title='bbox 2435 5281 2698 5340; x_wconf 89' lang='lat' dir='ltr'><strong>luminare</strong></span> <span class='ocrx_word' id='word_1_822' title='bbox 2728 5283 2939 5341; x_wconf 89' lang='lat' dir='ltr'><strong>lucebat</strong></span> <span class='ocrx_word' id='word_1_823' title='bbox 2963 5286 3015 5342; x_wconf 93' lang='lat' dir='ltr'><strong>in</strong></span> <span class='ocrx_word' id='word_1_824' title='bbox 3043 5288 3242 5345; x_wconf 88' lang='lat' dir='ltr'><strong>mundo</strong></span> <span class='ocrx_word' id='word_1_825' title='bbox 3265 5330 3281 5352; x_wconf 88' lang='lat'><strong>.</strong></span> <span class='ocrx_word' id='word_1_826' title='bbox 3320 5290 3461 5347; x_wconf 87' lang='lat' dir='ltr'><strong>sicut</strong></span> <span class='ocrx_word' id='word_1_827' title='bbox 3486 5293 3744 5363; x_wconf 88' lang='lat' dir='ltr'><strong>scriptum</strong></span> <span class='ocrx_word' id='word_1_828' title='bbox 3776 5304 3864 5350; x_wconf 80' lang='lat' dir='ltr'><strong>est</strong></span> 
     </span>
    </p>
   </div>
   <div class='ocr_carea' id='block_1_110' title="bbox 2262 5493 3499 5638">
    <p class='ocr_par' dir='ltr' id='par_1_110' title="bbox 2262 5493 3499 5638">
     <span class='ocr_line' id='line_1_111' title="bbox 2262 5493 3499 5638; baseline 0.011 -33"><span class='ocrx_word' id='word_1_829' title='bbox 2262 5493 2775 5638; x_wconf 44' lang='lat' dir='ltr'><strong>cegsflironepotem.</strong></span> <span class='ocrx_word' id='word_1_830' title='bbox 2788 5550 3025 5628; x_wconf 75' lang='lat' dir='ltr'><strong>appellat</strong></span> <span class='ocrx_word' id='word_1_831' title='bbox 3050 5561 3238 5616; x_wconf 85' lang='lat' dir='ltr'><strong>eadem</strong></span> <span class='ocrx_word' id='word_1_832' title='bbox 3279 5562 3396 5618; x_wconf 87' lang='lat' dir='ltr'><strong>Vita</strong></span> <span class='ocrx_word' id='word_1_833' title='bbox 3492 5568 3499 5575; x_wconf 85' lang='lat'><strong><em>&#39;</em></strong></span> 
     </span>
    </p>
   </div>
   <div class='ocr_carea' id='block_1_111' title="bbox 2334 5620 3672 5706">
    <p class='ocr_par' dir='ltr' id='par_1_111' title="bbox 2334 5620 3672 5706">
     <span class='ocr_line' id='line_1_112' title="bbox 2334 5620 3672 5706; baseline 0.014 -33"><span class='ocrx_word' id='word_1_834' title='bbox 2334 5620 2361 5706; x_wconf 56' lang='grc' dir='ltr'><strong>(ξ</strong></span> <span class='ocrx_word' id='word_1_835' title='bbox 2393 5620 2733 5706; x_wconf 45' lang='grc' dir='ltr'><strong>ξφιιιθξριοςη</strong></span> <span class='ocrx_word' id='word_1_836' title='bbox 2762 5620 3043 5706; x_wconf 56' lang='grc' dir='ltr'><strong>ξιιᾷρέιιιιμειν</strong></span> <span class='ocrx_word' id='word_1_837' title='bbox 3072 5645 3389 5706; x_wconf 67' lang='lat' dir='ltr'><strong>generosus,</strong></span> <span class='ocrx_word' id='word_1_838' title='bbox 3403 5633 3672 5706; x_wconf 65' lang='lat' dir='ltr'><strong>liberalis.</strong></span> 
     </span>
    </p>
   </div>
   <div class='ocr_carea' id='block_1_112' title="bbox 2340 5690 3858 5772">
    <p class='ocr_par' dir='ltr' id='par_1_112' title="bbox 2340 5690 3858 5772">
     <span class='ocr_line' id='line_1_113' title="bbox 2340 5690 3858 5772; baseline 0.01 -26"><span class='ocrx_word' id='word_1_839' title='bbox 2340 5700 2362 5729; x_wconf 71' lang='grc' dir='ltr'>ε</span> <span class='ocrx_word' id='word_1_840' title='bbox 2394 5690 2737 5772; x_wconf 49' lang='grc' dir='ltr'><strong>Μρξξιιὶξξιιιιι</strong></span> <span class='ocrx_word' id='word_1_841' title='bbox 2764 5690 3169 5772; x_wconf 71' lang='lat' dir='ltr'><strong>Valentinianus</strong></span> <span class='ocrx_word' id='word_1_842' title='bbox 3191 5718 3333 5757; x_wconf 90' lang='lat' dir='ltr'><strong>anno</strong></span> <span class='ocrx_word' id='word_1_843' title='bbox 3364 5690 3459 5757; x_wconf 59' lang='lat' dir='ltr'><strong>15f</strong></span> <span class='ocrx_word' id='word_1_844' title='bbox 3492 5746 3508 5772; x_wconf 93' lang='lat'><strong>,</strong></span> <span class='ocrx_word' id='word_1_845' title='bbox 3550 5690 3858 5762; x_wconf 74' lang='lat' dir='ltr'><strong>Marcianus</strong></span> 
     </span>
    </p>
   </div>
   <div class='ocr_carea' id='block_1_113' title="bbox 2265 5760 3857 5846">
    <p class='ocr_par' dir='ltr' id='par_1_113' title="bbox 2265 5760 3857 5846">
     <span class='ocr_line' id='line_1_114' title="bbox 2265 5760 3857 5846; baseline 0.011 -31"><span class='ocrx_word' id='word_1_846' title='bbox 2265 5776 2410 5846; x_wconf 83' lang='lat' dir='ltr'><strong>anno</strong></span> <span class='ocrx_word' id='word_1_847' title='bbox 2431 5760 2703 5846; x_wconf 42' lang='lat' dir='ltr'><strong>4:57..”Non</strong></span> <span class='ocrx_word' id='word_1_848' title='bbox 2734 5778 2857 5846; x_wconf 77' lang='lat' dir='ltr'><strong>sunt</strong></span> <span class='ocrx_word' id='word_1_849' title='bbox 2878 5771 3119 5846; x_wconf 79' lang='lat' dir='ltr'><strong>apposita</strong></span> <span class='ocrx_word' id='word_1_850' title='bbox 3142 5774 3366 5846; x_wconf 69' lang='lat' dir='ltr'><strong>nomina</strong></span> <span class='ocrx_word' id='word_1_851' title='bbox 3391 5760 3781 5846; x_wconf 72' lang='lat' dir='ltr'><strong>imperatorum</strong></span> <span class='ocrx_word' id='word_1_852' title='bbox 3799 5760 3857 5833; x_wconf 80' lang='lat' dir='ltr'><strong>in</strong></span> 
     </span>
    </p>
   </div>
   <div class='ocr_carea' id='block_1_114' title="bbox 2267 5832 3865 5915">
    <p class='ocr_par' dir='ltr' id='par_1_114' title="bbox 2267 5832 3865 5915">
     <span class='ocr_line' id='line_1_115' title="bbox 2267 5832 3865 5915; baseline 0.011 -32"><span class='ocrx_word' id='word_1_853' title='bbox 2267 5845 2363 5915; x_wconf 47' lang='lat' dir='ltr'><strong>ius:</strong></span> <span class='ocrx_word' id='word_1_854' title='bbox 2393 5840 2484 5886; x_wconf 90' lang='lat' dir='ltr'><strong>aut</strong></span> <span class='ocrx_word' id='word_1_855' title='bbox 2504 5832 2623 5915; x_wconf 75' lang='lat' dir='ltr'><strong>aliis</strong></span> <span class='ocrx_word' id='word_1_856' title='bbox 2645 5838 2809 5915; x_wconf 45' lang='lat' dir='ltr'><strong>Actis,</strong></span> <span class='ocrx_word' id='word_1_857' title='bbox 2829 5832 3113 5915; x_wconf 67' lang='lat' dir='ltr'><strong>uti&#39;ﬁeque</strong></span> <span class='ocrx_word' id='word_1_858' title='bbox 3141 5841 3332 5915; x_wconf 61' lang='lat' dir='ltr'><strong>lfranei</strong></span> <span class='ocrx_word' id='word_1_859' title='bbox 3355 5832 3557 5915; x_wconf 74' lang='lat' dir='ltr'><strong>antiqui</strong></span> <span class='ocrx_word' id='word_1_860' title='bbox 3585 5832 3865 5903; x_wconf 55' lang='lat' dir='ltr'><strong>solebant.</strong></span> 
     </span>
    </p>
   </div>
   <div class='ocr_carea' id='block_1_115' title="bbox 2268 5898 3280 5968">
    <p class='ocr_par' dir='ltr' id='par_1_115' title="bbox 2268 5898 3280 5968">
     <span class='ocr_line' id='line_1_116' title="bbox 2268 5898 3280 5968; baseline 0.013 -13"><span class='ocrx_word' id='word_1_861' title='bbox 2268 5898 2434 5957; x_wconf 82' lang='lat' dir='ltr'><strong>Natus</strong></span> <span class='ocrx_word' id='word_1_862' title='bbox 2462 5912 2544 5959; x_wconf 89' lang='lat' dir='ltr'><strong>est</strong></span> <span class='ocrx_word' id='word_1_863' title='bbox 2576 5903 2635 5961; x_wconf 89' lang='lat' dir='ltr'><strong>S.</strong></span> <span class='ocrx_word' id='word_1_864' title='bbox 2670 5898 3009 5966; x_wconf 80' lang='lat' dir='ltr'><strong>Eleutherius</strong></span> <span class='ocrx_word' id='word_1_865' title='bbox 3028 5898 3122 5966; x_wconf 62' lang='lat' dir='ltr'><strong>&#39;au.</strong></span> <span class='ocrx_word' id='word_1_866' title='bbox 3157 5909 3280 5968; x_wconf 70' lang='grc'><strong>456.</strong></span> 
     </span>
    </p>
   </div>
  </div>
