4074 6492
182 347 282 449 (ιδ’

1080 392 1139 452 S.
1177 387 1588 449 ELEUTllERll
1634 387 1787 450 VlTA
1826 393 2148 454 AUCTORE
2185 395 2541 459 CUIBEl‘tTG.

3375 411 3446 467 66

185 505 236 558 in
273 502 476 558 amoris
514 500 734 558 Calitico
785 502 961 578 (Cant.
993 519 1048 568 ιι,
1079 505 1136 572 9)
1172 524 1183 558 :
1216 505 1366 560 Sicut
1409 504 1574 558 lilium
1625 507 1761 559 inter
1791 509 1836 569 Α
1865 507 2182 564 videbantur
2203 509 2423 566 rediisse
2445 521 2684 584 tempora
2705 517 3159 589 prophetarumu
3190 519 3342 576 Esdr.
3367 524 3449 595 ιιι)

184 594 402 663 spinas,
433 593 512 648 sic
539 592 860 648 amica-mea
908 594 1047 649 inter
1091 592 1245 650 ﬁlias.
1294 593 1457 663 Spina
1507 604 1589 650 est
1626 597 1765 650 inter

184 682 367 750 spinas
387 721 404 744 ,
449 680 589 735 inter
629 680 894 751 inquietos
937 683 1203 750 inquietus
1227 717 1244 746 ,
1277 683 1442 738 liliqu
1470 685 1605 738 inter
1635 685 1760 749 lilia,

186 771 326 826 inter
351 770 717 840 disciplinatos
764 771 1058 841 paciﬁcus;
1099 774 1250 844 spina
1291 775 1429 828 inter
1469 775 1608 838 lilia,
1636 775 1764 830 Saul

187 862 324 916 inter
340 860 640 930 ,pr0phetas
668 879 679 912 :
708 860 804 916 sed
826 877 944 916 cum
976 861 1041 915 iis
1065 863 1155 930 qui
1184 862 1411 918 oderunt
1438 879 1624 934 pacem
1648 873 1766 918 erat

186 950 457 1020 paciﬁcus,
490 959 546 1005 et
573 951 649 1006 sic
677 951 844 1006 lilium
876 952 1016 1007 inter
1040 953 1240 1022 spinas.

257 1064 272 1093 ¹
311 1060 360 1114 9.
403 1062 626 1117 Factum
663 1069 747 1118 est
773 1057 951 1118 autem
982 1063 1034 1118 in
1063 1064 1250 1120 diebus
1279 1065 1404 1134 illis,
1435 1074 1495 1121 ut
1526 1068 1766 1123 tribunus

187 1152 621 1218 ‘Scandinensis,
641 1153 800 1222 quiet
815 1152 1142 1210 Tornacensi
1160 1157 1621 1225 prteerateivitati,
1637 1174 1766 1213 con-

185 1242 415 1310 gregatis
437 1242 738 1297 senioribus
765 1243 965 1312 populi,
998 1259 1118 1299 cum
1147 1244 1402 1301 effrenata
1431 1249 1768 1305 multitudine

185 1331 476 1400 paganismi
523 1329 841 1386 decerneret
871 1333 924 1386 in
951 1335 1264 1401 cemmuni,
1297 1343 1356 1389 ut
1401 1336 1517 1391 sine
1554 1337 1767 1392 delectu

185 1421 506 1476 conditionis
535 1429 628 1475 aut
653 1430 813 1476 sex'us
842 1421 1205 1476 indifferenter
1230 1438 1417 1479 omnes
1447 1422 1570 1480 ﬁdei
1609 1424 1766 1479 Chri-

185 1512 369 1565 stianat
397 1511 634 1567 cultores
659 1513 727 1566 ab
755 1512 885 1566 urbe
914 1511 1158 1567 Tornaco
1185 1528 1306 1568 cum
1336 1514 1624 1583 ignominia
1654 1516 1767 1586 pel-

188 1602 437 1668 lereutur,
470 1609 526 1658 et
567 1604 676 1659 suis
706 1604 926 1658 omnino
958 1606 1380 1674 possessionibus
1409 1608 1763 1677 privarentur.

188 1690 562 1761 Propelluntur
614 1693 774 1761 igitur
820 1693 887 1746 ad
922 1693 1167 1762 injuriam
1205 1693 1404 1749 Christi
1450 1697 1686 1752 Serenus
1713 1706 1768 1752 et

189 1784 381 1838 Blanda
429 1793 484 1839 et
526 1785 717 1839 unicus
765 1799 952 1839 eorum
1000 1785 1138 1840 ﬁlius
1165 1784 1501 1842 Eleutherius
1539 1787 1608 1843 ab
1636 1789 1768 1843 urbe

1866 612 1985 651 cum
2005 600 2104 654 sub
2117 599 2411 656 Zorobabcl
2433 604 2849 660 reasdiﬁcarctur
2866 609 3142 678 templum.
3157 610 3294 676 Quin
3318 613 3446 679 imo,

1861 690 2093 759 jucunda
2124 709 2222 748 nos
2255 694 2562 764 imaginatio
2608 700 2875 768 protrahit
2917 701 2982 755 ad
3025 702 3447 758 Machabaeor'nm

1866 783 2257 840 consideranda
2287 794 2527 858 tempora
2555 827 2570 852 ,
2612 806 2734 845 cum
2779 788 3064 846 Machabaei
3108 793 3297 849 fratres
3324 793 3450 851 suos

1868 874 2142 945 dispersos
2183 888 2472 942 revocant,
2513 880 2662 949 leges
2701 883 2879 953 lapsas
2898 885 3155 953 erigunt,
3194 898 3452 942 renovant

1867 967 2233 1031 e-.crembnias,
2262 970 2520 1024 mund-ant
2544 987 2713 1038 sacra,
2745 973 2938 1028 damna
2962 958 3137 1043 lougtc
3163 977 3452 1032 desolatio-

1868 1057 1950 1110 nis
1976 1057 2174 1111 eximio
2215 1058 2443 1119 virtutis.
2473 1063 2790 1132 compendio
2836 1064 3179 1138 redimentes.
3223 1067 3451 1123 Reeola-

1869 1164 1986 1202 mus
2015 1147 2265 1204 Ecclesia:
2297 1153 2564 1207 nascentis
2593 1154 2869 1209 infantiam
2892 1197 2906 1221 ,
2932 1171 3224 1227 pauperum
3254 1149 3450 1228 Christi

1869 1249 2085 1304 statum,
2119 1240 2419 1296 videbimus
2447 1245 2780 1300 consimilem
2809 1229 3125 1303 humilitatis
3153 1249 3446 1314 modulum,
3469 1243 3472 1246 ’

1869 1346 1899 1382 a
1931 1345 2038 1399 quo
2061 1331 2288 1398 sumpsit
2310 1331 2539 1386 ecclesia
2565 1331 2918 1393 Tornacensis
2941 1337 3218 1393 exordium
3248 1349 3302 1393 et
3327 1355 3450 1410 pro-

1870 1432 2131 1486 gressum.
2190 1419 2306 1475 Non
2355 1419 2424 1476 de
2471 1421 2728 1479 lateribus
2773 1425 2888 1494 ejus
2933 1428 3116 1482 arvina
3161 1429 3447 1498 pendebat,

1869 1508 2082 1578 quando
2123 1509 2301 1564 nullus
2338 1510 2611 1580 proprium
2652 1513 2852 1584 aliquid
2890 1516 3180 1571 asserebat.
3230 1505 3337 1572 Sed
3384 1534 3451 1573 ne

1870 1603 2019 1671 plebs
2065 1604 2278 1658 humilis
2325 1603 2473 1659 velut
2518 1607 2774 1677 acephala
2822 1625 2920 1678 per
2961 1609 3187 1665 licentia:
3233 1605 3465 1682 campos

1869 1707 2022 1761 vaga,
2055 1693 2138 1748 vel
2171 1703 2193 1730 ε
2229 1702 2365 1749 tetre
2408 1711 2504 1764 per
2540 1696 2769 1752 haereses
2796 1697 3012 1769 dyscola
3052 1700 3300 1768 periculis
3329 1702 3453 1754 subi

1869 1781 2104 1845 deretur,
2131 1781 2444 1838 Theodorus
2474 1783 2524 1837 in
2550 1784 2775 1853 primum
2806 1788 3115 1856 episcopum
3147 1788 3455 1844 Tornacen--

187 1875 448 1940 Tornaci,
501 1874 732 1945 propriis
777 1874 959 1928 nudati
1010 1875 1473 1944 possessionibus,
1529 1875 1769 1931 destituti
1803 1879 1986 1938 Bsem
2031 1886 2061 1924 a
2109 1872 2292 1940 paucis
2341 1869 2584 1928 ﬁdelibus
2633 1875 2998 1930 conﬁrmatur.
3049 1875 3154 1932 Sed
3189 1878 3208 1915 τ
3250 1878 3451 1948 interiit

188 1971 393 2038 prazdiis
421 1979 476 2026 et
506 1968 677 2040 gloria
714 1971 1018 2040 temporali.
1062 1968 1165 2025 Sed
1195 1971 1404 2025 virtutis
1431 1971 1766 2040 exercitium,

185 2062 326 2129 quod
354 2062 586 2116 latuerat
616 2062 668 2115 in
699 2060 1053 2131 prosperitate
1077 2100 1092 2126 ,
1137 2060 1304 2128 magis
1333 2074 1397 2115 ac
1418 2060 1587 2128 magis
1614 2060 1770 2115 iuno-

189 2152 285 2205 tuit
307 2152 357 2206 in
384 2150 734 2206 adversitate.
767 2149 857 2206 Sic
884 2149 1027 2204 enim
1053 2158 1320 2219 unguenta
1342 2147 1587 2204 redolere
1612 2148 1770 2203 latius

186 2242 425 2296 nesciunt
470 2241 573 2295 nisi
621 2247 888 2295 commota
921 2257 934 2292 :
966 2239 1045 2294 sic
1086 2246 1327 2292 aromata
1366 2236 1394 2276 ιδ
1426 2237 1769 2305 fragrantiam

187 2349 291 2388 non
320 2332 654 2404 expandunt,
681 2331 783 2385 nisi
809 2329 1008 2384 fuerint
1035 2329 1156 2399 igne
1185 2343 1441 2383 succensa
1467 2345 1480 2381 :
1511 2329 1587 2382 sic
1616 2327 1768 2396 grani

188 2423 382 2493 sinapis
407 2424 578 2477 virtus
610 2436 944 2492 nequaquam
974 2420 1332 2490 cognoscitur,
1364 2417 1463 2472 nisi
1492 2419 1649 2473 theca
1679 2432 1772 2472 va-

187 2512 290 2570 lide
317 2521 672 2579 conteratur;
720 2529 827 2569 non
858 2512 1146 2568 contritum
1184 2510 1304 2566 leve
1332 2519 1442 2577 est,
1477 2511 1768 2566 contritum

185 2607 411 2676 amplius
457 2603 750 2659 inardescit
792 2611 848 2659 et
893 2601 1244 2657 acrimoniam
1285 2600 1500 2655 latentis
1539 2601 1768 2668 energite

191 2697 534 2753 vehementer
557 2696 812 2753 ostendit.
835 2695 926 2750 Sic
945 2696 998 2750 in
1022 2693 1396 2765 persecutione
1417 2692 1583 2747 virtus
1604 2692 1767 2746 animi

188 2787 487 2843 declaratur
514 2806 532 2841 τ
564 2789 642 2844 sic
667 2787 815 2857 quod
853 2787 1056 2840 latebat
1086 2785 1140 2839 in
1182 2784 1493 2854 parentibus
1541 2792 1594 2838 et
1636 2782 1765 2850 ﬁlio,

185 2874 511 2933 luculentius
541 2878 799 2948 aperitur.
848 2876 1000 2932 Unde
1029 2877 1132 2930 alia
1160 2875 1335 2929 littera
1365 2873 1494 2928 dicit
1541 2872 1766 2943 (Psalm.

188 2980 293 3032 xu,
325 2967 398 3039 9)
436 2989 455 3023 τ
492 2969 556 3023 in
602 2969 689 3023 die
728 2967 1000 3022 mandavit
1047 2965 1302 3020 Dominus
1347 2963 1768 3018 misericordiam

189 3072 358 3125 suam,
385 3069 408 3098 ο
431 3066 486 3114 et
517 3059 568 3112 in
602 3065 758 3113 nocte
783 3055 1093 3111 declaravit.
1125 3054 1335 3109 Donum
1357 3053 1499 3108 enim
1527 3052 1622 3106 Dei
1648 3066 1770 3121 gra-
1797 3077 1800 3080 ~

189 3148 375 3203 tuitum
399 3192 416 3218 ,
455 3149 605 3220 quod
635 3149 688 3203 in
728 3157 970 3218 tempone
1002 3145 1308 3201 serenitatis
1345 3142 1642 3199 infunditur
1663 3185 1676 3209 ,
1714 3143 1767 3197 in

188 3227 618 3296 tribulatién‘ibus
650 3239 970 3294 declaratur.
1012 3236 1122 3292 Sed
1153 3236 1282 3306 quid
1321 3235 1491 3306 paleis
1521 3234 1586 3290 ad
1626 3233 1769 3289 triti-
1795 3233 1840 3295 C

166 3331 348 3384 ‘eum?
375 3330 506 3385 dicit
533 3330 788 3385 Dominus
816 3327 1030 3400 (larem.
1059 3343 1208 3394 mu,
1234 3325 1348 3399 28).

259 3444 346 3499 10.
378 3444 450 3501 Ut
479 3445 639 3514 igitur
665 3445 1094 3516 disjungereutur
1121 3452 1175 3498 et
1201 3444 1353 3509 locis,
1384 3442 1476 3512 qui
1506 3441 1773 3512 disjunge-

191 3534 383 3590 bantur
411 3544 467 3592 et
495 3536 719 3604 actibus,
755 3545 902 3592 mota
931 3543 1016 3589 est
1043 3534 1346 3606 persecutio
1373 3533 1526 3604 quasi
1549 3542 1769 3615 ventus.

189 3623 253 3677 Et
276 3625 416 3681 sicut
445 3626 806 3681 invalescente
840 3633 1123 3680 ventorum
1150 3625 1363 3680 turbine
1391 3623 1658 3680 ventilatis
1680 3638 1776 3693 pa-

192 3715 308 3778 leis,
337 3724 395 3770 et
423 3714 738 3769 adulterinis
765 3718 944 3784 granis
961 3757 977 3782 ,
1009 3723 1065 3769 et
1090 3715 1271 3770 vacuis
1288 3713 1510 3784 jamjam
1536 3713 1772 3782 rejectis,

1870 1960 2050 2014 divino
2080 1975 2364 2030 percussus
2391 1962 2615 2032 spiculo,
2647 1980 2937 2033 paucorum
2976 1966 3179 2020 dierum
3213 1976 3452 2036 tempore

1869 2050 2106 2108 evoluto.
2133 2051 2223 2106 Sic
2243 2066 2338 2120 per
2359 2055 2638 2122 apostasia:
2659 2056 2842 2109 vitium
2863 2057 3065 2126 primus
3087 2058 3306 2126 angelus
3329 2075 3452 2113 cor-

1869 2143 2008 2210 ruit;
2065 2143 2143 2200 sic
2171 2144 2300 2199 Saul
2330 2145 2532 2214 primus
2574 2145 2918 2202 Hebraeorum
2960 2163 3054 2222 rex
3081 2157 3302 2220 propter
3329 2139 3469 2220 pec?

1869 2242 2046 2288 catum
2077 2234 2455 2290 inobedientia‘.
2493 2239 2812 2306 reprobatus
2843 2237 2940 2292 fuit
2969 2237 3024 2309 (I
3046 2240 3175 2311 Reg.
3212 2241 3299 2311 xv)
3335 2258 3346 2292 :
3377 2241 3453 2294 sic

1867 2325 2075 2394 primus
2117 2324 2399 2394 episcopus
2427 2325 2783 2382 Tornacensis
2813 2328 3014 2384 ultione
3041 2329 3219 2383 divina
3249 2325 3476 2400 pereelk

1869 2414 2014 2480 litur,
2036 2422 2098 2468 ut
2117 2415 2406 2470 secundum
2429 2415 2696 2486 Sapientis
2717 2417 2988 2487 eloquium
3011 2419 3296 2489 pestilente
3318 2421 3453 2474 mul-

1869 2513 2016 2560 ctato
2046 2505 2297 2575 parvulus
2324 2507 2620 2577 sapientior
2642 2506 2962 2576 habeaturf
2987 2509 3141 2564 Prov.
3177 2527 3287 2576 χιχ,
3317 2511 3429 2580 25)

1870 2593 2000 2647 Nam
2031 2609 2151 2649 cum
2181 2595 2374 2662 exiguo
2403 2594 2732 2650 concedatur
2758 2597 3125 2653 misericordia
3150 2640 3165 2665 ,
3207 2607 3454 2673 potentes

1868 2691 2119 2753 potenter
2143 2683 2400 2754 supplicia
2431 2687 2720 2754 patientur.
2753 2685 2859 2744 Sed
2886 2689 2977 2757 qui
3006 2689 3164 2744 sedes
3191 2691 3478 2760 superbo-'

1871 2791 1988 2828 runt
2017 2777 2235 2841 evertit,
2267 2784 2324 2830 et
2352 2777 2581 2832 humiles
2610 2791 2708 2847 pro
2737 2774 2937 2833 eisdem
2965 2781 3262 2845 constituit,
3295 2779 3455 2834 Eleu-

1871 2866 2100 2920 therium
2129 2867 2180 2919 in
2210 2866 2522 2936 episcopum
2567 2869 2690 2936 eligi
2733 2855 3078 2938 procuravit,
3119 2879 3174 2925 et
3203 2871 3317 2938 ejus
3343 2870 3455 2924 ele-

1869 2955 2048 3009 ctione
2073 2955 2384 3009 confirmata
2409 2971 2506 3025 per
2525 2965 2552 3002 ις
2575 2972 2840 3010 summum
2866 2959 3194 3026 pontiﬁcem,
3222 2961 3479 3034 gratuito

1870 3052 2222 3100 consecratus
2270 3053 2354 3100 est
2400 3046 2452 3099 in
2519 3046 2830 3117 episcopum
2891 3048 3283 3103 Tornacensem
3334 3058 3454 3118 poSt

1872 3134 2212 3190 Theodorum
2239 3134 2286 3191 ι’.
3293 3160 3298 3163 ·

2489 3271 2724 3327 CAPUT
2761 3272 2847 3327 Ill.

1871 3365 2083 3421 Mortua
2108 3384 2140 3420 a
2170 3365 2229 3423 S.
2257 3366 2555 3440 Eleutherio
2583 3373 2916 3432 resuscitata;
2948 3372 3093 3440 cruci,
3118 3371 3350 3438 claudus,
3380 3374 3455 3427 fe-

1941 3454 2125 3506 prosus
2148 3439 2356 3514 sanati;
2385 3439 2736 3514 Tornqcenees
2761 3442 2834 3494 ad
2852 3443 3008 3512 ﬁdem
3035 3443 3263 3496 conversi
3287 3460 3305 3508 ;
3336 3461 3453 3514 pec-

1942 3514 2112 3561 catum
2141 3506 2425 3563 Chlodoveo
2449 3513 2555 3580 regi
2584 3506 2888 3567 indicatum.

1946 3620 1966 3652 ³
1997 3621 2083 3675 12.
2111 3621 2438 3678 Sublimatus
2459 3623 2794 3680 Eleutherius
2817 3625 2979 3681 infula
3004 3626 3279 3697 pastorali,
3302 3627 3458 3684 bonis

1875 3712 2127 3783 operibus
2158 3713 2399 3782 implevit
2439 3715 2746 3784 pontiﬁcem
2771 3756 2786 3778 ,
2819 3715 2970 3785 cujus
2999 3713 3233 3771 ofﬁcium
3265 3717 3458 3771 mereri

187 3813 314 3874 post
336 3805 706 3876 regyrationes
731 3805 1050 3875 multiplices
1073 3819 1235 3874 grana
1261 3801 1429 3860 solida
1450 3806 1778 3875 congloban-
1877 3805 2046 3871 magis
2073 3803 2354 3858 studuerat
2375 3820 2535 3872 quam
2566 3806 2794 3878 mercari
2821 3845 2836 3871 ,
2867 3807 3052 3863 vivens
3089 3807 3461 3860 ordinabiliter

191 3900 281 3947 tur
309 3894 378 3948 ad
408 3895 636 3950 invicem
656 3936 671 3962 ,
703 3902 763 3950 ut
789 3894 948 3950 unius
975 3909 1164 3949 massa:
1191 3893 1477 3963 quamdam
1505 3895 1778 3965 insepara-
1878 3895 1979 3948 sibi
2007 3934 2022 3958 ,
2054 3894 2322 3948 socialiter
2360 3896 2608 3962 proximo
2632 3935 2646 3958 ,
2676 3895 2772 3950 sed
2799 3897 3070 3950 humiliter
3099 3897 3150 3950 in
3180 3897 3460 3966 prmseritia

195 3982 355 4038 bilem
382 3984 581 4039 faciant
608 3985 910 4056 portionem
930 4023 946 4050 ,
974 3981 999 4020 ά
1027 3985 1105 4038 sic
1131 3999 1163 4038 a
1191 3983 1408 4039 civitate
1436 3983 1583 4050 regia
1609 3982 1781 4036 eiimi-
1880 3985 2152 4040 Creatoris
2181 4002 2193 4036 :
2225 3985 2552 4053 compositus
2598 3986 2666 4038 ad
2713 4001 2890 4040 mores
2916 4026 2930 4050 ,
2961 3985 3194 4039 fervidus
3230 3985 3283 4039 in
3330 3985 3464 4039 dile-

197 4074 308 4128 nati
336 4075 656 4131 ehristicola:
696 4083 750 4131 et
784 4073 999 4141 ﬁdeles,
1032 4089 1139 4128 non
1176 4073 1330 4128 divisi
1359 4073 1454 4128 sed
1481 4072 1646 4137 uniti,
1672 4087 1780 4126 non
1827 4067 1844 4084 ⁹
1880 4075 2079 4135 ctione,
2113 4081 2424 4128 mansuetus
2450 4074 2500 4126 in
2529 4075 2788 4128 societate
2813 4116 2827 4140 ,
2858 4075 3064 4128 stabilis
3095 4076 3146 4128 in
3175 4075 3459 4145 promisso,

195 4167 414 4221 contriti
444 4168 538 4223 sed
568 4167 752 4234 exciti,
792 4166 1020 4220 vividius
1050 4165 1414 4234 glomerantur
1438 4165 1504 4218 ad
1532 4162 1784 4218 Eleutbe-
1883 4163 2034 4221 fortis
2060 4165 2126 4220 ad
2150 4165 2458 4236 patientiam
2485 4205 2498 4229 ,
2530 4181 2730 4235 pronus
2767 4165 2832 4220 ad
2858 4167 3199 4222 concordiam
3224 4208 3238 4231 ,
3267 4167 3465 4234 rigidus
3499 4235 3504 4238 Α

200 4255 337 4310 rium
365 4265 420 4312 et
447 4265 715 4328 parentes,
773 4265 830 4311 et
857 4256 910 4310 in
944 4256 1087 4319 loco,
1117 4254 1207 4323 qui
1235 4253 1573 4307 Blandinium
1595 4251 1784 4321 'appel-
1814 4271 1816 4274 ν
1883 4255 1949 4310 ad
1972 4269 2274 4310 censuram.
2306 4253 2435 4308 Erat
2455 4257 2598 4310 enim
2620 4257 2671 4310 in
2697 4256 2910 4325 judiciis
2932 4264 3129 4324 rectus,
3155 4258 3206 4310 in
3230 4257 3465 4327 jubequ

199 4344 362 4413 latur,
411 4348 690 4404 basilicam
732 4346 788 4402 in
835 4347 1042 4401 honore
1082 4344 1144 4400 Β.
1174 4343 1318 4399 Petri
1364 4350 1684 4400 construunt
1730 4349 1785 4396 et
1885 4344 2150 4399 discretus
2177 4385 2192 4409 ,
2243 4345 2294 4397 in
2344 4344 2741 4414 diSpeusatione
2789 4346 3117 4411 industrius,
3167 4347 3217 4400 in
3262 4347 3467 4415 agendo

203 4433 469 4494 aediﬁcant
499 4456 512 4494 :
544 4439 635 4494 ubi
679 4438 744 4492 ad
775 4436 1040 4492 Serenum
1071 4435 1223 4490 multi
1252 4435 1530 4504 gentilium
1559 4432 1784 4488 familia-
1885 4447 2134 4492 strenuus
2156 4479 2170 4502 ,
2201 4437 2253 4490 in
2283 4437 2589 4491 auxiliaudo
2615 4438 2876 4494 ‘sollicitus
2899 4477 2912 4501 ,
2948 4439 3001 4492 in
3032 4439 3268 4494 consiliis
3310 4431 3465 4500 ﬁdus,

207 4527 375 4584 ritatis
403 4527 634 4599 antiqua:
663 4527 853 4597 gratia,
885 4540 1094 4580 necnon
1123 4535 1178 4580 et
1203 4538 1304 4595 pro
1330 4525 1644 4580 meritorum
1669 4522 1785 4592 ejus
1889 4528 1941 4581 in
1975 4527 2410 4596 reSpunsionibus
2439 4527 2872 4596 circumspectus.
2927 4527 3029 4594 Qui
3073 4528 3197 4583 dum
3229 4531 3470 4584 oratione

207 4619 524 4675 excellentia
567 4617 939 4685 confluentes,
987 4615 1176 4672 relicto
1219 4614 1532 4684 gentilitatis
1577 4627 1781 4677 errore,
1812 4599 1981 4672 1)sua
2013 4614 2258 4672 reﬁceret
2307 4617 2532 4686 quadam
2581 4619 2593 4653 ί
2646 4619 2762 4673 vice
2789 4618 3035 4688 spiritum
3060 4657 3074 4682 ,
3108 4634 3233 4674 ecce
3276 4635 3468 4675 vesana

208 4709 375 4764 renati
404 4708 550 4765 fonte
576 4707 931 4778 baptismatis,
959 4705 1275 4762 idololatriae
1296 4703 1482 4760 sordes
1509 4701 1771 4770 abjiciunt.

1886 4709 2130 4778 qundam
2158 4708 2356 4762 tribuni
2382 4709 2483 4777 lilia
2511 4708 2904 4772 Scandinensis,
2945 4724 3064 4778 qua:
3091 4710 3325 4765 latenter
3350 4726 3472 4766 eum

210 4799 481 4855 catholica:
511 4797 633 4854 ﬁdei
662 4797 861 4854 cultum
890 4796 1220 4868 suscipiunt.
1261 4794 1422 4849 ritum
1451 4799 1678 4846 mutant.
1888 4798 2184 4865 dilexerat,
2226 4800 2293 4853 ab
2321 4799 2540 4867 antiquo
2565 4808 2759 4853 vexata
2790 4801 2979 4870 spiritu
3008 4801 3242 4855 libidinis
3271 4818 3472 4872 appor-

280 4893 300 4921 ²
339 4891 424 4947 ll.
457 4891 772 4960 Refulgente
793 4889 904 4957 jam
927 4888 1061 4954 sole,
1086 4886 1178 4956 qui
1197 4886 1346 4956 prius
1366 4891 1483 4940 erat
1500 4883 1554 4937 in
1585 4881 1786 4947 nubilo,
1890 4887 2174 4942 tunitatem
2201 4894 2355 4942 nacta
2385 4887 2704 4953 solitudinis,
2729 4887 3064 4943 verecundia:
3084 4889 3278 4944 tollens
3300 4890 3476 4957 signa-

214 4983 465 5041 serenitas
504 4981 798 5053 aspiravit,
836 4988 981 5036 coetu
1016 4978 1250 5036 ﬁdelium
1285 4975 1339 5030 in
1378 4973 1604 5030 ecclesia
1652 4988 1786 5028 con-
1891 4977 2070 5032 culum
2092 5017 2108 5044 ,
2155 4977 2310 5031 irruit
2336 4976 2388 5030 in
2418 4987 2686 5032 secretum
2718 4976 2890 5032 locum
2915 5017 2930 5043 ,
2979 4978 3316 5048 interrumpit
3346 4977 3474 5030 illud

213 5083 447 5145 gregato.
486 5073 870 5130 Gratulabatur
889 5078 1061 5128 cretus
1080 5067 1316 5126 ﬁdelium
1343 5064 1792 5130 orthodoxorum,
1895 5065 2132 5121 divinum
2163 5065 2476 5134 alloquium.
2527 5064 2669 5120 Proh
2706 5066 2914 5122 oudor!
2956 5067 3176 5123 Fatetur
3204 5068 3470 5130 affectum,

291 5293 306 5366 ξ
335 5294 479 5366 Alias
505 5312 624 5366 cap.
656 5314 711 5355 v.

286 5363 308 5436 ξ
334 5363 477 5436 Alias
505 5363 622 5436 cap.
651 5385 722 5422 vt.

289 5431 312 5462 ³
340 5435 482 5506 ῥιίιιε
661 5453 752 5506 vn.

289 5509 314 5537 ⁸
342 5501 639 5571 Εωυειιιὶι,
683 5503 1050 5566 Scandiensis;
1093 5503 1215 5557 alib':
1247 5544 1261 5567 ,
1305 5502 1693 5558 Scaudiniemis
1742 5509 1797 5554 et

221 5565 592 5643 Scaldiniensis
609 5565 637 5643 ,’
656 5574 722 5628 ad
750 5573 979 5629 Scaldim
1010 5565 1245 5627 ﬂuvium.

294 5641 318 5677 ⁸³
347 5641 629 5716 Excusum,
661 5644 937 5716 fragantia;
965 5659 1067 5696 non
1097 5644 1396 5716 extendunt.

300 5721 321 5783 ιζ
349 5710 526 5783 ξόὶιίυ
553 5710 765 5783 vulgata
785 5753 800 5776 ,
831 5720 880 5766 et
909 5714 960 5766 in
991 5721 1138 5783 nocte
1164 5715 1418 5783 canticum
1449 5714 1576 5783 ejus.

295 5777 682 5852 “Repetuntu'r
711 5785 763 5837 in
804 5798 1003 5838 excuso
1045 5782 1156 5835 hmo
1201 5782 1362 5852 verba
1402 5777 1744 5852 anteposita
1780 5801 1791 5835 :

233 5843 299 5902 U1
320 5843 468 5921 igitur
489 5853 902 5927 ﬁisjmtgerenlur
937 5863 985 5908 et
1009 5853 1139 5911 locis
1178 5854 1263 5924 qui
1296 5843 1721 5922 disjungebuulur
1751 5863 1796 5905 et

1899 5375 1950 5413 Ill
1991 5373 2091 5412 ms.

1972 5439 1994 5466 ο
2026 5427 2315 5491 Excusum,
2349 5437 2520 5484 terrae.

1975 5496 1993 5536 ῐ
2027 5495 2237 5570 Passim,
2252 5496 2471 5570 fulmine
2492 5513 2832 5570 percussum,
2854 5506 2910 5570 et
2937 5497 3006 5552 ob
3027 5497 3353 5570 superbiam,
3379 5513 3447 5551 vo
3467 5528 3479 5532 ~

1897 5568 2033 5623 lunt.
2065 5567 2244 5650 Aliqui
2271 5567 2513 5636 laudant,
2539 5568 2796 5623 Catullius
2823 5569 2899 5624 ait
2927 5568 3064 5625 tradi
3093 5567 3256 5625 etiam
3285 5576 3450 5637 marty

1900 5656 2005 5692 rem
2032 5638 2249 5692 abiisse.

1885 5767 1889 5770 ,
1972 5719 1996 5814 π
2026 5707 2405 5831 Ἐὶξξίἱὲἓιίε
2431 5707 2657 5763 Romam
2688 5706 2957 5776 profectus
2983 5708 3193 5766 dicitur.

1977 5850 1990 5886 ί
2029 5847 2292 5902 Excusum
2309 5889 2324 5917 ,
2355 5848 2483 5904 luce.

1894 5289 2090 5358 actibus
2113 5327 2129 5352 ,
2171 5297 2311 5343 mota
2348 5297 2426 5343 est
2459 5292 2743 5358 persecutio
2791 5292 2845 5346 in
2879 5288 3218 5343 Christianos.
3275 5286 3477 5344 Desunt
