4074 6458
596 363 660 421 67
1479 350 1539 421 s.
1578 344 1990 409 susurnam!
2028 342 2189 398 vm
2232 339 2546 400 sumens
2582 338 2941 398 mansuro.
3775 293 3857 405 ξς,

596 474 731 546 petit
753 474 1098 530 concubitum
1122 515 1136 537 ,
1168 472 1346 526 turbat
1375 471 1428 525 in
1457 468 1707 539 pontiﬁce
1736 472 1903 533 pecto
1924 461 1968 514 is
1991 459 2177 513 sabba-
2205 462 2248 518 Α
2275 455 2525 546 (ᾏιιίκιειηξ⁸
2552 456 2697 510 fon“?
2742 454 3111 546 εθυίοδίεείφξι
3150 454 3377 510 “borum
3404 454 3853 527 θπυηᾶῖιοιρυαηι

596 566 834 620 tismum.
866 564 973 619 Sed
1001 579 1126 618 ecce
1155 563 1292 623 alter
1316 559 1533 628 Ioseph,
1565 556 1654 627 qui
1685 554 1874 608 relicto
1903 549 2063 619 pallio
2095 548 2175 602 fu-

597 657 691 724 git,
723 665 778 711 et
806 670 1052 723 egressus
1080 664 1165 709 est
1192 652 1352 719 foras,
1382 650 1689 717 relinquens
1717 642 1926 697 femina:
1948 646 2171 700 vestem,

597 723 666 800 ne
707 744 1038 812 relinqueret
1082 741 1401 798 castitatem.
1454 739 1521 791 At
1567 736 1653 790 illa
1697 735 1941 803 protecta
1989 723 2173 798 pallio,

488 840 499 851 ‘
597 839 881 901 postquam
910 847 1030 885 eam
1059 830 1344 886 salubriter
1384 826 1624 898 pontifex
1652 828 1871 879 sanctus
1899 814 2177 873 admonuit

595 930 652 976 et
676 922 954 991 corripuit,
982 921 1224 990 spiritum
1250 917 1540 974 exhalavit.
1578 959 1588 969 .
1982 934 1989 939 -

667 1010 757 1066 £3.
814 1011 1049 1066 Audiens
1110 1009 1352 1065 tribunus
1399 1004 1518 1060 filia:
1567 1000 1923 1059 miserabilem
1971 997 2174 1052 obitum

595 1099 948 1170 obstupescit.
979 1099 1086 1156 Sed
1113 1100 1158 1154 si
1185 1097 1382 1157 Christi
1412 1094 1568 1150 ﬁdem
1597 1108 1724 1148 vero
1746 1090 1911 1147 corde
1937 1084 2177 1158 proﬁteri

596 1191 853 1258 voluerit,
879 1191 943 1246 B.
971 1189 1311 1246 Eleutherius
1335 1187 1404 1242 de
1429 1186 1608 1241 divina
1627 1181 1859 1239 conlisus
1879 1177 2179 1234 misericor-

597 1278 1083 1345 ﬁsuseituulm
1099 1277 1219 1347 eius
1233 1276 1397 1332 ﬁliam
1415 1274 1761 1346 repromittit.
1785 1268 1980 1325 Annuit
2000 1275 2173 1335 pater,

597 1380 658 1427 et
679 1374 967 1429 celebratis
988 1388 1065 1429 ex
1093 1387 1259 1427 more
1286 1370 1577 1425 missmn
1615 1362 1891 1420 solemniis
1910 1400 1929 1423 ,
1978 1370 2176 1414 terram

596 1470 818 1517 sanctus
841 1462 1033 1517 baculo
1051 1461 1283 1532 percutit
1308 1458 1563 1531 pastorali
1586 1475 1601 1510 :
1623 1464 1681 1511 et
1701 1455 1829 1510 dum
1849 1452 1989 1522 patri
2016 1448 2175 1504 ﬁdem

599 1552 775 1607 facere
802 1568 963 1622 super
988 1553 1254 1624 promisso
1281 1550 1488 1612 nititur,
1509 1548 1681 1602 tinctus
1707 1551 1793 1600 est
1814 1552 1970 1598 terrae
1997 1547 2176 1595 motus

596 1641 887 1697 horribilis.
933 1641 1069 1708 Quid
1098 1642 1292 1711 plura?
1335 1638 1506 1692 Patris
1534 1634 1823 1691 inﬁdelitas
1847 1630 2009 1685 certis
2036 1628 2174 1683 indi-

593 1734 694 1788 ciis
718 1734 972 1804 aperitur.
1023 1731 1350 1787 Pemoctans
1388 1729 1547 1797 igitur
1581 1732 1796 1781 sanctus
1824 1723 1876 1776 in
1905 1720 2175 1785 oratione,

2274 544 2400 597 dum
2449 544 2605 598 olfert
2647 554 2863 598 sanctus
2916 543 3153 613 pontifex
3207 546 3259 599 in
3308 547 3663 604 ministerium
3707 551 3864 609 bolo-

2275 634 2441 688 causti
2489 634 2668 689 statim
2717 632 2881 688 refert
2916 632 2941 669 ί¹
2986 634 3199 688 xenium
3243 634 3296 688 in
3343 636 3551 705 signum
3612 642 3855 696 muneris

2276 723 2562 799 impetrati.
2612 723 2744 778 Nam
2792 723 3144 793 promissione
3185 740 3311 780 mox
3346 728 3674 784 certiﬁcatur
3697 744 3859 800 ange-

2275 814 2374 869 lica
2395 813 2536 882 quod
2563 812 2681 882 ejus
2708 813 2882 867 oratio
2902 820 2994 868 est
3020 813 3288 870 exaudita.

2348 905 2431 958 t6.
2466 904 2605 973 Ergo
2634 904 2757 975 quia
2798 910 2896 973 per
2935 919 3095 958 omne
3121 902 3384 972 flagellum
3412 904 3707 963 Jerusalem
3732 925 3858 965 ern-

2274 993 2439 1061 ditur,
2469 1002 2524 1047 et
2551 1009 2648 1063 per
2673 993 3010 1048 vexationem
3040 994 3343 1050 intellectus
3384 997 3528 1055 acies
3573 1001 3813 1069 aperitur
3833 1043 3852 1069 ,

2274 1102 2401 1141 mox
2430 1102 2590 1156 super
2617 1100 2853 1157 paganos
2891 1103 3082 1143 manus
3120 1088 3330 1145 Domini
3384 1101 3589 1161 pestem
3630 1110 3857 1166 exagge-
3948 1138 3967 1153 .

2273 1192 2401 1232 rans
2427 1186 2763 1245 aggravatur.
2810 1176 3030 1232 Prodire
3066 1193 3172 1233 non
3201 1188 3425 1249 possunt
3452 1181 3505 1237 in
3556 1184 3847 1254 publicum,

2266 1276 2535 1335 coguntur
2578 1266 2838 1321 daimonia
2875 1280 3071 1337 negare
3113 1282 3452 1338 responsum,
3508 1269 3740 1329 ﬁnaliter
3765 1276 3852 1335 de-

2268 1365 2501 1413 cernunt
2527 1356 2750 1429 gentiles
2784 1356 3054 1411 tribunum
3093 1357 3357 1424 occidere,
3386 1359 3429 1414 si
3468 1376 3577 1416 non
3608 1362 3660 1417 in
3686 1364 3852 1419 omni-

2275 1446 2374 1502 bus
2401 1447 2632 1502 voluerit
2658 1446 2965 1502 Eleutherio
2994 1448 3316 1504 consentire.
3349 1450 3452 1517 Qui
3479 1451 3755 1509 venientes
3781 1453 3850 1509 ad

2274 1546 2539 1604 sanctum,
2569 1538 2817 1609 lacrymis
2846 1537 2991 1603 fusis,
3022 1547 3372 1610 prosternunt
3398 1557 3457 1598 se
3483 1542 3708 1612 pedibus
3733 1560 3850 1600 san—

2273 1630 2347 1684 cti
2384 1628 2669 1699 pontiﬁcis.
2711 1628 2991 1699 lmpletum
3027 1638 3110 1685 est
3153 1630 3278 1685 illud
3317 1630 3465 1693 Isaiae
3490 1635 3798 1690 vaticinium
3831 1655 3845 1690 :

2274 1721 2511 1777 Veniant
2528 1720 2597 1776 ad
2622 1729 2679 1777 te
2694 1722 2844 1777 curvi
2873 1721 2961 1776 lilii
2983 1737 3193 1789 eorum,
3217 1723 3308 1793 qui
3333 1723 3747 1779 humiliaverunt
3774 1733 3849 1793 te,

595 1839 754 1905 mane
784 1834 1016 1894 emptum
1043 1822 1361 1891 aggreditur.
1385 1818 1492 1874 Sed
1518 1819 1709 1872 iterato
1736 1823 1891 1869 terrm
1911 1818 2171 1905 metopa-
2201 1812 2249 1872 B
2274 1822 2333 1868 et
2354 1816 2447 1885 qui
2483 1813 2851 1905 RW
3042 1814 3365 1905 adorabth
3385 1815 3605 1883 vestigia
3651 1817 3849 1887 pedum

595 1901 703 1967 tris
720 1911 1004 1968 inﬁdelitas
1032 1910 1396 1967 conﬁrmatur.
1437 1907 1539 1975 Qui
1566 1912 1915 1974 compunctus
1943 1901 2007 1955 ad
2037 1910 2185 1968 teme

595 2014 696 2071 pus
725 2003 883 2056 tertio
913 2002 1069 2067 redit,
1094 2002 1316 2072 pedibus
1344 1997 1610 2069 pontiﬁcis
1634 2011 1694 2050 se
1720 1993 2029 2064 prostravit,
2051 2007 2173 2046 rea-

594 2100 707 2148 tum
730 2094 922 2162 aperit,
950 2093 1217 2147 fictionem
1238 2089 1494 2158 ostendit,
1519 2088 1710 2157 recipit
1731 2084 1889 2139 ﬁliam
1913 2085 1964 2139 in
1978 2082 2177 2139 Christi

596 2183 814 2238 nomine
835 2198 930 2254 per
957 2181 1017 2239 Β.
1045 2181 1404 2237 Eleutherium
1432 2181 1759 2235 suscitatam.
1790 2175 1918 2243 Quae
1943 2174 2175 2231 catechi-

593 2281 713 2327 rata
743 2271 866 2328 fidei
885 2273 1218 2336 rudimentis,
1241 2287 1441 2341 sexque
1469 2270 1672 2326 dierum
1699 2276 1919 2338 purgata
1942 2265 2172 2336 jejunio,

595 2372 944 2432 regeneratnr
972 2365 1023 2418 in
1046 2362 1287 2428 Christo;
1313 2378 1474 2432 quam
1500 2360 1701 2415 Blanda
1728 2359 2044 2414 venerabilis
2069 2374 2176 2413 ma-

595 2463 678 2510 ter
705 2456 938 2526 episcopi
967 2454 1033 2510 de
1074 2470 1230 2510 sacro
1278 2454 1424 2512 fonte
1451 2452 1705 2522 suscepit,
1737 2450 1951 2504 Blandm
1980 2464 2173 2504 nomen

592 2545 768 2600 eidem
812 2546 1083 2616 imposuit.
1114 2550 1244 2613 Quae
1281 2545 1481 2599 tribuni
1519 2542 1623 2597 ﬁlia
1652 2541 1990 2612 postmodum
2018 2540 2176 2595 Blan-

594 2632 745 2689 dinio
774 2652 969 2690 nomen
999 2636 1164 2691 dedit.
1216 2635 1363 2690 Hanc
1410 2644 1562 2704 pater
1596 2635 1662 2689 ad
1703 2632 2069 2688 inﬁdelitatem
2097 2648 2178 2688 rec

596 2724 771 2793 diens,
800 2726 981 2782 multis
1018 2724 1196 2782 affecit
1231 2726 1490 2780 molestiis
1527 2739 1593 2779 eo
1631 2722 1774 2792 quod
1803 2730 1946 2778 esset
1983 2721 2169 2778 ﬁdelis.

595 2813 702 2871 Sed
726 2816 878 2885 virgo
903 2815 1171 2872 Christum
1196 2816 1550 2877 lucrifaciens,
1583 2814 1748 2884 patris
1779 2823 1802 2854 ⁸
1836 2814 2174 2871 abdicatione

595 2917 838 2978 ereptum
862 2909 962 2964 sibi
987 2908 1366 2978 patrimonium
1391 2905 1798 2978 parvipendens,
1825 2920 2173 2975 perseverans

593 2997 647 3052 in
677 2995 800 3063 ﬁde,
832 2996 858 3036 ι’
887 2999 1090 3069 quievit
1132 2998 1186 3053 in
1230 3013 1381 3068 pace.
1429 2996 1648 3066 Sepulta
1674 2997 1727 3050 in
1754 2995 1879 3051 villa
1908 2995 2175 3052 Blandinii

591 3088 763 3157 pridie
793 3099 817 3129 ο
846 3089 1096 3147 calendas
1137 3089 1278 3146 Junii
1323 3074 1448 3144 ante
1492 3088 1552 3143 Β.
1601 3087 1745 3143 Petri
1793 3089 2087 3143 sacrarium
2116 3095 2173 3144 et

588 3179 780 3235 altare.

666 3271 681 3300 ¹
713 3268 798 3323 li.
832 3270 1033 3325 Volens
1079 3278 1257 3324 autem
1305 3268 1560 3345 Dominus
1586 3282 1843 3338 generare
1869 3269 1969 3324 sibi
1997 3284 2170 3339 popu-

592 3358 699 3413 lum
722 3360 1131 3424 substantivum,
1147 3360 1404 3430 corripuit
1424 3358 1789 3417 Tornacenses
1810 3352 1959 3429 peste
1982 3359 2170 3414 mortis

590 3449 801 3517 subitae,
830 3465 932 3518 qua
955 3450 1217 3520 percussit
1243 3450 1438 3506 ibidem
1460 3451 1668 3520 aliquos
1695 3463 2044 3521 paganorum.
2074 3450 2173 3505 La-

592 3540 779 3595 tebant
802 3539 1076 3594 vulnerum
1099 3540 1270 3608 signa,
1295 3541 1631 3597 nesciebatur
1652 3541 1935 3596 eﬁ‘ectuum
1965 3557 2126 3597 causa
2151 3559 2164 3596 :

590 3628 919 3686 sentiebatur
946 3631 1190 3686 funerum
1217 3648 1397 3703 poma,
1425 3633 1764 3703 quaerebatur
1793 3632 2037 3687 inefﬁcax
2064 3649 2172 3690 me-

588 3720 783 3776 dicina.
832 3720 964 3775 Nam
1007 3722 1237 3790 quodam
1278 3723 1449 3779 noctis
1493 3725 1805 3794 crepusculo
1844 3740 1966 3779 cum
2007 3727 2170 3781 armis

590 3811 926 3867 Blandinium
975 3822 1504 3884 pergunt,sanctum
1559 3824 1802 3870 orantem
1857 3817 2165 3883 inveniunt,

584 3905 791 3960 catenis
838 3905 1094 3971 vinciunt,
1124 3906 1420 3962 Censorino
1450 3905 1645 3962 Cmsari
1696 3906 1909 3961 tribuno
1951 3908 2165 3975 sistunt,

584 4003 671 4053 ter
694 3996 855 4065 virgis
882 4012 1074 4053 caesum
1104 3998 1435 4054 incarcerant
1462 4005 1517 4051 et
1544 3996 1811 4052 rcludunt.
1842 3996 1947 4052 Sed
1977 3997 2166 4052 eadem

588 4095 743 4139 nocte
768 4087 989 4142 visitans
1010 4103 1133 4143 cum
1166 4088 1404 4156 angelus,
1435 4087 1607 4142 eidem
1633 4088 1851 4153 assistit,
1884 4087 2028 4143 fores
2054 4104 2167 4143 car-

580 4177 725 4233 ceris
753 4179 944 4247 aperit,
981 4180 1117 4233 viam
1148 4195 1251 4248 qua
1296 4179 1629 4234 Blandinium
1674 4190 1877 4252 pergat,
1909 4183 2161 4251 ostendit,

584 4266 796 4323 vincula
821 4268 1123 4341 disrumpit,
1152 4272 1388 4326 vinctum
1418 4273 1616 4331 educit.

659 4354 746 4411 l5.
779 4355 1016 4415 Eductus
1044 4362 1242 4427 gratias
1271 4360 1396 4429 agit,
1425 4370 1480 4418 et
1506 4362 1647 4417 diem
1674 4364 2011 4434 postmodum
2041 4367 2163 4423 mis-

580 4462 763 4503 sarum
791 4458 949 4504 vacat
992 4450 1286 4515 solemniis,
1325 4449 1498 4506 factus
1542 4453 1593 4506 in
1633 4454 1846 4519 exstasi,
1877 4457 2080 4525 positus
2108 4458 2160 4514 in

2277 1913 2491 1960 tuorum
2520 1902 2677 1974 (Iani.
2708 1920 2805 1969 nx,
2831 1902 2949 1973 14).
2974 1902 3109 1959 Post
3141 1904 3255 1959 tunc
3282 1903 3483 1961 indicto
3510 1913 3714 1974 septem
3743 1906 3849 1963 die~

2273 2009 2390 2048 rum
2420 1993 2645 2049 solemni
2685 1992 2911 2062 jejunio,
2940 1993 3028 2048 die
3054 2001 3245 2049 octava
3271 1993 3517 2052 tl'ibuons
3540 2002 3599 2052 et
3622 1997 3850 2066 populus

2274 2083 2441 2137 induti
2471 2083 2659 2148 saccis,
2690 2090 2891 2138 exeunt
2933 2082 3002 2138 de
3046 2082 3317 2140 Toronen.
3346 2083 3497 2151 Quos
3531 2102 3759 2145 numero
3784 2090 3853 2151 si,-

2272 2180 2555 2242 gnatorum
2600 2181 2655 2228 et
2690 2172 2982 2228 electorum
3025 2182 3242 2229 sanctus
3279 2174 3496 2231 ascribit
3540 2175 3865 2236 chronica

2272 2263 2608 2335 baptismatis
2654 2272 2709 2318 et
2751 2261 2873 2318 ﬁdei
2912 2273 3269 2323 sacramento.
3319 2265 3455 2322 Nam
3502 2267 3747 2327 volentes
3781 2270 3857 2331 do

2272 2354 2508 2409 tenebris
2534 2353 2748 2424 prodire
2789 2355 2854 2409 ad
2893 2353 3089 2417 lucem,
3117 2365 3171 2410 et
3196 2356 3446 2426 amplecti
3481 2359 3857 2429 suavissimam

2270 2445 2466 2501 Christi
2504 2445 2693 2514 legem,
2723 2459 2833 2501 sua:
2870 2448 3234 2503 conversionis
3259 2449 3519 2520 primitias
3545 2452 3852 2523 baptismali

2270 2535 2486 2590 lavacro
2515 2550 2733 2591 necesse
2761 2544 2845 2591 est
2870 2538 3196 2604 consecrari,
3251 2548 3516 2609 quatenus
3551 2542 3604 2598 in
3654 2559 3851 2600 novam

2271 2626 2461 2681 animae
2490 2627 2851 2682 innocentiam
2880 2636 2934 2683 et
2960 2629 3083 2684 vita:
3111 2629 3388 2689 infantiam
3417 2642 3767 2690 renascantur
3794 2637 3852 2692 in

2272 2719 2427 2787 aquis
2476 2720 2899 2788 regenerationis
2928 2720 3170 2791 deposita
3206 2729 3472 2783 Vetustate
3498 2728 3725 2796 peccati,
3754 2727 3853 2784 Ce-

2272 2809 2474 2866 lebrata
2502 2818 2586 2867 est
2610 2826 2739 2880 ergo
2760 2828 2881 2867 cum
2908 2815 3104 2882 gaudio
3126 2816 3241 2873 dies
3270 2818 3357 2881 illa
3381 2820 3635 2879 solemnis
3660 2822 3853 2890 quinto

2272 2901 2524 2957 calendas
2543 2901 2809 2971 Octobris,
2837 2920 2956 2961 cum
2980 2921 3012 2960 a
3034 2909 3344 2975 gentilitatis
3366 2925 3550 2967 errore
3568 2928 3671 2983 per
3694 2913 3853 2970 Eleu-

2272 2992 2500 3048 therium
2529 3011 2821 3052 conversus
2847 3004 2931 3054 est
2970 2998 3037 3054 ad
3078 2996 3234 3054 ﬁdem
3278 3001 3593 3058 catholicam
3621 3006 3853 3075 populus

2273 3082 2646 3139 Tornacensis.
2666 3114 2677 3121 -
2696 3084 2816 3141 Haec
2840 3094 2925 3141 est
2950 3087 3083 3153 dies,
3115 3102 3276 3158 quam
3307 3090 3449 3145 nulla
3478 3091 3638 3150 debet
3665 3093 3875 3152 delere

2199 3169 2244 3231 C
2273 3173 2490 3239 oblivio,
2513 3174 2607 3229 sed
2627 3176 2923 3233 exuberare
2949 3193 3052 3232 vox
3079 3177 3251 3234 laudis
3275 3187 3327 3234 et
3356 3181 3649 3249 gratiarum
3670 3184 3848 3251 actio;

2271 3278 2393 3317 cum
2441 3272 2550 3318 tam
2598 3265 2961 3334 indignatione
3004 3283 3164 3338 quam
3206 3270 3550 3327 miseratione
3588 3286 3853 3331 conversa
3912 3284 3923 3299 '

2271 3362 2355 3410 est
2380 3363 2526 3410 tanta
2552 3357 2735 3428 populi
2756 3358 3037 3414 multitudo
3060 3359 3221 3415 modo
3238 3360 3463 3417 mirabili
3486 3371 3542 3418 et
3561 3364 3849 3433 stupende,

2270 3444 2409 3501 sicut
2428 3448 2684 3517 scriptum
2714 3456 2796 3503 cst
2823 3446 2977 3521 (Isai.
3002 3466 3092 3519 nx,
3115 3448 3203 3521 10)
3231 3471 3244 3507 :
3266 3450 3324 3507 In
3346 3445 3709 3525 indignatione
3728 3470 3854 3514 mea

2270 3541 2507 3608 percussi
2528 3549 2619 3605 te,
2668 3550 2717 3595 et
2751 3541 2803 3595 in
2841 3544 3277 3601 reconciliatione
3305 3560 3426 3602 mea
3452 3547 3702 3604 misertus
3729 3563 3851 3605 sum

2272 3630 2367 3683 tui.
2417 3629 2645 3686 Sanctus
2670 3645 2799 3701 ergo
2827 3632 3068 3703 pontifex
3110 3643 3234 3705 post
3262 3636 3375 3692 hare
3404 3638 3699 3709 ingreditur
3724 3656 3852 3699 cum

2269 3720 2437 3789 gloria
2458 3723 2751 3791 civitatem,
2773 3740 2929 3795 quem
2952 3727 3180 3796 populus
3200 3729 3478 3786 universus
3498 3733 3706 3802 excepit
3724 3749 3850 3788 cum

2269 3812 2446 3868 debita
2478 3817 2777 3871 reverentia
2806 3818 2942 3872 sicut
2971 3819 3157 3889 patriae
3185 3819 3541 3878 defensorem.

2340 3907 2359 3937 ²
2399 3905 2485 3960 l7.
2525 3906 2784 3963 Latuerat
2818 3908 2906 3963 diu
2950 3909 3167 3964 lucerna
3202 3910 3301 3966 sub
3330 3912 3510 3968 modio
3537 3954 3552 3979 ,
3590 3927 3707 3982 qua:
3734 3911 3850 3980 jam

2246 3996 2441 4066 posita
2478 4012 2642 4067 super
2677 3996 3056 4054 candelabrum
3104 3999 3267 4068 cmpit
3310 4000 3538 4070 amplius
3583 4001 3850 4055 illustrare

2266 4086 2504 4143 domum.
2544 4085 2677 4141 Nam
2704 4086 2830 4142 dum
2857 4102 2922 4142 ex
2953 4088 3025 4158 pii
3052 4090 3282 4158 pastoris
3310 4091 3588 4158 praesentia
3619 4090 3854 4160 populus

2265 4178 2665 4247 gratulabatur,
2695 4178 2889 4233 crescit
2926 4179 3153 4249 amplius
3190 4181 3562 4237 exsultationis
3598 4181 3846 4250 materia,

2266 4271 2390 4342 quia
2420 4280 2444 4308 °
2471 4285 2643 4325 caecus
2679 4268 2939 4324 adductus
2975 4268 3043 4324 ad
3081 4269 3387 4340 pontiﬁcem
3419 4271 3713 4326 illustratur
3745 4288 3758 4325 :
3790 4279 3851 4325 et

2264 4364 2437 4421 infusa
2481 4363 2583 4419 sibi
2619 4363 2738 4419 luce
2780 4360 2902 4418 ﬁdei
2937 4361 2954 4400 τ
2984 4364 3196 4420 cmcitas
3242 4363 3466 4419 interior
3501 4364 3843 4419 emendatur.

2264 4453 2475 4510 Cmcum
2517 4452 2680 4509 etiam
2709 4453 2906 4517 alium,
2939 4453 3155 4507 nomine
3186 4450 3478 4507 Mamilium
3497 4493 3512 4516 ,
3545 4453 3597 4507 in
3627 4453 3715 4508 die
3741 4452 3849 4507 do-

581 4553 805 4595 excessu
829 4540 1044 4603 mentis,
1069 4540 1318 4595 obsecrat
1341 4557 1438 4613 pro
1465 4543 1696 4611 tribuno,
1722 4522 1891 4599 Deum
1914 4548 2160 4616 precibus
2186 4543 2239 4602 D
2262 4543 2443 4601 minici
2468 4542 2669 4597 Natalis
2696 4542 2977 4609 illuminat,
3007 4542 3097 4612 qui
3126 4542 3412 4599 destitutus
3436 4522 3713 4612 tempo'rali
3743 4543 3846 4597 sti-

580 4629 834 4685 sollicitat
862 4644 959 4700 pro
988 4629 1160 4686 salute
1198 4631 1380 4701 populi
1411 4630 1785 4690 Tornacensis.
1829 4636 2158 4692 Constitutus

579 4732 665 4779 est
690 4724 741 4778 in
772 4724 860 4778 illa
890 4725 1085 4781 mentis
1108 4724 1411 4790 atfectione,
1434 4735 1489 4782 et
1507 4736 1728 4797 experta
1756 4730 1939 4799 paucis
1966 4730 2160 4785 oratio-

581 4815 665 4873 nis
691 4813 992 4878 dulcedine,
1025 4830 1144 4886 quas
1171 4831 1382 4871 sensum
1415 4816 1704 4873 humanum
1743 4820 1959 4874 omnino
1989 4827 2158 4873 trans-

577 4904 775 4968 cendit,
804 4919 962 4973 quam
991 4920 1089 4960 nec
1114 4921 1277 4962 sonus
1303 4907 1468 4969 vocis.
1496 4923 1593 4963 nec
1616 4908 1808 4977 lingua:
1833 4918 2031 4973 motus,
2057 4925 2157 4965 nec

578 5000 875 5055 enuntiatio
902 5000 1184 5055 verborum
1208 5001 1309 5055 ulla
1332 5002 1633 5072 distinguit.
1671 5002 1764 5059 sed
1787 5019 1944 5074 quam
1965 5003 2156 5059 devota

577 5106 730 5147 tnens
759 5089 1023 5145 infnsionc
1051 5090 1283 5146 caelestis
1312 5093 1577 5148 illustrata
1618 5092 1833 5148 luminis
1856 5131 1871 5155 ,
1904 5093 2157 5161 angelicis

576 5194 684 5238 non
735 5179 981 5234 humanis
1028 5180 1271 5251 designat
1315 5183 1560 5253 eloquiis,
1592 5185 1683 5238 sed
1728 5183 2063 5252 conglobatis
2102 5185 2153 5239 in

574 5284 739 5322 unum
785 5267 1049 5336 sensibus,
1099 5278 1156 5326 et
1200 5270 1535 5328 mortiﬁcatis
1574 5271 1873 5337 alfcctibus,
1904 5271 2050 5329 velut
2085 5272 2153 5327 de

653 5431 666 5459 '
697 5428 841 5500 Alias
869 5444 989 5500 cap.
1018 5446 1129 5485 vm.

643 5500 665 5529 ³
692 5499 836 5569 Alias
863 5515 981 5569 cap.
1016 5516 1086 5555 Ix.

643 5576 671 5608 ι
702 5566 821 5629 Ms,
854 5566 1228 5625 abdicationem
1256 5581 1305 5625 et
1331 5579 1581 5633 ereptum.

646 5640 669 5672 ’τ
697 5636 825 5711 Post
855 5639 1061 5711 plenam
1088 5641 1254 5711 patris
1281 5640 1706 5707 conversionem,
1732 5640 1799 5696 ab
1827 5655 1893 5695 eo
1918 5640 2146 5711 sepulta,

578 5721 629 5766 ut
661 5708 748 5762 alii
779 5707 1010 5762 tradunt.

644 5792 664 5817 ε
703 5777 825 5835 lls..
850 5780 1017 5841 pridi:
1043 5780 1158 5837 illus
1182 5777 1348 5837 Junii.

2263 4636 2484 4707 pendio,
2514 4634 2787 4690 desolatus
2822 4634 3062 4691 ductoris
3087 4633 3361 4704 suffragio,
3392 4640 3582 4704 petens
3609 4634 3847 4689 eleemo-

2261 4742 2449 4798 synam
2478 4727 2534 4781 in
2562 4726 2788 4781 ecclesia
2826 4724 3183 4781 mendicabat.
3235 4723 3544 4794 lncrepatur
3583 4733 3641 4779 ut
3668 4731 3848 4778 taceat

2263 4833 2291 4872 a
2323 4819 2770 4889 praetereuntibus
2802 4834 2814 4871 :
2846 4817 3044 4872 misero
3073 4815 3404 4884 compatiens
3431 4822 3648 4871 sanctus
3676 4829 3845 4876 ceco.

2261 4911 2537 4981 proposita
2563 4910 2690 4967 caeci
2715 4910 2857 4966 illius
2886 4908 3178 4977 evangelici
3207 4907 3458 4980 parabole
3488 4906 3638 4979 (Lur.
3667 4908 3839 4986 xviii),

2260 5001 2351 5072 qui
2382 5009 2600 5070 rogatus
2630 5009 2688 5057 ut
2716 5008 2938 5064 taceret,
2970 4999 3237 5055 clamabat
3258 4998 3505 5069 amplius,
3535 4998 3688 5065 signo
3716 5012 3843 5051 crn-

2258 5093 2337 5149 cis
2367 5093 2537 5148 oculis
2564 5090 2683 5161 ejus
2729 5091 2991 5161 impresso
3014 5132 3029 5158 ,
3068 5089 3303 5145 restituit
3338 5089 3390 5144 ei
3421 5090 3589 5143 visum
3623 5106 3637 5143 :
3668 5096 3722 5142 et
3757 5087 3847 5140 die

2259 5197 2368 5253 quo
2416 5182 2508 5237 lux
2557 5197 2684 5237 vera
2733 5183 2878 5236 venit
2922 5180 2975 5237 in
3021 5179 3279 5235 mundum
3324 5179 3390 5234 ad
3436 5177 3845 5234 illuminandum

2258 5268 2476 5334 amnem
2501 5275 2793 5340 hominem,
2822 5280 3056 5338 sanctus,
3081 5272 3173 5343 qui
3201 5272 3567 5328 testimonium
3587 5271 3843 5341 perhith

2331 5427 2355 5466 δ
2387 5429 2510 5501 Ms,
2540 5431 2812 5501 eximium,
2841 5428 3039 5486 donum
3074 5431 3374 5501 hospitale,
3406 5430 3728 5501 utixenium,
3757 5430 3845 5482 cui

2258 5515 2409 5571 more
2434 5499 2639 5571 Gallico
2668 5516 2698 5554 e
2729 5501 3076 5568 praeponitur.
3104 5497 3193 5555 De'
3209 5518 3275 5557 eo
3299 5497 3556 5571 legendus
3585 5497 3844 5570 Roswey-

2257 5569 2356 5625 dus
2384 5570 2435 5622 in
2463 5567 2853 5624 Onomastico.’
3007 5629 3010 5631 λ

2334 5648 2357 5675 θ
2394 5638 2660 5713 Excusnm
2685 5680 2699 5702 ,
2745 5646 2918 5694 ratus.
2963 5640 3019 5695 ln
3057 5640 3175 5696 aliis
3212 5637 3667 5713 θείω-ωδε
3696 5653 3842 5694 ασκεω)

2258 5708 2573 5765 illuminato.

2338 5778 2355 5815 ί
2383 5777 2552 5846 idem,
2583 5784 2771 5833 raritas
