4074 6480
217 357 288 412 ca
1106 357 1164 410 s.
1207 352 1612 410 murrinum
1655 353 1809 409 \‘i’l‘A
1845 351 2168 409 ‘A’l‘CTORE
2206 333 2566 410 συιηεῐιτοξ
3419 357 3488 412 τυ

220 476 311 530 bat
339 474 407 528 de
438 472 636 527 lumine
656 509 670 532 ,
701 473 886 526 oculos
912 471 1036 526 ccci
1068 473 1292 540 aperuit,
1327 481 1382 524 ut
1411 472 1646 532 exterius
1676 487 1796 541 per-
1828 471 1870 528 Α
1902 468 2122 521 Verbera
2153 469 2534 538 sequebantur,
2593 467 2667 523 ita
2697 475 2755 523 ut
2783 468 2935 524 multi
2976 469 3223 527 catholici
3255 484 3350 542 per
3375 471 3488 527 ha:-

221 567 375 622 ileret
415 565 706 620 accitatem
734 603 748 627 ,
789 571 844 616 et
883 561 1106 616 interius
1149 572 1462 630 agnosceret
1501 563 1801 615 veritatem.

221 655 490 711 Claudum
518 654 676 708 etiam
707 667 735 705 a
769 653 1046 707 nativitate
1069 661 1286 707 sanctus
1313 662 1338 688 λ
1371 653 1550 707 virtuti
1577 654 1806 707 restituit

222 752 595 820 progressivae.

298 840 384 894 18.
428 838 658 894 Peritius
685 837 900 907 quidam
935 839 1150 893 nomine
1174 881 1188 902 ,
1221 837 1368 906 lepra
1400 851 1682 907 percussus
1705 875 1719 897 ,
1753 845 1807 889 et

207 933 373 986 -velut
411 930 785 986 abominabilis
813 931 880 984 ab
908 929 1156 984 omnibus
1193 937 1274 983 est
1310 936 1670 996 contemptus.
1709 925 1807 1007 llic

220 1023 435 1090 iacebat
463 1022 529 1076 ad
553 1021 772 1090 januam
795 1020 1055 1085 ecclesim,
1078 1035 1196 1089 quze
1226 1028 1354 1074 tunc
1381 1019 1636 1088 temporis
1663 1017 1808 1072 dice-

224 1112 384 1166 batur
414 1110 652 1181 Mantilia
678 1151 694 1177 ,
725 1109 1039 1179 prmstolans
1084 1108 1314 1164 electum
1344 1106 1437 1161 Dei
1477 1106 1804 1176 pontificem,

225 1203 284 1256 ut
306 1203 372 1257 ab
395 1217 462 1257 eo
484 1209 875 1256 sacramentum
895 1198 1314 1267 regenerationis
1336 1197 1622 1267 acciperet,
1647 1211 1806 1265 quem

227 1300 636 1362 exspectaverat
681 1307 780 1362 per
815 1289 930 1345 dies
968 1290 1179 1344 circiter
1213 1287 1582 1358 quadraginta.
1637 1287 1807 1354 Quem

229 1391 443 1439 sanctus
484 1382 785 1452 aspiciens,
827 1389 883 1435 ct
924 1379 1257 1448 compatiens
1293 1377 1629 1447 regeneravit
1668 1375 1808 1430 unda

226 1473 582 1542 baptismatis,
615 1470 846 1526 etcarni
873 1471 1100 1525 contulit
1128 1467 1445 1524 beneficium
1477 1468 1696 1534 integra:
1724 1482 1809 1520 sa-

216 1565 430 1618 .nitatis.
463 1561 567 1629 Qui
597 1563 766 1632 gratia
794 1562 1091 1616 sanctitatis
1117 1548 1395 1630 effulgens,
1420 1575 1448 1612 a
1471 1559 1531 1612 Β.
1555 1557 1810 1613 Medardo

228 1653 571 1724 postmodum
599 1653 802 1723 primus
823 1651 986 1707 abbas
1013 1652 1286 1706 institutus
1314 1658 1395 1704 est
1421 1650 1668 1704 civitatis.
1701 1647 1812 1702 Dif-

227 1742 550 1799 fundebatur
577 1757 706 1812 ergo
735 1743 902 1810 magis
930 1750 986 1796 et
1029 1741 1198 1809 magis
1243 1741 1378 1795 odor
1414 1739 1541 1794 boni
1579 1739 1812 1794 nominis

1911 562 2199 614 reticorum
2243 559 2549 614 violentiam
2599 568 2654 614 et
2699 559 2916 616 insidias
2959 561 3013 615 in
3056 560 3282 616 Schalde
3329 562 3490 617 fluvio

1912 661 2252 706 necarentur.
2284 650 2502 705 Decimo
2529 649 2791 718 siquidem
2817 649 3169 710 ordinationis
3197 666 3305 706 sua:
3327 666 3487 712 anno.

1895 742 2227 812 praesidente
2257 755 2394 810 papa
2425 740 2709 796 Anastasio
2735 780 2750 806 ,
2780 740 2807 778 ι’
2839 740 3052 796 Gelasio
3075 741 3187 810 jam
3215 741 3489 806 defuncto,

1867 831 2154 903 “dyscolos
2184 831 2394 886 reduxit
2421 830 2486 884 ad
2527 831 2801 895 fideni,-et
2834 831 3141 887 incredulos
3169 832 3237 886 ad
3266 833 3495 888 catholi-

1892 938 2025 976 cam
2059 923 2314 976 unionem
2348 939 2360 974 :
2393 928 2448 975 et
2475 923 2600 989 quia
2642 921 2952 992 frequenter
2979 921 3212 993 erumpit
3247 923 3300 976 in
3339 938 3495 990 regn-

1895 1014 2017 1068 'lum
2039 1014 2183 1084 quod
2212 1014 2474 1068 occultius
2513 1022 2595 1068 est
2621 1014 2924 1078 confotum,
2970 1015 3376 1084 quartodecimo
3413 1015 3496 1068 sui

1911 1105 2230 1174 praesulatus
2282 1119 2424 1158 anno
2464 1105 2648 1159 videns
2695 1105 2966 1174 vipeream
3005 1105 3249 1160 sobolem
3309 1105 3497 1160 matris
3547 1169 3554 1174 ,

1899 1195 2160 1252 Ecclesia:
2201 1197 2400 1251 Viscera
2446 1197 2768 1251 dividentem
2795 1236 2809 1261 ,
2853 1205 2907 1251 et
2943 1204 3133 1251 contra
3162 1197 3496 1251 divinitatem

1911 1289 2168 1356 unigeniti
2212 1287 2329 1342 Filii
2375 1287 2464 1341 Dei
2502 1300 2522 1325 ε
2555 1289 2804 1343 toxicatis
2848 1289 3042 1356 linguis
3088 1290 3498 1344 inverecunilias

1909 1379 2265 1433 oblatrantem
2291 1419 2306 1444 ,
2352 1377 2533 1432 Roma:
2556 1378 2668 1447 jam
2708 1380 3076 1449 prmsidcntem
3117 1379 3520 1450 Symmachum.

1911 1471 2061 1536 adiit,
2119 1486 2398 1525 sermones
2425 1470 2721 1524 catholicos
2756 1470 2928 1524 eidem
2959 1470 3177 1536 obtulit,
3220 1482 3274 1524 et
3313 1485 3498 1524 susce-

1910 1573 2031 1631 ptus
2059 1563 2126 1616 ab
2165 1563 2356 1617 eodem
2398 1561 2722 1629 honorifice,
2757 1577 3004 1617 reversus
3044 1562 3108 1616 ad
3141 1563 3335 1616 natalia
3367 1578 3496 1617 con-

1899 1652 2044 1710 'fudit
2073 1653 2355 1708 haereticos
2383 1661 2437 1707 et
2461 1654 2748 1707 convertit.

1982 1741 2070 1796 ει.
2111 1741 2168 1795 ln
2205 1742 2393 1796 diebus
2421 1750 2598 1795 autem
2645 1742 2748 1795 illis
2796 1741 3020 1795 invaluit
3047 1738 3074 1777 ἀ
3104 1739 3498 1808 Acephalorum

227 1831 342 1900 ejus
369 1831 434 1886 ad
466 1833 632 1885 vitam
661 1831 896 1900 gentium
927 1849 938 1884 :
971 1832 1063 1885 lux
1088 1830 1345 1885 claritatis
1370 1830 1535 1900 ipsius
1563 1827 1813 1884 Ecclesia:
1845 1829 1888 1889 Β
1916 1833 2169 1888 lucresis:
2199 1832 2484 1886 revertitur
2511 1831 2752 1900 pontifex
2781 1830 2978 1885 Christi
3010 1830 3258 1891 Romam,
3281 1839 3336 1882 et
3356 1843 3497 1882 anno

207 1922 470 1992 replebat
501 1921 951 1991 hemisphaerium.

303 2017 384 2070 i9.
425 2015 597 2084 Cujus
635 2015 794 2069 fama
820 2014 1076 2084 compulit
1117 2012 1442 2070 Ludovicum
1491 2027 1672 2082 regem
1697 2053 1712 2078 ,
1753 2023 1812 2068 ut

157 2133 160 2136 ~
207 2108 451 2161 intraret
475 2105 718 2176 prmsulis
737 2105 1025 2160 civitatem.
1051 2104 1169 2174 ipse
1190 2105 1353 2160 etiam
1377 2112 1459 2160 est
1481 2105 1810 2161 Francorum

205 2212 320 2250 rex
346 2196 656 2252 Ludovicus
683 2197 886 2266 primus
914 2212 944 2250 a
986 2196 1046 2250 Β.
1077 2196 1320 2265 Remigio
1349 2198 1669 2267 baptizatus.
1704 2199 1812 2252 De-

205 2287 461 2342 ‘lectabat
487 2303 608 2342 eum
629 2287 942 2342 mirabiliter
961 2286 1144 2342 audire
1166 2288 1543 2358 praedicantem
1565 2287 1813 2343 Eleuthe-

227 2371 386 2440 rium,
445 2383 507 2430 et
544 2379 856 2432 memoriter
883 2378 1148 2432 retinebat
1191 2393 1493 2434 sermonem
1541 2381 1815 2450 sapientia:

227 2465 340 2519 sale
360 2464 661 2520 conditum.
693 2465 792 2521 Hic
817 2475 1092 2536 peccatum
1119 2476 1244 2537 post
1268 2469 1536 2525 lavacrum
1565 2471 1814 2540 baptismi

152 2608 158 2612 .
205 2555 579 2609 «commiserat
621 2555 764 2623 quod
815 2555 1058 2610 conliteri
1109 2559 1435 2613 verecundia
1472 2561 1812 2628 prohibebat.

208 2644 383 2710 eQuod
431 2653 656 2700 sanctus
709 2646 896 2701 videns
943 2647 994 2700 in
1043 2647 1234 2716 spiritu
1277 2650 1392 2716 regi
1437 2649 1645 2704 detulit.
1700 2650 1815 2705 Rex

207 2735 697 2805 ;pudore-vsull‘usus
726 2746 782 2792 et
807 2738 1086 2808 lacrymis,
1132 2739 1274 2793 illico
1304 2747 1510 2793 reatum
1540 2741 1812 2809 cognovit,

231 2836 284 2881 et
312 2828 616 2882 obsecrans
647 2837 838 2890 rexut
886 2830 1025 2884 inter
1073 2831 1245 2884 missa:
1288 2831 1546 2885 solemnia
1594 2840 1811 2887 sanctus

210 2918 344 2987 .ejus
383 2919 544 2974 fieret
569 2919 908 2986 advocatus,
949 2909 1048 2990 pro
1078 2922 1194 2991 ipso
1230 2922 1441 2982 veniam
1485 2923 1810 2992 impetravit,

229 3011 369 3065 sicut
404 3011 489 3066 rei
517 3011 778 3080 probavit
820 3019 1060 3066 eventus.
1111 3011 1242 3066 Nam
1292 3026 1449 3066 mane
1492 3027 1816 3068 consecrans

216 3100 500 3156 *Dominici
529 3101 769 3169 corporis
793 3109 848 3154 et
870 3100 1144 3168 sanguinis
1165 3110 1580 3169 sacramentum,
1605 3101 1738 3157 lucis
1765 3103 1817 3156 in

1914 1925 2230 1994 praesulatus
2255 1923 2335 1978 sui
2369 1933 2391 1959 ε
2422 1922 2679 1978 vicesimo
2707 1923 2916 1992 quinto,
2958 1931 3171 1975 mortuo
3196 1920 3306 1989 jam
3337 1919 3497 1988 Sym-

1914 2016 2108 2070 macho
2154 2015 2354 2083 reperit
2389 2012 2407 2051 ί
2441 2014 2817 2083 prmsulantem
2857 2012 3192 2067 Hormisdam
3231 2028 3352 2067 cum
3391 2015 3497 2080 quo

1915 2123 2080 2176 super
2109 2106 2358 2162 Ecclesia:
2385 2122 2494 2161 sua:
2525 2107 2752 2173 negotiis
2793 2106 3022 2172 benigne
3069 2103 3338 2165 contulit,
3380 2111 3433 2155 et
3468 2117 3498 2156 a

1917 2193 2052 2270 papa
2075 2200 2325 2268 reliquias
2347 2199 2699 2262 venerabiles,
2727 2197 2904 2252 Maria:
2924 2197 3128 2251 scilicet
3150 2194 3497 2266 Egyptiacm,

1919 2308 2039 2360 cum
2067 2291 2128 2345 B.
2160 2292 2418 2361 Stephani
2451 2291 2858 2361 protomartyris
2887 2292 3136 2352 humero,
3170 2290 3288 2358 pius
3318 2297 3498 2358 pastor

1921 2383 2238 2451 impetraris,
2271 2381 2368 2437 has
2397 2381 2461 2434 ad
2494 2381 2684 2434 natalia
2715 2379 3050 2449 deportavit,
3080 2387 3134 2431 et
3161 2377 3284 2432 dum
3317 2391 3501 2430 rever-

1921 2482 2126 2528 teretur
2149 2512 2164 2535 ,
2207 2471 2512 2528 occurrenti
2549 2471 2649 2525 sibi
2685 2468 3012 2524 Tornacensi
3040 2466 3185 2522 clero
3220 2475 3274 2521 et
3302 2465 3500 2535 populo

1921 2579 2040 2618 cum
2063 2563 2242 2617 debita
2269 2562 2633 2624 veneratione,
2659 2569 2895 2615 montem
2917 2558 2972 2612 S.
2998 2557 3241 2621 Andrem,
3264 2555 3356 2624 qui
3379 2565 3502 2610 tunc

1919 2655 2196 2710 dicebatur
2234 2670 2388 2708 mons
2419 2652 2678 2706 Thesauri
2709 2651 3003 2705 ahsconditi
3030 2687 3045 2713 ,
3087 2649 3280 2716 legitur
3319 2661 3500 2700 ascen-

1920 2747 2090 2810 disse;
2121 2755 2319 2800 etcum
2349 2753 2658 2798 reverenter
2679 2742 2989 2796 ostenderet
3017 2739 3271 2808 reliquias
3289 2737 3501 2807 populis

1922 2836 2012 2905 qui
2042 2835 2262 2888 aderant
2301 2833 2597 2896 universis,
2637 2831 2986 2886 circumfulsit
3033 2845 3126 2884 eas
3172 2826 3502 2882 immensitas

1923 2925 2217 2981 claritatis:
2243 2932 2296 2978 et
2319 2924 2682 2977 laborantibus
2704 2923 2755 2974 in
2779 2921 2931 2974 turba
2952 2920 3157 2974 duabus
3191 2917 3502 2971 mulieribus

1924 3026 1978 3072 et
2003 3025 2235 3085 quatuor
2269 3016 2397 3069 viris
2437 3013 2750 3082 aegritudine
2781 3026 2900 3080 qua:
2927 3011 3088 3076 vulgo
3116 3009 3312 3063 dicitur
3352 3021 3502 3060 sacer

1925 3110 2080 3178 ignis,
2102 3115 2228 3161 ante
2249 3107 2390 3160 viros
2406 3104 2584 3175 posuit
2611 3100 3023 3172 protomartyris
3051 3100 3352 3158 humerum,
3380 3103 3502 3148 ante

213 3191 462 3246 ecclesia
481 3188 704 3244 'claritas
735 3188 877 3244 fulsit
909 3206 1006 3266 per
1035 3190 1191 3244 unius
1229 3191 1377 3244 horto
1413 3191 1642 3260 spatium
1671 3231 1684 3254 ,
1724 3191 1815 3246 ubi
1846 3197 1890 3259 ί]
1923 3199 2172 3256 mulieres
2201 3212 2328 3252 vero
2357 3203 2517 3265 caput
2547 3191 2876 3262 [Egyptiaczc
2904 3189 3216 3258 gloriosum.

213 3296 330 3350 «per
356 3281 714 3336 ministerium
743 3282 1041 3350 angelicum
1067 3289 1283 3336 sanctus
1310 3282 1517 3351 accepit
1545 3283 1819 3350 qualitatis

216 3373 404 3444 culpa:
432 3373 676 3428 notitiam
701 3417 714 3436 .
745 3382 800 3428 et
827 3381 1084 3443 quantum
1111 3371 1179 3428 ad
1207 3373 1416 3428 veniam
1437 3411 1453 3437 ,
1484 3373 1819 3428 cerlitudinis

233 3471 631 3532 argumentum.
673 3463 1008 3519 Certificatus
1053 3477 1182 3532 ergo
1211 3479 1305 3518 rex
1333 3478 1431 3533 per
1457 3463 1712 3534 scriptum
1750 3465 1818 3518 ab

233 3553 429 3622 angelo
456 3553 746 3608 revelatum
789 3561 896 3607 tam
925 3552 992 3608 de
1017 3553 1173 3623 culpa
1201 3567 1362 3622 quam
1391 3552 1458 3606 de
1485 3553 1672 3616 venia,
1708 3553 1818 3607 Deo

219 3646 438 3714 gratias
484 3659 647 3712 agens
684 3653 739 3698 et
775 3643 841 3698 ad
877 3644 1094 3713 propria
1132 3657 1379 3697 remeans
1411 3684 1427 3708 ,
1489 3651 1675 3697 sancto
1722 3642 1816 3696 Dei

232 3735 465 3790 contulit
488 3735 721 3803 gratuito
752 3735 917 3788 multa
941 3734 1103 3788 dona.
1135 3733 1228 3787 Sic
1255 3747 1384 3801 ergo
1415 3733 1630 3787 lucerna
1657 3748 1819 3802 super

229 3825 616 3881 candelabrum
645 3825 820 3894 posita
866 3823 1012 3880 fulsit
1047 3823 1339 3888 miraculis,
1363 3822 1452 3891 qui
1481 3823 1817 3892 postmodum

225 3918 713 3988 dili'ulsit'amplius
733 3915 1078 3972 saecularibus
1103 3915 1458 3970 documentis.

858 4047 1087 4104 CAPUT
1125 4047 1213 4102 IV.

235 4163 298 4218 S.
339 4163 624 4218 Eleutlierii
663 4164 850 4217 itinera
892 4161 1158 4226 Romana,
1205 4159 1431 4229 synodus
1473 4157 1682 4229 habita,
1727 4174 1820 4228 op-

374 4235 587 4304 pugnati
615 4233 870 4297 hwretici,
912 4232 1122 4286 vulnera
1150 4227 1322 4284 illi‘ab
1351 4229 1430 4282 his
1460 4227 1677 4296 inﬂicta.

309 4348 325 4378 ¹
362 4345 454 4400 20.
495 4343 756 4412 Quoniam
782 4388 798 4413 ,
838 4352 898 4399 ut
933 4345 1008 4398 ait
1048 4341 1334 4413 Apostolus
1379 4338 1431 4411 (1
1453 4339 1574 4394 Cor.
1607 4355 1680 4404 xi,
1707 4337 1816 4411 l9),

229 4437 472 4490 .lnereses
501 4450 620 4490 esse
651 4443 896 4505 oportet,
932 4441 990 4487 ut
1021 4433 1113 4502 qui
1141 4447 1172 4486 a
1200 4431 1428 4486 Domino
1451 4437 1575 4486 sunt
1604 4431 1819 4500 probati

230 4531 365 4585 ﬁant
383 4540 450 4587 et
484 4531 789 4585 hominibus
824 4527 1128 4591 manifesti,
1169 4534 1517 4580 surrexerunt
1547 4524 1598 4577 in
1628 4524 1818 4578 diebus

237 4622 338 4676 illis
364 4623 599 4677 haereses
621 4661 637 4687 ,
674 4621 930 4675 unitatem
958 4619 1148 4673 divina:
1175 4617 1420 4672 essentia:
1445 4657 1459 4681 ,
1500 4615 1809 4686 mysterium

239 4710 624 4768 incarnationis
649 4711 797 4777 Filii,
828 4709 1225 4780 processionem
1253 4707 1482 4778 Spiritus
1518 4705 1688 4760 sancti
1716 4705 1814 4759 de-

236 4809 524 4858 struentes.
574 4799 702 4858 Post
743 4801 1026 4856 verborum
1071 4805 1250 4853 autem
1283 4796 1456 4866 iurgia
1479 4837 1494 4862 ,
1526 4811 1812 4866 corporum

357 5026 508 5082 Alias
536 5038 653 5094 cap.
689 5040 741 5078 κ.

357 5096 508 5150 Alias
534 5110 653 5163 cap.
687 5110 757 5148 ιι.

355 5165 506 5220 Idem
523 5207 538 5230 ,
566 5163 877 5234 progressui.

356 5224 580 5290 Gelasio
606 5224 686 5285 l9'
698 5231 956 5286 Novemb.
1002 5229 1127 5284 anni
1153 5225 1257 5282 498
1284 5224 1536 5280 defuncto
1563 5225 1820 5281 successit

239 5305 554 5360 Anastasius
585 5322 597 5355 :
625 5304 726 5357 sub
752 5297 854 5356 hoc
872 5300 1141 5356 convertit
1160 5297 1525 5352 Tornacenses
1547 5310 1610 5350 ac
1629 5304 1815 5365 postea

238 5373 458 5429 lizeresis
485 5372 727 5432 accessit.
759 5380 818 5425 ut
844 5372 977 5424 Acta
1004 5370 1108 5424 alia
1136 5368 1352 5424 habent.

316 5455 338 5482 ε
372 5443 498 5511 Ms,
527 5441 842 5496 exitiaiibus.

311 5511 336 5552 ⁸
366 5504 568 5567 Exorta
593 5522 671 5566 est
699 5519 820 5580 post
845 5511 1127 5566 concilium
1148 5504 1604 5580 Chalcedonense,
1630 5511 1813 5580 contra

230 5597 299 5656 qu
317 5583 387 5656 od
416 5575 714 5654 Eutycheti'
738 5579 983 5656 favebant
1016 5597 1121 5656 non
1151 5578 1494 5656 admittentes
1515 5575 1736 5656 duarum
1764 5575 1816 5628 iu

232 5645 306 5705 Ch
327 5653 458 5709 risto
488 5645 796 5707 naturarum
837 5650 1276 5716 distinctionem.
1305 5645 1589 5716 Acephalis
1624 5645 1816 5716 adjun-

235 5729 286 5772 et
305 5737 368 5801 us
385 5722 800 5801 e_st_Auastasius
834 5721 1156 5801 imperator.
1196 5715 1349 5801 cujus
1373 5713 1628 5801 tempore
1665 5713 1793 5801 sede

151 5836 168 5854 ,
238 5803 299 5843 ru
315 5798 376 5846 at
395 5793 654 5856 Gelasius,
687 5783 1017 5856 Anastasius,
1040 5783 1410 5850 Svmmaclius,
1445 5783 1742 5841 llorniisda.

1845 4570 1894 4625 D

2048 3313 2365 3364 Procubuere
2387 3321 2580 3368 omnes,
2609 3305 2883 3365 in'enlique
2906 3314 2988 3350 ora
3011 3299 3250 3350 tenebant

1921 3438 1978 3485 ct
2007 3428 2248 3484 excitans
2269 3432 2487 3479 sanctus
2510 3419 2690 3490 populi
2716 3414 3108 3471 multitudinem
3131 3411 3196 3465 ad
3221 3409 3503 3472 orandum,

1919 3529 2136 3576 sanctos
2145 3518 2794 3581 obsecrat,utsuccurrant
2805 3513 3147 3578 ,proteslatus
3157 3519 3276 3560 cum
3291 3501 3503 3570 fiducia,

1921 3627 2030 3665 non
2050 3617 2378 3666 cessaturam
2408 3606 2474 3659 ab
2503 3605 2748 3658 oratione
2777 3598 3195 3659 multitudinem,
3219 3595 3390 3650 donec
3413 3610 3476 3646 cu
3493 3621 3503 3632 -
3520 3615 3534 3628 -

1921 3703 2024 3756 rati
2081 3698 2277 3754 fuerint
2333 3697 2422 3766 qui
2463 3696 2726 3750 laborant.
2775 3692 2819 3746 Ο
2863 3693 2996 3744 mira
3037 3688 3135 3743 viri
3181 3687 3504 3752 constantia,

1923 3793 2222 3864 procedens
2243 3791 2310 3845 de
2330 3788 2491 3843 corde
2512 3802 2667 3856 puro,
2692 3793 2744 3838 et
2773 3780 3100 3837 conscientia
3129 3778 3289 3840 bona,
3322 3787 3368 3827 et
3405 3775 3505 3826 faie.

1924 3863 2032 3940 non
2053 3883 2204 3939 licta!
2238 3883 2376 3936 Vere
2403 3879 2582 3933 omnia
2604 3874 2875 3946 possibilia
2903 3879 3028 3926 sunt
3060 3867 3320 3924 credenti.
3356 3863 3505 3918 Unde

1923 3977 1990 4031 ad
2028 3983 2191 4029 tanta:
2225 3973 2374 4026 vocis
2412 3967 2702 4024 efficaciam
2750 3971 2875 4017 sunt
2920 3975 3107 4014 omnes
3153 3955 3506 4020 communiter

1925 4064 2154 4121 liberati.
2197 4061 2336 4117 Ecce
2365 4059 2486 4114 data
2517 4064 2599 4112 est
2629 4055 2743 4109 voci
2774 4067 2881 4106 sua:
2911 4057 3058 4104 tanta
3090 4045 3300 4100 virtutis
3326 4042 3505 4096 efllca-

1923 4158 2044 4220 cia,
2088 4151 2234 4222 quod
2263 4165 2390 4206 caro
2449 4163 2608 4217 quam
2658 4141 2920 4212 aegritudo
2955 4143 3299 4201 corroserat,
3343 4147 3504 4201 quam

1924 4245 2215 4318 erysipelas
2252 4245 2694 4310 consumpserat,
2733 4242 2814 4291 cst
2843 4233 3002 4288 etiam
3043 4230 3210 4298 (dictu
3241 4223 3504 4290 mirabile)

1922 4337 2178 4394 continuo
2208 4334 2470 4389 restituta.

1994 4431 2013 4460 ²
2164 4426 2279 4480 Jam
2305 4433 2514 4492 tempus
2535 4421 2844 4479 advenerat,
2866 4416 2975 4484 jam
2998 4412 3307 4468 meritorum
3329 4407 3505 4474 digni.

1924 4528 2006 4574 tas
2039 4516 2319 4586 exigebat.
2355 4521 2412 4567 ut
2441 4523 2562 4583 post
2601 4509 2949 4578 multiplicem
2980 4518 3169 4574 pugnae
3206 4499 3503 4560 victoriam,

1924 4617 2209 4666 vocaretur
2245 4607 2397 4660 miles
2426 4604 2680 4659 emeritas
2707 4601 2773 4654 ad
2803 4611 3079 4653 coronam.
3128 4593 3216 4648 Sic
3259 4591 3399 4644 enim
3440 4603 3506 4644 ex

1926 4703 2057 4770 legis
2083 4699 2252 4758 civilis
2273 4695 2476 4765 justitia
2519 4691 2737 4762 ascripti
2775 4689 2969 4744 milites
3007 4690 3376 4744 sacramento,
3409 4695 3506 4749 pro

1924 4792 2192 4864 republica
2220 4789 2448 4843 fideliter
2475 4785 2792 4845 militantes,
2826 4775 2954 4834 olim
2984 4775 3210 4847 expletis
3235 4785 3506 4826 armorum

2599 4885 2634 4926 ο

1995 5023 2019 5051 ε
2060 5011 2182 5066 Haec
2215 5011 2266 5064 in
2304 5007 2570 5078 prioribus
2609 5003 2754 5078 Actis
2787 4995 3205 5078 referunturnad
3255 4991 3502 5078 Symma-

1921 5087 2080 5143 chum
2111 5089 2203 5136 aut
2249 5067 2368 5135 loco
2396 5076 2466 5132 25
2503 5073 2756 5148 legendus
2799 5079 2883 5126 est
2932 5069 3026 5148 59__
3055 5067 3262 5148 aliusve
3273 5073 3504 5148 .angnus,

1920 5137 2021 5212 iiii
2041 5160 2186 5208 certe.
2219 5149 2362 5205 aliud
2395 5149 2495 5203 iter
2525 5137 2754 5217 instituit
2782 5158 2923 5197 anno
2944 5139 3029 5217 _9.5
3060 5137 3430 5217 ordinationis.

1998 5223 2014 5261 ι
2044 5223 2116 5276 Ita
2142 5216 2924 5290 Lanfrancus,arcliiepiscopus
2938 5210 3422 5290 Cantuarieiisis,_p‘i
3434 5215 3506 5290 te:

1921 5271 2654 5360 natantibusﬂanteceuoribns
2680 5271 2843 5360 suis“:
2863 5280 3228 5360 possessiones
3255 5271 3506 5360 quasdam

1923 5337 2744 5428 ii'ﬁa'iémiilié"ﬁbiikisioiiq
2768 5337 2968 5428 dicitur
3005 5349 3058 5428 in
3099 5346 3218 5428 vna
3257 5337 3519 5428 (ninguis.

1923 5408 2629 5499 Roll'cnsis'
2647 5408 2944 5499 Seldenum
2973 5460 2988 5481 ,
3021 5419 3071 5499 in
3102 5414 3244 5499 notis
3272 5412 3336 5499 ad

1923 5445 2188 5490 RotlcnSIs
2216 5445 2450 5551 episco7pi
2491 5445 2628 5496 apuo
2661 5445 2944 5480 amoenum
2973 5460 2988 5481 ,
3022 5445 3071 5472 ιιι
3104 5445 3244 5471 "una
3272 5445 3336 5465 .iu
3371 5445 3504 5462 ιη...-

1922 5518 2126 5558 merum
2157 5515 2280 5571 pag.
2315 5497 2381 5550 i9
2404 5539 2437 5571 _,
2466 5497 2558 5571 lin.
2593 5497 2669 5571 7A.”
2694 5495 2827 5549 Hinc
2849 5488 3207 5571 praesulatus.
3236 5491 3504 5571 quavocle

2396 5548 2556 5639 Ret—lia
2583 5548 2801 5639 aliique,
2831 5548 2991 5615 ducta
3021 5575 3050 5613 a
3081 5548 3271 5639 Latino
3292 5548 3504 5639 pncfirl,

1924 5645 2012 5703 .tui
2044 5642 2244 5712 primus
2268 5647 2383 5692 erat
2407 5635 2691 5690 Saliorum.
2741 5635 2794 5687 In
2826 5647 3027 5686 excuso
3055 5635 3286 5701 positum
3318 5635 3504 5690 prmi-

1926 5715 2123 5767 dentem
2135 5752 2146 5764 .
