4074 6480
581 345 641 402 ἠ
1464 347 1522 404 S.
1564 346 1972 407 ELEU'fIlERll
2014 352 2168 408 \‘lTA
2211 355 2424 412 ACCT.
2444 357 2533 413 RE
2571 359 2935 419 CUIBERTO.
3791 376 3875 440 72

578 452 866 519 exercitiis,
898 453 1147 524 legitimis
1174 454 1450 526 stipendiis
1476 460 1840 532 solvebantur,
1867 472 1917 516 et
1953 467 2161 534 praediis
2191 483 2236 534 Α
2265 471 2316 524 in
2349 471 2453 526 illis
2479 472 2686 540 diebus,
2718 478 2860 544 quod
2887 479 2978 547 qui
3007 480 3254 547 audierit,
3284 485 3511 544 tinniant
3536 506 3694 570 aures
3715 497 3868 570 ejus,

579 543 720 570 .-.ΛΑ
749 545 988 570 “inn—Ann
1021 545 1300 570 ...νέω--.3-
1337 548 1405 570 -2-
1429 548 1526 570 I-___
1609 561 1676 570 .A,
1719 553 1756 570 n,
1901 554 1914 570 ι
2117 557 2127 568 ο
2270 560 2308 570 -η
2353 562 2364 570 .
2557 565 2568 570 -
2656 565 2670 570 -
2711 566 2724 570 -
2831 567 2840 570 -
2878 569 2885 570 ,

579 543 721 597 mide
749 545 992 598 viverent
1020 545 1303 614 assignatis
1331 548 1564 616 eisdem,
1609 553 1819 606 tandem
1852 554 1916 607 ad
1949 557 2188 625 propria.

579 633 950 686 mittebantur.
991 632 1276 690 Certamen
1319 645 1497 693 tamen
1534 640 1670 696 forte
1707 643 1854 697 dedit
1901 645 1952 698 ei
2000 645 2160 713 Deus,

579 709 639 775 ut
669 723 941 789 vinceret,
987 732 1040 778 et
1071 726 1188 780 linis
1215 728 1501 794 gloriosior
1532 743 1836 801 appareret.
1887 734 2002 788 Jam
2032 753 2165 806 qua-

581 812 824 880 draginta
855 813 1020 869 ferme
1050 815 1387 873 laboraverat
1423 822 1577 877 annis
1606 823 1658 878 in
1690 825 1866 881 officio
1894 828 2166 896 regiminis

581 904 885 970 pastoralis.
936 904 1138 961 Novem
1179 908 1439 978 siquidem
1486 913 1638 967 annis
1677 913 1969 973 Ecclesiam
2007 919 2166 974 Blan-

577 991 874 1063 diniensem
902 1036 917 1062 ,
971 996 1184 1066 triginta
1231 1006 1287 1050 et
1323 1015 1429 1054 uno
1477 1012 1694 1057 rexerat
1745 1005 2160 1062 Tornacensem.

578 1081 942 1140 Resuscntavit
979 1088 1028 1141 ei
1059 1087 1313 1144 Domlnus
1355 1092 1691 1149 adversarios
1729 1098 2026 1164 pertinaces
2055 1099 2161 1152 ha:-

575 1176 806 1240 reticos,
839 1177 1090 1247 catholici
1119 1177 1386 1245 dogmatis
1412 1191 1469 1236 et
1495 1181 1690 1240 Christi
1722 1183 1952 1243 nominis
1980 1188 2161 1242 inimi-

575 1277 692 1318 cos.
731 1265 836 1319 Sed
865 1268 1115 1334 quoniam
1157 1270 1211 1322 in
1241 1271 1540 1326 animarum
1575 1277 1954 1342 grassabantur
1981 1281 2162 1349 perni-

571 1355 732 1420 ciem,
758 1365 942 1426 pastor
968 1359 1140 1413 bonus
1169 1374 1356 1414 eorum
1388 1378 1492 1417 non
1524 1354 1700 1420 ferens
1723 1368 2160 1437 inquietudinem,

573 1461 642 1501 ex
672 1448 889 1502 decreto
931 1451 1124 1503 summi
1154 1451 1426 1520 pontificis
1465 1457 1670 1525 pepulit
1699 1473 1728 1510 a
1758 1461 1924 1528 septis
1953 1469 2007 1514 et
2031 1477 2164 1515 mte-

573 1539 731 1592 nibus
776 1539 1009 1594 civitatis
1043 1556 1139 1596 eos
1176 1542 1437 1597 duntaxat
1476 1547 1567 1615 qui
1595 1548 1769 1603 redire
1800 1550 2052 1604 nolebant
2095 1552 2164 1605 ad

571 1629 950 1684 ecclesiastica:
976 1634 1238 1699 gremium
1276 1637 1514 1691 unitatis.
1563 1637 1668 1693 Sed
1695 1655 1762 1694 ne
1793 1657 2003 1709 poenam
2034 1659 2162 1712 pro-

570 1717 699 1786 pria:
757 1718 1052 1786 iniquitatis
1090 1724 1420 1778 ascriberent
1475 1728 1690 1782 smvitia:
1741 1733 2057 1799 potestatis,
2105 1742 2162 1788 ut

568 1806 964 1876 Scripturarum
989 1812 1281 1866 auctoritas
1309 1813 1512 1870 frontes
1537 1818 1809 1874 obtereret
1836 1820 2152 1890 impudicas,
2189 1850 2229 1905 η

568 1897 711 1952 diem
741 1899 808 1953 ad
834 1900 1215 1971 disputandum
1244 1905 1310 1960 de
1342 1905 1443 1962 fide
1471 1909 1735 1964 catholica
1763 1920 2036 1980 statuunt,
2068 1931 2156 1986 sy-

568 1989 770 2044 nodum
800 1993 1084 2062 episcopus
1112 2005 1371 2051 convocat
1397 2039 1412 2065 ,
1455 2008 1513 2052 ut
1551 2001 1831 2056 haereticos
1859 2016 2074 2073 superet
2102 2015 2159 2061 et

569 2079 861 2134 confundat
885 2122 900 2146 ,
941 2091 995 2136 et
1021 2085 1259 2139 confusis
1285 2087 1486 2141 indicat
1513 2090 1782 2145 silentium
1812 2102 1867 2147 et
1895 2095 2153 2164 imponat.

569 2166 898 2225 Convocatis
938 2172 1099 2240 igitur
1139 2174 1409 2244 utrimque
1449 2179 1688 2246 partibus
1717 2222 1730 2247 ,
1769 2173 2082 2252 exsurgens
2106 2187 2158 2240 in

568 2257 820 2323 medium,
846 2269 901 2314 et
921 2277 1081 2317 manu
1109 2263 1376 2319 silentium
1400 2267 1656 2335 indicens,
1688 2268 1846 2324 fidem
1873 2273 2158 2337 confitetur

565 2347 888 2402 catholicam
917 2358 972 2403 et
997 2353 1220 2421 exponit
1248 2354 1458 2422 publice
1489 2366 1672 2425 pastor
1699 2359 1893 2415 bonus.

636 2437 727 2490 23.
769 2437 1014 2507 Exponit
1059 2442 1200 2495 enim
1247 2458 1354 2512 qua
1411 2448 1760 2520 veneratione
1814 2449 1950 2505 Deus
1998 2449 2158 2506 Pater

566 2526 810 2593 dicatur,
877 2532 990 2597 quo
1031 2542 1370 2587 sacramento
1417 2533 1570 2590 Jesus
1616 2535 1858 2592 Christus
1899 2538 2156 2595 Dominus

565 2623 751 2670 noster
778 2615 893 2684 ejus
925 2617 1086 2672 Filius
1112 2619 1392 2687 habeatur,
1449 2639 1552 2692 qua
1584 2626 1911 2693 perfectione
1939 2639 2155 2684 sanctus

566 2704 684 2774 ejus
731 2703 962 2775 Spiritus
1004 2709 1338 2782 nominetur,
1399 2715 1667 2780 quomodo
1719 2715 1874 2770 beata
1924 2717 2155 2774 Trinitas

566 2808 730 2847 unum
761 2795 813 2849 in
851 2795 1148 2851 substantia
1168 2838 1184 2862 ,
1216 2801 1310 2854 sed
1339 2810 1392 2856 et
1419 2803 1530 2871 ipsa
1562 2808 1915 2873 personaliter
1940 2820 2023 2864 est
2046 2810 2156 2865 dis-

565 2883 762 2948 tincta,
813 2875 932 2953 quis
969 2896 1160 2956 partus
1229 2889 1492 2960 Virginis,
1533 2909 1652 2962 quae
1701 2897 1861 2952 Verbi
1900 2899 1952 2953 in
1992 2915 2155 2956 carne

564 2977 847 3045 nativitas,
903 2980 1048 3047 quod
1095 2991 1486 3038 sacramentum
1535 2987 1748 3066 crucis,
1789 3004 1906 3058 qua:
1954 2992 2154 3046 utilitas

561 3071 726 3127 divini
756 3073 821 3127 ad
841 3073 1040 3130 inferos
1075 3074 1388 3145 descensus,
1417 3092 1535 3146 quia
1561 3081 1967 3136 resurrectionis
1985 3083 2152 3150 gloria

559 3171 620 3217 et
639 3166 934 3219 animarum
950 3166 1017 3220 de
1039 3166 1222 3221 inferis
1241 3171 1523 3238 captivitas
1542 3180 1814 3233 revocata,
1851 3174 1971 3241 quis
1992 3175 2150 3234 etiam

563 3267 817 3308 ascensus
855 3255 909 3308 in
962 3255 1154 3309 cmluin
1200 3265 1254 3309 et
1299 3259 1632 3327 exspectatio
1681 3259 1879 3315 Judicis
1919 3261 2148 3327 affuturi,
2181 3248 2225 3306 Ο

564 3345 694 3412 quid
721 3343 989 3410 Ecclesia,
1027 3362 1144 3416 qua:
1172 3346 1426 3403 adversus
1455 3364 1572 3402 eam
1602 3352 1977 3406 conventicula
2006 3356 2154 3407 varii-

565 3435 712 3500 tatis,
769 3450 886 3504 qua:
921 3444 1265 3505 peccatorum
1302 3438 1570 3503 remissio,
1626 3454 1744 3508 qua)
1774 3441 1948 3496 carnis
1977 3457 2154 3496 resur-

563 3525 764 3590 rectio,
797 3540 916 3594 quae
942 3527 1053 3580 vita
1082 3535 1311 3592 aeterna,
1343 3529 1463 3597 quis
1493 3530 1738 3585 interitus
1774 3535 2148 3602 sempiternus.

563 3611 691 3668 llmc
718 3623 897 3668 autem
926 3617 1104 3670 omnia
1149 3615 1390 3671 diffusius
1427 3620 1767 3688 prosequitur
1799 3637 1977 3677 sermo
2015 3623 2147 3692 ejus.

561 3703 703 3770 Quid
729 3704 916 3773 plura?
956 3705 1138 3760 Fidem
1171 3708 1491 3764 unanimiter
1525 3710 1776 3765 catholici
1806 3711 2148 3776 confitentur,

563 3797 800 3852 hairetici
827 3797 1254 3865 confunduntur,
1286 3799 1490 3857 confusi
1535 3802 1774 3871 fugiunt,
1815 3812 1868 3858 et
1895 3806 1959 3859 ad
1991 3820 2150 3873 argu-

562 3895 742 3942 menta
785 3889 1033 3958 nequitia:
1076 3906 1135 3945 se
1181 3898 1520 3947 convertunt.
1571 3893 1728 3949 Dedit
1765 3911 1894 3964 ergo
1923 3898 2149 3951 certanti

562 3977 841 4033 victoriam
862 4020 877 4044 ,
909 3979 1000 4049 qui
1045 3979 1286 4036 certandi
1332 3980 1557 4037 dederat
1602 3984 1878 4040 audaciam
1904 4027 1917 4050 ,
1951 3994 2004 4040 et
2036 3987 2149 4042 vin-

560 4069 717 4124 cendi
748 4068 1010 4124 fiduciam.
1061 4068 1150 4126 Sic
1187 4085 1314 4140 ergo
1343 4071 1552 4128 Goliam
1583 4074 1863 4129 robustum
1898 4078 2150 4132 terribili-

561 4159 663 4212 bus
684 4160 845 4214 armis
866 4168 922 4213 et
943 4161 1144 4228 ingenti
1169 4158 1339 4214 forma
1364 4163 1625 4217 munitum
1648 4174 1830 4234 pastor
1854 4165 2016 4220 David
2041 4184 2148 4223 uno

561 4247 753 4316 lapidis
801 4248 910 4302 ictu
954 4249 1280 4317 prostravit,
1325 4259 1632 4306 exterorum
1672 4262 1847 4308 castra
1885 4257 2144 4321 turbavit,

562 4337 877 4407 Allopliylos
906 4338 1176 4405 efl’ugavit.
1225 4336 1340 4392 Jam
1370 4340 1509 4394 enim
1549 4344 1999 4410 septuagesimum
2038 4346 2148 4414 pri-

535 4415 709 4483 'mum
739 4430 930 4496 agebat
959 4445 1189 4498 annum,
1220 4447 1341 4485 cum
1370 4432 1596 4502 adeptus
1618 4442 1703 4488 est
1731 4436 2074 4516 triumphum.

636 4523 662 4574 ¹,
690 4518 778 4572 2i.
823 4519 1017 4590 Vulpes
1047 4519 1319 4576 Samsonis
1360 4523 1457 4576 etsi
1488 4523 1650 4578 facies
1679 4519 1921 4594 legantur
1948 4528 2144 4584 habere

562 4608 827 4674 diversas,
858 4610 1056 4664 habent
1085 4618 1261 4664 tamen
1292 4611 1488 4666 caudas
1516 4612 1581 4665 ad
1612 4613 1839 4668 invicem
1869 4617 2142 4686 colligatas
2179 4597 2222 4654 ί)

565 4697 712 4770 (Iud.
744 4716 828 4765 xv,
858 4699 934 4768 4).
964 4699 1216 4754 Videntes
1233 4709 1413 4756 autem
1446 4701 1536 4754 filii
1557 4701 1910 4759 damnationis
1931 4717 2145 4763 :etermc

561 4790 834 4859 quomodo
863 4790 1187 4858 procedente
1237 4793 1490 4860 temporis
1542 4801 1714 4849 tractu
1754 4797 2141 4853 catholicorum

560 4877 800 4934 Ecclesia
832 4879 1185 4935 Tornacensis
1225 4882 1430 4937 meritis
1449 4859 1522 4937 ἰι
1560 4884 1754 4940 virtute
1793 4884 2050 4957 floreret,
2089 4899 2144 4944 et

562 4972 734 5027 eidem
764 4973 831 5028 de
860 4973 945 5027 die
974 4975 1025 5026 in
1055 4973 1195 5028 diem
1223 4976 1552 5044 prosperitas
1578 4978 1872 5045 arrideret,
1904 4981 2138 5052 college-

560 5073 685 5119 runt
712 5065 995 5120 concilium
1026 5065 1282 5120 adversus
1310 5066 1694 5138 Eleutherium,
1719 5073 1988 5138 quomodo
2015 5088 2135 5130 eum

561 5154 686 5208 dolo
704 5163 945 5210 tenerent
966 5165 1020 5208 et
1039 5154 1365 5220 occiderent,
1384 5165 1438 5212 et
1451 5159 1670 5227 periret.
1689 5158 1943 5215 Dicebant
1958 5163 2099 5217 enim
2120 5184 2133 5218 :

561 5243 696 5308 Quid
739 5244 986 5309 facimus,
1019 5246 1145 5314 quia
1186 5246 1274 5301 hic
1310 5246 1472 5302 homo
1510 5249 1676 5303 multa
1704 5250 1852 5319 signa
1880 5251 2043 5307 facit?
2080 5253 2138 5309 Si

559 5331 874 5388 dimittimus
902 5351 1022 5389 eum
1051 5337 1129 5392 sic
1147 5378 1161 5401 ,
1201 5339 1398 5408 probro
1426 5339 1695 5408 ducimur,
1724 5346 2136 5412 contemnimur,

556 5422 902 5479 exsufflamur
933 5445 945 5478 :
980 5428 1158 5483 venite
1179 5469 1192 5495 ,
1225 5431 1530 5486 occidamus
1558 5448 1678 5487 eum
1702 5475 1715 5499 ,
1750 5443 1804 5488 et
1831 5450 1896 5490 eo
1927 5430 2137 5492 mortuo

555 5514 866 5570 dilatabitur
888 5533 1082 5574 nomen
1111 5529 1372 5577 nostrum.
1399 5521 1615 5579 Factum
1639 5532 1721 5579 est
1744 5525 1900 5593 igitur
1919 5527 2136 5582 verbum

632 5714 644 5742 ¹
678 5710 824 5782 Alias
851 5725 966 5782 cap.
999 5730 1088 5770 xii.

631 5785 649 5813 ³
680 5781 828 5836 Alias
857 5781 974 5856 cap.
1009 5800 1118 5842 xui.

2268 560 2527 616 Exierunt
2554 565 2608 618 in
2639 565 2763 620 dolo
2793 567 2889 620 viri
2932 572 3246 639 sanguinum
3277 585 3330 629 et
3359 578 3552 646 dolosi,
3582 593 3636 638 et
3665 560 3872 646 unani-

2268 663 2426 716 miter
2469 662 2726 733 impetum
2772 665 3013 722 fecerunt
3049 670 3100 723 in
3141 671 3440 729 ministrum
3479 678 3698 748 altaris,
3729 701 3869 742 san-

2265 759 2410 806 etum
2441 754 2768 822 pontificem,
2799 757 3065 813 Christum
3097 761 3338 842 Domini,_
3359 766 3530 822 civem
3560 771 3700 832 etelj.
3733 775 3866 832 Cm—

2266 850 2378 896 tera
2401 844 2518 912 quis
2541 857 2894 916 prosequatur
2915 849 3069 906 siccis
3090 853 3298 908 oculis?
3319 855 3375 910 ln
3399 861 3642 918 manibus
3665 881 3864 924 eorum

2265 947 2392 986 vasa
2422 936 2626 1001 mortis,
2656 936 2937 994 latebrosa:
2967 945 3160 998 mentis
3187 945 3492 1003 hominibus
3523 961 3643 1020 post
3673 960 3861 1026 anguli

2265 1023 2497 1079 latebras
2518 1027 2814 1082 occultatis.
2843 1029 2911 1083 At
2933 1041 3083 1100 pater
3103 1031 3437 1091 Eleutherius
3457 1039 3654 1098 Christi
3677 1023 3862 1103 hostia

2269 1132 2396 1171 mox
2422 1110 2647 1184 futurus,
2671 1135 2934 1175 annorum
2963 1139 3212 1180 numeros
3234 1130 3546 1185 meritorum
3572 1136 3728 1191 titulo
3739 1137 3858 1207 jam

2265 1207 2579 1275 grandzevus
2607 1211 2806 1278 pariter
2831 1220 2885 1265 et
2915 1214 3198 1282 prmclarus
3227 1219 3440 1287 (agebat
3467 1222 3608 1277 enim
3639 1235 3859 1294 septua-

2264 1299 2522 1366 gesimum
2553 1309 2763 1354 sextum
2802 1303 3041 1374 annum)
3094 1321 3214 1360 cum
3247 1317 3272 1345 ι
3304 1310 3595 1368 Athanasio
3623 1317 3856 1375 diacono

2263 1399 2318 1441 et
2347 1389 2606 1444 Andoeno
2638 1390 2776 1444 fideli
2807 1392 3103 1462 discipulo,
3135 1395 3194 1452 Β.
3226 1397 3403 1454 Maria:
3432 1401 3662 1472 Virginis
3691 1424 3852 1477 egre-

2262 1475 2510 1530 diebatur
2553 1479 2831 1548 templum.
2897 1479 2960 1536 Et
2997 1499 3124 1539 ecce
3171 1492 3448 1555 generatio
3484 1509 3646 1562 prava
3687 1475 3854 1570 atque

2265 1581 2512 1633 perversa
2538 1606 2553 1630 ,
2600 1583 2781 1623 semen
2810 1571 3062 1627 Chanaan
3101 1584 3154 1629 et
3186 1594 3290 1632 non
3339 1580 3472 1637 Juda
3498 1626 3512 1649 ,
3546 1588 3850 1657 viperarum

2265 1655 2586 1722 progenies,
2639 1658 2879 1714 scelesta:
2923 1661 3164 1720 factionis
3208 1671 3468 1726 satellites
3516 1655 3675 1746 caput
3722 1681 3851 1734 illud

2262 1746 2515 1812 angelicis
2544 1750 2894 1805 reverendam
2923 1757 3228 1823 aspectibus
3276 1777 3381 1816 non
3432 1777 3685 1824 verentur
3721 1786 3851 1840 pro-

2262 1834 2437 1891 fundis
2459 1838 2768 1896 vulneribus
2789 1857 2962 1908 arare,
2982 1845 3190 1902 sulcare
3211 1858 3264 1903 et
3280 1849 3305 1888 δ
3329 1868 3566 1925 verrere,
3583 1868 3637 1912 et
3656 1859 3848 1918 faciem

2261 1925 2403 1979 illam
2420 1916 2500 1981 ‘ad
2528 1929 2762 1986 cmlestis
2790 1933 3198 2002 pulchritudinis
3237 1938 3516 2010 figuratam
3559 1950 3844 2021 imaginem

2261 2015 2400 2068 notis
2423 2018 2664 2086 turpibus
2679 2020 3005 2088 deformare.
3029 2026 3164 2092 Quid
3188 2034 3462 2099 parricidae
3485 2015 3692 2112 nefarii,
3715 2048 3844 2114 quid

2258 2104 2578 2162 fraudulenti
2606 2111 3005 2180 sicarii,vvirum
3036 2123 3306 2189 egregium
3334 2125 3401 2180 de
3429 2141 3590 2199 grege
3619 2104 3845 2190 catholi-

2258 2210 2442 2251 corum
2467 2199 2726 2266 eximitis,
2759 2206 2848 2273 qui
2873 2222 2972 2275 per
3000 2208 3268 2268 incensam
3298 2215 3731 2286 deprecationem
3760 2228 3842 2280 al-

2257 2287 2441 2356 legatis
2465 2291 2624 2358 paulo
2654 2301 2778 2349 ante
2807 2296 3077 2355 ferventer
3097 2303 3413 2362 obsecrabat
3441 2310 3495 2363 in
3521 2317 3718 2386 templo
3743 2333 3841 2387 pro

2261 2380 2443 2435 vobis?
2481 2382 2587 2436 Sed
2635 2385 2711 2438 illi
2751 2388 3050 2444 minutatim
3097 2393 3288 2450 ictibus
3335 2399 3542 2458 iteratis
3581 2380 3644 2458 et.
3671 2380 3840 2477 plagis

2258 2472 2520 2542 impositis
2545 2476 2804 2532 cultorem
2837 2480 2889 2534 in
2924 2481 3077 2537 vinea
3105 2525 3119 2549 ,
3164 2489 3472 2555 pontificem
3511 2505 3636 2551 ante
3667 2472 3839 2555 eccle-

2255 2563 2410 2627 siam,
2434 2575 2717 2633 patronum
2743 2569 2795 2622 in
2820 2569 3002 2640 fundo,
3025 2584 3294 2644 pastorem
3317 2581 3369 2635 in
3397 2585 3582 2653 caulis,
3604 2597 3838 2656 patrem-

2258 2650 2484 2708 familias
2513 2655 2564 2708 in
2595 2672 2692 2712 suo
2719 2660 2918 2727 prardio
2947 2663 3308 2734 relinquentes
3335 2674 3658 2731 seminecem
3685 2681 3833 2736 abie-

2256 2750 2401 2810 runt,
2424 2752 2499 2812 et,
2525 2753 2584 2800 ut
2603 2747 3068 2807 conformarentur
3092 2743 3379 2816 Doniinicze
3403 2766 3655 2830 oassioni,
3681 2769 3834 2824 disci-

2256 2835 2386 2902 puli,
2418 2836 2606 2891 relicto
2631 2847 2864 2908 pastore,
2893 2842 3159 2913 fugerunt.

2324 2923 2414 2979 25.
2454 2926 2690 2984 Audiens
2718 2946 2857 3001 ergo
2879 2937 3022 3006 quod
3061 2939 3255 2997 factum
3294 2955 3374 3000 est
3399 2947 3745 3021 Censorinus,
3780 2957 3831 3012 in

2255 3015 2527 3071 maleficos
2556 3022 2924 3080 vehementius
2952 3031 3327 3101 excandescit,
3373 3046 3430 3092 et
3469 3055 3562 3095 eos
3589 3045 3830 3101 sublatu-

2258 3120 2346 3159 rus
2383 3106 2449 3160 de
2478 3110 2656 3164 medio
2699 3116 3150 3176 truculentissimo
3177 3127 3349 3180 crucis
3385 3137 3654 3188 tormento
3706 3152 3830 3204 pro-

2255 3198 2423 3263 ponit.
2479 3197 2708 3254 Publicze
2739 3220 2968 3275 namque
2992 3209 3212 3278 justitia:
3254 3217 3477 3275 interest
3526 3232 3585 3276 ut
3631 3197 3830 3284 crudeli

2257 3287 2516 3354 supplicio
2570 3289 2850 3348 deleantur
2896 3299 2984 3367 qui
3022 3317 3121 3357 nec
3153 3304 3316 3376 Deum
3349 3310 3567 3380 timent,
3600 3332 3700 3371 nec
3729 3317 3830 3374 Ec-

2255 3373 2430 3428 clesiae
2459 3376 2722 3445 deferunt,
2756 3398 2856 3438 nec
2884 3397 3100 3444 sanctos
3129 3374 3384 3463 diligunt,
3421 3416 3518 3455 nec
3548 3420 3829 3462 censuram

2254 3479 2518 3520 canonum
2560 3483 2890 3529 reverentur.
2940 3478 3046 3533 Sed
3092 3499 3124 3538 o
3173 3487 3306 3542 mira
3354 3494 3518 3560 patris
3554 3499 3828 3560 et.inolita

2254 3555 2450 3622 pietas!
2499 3557 2592 3612 Dei
2632 3561 2822 3617 Filium
2845 3567 3058 3626 imitans
3087 3589 3183 3642 pro
3217 3579 3619 3640 malefactorum
3661 3590 3830 3646 salute

2247 3641 2483 3710 judicnm
2513 3649 2858 3721 deprecatur,
2891 3661 2979 3727 qui
3007 3641 3220 3720 tandem
3249 3668 3364 3736 ejus
3391 3676 3636 3740 precibus
3665 3689 3716 3733 et
3744 3697 3828 3735 re-

2253 3741 2490 3795 verentia
2545 3751 2891 3813 temperatur.
2946 3751 2989 3805 Ο
3039 3767 3269 3822 quantus
3324 3763 3497 3819 luctus
3555 3767 3823 3827 fidelium!

2252 3840 2449 3899 quanta
2481 3838 2744 3906 pimcipue
2774 3840 3002 3898 lamenta
3028 3857 3079 3902 et
3102 3852 3330 3916 gemitus
3358 3863 3679 3925 egenorum!
3727 3864 3829 3918 Lu-

2251 3930 2376 3988 gent
2423 3927 2711 3993 promiscui
2760 3946 2917 3987 scxus
2969 3937 3064 3991 viri
3113 3949 3166 3993 et
3219 3941 3468 4011 feminm,
3520 3936 3828 4020 plangei'i'tes

2251 4025 2535 4068 commune
2569 4015 2852 4074 discrimen
2890 4027 3126 4081 omnium
3151 4072 3167 4096 ,
3198 4031 3304 4086 imo
3333 4043 3386 4088 et
3411 4015 3685 4107 proprium
3713 4045 3827 4097 sin-

2249 4102 2513 4168 gulorum.
2599 4141 2602 4145 ι

2873 4207 3102 4264 CAPUT
3145 4213 3205 4266 V.

2619 4255 2621 4258 .
2873 4209 3102 4264 CAPUT
3145 4213 3205 4266 V.

2317 4282 2595 4343 Extremus
2634 4291 2694 4346 S.
2726 4291 3008 4352 Eleutlierii
3038 4303 3264 4371 morbus,
3297 4325 3453 4376 mors,
3485 4315 3753 4378 miracula.

2319 4403 2338 4432 ²
2368 4401 2456 4458 26.
2481 4405 2665 4461 Flebat
2687 4425 2816 4479 ergo
2846 4413 3047 4470 Rachel
3090 4415 3251 4475 filium
3290 4428 3421 4480 uteri
3458 4429 3571 4495 sui,
3603 4447 3701 4488 nec
3728 4450 3826 4504 po-

2251 4499 2388 4545 terat
2420 4497 2707 4552 consolari.

2371 4583 2489 4662 [iam
2509 4589 2617 4662 quis
2641 4602 2750 4662 eam
2775 4595 2865 4643 nisi
2890 4598 3069 4646 mentis
3096 4599 3234 4662 inoins
3257 4603 3302 4649 in
3324 4601 3497 4656 funere
3520 4611 3616 4658 nati

2372 4644 2710 4700 Flere-vetet?

2245 4726 2301 4780 ln
2337 4728 2441 4784 illis
2476 4733 2740 4802 prmcipue
2773 4740 3008 4794 eruentis
3038 4746 3335 4814 exsequiis,
3367 4750 3558 4818 quibus
3588 4753 3745 4810 debet
3772 4765 3826 4812 et

2244 4822 2668 4890 compassioncm
2711 4828 2918 4884 animus
2943 4873 2960 4898 ,
3004 4841 3058 4886 et
3109 4834 3474 4903 irrigationem
3511 4830 3730 4911 oculus,
3771 4859 3826 4903 et

2245 4909 2501 4966 ultionem
2531 4912 2810 4980 judiciaria
2837 4935 3044 4976 manus.
3075 4923 3325 4980 Defertur
3351 4929 3588 4997 pontifex
3616 4934 3670 4988 in
3698 4909 3823 4990 san-

2245 5002 2405 5070 guine
2433 5019 2530 5057 suo
2572 5007 2817 5062 manibus
2844 5009 3146 5078 bajulorum
3174 5015 3240 5070 ad
3281 5017 3498 5075 domum
3529 5025 3820 5094 propriam,

2245 5092 2297 5146 in
2328 5093 2505 5149 locum
2527 5136 2541 5162 ,
2569 5111 2730 5164 quem
2772 5114 2933 5169 supra
2973 5101 3205 5159 diximus
3228 5145 3243 5168 ,
3277 5092 3640 5178 oppidanum.
3667 5113 3824 5170 Juhet
3868 5145 3870 5147 >

2246 5191 2473 5239 stratum
2500 5185 3193 5260 sibi-construi-cilicinum,
3225 5207 3281 5252 et
3305 5200 3542 5270 quinque
3583 5206 3822 5273 supervi-

2244 5290 2375 5329 vens
2419 5275 2876 5345 hebdomadibus,
2925 5291 2984 5336 ut
3032 5288 3288 5342 sanctitas
3315 5279 3453 5358 °ejus
3497 5295 3824 5350 excellenter

2243 5365 2498 5430 emineat,
2522 5367 2574 5422 in
2602 5368 2696 5423 illo
2725 5372 2980 5440 temporis
3008 5374 3296 5432 interstitio
3321 5394 3516 5434 catcum
3539 5381 3818 5446 illuminat,

2243 5455 2469 5512 afllictos
2496 5466 2550 5512 et
2574 5457 2794 5516 affectos
2825 5463 2981 5518 variis
3001 5466 3406 5534 argritudinibus
3441 5472 3622 5545 plures
3647 5484 3818 5531 sanat.

2246 5545 2436 5615 Etjam
2480 5548 2531 5602 in
2567 5550 2754 5619 spiritu
2778 5555 3026 5622 praescius
3055 5559 3242 5612 mortis
3271 5575 3411 5628 suae,
3443 5580 3563 5618 cum
3595 5565 3831 5626 vicinam.

2314 5737 2339 5762 λ
2372 5727 2656 5794 Excusum,
2687 5733 2984 5787 Anastasio.

2320 5795 2347 5834 δ
2375 5797 2496 5864 315.,
2524 5817 2724 5864 insere.
