4074 6454
213 396 415 485 73’

1130 433 1189 491 S.
1227 432 1639 493 ELEUTHEllﬂ
1682 438 1842 493 VITA
1883 438 2207 496 AUCTORE
2246 441 2613 527 GUBERTO.‘

3402 446 3510 511 ‘7‘

210 532 464 615 corporis
491 543 877 599 resolutionem
908 545 1237 617 attenderet,
1267 550 1520 605 indicavit
1547 550 1811 605 adstanti-
1846 557 1894 614 Α
1922 568 2037 606 rum
2066 551 2276 608 ﬁrmum
2305 565 2415 609 stat
2438 554 2559 610 lidei
2599 554 3027 614 fundamentum.
3078 560 3208 618 lude
3230 568 3328 620 est
3365 568 3511 636 quod

210 639 320 693 bus
348 653 501 691 suum
533 637 736 692 exitum
767 637 1065 703 imminere,
1094 648 1150 694 et
1174 642 1359 697 eadem
1392 644 1724 699 hebdomada
1755 660 1814 700 se

206 726 282 781 de
303 741 526 781 carcere
547 742 835 796 corporeo,
855 728 922 782 de
940 730 1119 784 carnis
1139 734 1413 801 ergastulo
1432 735 1810 803 migraturum,

205 819 356 873 sicut
374 819 708 887 experientia
730 812 1024 874 declaravit
1046 838 1143 892 per
1168 824 1389 878 evidens
1413 835 1809 894 argumentum.

282 909 374 962 27.
430 909 629 966 Vidcns
670 925 800 979 ergo
828 913 972 981 quod
1010 914 1261 969 transiret
1287 916 1353 970 de
1383 916 1486 971 hoc
1515 904 1714 972 mundo
1745 918 1810 973 ad

206 1009 421 1072 patrem
450 1044 464 1066 ,
504 1016 626 1055 cum
666 1002 941 1057 dilexisset
970 1019 1098 1057 suos
1122 1047 1139 1067 ,
1185 1007 1236 1059 in
1279 1004 1438 1061 ﬁnem
1477 1008 1663 1062 dilexit
1692 1024 1808 1075 eus,

208 1095 375 1148 verba
406 1109 661 1164 promens
680 1094 734 1149 in
757 1095 946 1151 mortis
969 1097 1199 1151 articulo
1226 1114 1387 1168 super
1416 1099 1519 1153 mel
1549 1108 1606 1153 et
1630 1099 1835 1157 favum"

206 1184 519 1255 prmdulcia.
563 1183 747 1238 Monet
776 1200 871 1240 eos
900 1202 1061 1256 super
1092 1189 1297 1242 unitate
1326 1189 1599 1254 sectanda,
1633 1192 1808 1260 pinni-

206 1277 381 1330 tentia
412 1275 653 1331 facienda
673 1317 686 1341 ,
728 1277 976 1332 castitate
1007 1277 1304 1347 diligenda,
1333 1281 1592 1349 patientia
1624 1281 1809 1351 acqui-

207 1368 396 1433 renda,
426 1368 667 1421 vanitate
706 1368 883 1422 smculi
913 1371 1327 1437 contemnenda,
1361 1380 1415 1425 et
1446 1381 1565 1441 post
1593 1389 1805 1427 tuorum

207 1460 645 1517 exhortationem
675 1461 945 1515 subnectit
990 1462 1170 1516 verbis
1199 1463 1581 1532 prolixioribus
1620 1465 1805 1518 utilem

206 1552 277 1607 de
319 1550 621 1605 Diviuitatis
668 1559 721 1605 et
759 1550 1107 1605 humanitatis
1150 1544 1250 1607 lide
1289 1558 1618 1609 sermdnem.
1680 1554 1803 1609 Mox

208 1642 351 1697 inter
377 1643 590 1697 dolores
620 1642 865 1712 corporis
900 1651 955 1697 et
985 1659 1245 1702 mmz'ores
1292 1648 1487 1701 mentis
1510 1689 1524 1708 .
1568 1655 1717 1702 velut
1748 1651 1801 1703 in

210 1733 449 1802 quodam
477 1732 773 1788 meditullio
803 1734 1126 1788 constitutus
1145 1776 1163 1801 ,
1195 1737 1424 1804 gemitus
1458 1737 1594 1791 fudit
1622 1746 1677 1793 et
1707 1740 1802 1794 lle-

217 1831 333 1887 tus;
379 1833 432 1878 et
459 1825 510 1881 in
540 1840 595 1879 se
626 1825 841 1892 quidem
871 1840 1099 1894 corpore
1129 1827 1642 1896 patiens,-Ecclesia:
1669 1848 1798 1887 vero

1919 643 2110 698 beatus
2154 645 2393 715 pontifex
2440 645 2787 703 Eteutberius
2833 650 2887 705 in
2936 655 3194 710 extremis
3242 670 3409 726 agens
3453 667 3511 714 et

1916 735 2216 790 accersiens
2261 736 2580 792 Andoenum
2606 777 2621 803 ,
2683 738 2840 821 jubet
2901 751 2959 798 ut
2997 754 3119 815 post
3148 747 3314 817 ipsius
3342 752 3510 820 patris

1915 838 2193 879 excessum
2223 826 2451 882 dilectus
2480 829 2872 886 ﬁlius-Romam
2911 837 3212 905 acceleret,
3244 849 3299 894 et
3327 832 3507 896 muni-

1914 923 2095 968 menta
2126 915 2247 971 ﬁdei
2266 954 2283 981 ,
2313 932 2435 986 quae
2461 928 2680 977 sanctus
2709 923 3047 991 confecerat,
3083 944 3296 986 summo
3326 935 3507 1002 ponti-

1911 1004 1995 1058 lici
2026 1005 2304 1062 Bonifacio
2335 1020 2702 1080 repnesentet.
2755 1013 2823 1068 Et
2865 1016 3058 1072 iterum
3100 1036 3393 1079 conversus
3434 1026 3504 1080 ad

1911 1097 2176 1152 orationis
2212 1099 2578 1167 dulcedinem,
2613 1105 2743 1159 vidit
2780 1123 2809 1160 a
2839 1109 3074 1165 sinistris
3109 1112 3365 1169 Satanam
3390 1131 3502 1172 las-

1907 1190 2202 1245 sistentem.
2264 1191 2494 1248 Volebat
2545 1197 2703 1250 enim-
2744 1199 3137 1272 interrumpere
3191 1207 3501 1263 sermonem

1908 1282 2146 1352 orantis,
2176 1283 2264 1338 vel
2297 1291 2504 1341 terrore
2540 1302 2651 1341 suae
2692 1294 2990 1358 ptuisentize
3035 1296 3361 1352 conturbare
3390 1300 3503 1369 spi-

1907 1371 2068 1425 ritum
2097 1375 2380 1440 exeuntis;
2424 1376 2518 1431 sed
2548 1376 2791 1435 funestus
2831 1382 2917 1437 ille
2961 1383 3179 1441 furcifer
3203 1390 3503 1459 apparebat

1903 1462 1959 1516 in
1990 1464 2196 1519 irritum
2236 1466 2286 1519 ei
2316 1465 2578 1522 duntaxat
2603 1511 2620 1537 ,
2661 1470 2713 1524 in
2743 1486 2851 1540 quo
2883 1475 3011 1529 nihil
3040 1480 3365 1546 reperturus"
3382 1489 3501 1535 erat

1905 1558 2180 1624 proprium
2228 1558 2314 1611 vel
2362 1557 2648 1614 funestum.
2704 1561 2879 1629 Quem
2938 1576 3157 1623 sanctus
3208 1570 3499 1640 objurgans

1901 1645 2081 1699 verbis
2106 1684 2121 1708 ,
2174 1646 2457 1704 confusum
2513 1651 2745 1721 expellit
2789 1663 3008 1712 ostenso
3059 1667 3259 1714 sancta:
3320 1662 3497 1717 crucis

1903 1737 2201 1805 signaculo.
2233 1737 2369 1794 Hinc
2398 1756 2698 1809 monemur,
2731 1744 2950 1810 fratres,
2984 1758 3069 1814 ut,
3097 1750 3496 1808 cum‘extrema

1901 1828 2066 1883 debiti
2097 1831 2217 1886 linis
2240 1833 2485 1889 imminet
2509 1836 2661 1901 hora,
2689 1848 2945 1893 exercere
2970 1854 3071 1895 nos
3094 1841 3291 1896 debeat
3318 1844 3497 1900 oratio

209 1916 376 1972 corde
396 1917 743 1986 compatiens,
762 1928 1053 1973 conversus
1074 1920 1140 1973 ad
1162 1919 1445 1975 Dominum
1470 1920 1626 1977 ﬁdem
1647 1940 1798 1979 suam
1834 1923 1872 1980 Β
1902 1924 2176 1975 continua.
2202 1921 2260 1977 Si
2289 1925 2434 1979 enim
2458 1926 2524 1979 ad
2551 1927 2732 1998 ignota
2752 1928 2834 1983 vel
2860 1929 3017 1998 longe
3044 1932 3219 2001 posita
3249 1933 3366 1988 loca
3392 1949 3496 1990 nos

207 2006 387 2061 verbis
417 2008 596 2075 ignitis
626 2010 853 2074 recitat,
904 2025 1000 2078 pro
1047 2011 1230 2065 amicis
1270 2022 1326 2067 et
1372 2013 1598 2069 inimicis
1627 2014 1797 2070 Deum

207 2097 496 2165 obsecrat;
544 2097 837 2154 Ecclesium
887 2100 1311 2169 Tornacenscm,
1345 2114 1400 2159 et
1427 2122 1521 2161 eos
1553 2107 1645 2176 qui
1674 2123 1799 2178 5pc-

201 2188 415 2248 cialiter
443 2197 497 2242 et
526 2188 719 2244 devote
749 2199 993 2246 tenerent
1023 2193 1272 2249 eumdem
1306 2196 1357 2248 in
1398 2198 1656 2251 memoria
1687 2198 1796 2253 Do—

199 2279 348 2333 mino
378 2281 800 2336 recommendat.
837 2282 1045 2348 Vidisti,
1082 2286 1271 2353 inquit,
1299 2285 1545 2356 Domine,
1568 2303 1796 2357 agonem

198 2386 405 2435 meum,
436 2373 578 2426 nosti
608 2373 931 2428 desiderium
960 2391 1141 2429 meum
1173 2394 1189 2429 τ
1222 2392 1321 2445 ego
1350 2380 1494 2433 enim
1518 2379 1632 2450 jam
1661 2380 1796 2435 deli-

194 2463 323 2526 bor,
368 2472 426 2517 et
452 2465 591 2518 viam
625 2466 886 2522 universae
917 2468 1092 2522 carnis
1125 2468 1399 2537 ingredior
1431 2489 1442 2523 :
1475 2479 1684 2543 tempus
1712 2481 1798 2529 est

191 2561 250 2607 ut
278 2561 446 2607 terrae
474 2554 839 2620 commendes,
873 2556 1128 2624 Domine,
1160 2574 1356 2628 corpus
1394 2576 1596 2617 meum.
1638 2562 1793 2620 Sicut

189 2663 393 2703 cervus
418 2646 687 2702 desiderat
715 2664 908 2718 aquam
937 2651 1099 2706 fontis
1121 2693 1135 2715 ,
1171 2654 1342 2709 viator
1374 2654 1531 2710 linem
1564 2657 1789 2726 itineris,

188 2753 384 2792 servus
422 2741 911 2795 remunerationem
941 2744 1159 2811 operis,
1203 2744 1275 2798 ita
1324 2755 1543 2801 sanctus
1590 2748 1790 2817 perfrui

184 2830 575 2898 conspectibus
609 2830 922 2888 Salvatoris.
964 2833 1153 2890 Nonne
1182 2836 1336 2890 nobis
1362 2836 1560 2892 dixisse
1583 2840 1793 2894 videtur

184 2920 289 2974 hoc
340 2920 519 2976 verbo
563 2937 684 2976 cum
735 2922 1046 2979 tenderetur
1094 2926 1356 2996 prolixior
1402 2945 1521 2997 ejus
1573 2918 1787 3004 agonia,

183 3008 464 3071 desiderio
491 3011 657 3079 feror,
689 3029 951 3084 corporea
986 3016 1134 3071 mole
1154 3018 1448 3073 retrabor?
1499 3019 1647 3076 llanc
1673 3038 1790 3076 sar-

182 3099 368 3154 cinam
412 3108 654 3171 tempore
683 3088 895 3173 prolixo
924 3106 1134 3176 portavi
1157 3148 1172 3173 ,
1213 3107 1303 3162 diu
1341 3126 1502 3180 super
1532 3112 1786 3182 populum

182 3191 315 3244 mibi
370 3190 631 3246 creditum
681 3194 895 3263 vigilavi
935 3213 947 3248 :
989 3197 1185 3253 vellem
1226 3199 1292 3253 ab
1334 3201 1438 3256 bac
1481 3201 1784 3258 obedientia

1900 2009 1952 2062 in
1983 2008 2087 2066 hoc
2113 2012 2313 2067 mundo
2343 2015 2572 2071 transire
2598 2016 2951 2088 disponimus,
2988 2023 3152 2079 modo
3181 2038 3279 2080 nos
3308 2027 3495 2095 proxi-

1900 2114 2122 2154 morum-
2151 2104 2485 2159 orationibus
2509 2108 2978 2176 commendamus,
3012 2112 3174 2185 modo
3203 2129 3305 2171 nos
3343 2115 3495 2185 ipsos

1900 2193 1953 2247 in
2002 2194 2118 2263 ipso
2165 2196 2513 2264 profectionis
2556 2199 2785 2255 articulo
2830 2182 3106 2258 'continua'
3133 2205 3493 2278 Iacrymarum

1897 2282 2248 2342 inundatione
2277 2286 2666 2357 perfundimus,
2693 2293 3043 2350 obsecrantes
3070 2294 3258 2364 Deum,
3290 2307 3349 2352 ut
3371 2299 3492 2368 pla-
3573 2373 3585 2384 .

1898 2373 2031 2429 cidis
2049 2376 2301 2432 itinerum
2321 2380 2701 2448 congressibus
2720 2396 3091 2454 properemus.
3120 2386 3187 2440 Et
3200 2388 3246 2442 si
3266 2404 3369 2444 nos
3380 2398 3492 2445 tam

1896 2465 2136 2521 studiose
2174 2477 2456 2524 manentes
2495 2471 2672 2526 adhuc
2710 2473 2765 2526 in
2809 2475 3004 2530 smculo
3052 2476 3193 2532 istud
3240 2479 3446 2547 agimus
3470 2519 3490 2546 ,

1895 2565 2099 2626 quanto
2125 2560 2418 2615 studiosius
2441 2561 2493 2615 in
2518 2561 2622 2617 line
2647 2563 2774 2617 talia
2800 2562 2977 2621 facere
2997 2583 3097 2623 nos
3121 2568 3419 2626 debemus?

1965 2648 2052 2702 5t).
2100 2649 2248 2705 Unde
2276 2637 2331 2706 et
2359 2653 2546 2709 beatus
2585 2655 2777 2725 praisul
2819 2657 3151 2715 incessanter
3189 2662 3382 2717 orabat
3421 2663 3492 2720 ad

1894 2738 2180 2794 Dominum
2204 2781 2218 2805 ,
2268 2745 2715 2800 recommendans
2762 2747 2816 2801 in
2856 2762 3047 2804 manus
3078 2750 3203 2818 ejus
3239 2753 3488 2821 spiritum

1892 2844 2049 2883 suum
2084 2848 2097 2882 :
2131 2840 2186 2885 et
2216 2841 2473 2903 percepto
2514 2838 2756 2906 corporis
2798 2846 2859 2899 et
2902 2841 3176 2907 sanguinis
3221 2842 3489 2899 Dominici

1892 2931 2232 2977 sacramento
2256 2963 2270 2987 ,
2313 2938 2513 2979 corona
2543 2925 2818 2983 laureatus
2854 2930 3278 2987 immarcessibili
3302 2973 3316 2998 ,
3359 2950 3485 2989 cum
3576 2955 3582 2960 δ

1892 3013 2155 3066 immenso
2204 3013 2431 3078 lumine,
2490 3017 2699 3072 cunctis
2726 3019 2817 3085 qui
2846 3020 3068 3074 aderant
3097 3021 3398 3079 videntibus
3425 3034 3485 3080 et

1890 3103 2266 3172 gaudentibus.
2303 3107 2514 3161 transiit
2533 3107 2789 3163 invitatus
2804 3109 2868 3164 ad
2894 3112 3084 3181 epulas
3111 3115 3483 3183 paradisi.-Sic

1889 3193 2126 3264 pretiosa
2173 3198 2459 3266 margarita
2507 3202 2777 3269 quoniam
2816 3202 2884 3257 ab
2921 3204 3225 3263 hominibus
3263 3211 3487 3266 concul-

182 3280 428 3348 liberari,
459 3286 608 3352 gravi
633 3287 791 3344 nimis
819 3288 1130 3344 indumento
1152 3334 1167 3357 ,
1194 3293 1335 3361 quod
1366 3303 1552 3363 gesto,
1583 3313 1781 3368 exspo-
1809 3295 1852 3355 C
1888 3296 2035 3352 0⁸1³,
2066 3302 2210 3342 nunc
2237 3288 2631 3345 memmium“
2652 3292 2706 3346 in
2736 3291 2911 3359 οωίὲέν
2954 3296 3251 3355 honoratur
3284 3303 3355 3357 ab
3381 3318 3481 3358 an-

183 3371 303 3426 liari
330 3416 348 3440 ,
384 3375 661 3431 subtiliore
692 3380 873 3434 vestiri
902 3399 915 3431 :
952 3381 1003 3435 in
1034 3392 1107 3445 te,
1152 3383 1376 3439 Domine
1400 3428 1413 3451 ,
1447 3386 1692 3451 conlido,
1730 3399 1783 3447 te

182 3466 376 3520 videre
393 3466 664 3535 desidero,
683 3479 733 3524 te
757 3474 993 3539 requiro,
1013 3484 1065 3528 te
1087 3490 1299 3545 semper
1321 3478 1371 3531 in
1396 3480 1523 3533 lerri
1538 3513 1550 3522 -
1574 3483 1781 3550 positus

181 3555 356 3623 colui,
373 3556 457 3609 cui
478 3572 563 3611 me
577 3565 685 3610 tota
712 3559 1001 3615 dilectione
1014 3562 1234 3619 devovi:
1253 3566 1417 3621 libera
1433 3585 1539 3635 me,
1558 3570 1781 3627 Domine

182 3641 335 3697 Deus
368 3658 551 3706 meus,
585 3647 673 3714 qui
705 3662 763 3701 es
794 3651 843 3702 in
875 3652 1193 3707 saeculorum
1224 3658 1416 3712 smeula
1442 3659 1778 3719 benedictus.

252 3733 354 3786 ‘28.
387 3733 455 3786 Et
474 3749 600 3789 ecce
624 3751 747 3790 mox
768 3748 973 3792 certum
995 3742 1357 3802 exauditionis
1386 3732 1658 3821 indicium,
1687 3770 1783 3824 per

192 3832 466 3896 aspectum
504 3827 711 3883 scilicet
739 3838 793 3884 et
821 3831 1079 3887 auditum.
1128 3834 1327 3904 Fulgor
1376 3840 1518 3895 enim
1558 3849 1783 3912 magnus

178 3919 441 3989 apparuit
472 3937 485 3972 :
519 3934 621 3974 vox
647 3920 714 3976 de
741 3922 882 3977 caelo
907 3925 1055 3979 velut
1082 3927 1286 3982 alarum
1331 3932 1525 4000 aquilae
1553 3936 1733 3991 sonuit
1765 3954 1777 3990 :

178 4008 461 4064 Eleutheri
488 4053 503 4075 ,
547 4018 635 4065 tua
679 4022 761 4067 est
808 4014 1059 4071 exaudita
1087 4018 1430 4089 deprecatio,
1477 4024 1669 4094 dignus
1696 4035 1782 4082 est

179 4101 326 4155 enim
371 4104 653 4171 operarius
689 4106 812 4162 cibo
839 4122 939 4163 suo
969 4125 983 4172 ;
1015 4109 1333 4169 Trinitatem
1373 4118 1640 4175 catltolice
1665 4121 1781 4176 col-

179 4186 444 4257 laudasti,
490 4192 716 4260 viriliter
751 4205 808 4249 et
830 4197 1062 4255 sollicite
1108 4201 1398 4260 decertasti
1429 4224 1440 4259 :
1477 4225 1617 4265 nunc
1646 4227 1778 4269 vero

180 4276 417 4336 ﬁnaliter
489 4284 846 4341 exauditionis
902 4288 1193 4345 ellicaciam
1251 4299 1573 4365 reportasti;
1631 4303 1775 4369 quod

177 4373 393 4442 cupisti
416 4413 431 4438 ,
460 4374 660 4443 perﬁce
701 4392 857 4433 serve
898 4396 1048 4435 meus
1070 4422 1085 4446 ,
1118 4398 1186 4438 ne
1233 4395 1353 4454 post
1383 4388 1582 4444 bonum
1613 4389 1773 4448 linem

178 4460 408 4517 ducatur
437 4465 490 4519 in
529 4466 761 4522 irritum.
816 4467 973 4524 Liber
1016 4471 1190 4527 bonus
1238 4478 1587 4534 evacuabitur
1614 4524 1628 4549 ,
1677 4483 1773 4538 sed

178 4556 600 4623 restaurabitur,
642 4559 697 4613 in
736 4560 875 4629 ignis
912 4563 1217 4619 incendium
1254 4566 1516 4635 jacietur,
1548 4573 1643 4627 sed
1668 4588 1769 4629 vo-

1886 3377 2022 3444 gelis
2047 3420 2062 3446 ,
2109 3378 2305 3435 fruitur
2341 3384 2641 3451 prmsentia
2670 3383 2948 3442 Trinitatis
2969 3427 2987 3454 ,
3024 3390 3183 3459 digna
3223 3393 3482 3450 thesauro

1888 3469 2057 3538 regio,
2089 3471 2246 3539 digna
2276 3472 2496 3542 palatio,
2527 3474 2686 3543 digna
2716 3476 2855 3533 oculo
2888 3497 2900 3532 :
2930 3494 3035 3535 nec
3061 3483 3292 3552 amplius
3319 3499 3479 3553 erga-

1886 3562 2028 3616 stulo
2057 3562 2350 3630 clauditur,
2383 3576 2701 3637 paupertate
2729 3572 3021 3640 premitur,
3052 3574 3242 3629 exsilio
3272 3576 3480 3645 relega-

1886 3664 1992 3720 tur,
2045 3655 2144 3712 sed
2169 3657 2337 3713 libere
2364 3662 2779 3732 contemplatur.
2825 3663 2923 3722 Hic
2946 3677 3029 3724 est
3052 3669 3196 3723 ettim
3223 3669 3284 3725 Β.
3317 3670 3480 3728 Eleu—

1887 3745 2091 3803 tberius
2112 3786 2131 3812 ,
2177 3751 2427 3820 proprius
2471 3754 2744 3823 apostolus
2781 3754 3141 3817 Tornaeensis
3166 3764 3477 3831 evangelica

1883 3836 2200 3903 ministerio,
2233 3848 2437 3913 martyr
2460 3844 2721 3911 sanguine
2748 3848 2988 3916 proprio.
3021 3849 3306 3922 ﬂartyrem
3328 3855 3475 3909 enim

1884 3940 2045 3981 causa
2069 3927 2196 3982 facit
2219 3938 2276 3984 et
2298 3946 2457 4000 poma
2483 3950 2494 3985 :
2519 3949 2682 3988 causa
2709 3936 2808 3990 fuit
2827 3938 2880 3991 in
2907 3953 2973 3993 eo
2993 3942 3232 4012 martyrii
3254 3943 3481 3999 libertas

1883 4012 2006 4069 lldei
2031 4017 2341 4085 catholieaz,
2387 4036 2545 4091 poena
2580 4021 2678 4078 fuit
2706 4027 2971 4084 acerbitas
3000 4031 3263 4098 passionis
3290 4032 3472 4091 illatas.

1881 4103 2261 4165 Confessorem
2304 4126 2426 4169 eum
2465 4114 2815 4174 nihilominus
2854 4119 3085 4177 reddidit
3122 4124 3269 4194 rigor
3304 4127 3475 4183 absti-

1881 4198 2099 4268 nentiae,
2124 4201 2278 4270 vigor
2305 4205 2634 4275 pmnitentite
2665 4219 2678 4263 ἑ
2713 4208 2983 4280 Virginem
3021 4215 3218 4273 mentis’
3242 4220 3472 4289 puritas.

1877 4300 1933 4346 et
1959 4292 2137 4349 carnis
2165 4294 2445 4365 integritas
2465 4339 2481 4364 ,
2513 4301 2707 4370 quibus
2748 4305 2967 4362 emicuit
3014 4309 3248 4376 gratiose
3271 4351 3287 4376 ,
3330 4328 3472 4370 nunc

1877 4397 2007 4436 vero
2035 4381 2194 4440 ﬂoret
2222 4386 2273 4442 in
2302 4389 2475 4458 patria
2503 4392 2755 4459 gloriose.

1947 4473 2037 4559 5i.
2070 4474 2240 4546 Hujus
2265 4494 2461 4551 corpus
2485 4486 2775 4553 sepultura:
2801 4489 3016 4545 tradidit
3042 4492 3309 4559 gloriosus
3320 4494 3469 4569 pou-
3512 4486 3519 4493 ’

1877 4549 2017 4619 ιίΐεί
2034 4549 2408 4626 Noviomensis
2432 4580 2492 4627 et
2517 4549 2796 4632 confessor
2823 4577 3019 4638 Christi
3044 4549 3362 4652 vMedardusj
3384 4591 3467 4644 ei-

176 4642 595 4703 luntasDomini
622 4658 742 4713 est,
788 4660 849 4706 ut
875 4663 997 4722 post
1038 4656 1151 4711 haec
1193 4656 1446 4715 Ecclesiae
1475 4666 1763 4722 reveletur.

1888 4655 1995 4711 lem
2025 4658 2077 4712 in
2110 4658 2468 4719 Tornacensis
2492 4667 2675 4735 populi
2706 4671 2942 4737 regimen
2972 4676 3218 4742 proxime
3244 4693 3465 4736 succes-

176 4729 266 4788 llis
293 4737 474 4804 dictis,
509 4756 613 4795 vox
654 4743 835 4797 audita
875 4758 997 4800 cum
1045 4748 1289 4804 claritate
1326 4753 1437 4807 visa
1480 4754 1762 4826 disparuit.

174 4824 407 4909 Sanetus
436 4841 616 4887 autem
640 4834 691 4888 in
715 4836 1003 4902 gratiarum
1031 4840 1271 4896 actiones
1299 4844 1615 4903 mirabiliter
1636 4866 1764 4905 mox

174 4924 367 4990 erupit.
387 4923 531 4990 Quas
551 4926 642 4994 qui
663 4928 844 4983 videre
862 4929 1148 4997 desiderat,
1168 4949 1445 4992 sermones
1466 4939 1599 5007 ejus,
1624 4956 1762 5010 quos

176 5016 401 5082 Propriis
431 5017 564 5073 locis
594 5018 764 5075 factos
804 5036 967 5078 causa
997 5024 1228 5082 vitanda:
1264 5031 1587 5100 prolixitatis
1616 5037 1756 5090 omi-

174 5097 353 5169 simus,
385 5107 671 5179 diligenter
699 5111 859 5181 legat.

204 5196 257 5223 "
301 5196 391 5252 29.
445 5197 816 5257 Sollicitudine
860 5220 968 5260 non
1025 5207 1207 5277 pigros
1265 5225 1479 5282 semper
1531 5215 1755 5286 legimus

168 5284 436 5343 exstitisse
472 5297 722 5355 sanctos;
764 5300 851 5361 et,
880 5297 1134 5365 quoniam
1166 5298 1537 5358 bmreticorunt
1573 5284 1752 5363 sermo

168 5375 339 5443 Serpit
356 5387 417 5433 ut
445 5394 661 5448 cancer,
693 5380 860 5438 libros
886 5391 943 5439 et
970 5400 1249 5446 sermones
1271 5392 1596 5463 multiplices
1618 5411 1753 5451 con-

170 5467 477 5526 struxerunt
499 5512 513 5536 ,
537 5486 626 5553 ine
653 5472 773 5527 lldei
798 5475 995 5530 vallum
1023 5478 1411 5550 irrumperetur
1427 5527 1442 5551 ,
1472 5485 1557 5540 vel
1587 5488 1754 5556 perti-

170 5555 389 5624 naciter,
421 5561 507 5631 vel
533 5548 781 5629 latenter,
822 5572 878 5619 et
907 5564 1029 5621 ideo
1058 5584 1154 5639 per
1180 5548 1502 5630 documenta
1536 5548 1752 5634 sa-ncto-

244 5730 256 5807 _'
287 5734 432 5807 Alias
455 5753 576 5807 cap.
608 5755 717 5796 xiv.

240 5800 695 5893 iﬁliascap.x‘v.
784 5881 795 5891 .
875 5880 956 5893 ω
1045 5883 1103 5893 m
1203 5888 1216 5893 _
1302 5889 1331 5893 μ
1712 5890 1717 5893 ι

240 5870 402 5949 ξηΗῳ
430 5870 741 5940 miraculum
783 5881 834 5934 in
875 5880 995 5938 Vita
1043 5883 1333 5943 Eleutherii
1366 5908 1430 5943 ex
1459 5909 1584 5947 mss.
1612 5890 1743 5949 Cor-

172 5939 287 5993 aelii
351 5943 541 6032 Βρίξιιῆ
595 5959 643 6001 et
699 5939 1012 6032 Tornqcensi
1076 5939 1583 6032 dicitui'ééﬁplbﬁ'
1608 5939 1742 6021 indi-

429 6020 695 6080 Pn'nOL.
741 6023 930 6102 LXV”.

1871 4762 2048 4814 suros,
2071 4757 2125 4803 et
2147 4750 2477 4809 solemnibus
2507 4759 2807 4825 procuratis
2832 4764 3120 4833 exsequiis,
3145 4782 3265 4843 qua:
3294 4773 3465 4841 magis

1869 4849 1994 4894 sunt
2012 4841 2254 4898 vivorum
2276 4847 2490 4914 solatia,
2513 4865 2672 4925 qu'n
2696 4854 2928 4911 subsidia
2951 4868 3311 4933 mortuorum,
3332 4866 3463 4923 illud

1869 4932 2171 4989 venerabile
2193 4936 2363 4992 sancti
2386 4937 2617 5009 Spiritus
2637 4957 2896 5013 organum
2931 4950 2997 5004 de
3026 4959 3299 5011 communi
3328 4972 3459 5013 conc

1866 5021 1988 5076 silio
2017 5023 2070 5077 in
2100 5024 2160 5077 Β.
2189 5025 2333 5082 Petri
2368 5028 2755 5091 Blandiniensis
2782 5040 3007 5095 ecclesia
3036 5053 3119 5098 est
3147 5047 3411 5116 sepultum
3445 5067 3458 5101 ε

1860 5120 1941 5180 ut,
1969 5115 2062 5185 qui
2091 5115 2250 5173 tidem
2278 5135 2416 5189 puer
2443 5122 2582 5178 inter
2609 5126 2849 5186 inﬁdeles
2888 5136 3092 5198 tenuit,
3135 5115 3455 5196 adolescens

1859 5205 2102 5260 eamdem
2131 5208 2335 5275 docuit,
2357 5228 2458 5283 pro
2484 5228 2588 5284 qua
2615 5225 2903 5278 veteranus
2931 5227 3201 5296 occubuit,
3226 5230 3278 5283 in
3311 5232 3453 5289 illius

1860 5297 2215 5354 tumularetur
2240 5303 2467 5359 ecclesia
2486 5346 2500 5371 ,
2533 5307 2683 5377 cujus
2714 5309 2843 5368 lldes
2869 5318 3235 5384 perseverabit
3264 5321 3314 5378 in
3344 5338 3449 5379 sae-

1858 5385 2036 5440 culum
2066 5388 2287 5447 illibata.
2806 5432 2835 5471 \

1930 5481 1947 5509 ¹
1992 5479 2079 5535 52.
2126 5491 2151 5519 ⁸·
2198 5483 2334 5542 Vere
2381 5491 2613 5559 pretiosa
2662 5505 2743 5548 est
2794 5498 2845 5548 in
2892 5511 3184 5569 conspectu
3236 5505 3447 5563 Domini

1856 5584 2000 5625 mors
2028 5581 2336 5632 sanctorum
2356 5620 2369 5644 ,
2405 5581 2544 5636 sicut
2583 5583 2633 5637 in
2673 5568 2759 5637 die
2788 5568 3140 5656 depositionis
3167 5597 3445 5655 confesso—

1853 5751 2031 5797 catnm
2082 5746 2150 5801 ab
2206 5748 2503 5833 ileydilone
2561 5756 2946 5833 e_pise0po,ict
2999 5776 3121 5833 post
3181 5770 3441 5827 elevatio-

1854 5827 1975 5906 nem
2005 5820 2248 5906 corporis
2365 5820 2632 5906 miracula
2686 5820 2811 5906 tunc
2835 5820 3014 5906 Tacta.
3045 5820 3439 5906 “animal;

1850 5884 2059 5977 i'uelius.
2102 5884 2249 5977 ’iVam
2280 5891 2333 5942 S.
2363 5892 2563 5977 Eligins
2599 5906 2654 5977 et
2683 5884 3177 5977 .\_._._..¥u.tiu§2.eéulb

1849 5950 2142 6010 ﬂoruerunt
2162 5999 2177 6027 ,
2218 5974 2281 6017 ac
2312 5950 2504 6018 mortui
2533 5950 2693 6036 sunt,
2710 5950 2831 6025 illi:
2840 5950 3138 6037 ξέίπῖουδϐἒί

2968 6057 3006 6115 3
