4074 6468
585 418 652 473 75
1466 413 1545 468 ‘3.
1586 410 1998 467 ELEUTHER“
2044 411 2200 466 VITA
2241 411 2560 469 AUCTORE
2596 412 2964 469 GUIBEBTO.
3802 419 3878 472 7i

580 539 654 590 ris
701 535 896 589 Christi
926 533 1138 588 factum
1188 538 1270 586 est
1308 525 1670 585 manifestum.
1721 527 1970 594 Quadam
2019 529 2160 582 enim
2190 529 2504 592 Avidentia
2534 572 2548 593 .
2601 532 2744 598 quod
2791 532 3022 600 dignitas
3069 532 3339 588 cathedrae
3401 532 3761 590 Tornacensis
3823 539 3884 592 in

580 627 775 681 mulier
799 639 941 680 enica
971 632 1025 677 et
1057 630 1224 686 muta,
1247 621 1372 675 dum
1406 630 1532 675 ante
1555 621 1723 674 altare
1751 620 1980 685 ducitur,
2005 618 2165 674 ducta

579 720 887 781 dimittitur,
920 716 1135 770 dimissa
1165 723 1452 793 soporatur
1470 756 1485 780 ,
1506 721 1768 782 soporata
1796 721 2030 766 curatur.
2063 710 2165 765 So-

581 815 767 883 pnrata
792 810 1052 879 siquidem
1075 792 1362 870 modicum,
1378 806 1648 860 visionem
1671 801 1822 868 vidit,
1845 817 1963 871 quae
1984 817 2167 855 aurem

581 905 819 958 exterius
846 904 1017 958 eilem
1049 899 1286 969 aperuit,
1319 897 1443 952 dum
1475 895 1732 950 revelavit
1760 895 1985 948 interius
2013 893 2170 947 intel—

584 998 802 1050 lectum.
835 993 972 1059 Quid
1010 992 1208 1062 plura?
1252 989 1560 1044 Locutionis
1604 1002 1758 1041 usum
1798 985 1988 1038 mulier
2015 999 2170 1037 recu-

582 1087 789 1155 peravit
818 1096 874 1140 et
918 1084 1111 1137 visum.
1159 1080 1420 1152 Apparuit
1458 1079 1602 1134 enim
1649 1076 1858 1131 mulieri
1907 1075 2171 1145 gloriosus

581 1177 823 1247 pontifex
855 1175 1196 1229 Eleutlierius
1222 1187 1344 1227 cum
1385 1169 1585 1224 Christi
1613 1167 1936 1238 martyribus
1961 1164 2171 1218 Nicasio

494 1331 510 1350 χ
582 1279 636 1323 et
659 1268 832 1333 Piato,
858 1267 1164 1334 sanctisque
1193 1262 1594 1318 confessoribus
1619 1259 1792 1328 Eligio
1817 1266 1872 1312 et
1895 1256 2169 1316 Amando;

509 1346 520 1362 “
583 1361 673 1429 qui
703 1362 909 1427 signum
940 1347 1114 1414 crucis
1142 1355 1382 1410 mulieris
1410 1352 1682 1422 impressit
1709 1349 1909 1413 oculis,
1937 1356 1993 1402 et
2018 1346 2170 1416 quasi

583 1450 830 1505 baculum
865 1450 1076 1516 igneum
1104 1447 1187 1502 ori
1218 1445 1334 1514 ejus
1375 1444 1620 1512 injiciens
1645 1483 1660 1506 ,
1707 1441 1916 1497 curavit
1954 1439 2172 1506 :ngritu-

583 1541 736 1596 diues
761 1539 1036 1610 patientis.
1084 1536 1129 1590 Ο
1157 1536 1354 1590 Christi
1384 1533 1657 1589 confessor
1685 1540 1742 1586 et
1769 1539 1974 1601 martyr
1998 1572 2014 1598 ,
2061 1546 2176 1584 mc-

583 1634 690 1688 rito
722 1631 1043 1687 venerabilis
1084 1627 1358 1685 Eleutheri
1379 1668 1394 1692 ,
1423 1625 1513 1694 qui
1553 1624 1766 1692 gemino
1794 1623 1979 1690 gratire
2009 1621 2175 1689 privi-

584 1725 726 1794 legio
773 1723 1091 1778 militantem
1153 1719 1448 1775 Ecclesiam
1498 1714 1817 1782 illustrasti,
1873 1711 2177 1780 fragilitatis

585 1825 782 1870 nostrae
817 1813 1058 1868 defectus
1086 1811 1243 1866 oculo
1272 1809 1479 1878 respice
1508 1807 1725 1877 pietatis
1757 1823 1770 1858 :
1805 1813 1862 1860 et
1890 1805 1964 1858 tui
1995 1805 2178 1873 prmsi-

583 1909 674 1962 dio
697 1913 1013 1977 patronatus
1031 1944 1046 1971 ,
1075 1912 1320 1966 nostros,
1351 1911 1523 1971 pater,
1553 1914 1764 1969 expone
1791 1899 2025 1967 gemitus
2049 1905 2173 1951 ante
2206 1912 2252 1969 Β

581 1998 776 2052 divinae
801 1994 1140 2066 praesentiam
1166 1991 1484 2061 majestatis,
1517 1998 1576 2044 ut
1624 1991 1774 2046 exuti
1800 1989 1996 2042 tunicze
2025 2003 2174 2041 mor-

587 2092 708 2146 talis
736 2105 934 2153 onere,
975 2086 1188 2142 liberati
1218 2081 1668 2153 concupiscentia:
1703 2080 1940 2137 carnalis
1968 2079 2176 2148 inquie-

571 2183 769 2236 tudine
796 2222 810 2241 .
851 2181 925 2234 tui
953 2179 1123 2234 simus
1151 2175 1439 2247 participes
1467 2173 1636 2228 bravii
1663 2182 1718 2227 et
1744 2186 1961 2228 coronat
1983 2209 2000 2235 ,
2041 2186 2177 2240 pra:—

585 2284 762 2329 stante
789 2272 1017 2327 Domino
1045 2270 1170 2325 Jesu
1187 2267 1419 2332 Christo,
1447 2266 1532 2321 cui
1555 2280 1674 2320 cum
1700 2265 1864 2318 Patre
1892 2272 1947 2318 et
1973 2261 2175 2332 Spiritu

509 2354 514 2360 ’
585 2375 777 2422 sancto
804 2374 889 2420 est
915 2365 1088 2420 omnis
1115 2370 1288 2418 honor
1315 2367 1370 2416 et
1396 2359 1566 2428 gloria
1595 2359 1711 2413 sine
1737 2356 1863 2412 line.
1912 2355 2102 2410 Amen.

661 2461 676 2492 ⁸
716 2458 804 2511 53.
851 2454 1115 2525 Regimini
1157 2451 1513 2508 Tornaccnsis
1557 2448 1814 2504 Ecclesia:
1859 2447 2178 2503 venerabilis

582 2553 785 2608 Christi
812 2550 1090 2605 confessor
1120 2555 1176 2602 et
1204 2543 1446 2616 pontifex
1492 2541 1836 2596 Eleutherius
1863 2539 2019 2593 annis
2045 2553 2178 2606 qua-

585 2645 830 2714 draginta
853 2642 1090 2710 quinque
1118 2637 1312 2705 legitur
1336 2632 1609 2704 praefuisse
1641 2631 1730 2699 qui
1763 2638 1967 2683 natura:
1995 2628 2177 2682 soluto

587 2737 802 2801 debito,
835 2732 975 2789 coelo
1003 2742 1220 2801 quoque
1250 2725 1462 2782 reddito
1490 2721 1710 2792 spiritu,
1745 2720 1954 2774 fidelem
1983 2719 2180 2772 meruit

590 2829 792 2882 habere
818 2836 1184 2880 successorem
1202 2860 1216 2885 ,
1250 2819 1467 2873 beatum
1494 2813 1701 2870 scilicet
1728 2811 2036 2866 Medardum
2067 2808 2179 2864 No-

571 2923 921 2975 viomensem
966 2915 1279 2986 episcopum
1302 2950 1318 2976 ,
1348 2922 1510 2980 quem
1532 2946 1548 2972 ,
1589 2906 1716 2961 dum
1745 2903 1922 2965 adhuc
1951 2903 2176 2969 viveret,

590 3011 866 3067 debilitate
887 3006 1193 3064 confractus
1219 3010 1275 3057 et
1301 3000 1474 3064 senio,
1503 2999 1522 3018 '
1548 3012 1646 3068 pro
1674 2993 2057 3051 consecrandis
2085 3007 2179 3047 ec-

563 3102 769 3159 —clesiis
796 3109 852 3155 et
880 3097 1157 3154 ordinibus
1183 3090 1521 3150 celebrandis
1543 3089 1804 3144 habuerat
1830 3085 2136 3155 adjutonem
2163 3101 2176 3137 :

563 3206 646 3252 -ct
685 3196 762 3250 sic
807 3191 1138 3263 procedente
1179 3183 1524 3257 postmodum
1567 3179 1878 3252 prolixioris
1922 3174 2182 3247 temporis

563 3287 769 3358 -spatio
793 3323 808 3348 ,
861 3279 1075 3354 praifuit
1115 3278 1304 3334 unicus
1331 3282 1540 3329 tantum
1569 3271 1811 3342 pontifex
1836 3271 1889 3325 in
1919 3267 2184 3324 Noviomo
2214 3299 2258 3361 Ο

569 3379 796 3450 pariter
823 3385 878 3432 et
907 3375 1178 3430 Tornaco.
1231 3369 1400 3424 Annis
1441 3367 1584 3422 enim
1613 3365 1844 3436 amplius
1871 3378 2034 3436 quam
2059 3377 2186 3417 sex-

585 3470 767 3527 centis
793 3466 1015 3540 proprio
1043 3463 1259 3519 viduata
1288 3467 1505 3531 pastore
1533 3457 1731 3526 legitur
1757 3456 1948 3512 civitas
1979 3454 2185 3510 Torna-

565 3592 578 3602 ι
594 3564 790 3620 censis.
821 3559 928 3615 Sed
948 3556 1263 3614 benedictus
1289 3553 1381 3608 Dei
1406 3552 1592 3618 Filius,
1613 3551 1704 3620 qui
1725 3549 2014 3619 dispendiis
2037 3565 2187 3602 com-

570 3658 800 3730 .patitnr
826 3654 1142 3712 animarum,
1175 3647 1446 3716 dispersos
1474 3644 1754 3714 colligens,
1788 3651 1842 3696 et
1870 3643 2048 3710 lapsos
2077 3642 2184 3696 eri-

595 3763 730 3819 gens
773 3743 1067 3801 secundum
1119 3738 1336 3794 modum
1390 3745 1446 3791 et
1493 3735 1736 3794 ordinem
1798 3744 2184 3804 opportunum.

592 3841 753 3897 Anno
788 3835 1060 3909 siquidem
1101 3828 1496 3886 incarnationis
1565 3827 1856 3883 Dominicis
1905 3824 2190 3879 millesimo

572 3966 582 3982 ην
597 3931 894 3990 centesimo
921 3923 1331 3998 quadragesimo
1359 3927 1533 3987 sexto,
1566 3918 1888 3990 praesidente
1920 3930 2057 3986 papa
2083 3912 2191 3966 Eu-

597 4025 778 4095 genio,
809 4020 1180 4093 patrocinante
1207 4014 1270 4070 B.
1300 4012 1608 4077 Bernardo,
1639 4010 1924 4066 restitutus
1951 4015 2036 4062 est
2064 4021 2193 4076 pro-

597 4120 746 4190 prius
775 4117 1058 4188 episcopus
1101 4112 1154 4168 in
1203 4110 1470 4166 Tornaco.
1522 4105 1672 4162 Tunc
1713 4105 1856 4166 enim
1886 4102 2190 4164 Anselmus,

577 4212 840 4268 ecclesia:
867 4209 926 4262 B.
959 4205 1197 4262 Medardi
1224 4199 1624 4258 Suessi'onensis
1651 4197 1848 4252 dudum
1874 4194 2196 4258 monachus,

582 4303 798 4357 -merito
841 4299 996 4353 famae
1039 4305 1095 4352 et
1125 4295 1247 4349 vitae
1269 4292 1593 4361 conspicuus
1613 4327 1632 4354 ,
1664 4303 1786 4342 cum
1811 4286 1924 4355 jam
1953 4285 2195 4356 pluribus

581 4388 994 4447 annis-abbatis
1032 4385 1287 4455 gessisset
1333 4379 1570 4436 ollicium
1609 4379 1663 4432 in
1712 4375 1940 4432 ecclesia
1967 4374 2030 4429 Β.
2061 4373 2194 4428 Vin-

564 4460 766 4539 "centii
792 4476 1178 4534 ‘Laudunensis
1205 4514 1220 4540 ,
1271 4473 1457 4528 Romae
1485 4468 1512 4508 ι)
1544 4479 1626 4524 est
1671 4469 1723 4523 in
1765 4468 2082 4545 episcopum
2126 4467 2195 4519 ab

590 4571 846 4642 Eugenio
865 4574 1222 4626 consecratus
1245 4605 1260 4629 ,
1301 4565 1394 4633 qui
1437 4570 1560 4633 post
1586 4559 1976 4616 restitutionem
2004 4557 2196 4612 cathe-

2296 617 2356 672 Β.
2383 617 2636 674 Medardo
2665 621 2900 690 perdita,
2933 637 3029 690 per
3059 620 3118 674 Β.
3150 621 3384 677 Medardi
3417 623 3581 679 ﬁlium
3613 626 3712 680 fuit
3739 626 3886 681 Ter-

2281 713 2598 770 naccnsibus
2626 714 2894 768 restituta.

2896 846 3121 902 CAPUT
3164 846 3230 901 vr
3322 803 3332 813 ’

2275 957 2509 1014 Elevatio
2553 963 2783 1030 corporis
2813 960 2875 1014 S.
2902 960 3217 1044 Eleutherii,
3249 971 3480 1016 mortuus
3509 969 3876 1035 resuscitatus,

2887 1041 3010 1102 (εεινὲ
3040 1041 3237 1084 sanati.

2344 1143 2363 1171 ¹
2386 1139 2475 1194 54.
2500 1139 2665 1209 lgitur
2686 1141 2738 1195 in
2766 1141 2904 1195 illius
2928 1142 3140 1197 ﬂuentis
3164 1145 3420 1213 temporis
3441 1147 3876 1218 intercapedine,

2272 1245 2381 1298 quo
2411 1229 2529 1284 dure
2558 1231 2714 1284 dicta:
2743 1230 3004 1286 dics-ceses
3031 1232 3282 1300 leguntur
3308 1235 3470 1290 unita:
3492 1277 3506 1300 ,
3550 1240 3880 1306 praesidebat

2275 1319 2507 1386 Heidilo,
2556 1321 2639 1374 vir
2677 1321 2846 1375 multo
2889 1323 3140 1390 prmditus
3190 1326 3494 1392 praeconio,
3531 1337 3554 1364 ε
3584 1328 3879 1396 vigesimus

2245 1473 2247 1476 g
2276 1421 2459 1466 sextus
2489 1427 2518 1464 a
2551 1414 2608 1466 Β.
2643 1411 2977 1478 Eleutherio,
3035 1414 3187 1482 cujus
3225 1425 3468 1485 tempore
3509 1428 3750 1498 grassata
3776 1418 3881 1474 'le-

2277 1503 2418 1568 gitur
2467 1501 2823 1557 Normannica
2869 1505 3044 1558 rabies
3073 1505 3122 1557 in
3156 1502 3180 1540 ἀ
3217 1505 3480 1562 Tornaco.
3515 1497 3888 1579 Temporibus

2278 1600 2457 1646 autem
2501 1591 2624 1645 dicti
2656 1594 2948 1662 pontificis,
3003 1595 3304 1652 mirificavit
3339 1601 3568 1668 amplius
3609 1600 3879 1658 Dominus

2279 1694 2521 1738 sanctum
2563 1702 2720 1740 suum
2755 1705 2766 1739 :
2800 1689 3057 1742 revelavit
3086 1689 3280 1744 Christi
3325 1692 3565 1748 fidelibus
3591 1697 3878 1750 confesso-

2281 1793 2394 1830 rem
2427 1776 2791 1832 Eleutherium
2813 1821 2827 1845 ,
2861 1795 2965 1834 non
2997 1783 3264 1836 sustinens
3293 1787 3521 1856 amplius
3553 1798 3574 1825 ε
3606 1790 3877 1846 occultari

2283 1879 2390 1922 tam
2441 1870 2762 1924 venerabilis
2811 1871 3018 1938 glebam
3075 1875 3358 1940 corporis,
3415 1883 3521 1929 tam
3571 1879 3875 1946 pretiosum

2276 1960 2522 2012 mrarium
2550 2002 2564 2026 ,
2609 1969 2716 2014 tam
2753 1961 2933 2016 nobile
2960 1964 3302 2032 margaritum
3331 2007 3347 2032 ,
3388 1974 3443 2020 et
3470 1967 3621 2036 cujus
3648 1969 3878 2039 spiritus

2272 2051 2382 2121 jam
2414 2054 2582 2121 gloria
2613 2064 2903 2109 coronatus
2948 2055 3185 2125 fulgebat
3231 2058 3282 2111 in
3327 2059 3497 2125 cmlis,
3527 2059 3642 2129 ejus
3668 2077 3875 2134 corpus

2277 2147 2563 2215 sepultura!
2593 2146 2874 2210 traditum,
2907 2148 3162 2216 singulari
3190 2151 3359 2218 gratia
3392 2160 3732 2208 venustatum
3755 2156 3873 2224 jam

2278 2238 2517 2307 spirabat
2567 2238 2618 2290 in
2670 2240 2848 2294 terris.
2903 2239 3124 2294 Factum
3173 2251 3256 2296 est
3303 2243 3498 2310 igitur,
3538 2254 3597 2299 ut
3622 2248 3872 2314 quicdam

2279 2325 2638 2383 Tornacensis
2658 2339 2925 2395 matrona,
2953 2331 3167 2386 nomine
3189 2331 3408 2396 Thecla,
3431 2335 3626 2389 nobilis
3647 2350 3870 2402 genere,

2278 2435 2487 2472 morum
2539 2420 2772 2475 nobilior
2818 2421 3114 2490 dignitate,
3165 2423 3292 2478 dum
3337 2426 3576 2494 purgatis
3625 2426 3876 2482 sensibus

2278 2513 2453 2566 cordis
2479 2524 2534 2567 et
2563 2523 2742 2568 mente
2771 2515 3178 2584 quiesceret,_et
3205 2518 3376 2571 oculis
3405 2520 3648 2588 corporis
3673 2519 3876 2574 obdor-

2279 2603 2482 2668 misset,
2517 2603 2852 2674 abriperetnr
2881 2606 2933 2660 in
2964 2607 3151 2676 spiritu
3175 2648 3189 2670 ,
3234 2615 3288 2662 et
3331 2606 3483 2661 fleret
3526 2609 3576 2662 in
3619 2625 3871 2664 excessu.

2281 2684 2574 2746 Videbatur
2602 2695 2744 2748 enim
2773 2695 2872 2748 sibi
2906 2696 3087 2749 videre
3125 2697 3276 2766 quasi
3317 2712 3414 2768 per
3459 2699 3727 2752 somnium
3775 2700 3875 2753 ho-

2281 2788 2479 2837 minem
2506 2784 2810 2838 dealbatum
2831 2826 2845 2847 ,
2878 2783 3163 2849 blandum,
3195 2787 3511 2852 amabilem,
3553 2787 3783 2842 alacrem
3818 2795 3877 2840 et

2283 2875 2587 2930 modestum
2616 2893 2628 2928 :
2657 2876 2977 2931 admonetur
2999 2879 3258 2932 secretius
3280 2879 3346 2931 ab
3367 2877 3557 2932 eodem
3607 2886 3661 2931 ut
3687 2887 3877 2947 pergat

2283 2967 2620 3024 Blandinium
2647 3013 2664 3038 ,
2707 2981 2985 3041 repertura
3029 2971 3096 3035 Β.
3123 2971 3411 3026 Eleutherii
3450 2973 3707 3042 reliquias
3737 2973 3877 3026 inter

2284 3075 2514 3129 corpora
2567 3062 2775 3132 sepulta
2810 3071 3139 3116 sanctorum.
3174 3061 3504 3117 Admonetur
3532 3061 3876 3114 nihilominus

2285 3158 2345 3203 ut
2363 3159 2452 3205 eat
2471 3150 2538 3204 ad
2559 3151 2867 3220 episcopum
2897 3149 3258 3214 llcidilonem,
3281 3159 3335 3204 et
3355 3149 3525 3204 eidem
3551 3139 3654 3202 sibi
3678 3147 3872 3202 factam

2289 3241 2488 3296 referat
2517 3243 2796 3297 visionem.
2850 3243 2978 3309 Quin
3007 3243 3132 3297 dum
3161 3241 3337 3296 differt
3364 3240 3582 3310 exsequi
3618 3240 3761 3308 quod
3784 3238 3875 3306 ju-

2288 3339 2463 3402 betur,
2487 3337 2896 3392 succedentibus
2924 3338 3187 3401 noctibus,
3213 3335 3400 3390 eadem
3425 3335 3525 3388 sibi
3558 3333 3688 3388 visio
3716 3333 3888 3387 tertio.

2288 3436 2644 3499 priesentatur
2676 3446 2688 3481 :

2362 3519 2556 3572 Thecla
2583 3535 2758 3583 soror,
2783 3534 2902 3589 qua:
2931 3528 2982 3573 te
3005 3533 3317 3588 suspensam
3348 3516 3612 3571 insomnia
3637 3514 3879 3569 terrent?

2288 3611 2405 3670 Non
2432 3622 2514 3668 est
2541 3612 2864 3668 insomnium
2893 3610 2978 3668 vel
3000 3611 3274 3668 somniqu
3296 3608 3708 3682 phantasticum,
3728 3605 3877 3676 qued

2288 3706 2500 3770 vidisti,
2549 3705 2643 3761 sed
2673 3703 2844 3776 magis
2866 3705 3270 3761 describendum
3299 3702 3546 3769 oraculo,
3586 3701 3671 3756 vel
3698 3699 3877 3754 verius

2291 3797 2675 3868 limpidissimze
2701 3797 2914 3852 visioni.

2787 3919 2989 3968 Hairent
3014 3918 3144 3966 infixi
3183 3923 3383 3976 pectore
3409 3915 3570 3964 vultus

2387 3982 2669 4046 Verbaque,
2695 3996 2787 4031 nec
2809 3981 3040 4043 placatam
3062 3981 3296 4026 membris
3313 3979 3395 4026 dat
3413 3989 3525 4025 cura
3551 3976 3791 4034 quietem.

2364 4097 2453 4152 55.
2495 4097 2650 4164 Quod
2680 4095 2840 4164 igitur
2866 4093 2999 4148 vidit
3029 4093 3191 4147 tertio
3218 4091 3501 4161 repetitum
3521 4130 3535 4154 ,
3568 4090 3769 4142 factum
3795 4097 3880 4140 est

2294 4190 2345 4245 ei
2373 4188 2705 4245 certitudinis
2743 4192 3136 4254 argumentum.
3177 4181 3331 4236 Mane
3359 4180 3498 4235 facto
3525 4178 3719 4233 Thecla
3749 4193 3880 4232 con-

2295 4296 2518 4350 surgens
2532 4281 2838 4350 aggreditur
2853 4278 3256 4348 profectionem,
3274 4276 3584 4344 exsequitur
3600 4275 3878 4335 visionem,

2295 4374 2503 4429 revelat
2559 4371 2826 4427 lleidiloni
2873 4367 3113 4439 pontifici
3171 4369 3460 4431 visionem,
3516 4372 3888 4420 convocantur

2297 4465 2551 4536 przesules
2597 4464 2806 4518 urbium
2857 4463 3190 4522 vicinarum,
3237 4459 3578 4514 celebrantur
3621 4458 3884 4512 solemnia

2298 4558 2479 4613 votiva
2509 4557 2810 4619 missarum,
2843 4562 2916 4616 et,
2947 4553 3194 4607 oratione
3223 4549 3338 4604 fusa
3365 4548 3672 4613 ferventius,
3696 4564 3888 4602 omnes

604 4640 768 4718 dralis
788 4660 1066 4731 regiminis
1091 4659 1146 4713 in
1168 4657 1418 4712 Tornaco
1443 4655 1647 4725 primus
1673 4652 1986 4726 dignitatem
2013 4649 2199 4704 habuit
2228 4669 2280 4727 D
2303 4659 2412 4703 tam
2460 4647 2752 4717 promiscui
2801 4659 2960 4699 sexus
2997 4658 3159 4710 quam
3197 4640 3490 4695 dilferentis
3531 4647 3722 4701 status,
3763 4654 3887 4692 cum

606 4754 893 4818 infulatus;
935 4762 988 4807 et
1031 4752 1106 4806 sic
1147 4751 1324 4804 divina
1365 4756 1571 4816 gestum
1608 4744 1878 4800 credimus
1911 4757 2034 4797 esse
2064 4740 2196 4795 Pro-

684 4990 697 5019 '
732 4984 878 5040 Alias
903 5000 1021 5054 cap.
1057 4997 1160 5036 im.

679 5061 699 5090 ¹
731 5058 878 5112 Alias
907 5070 1024 5122 cap.
1062 5069 1184 5122 xvn.

610 5108 906 5196 πειζιὶὶῖθ
919 5108 1206 5179 Februarii
1250 5119 1318 5173 ad
1332 5117 1505 5196 ΔΙιιιὶιιε
1534 5112 2115 5196 Vitamprohavimus.‘
2137 5108 2196 5163 ln

613 5181 781 5255 titulis
804 5197 1040 5268 capitum
1067 5181 1593 5268 post_pr_:efatior_iemr
1612 5181 2198 5268 posilis_interponebzi-

615 5253 700 5326 tur
745 5269 829 5323 hic
871 5253 996 5336 'cap.
1043 5253 1356 5336 xvrtitulus
1399 5257 1532 5336 :_De
1579 5253 1916 5311 translatione
1967 5253 2198 5336 corporis

711 5321 994 5392 Eleutherii
1019 5336 1086 5388 ad
1115 5334 1371 5387 civitatem
1411 5328 1788 5383 Tornacensem
1807 5366 1822 5392 ,
1862 5321 2008 5394 quod
2037 5321 2196 5395 caput

614 5391 802 5464 ultimo
829 5409 948 5462 loco
968 5401 1202 5475 positum
1231 5410 1336 5468 est,
1367 5399 1546 5454 forsan
1577 5398 1644 5453 ab
1671 5398 1779 5452 alio
1804 5391 2042 5451 errorem
2065 5391 2198 5446 Gui-

614 5480 754 5538 herti
786 5478 1124 5532 cmendante.

691 5531 1088 5603 illlaiceadem
1131 5562 1198 5600 ex
1245 5542 1503 5600 chronico
1549 5555 1647 5594 ms.
1682 5533 2006 5592 Tornacensi
2036 5531 2201 5586 refert

616 5613 904 5674 Buzelinus
936 5637 947 5671 :
981 5617 1140 5671 silent
1181 5613 1500 5669 vetustiores
1543 5610 1854 5678 scriptores.
1907 5603 1965 5657 ln
2005 5618 2202 5658 excusa

619 5692 833 5760 legitur,
865 5706 958 5760 pro
985 5684 1370 5760 conservandis.

692 5741 1041 5815 libidinum
1085 5757 1172 5810 die
1214 5755 1401 5808 mediae
1446 5748 1892 5816 Quadragesimm.
1946 5744 2034 5816 At_
2061 5741 2202 5795 bulla

619 5813 972 5904 separatiunis
1018 5828 1422 5904 episcop‘atitmn
1472 5813 2202 5904 Noviomensisdetn'l'oqna:

617 5883 999 5961 Eéiiéiééxsun
1041 5883 1180 5967 apud
1208 5883 1504 5963 'Cogi-alum
1551 5891 1640 5942 lib.
1673 5906 1754 5954 iv,
1792 5902 1909 5956 cap.
1945 5883 2042 5950 Ali,
2082 5883 2202 5936 data

2305 4742 2498 4794 timore
2551 4737 2866 4792 reverentia:
2917 4735 2984 4788 ad
3041 4734 3219 4789 locum
3269 4732 3488 4787 veniunt
3539 4730 3885 4786 destinatum.

2313 4965 2507 5019 Vilerbi
2550 4981 2598 5018 ix
2630 4963 2877 5018 calendas
2918 4963 3135 5032 Augusti
3173 4962 3352 5016 indict.
3397 4959 3430 5012 9
3454 5001 3468 5026 ,
3512 4956 3893 5032 incarnationis

2305 5034 2609 5098 Dominirw,
2643 5051 2731 5088 an.
2767 5033 2904 5087 “46
2926 5074 2940 5098 ,
2981 5028 3310 5104 pontiﬁcatus
3345 5047 3461 5085 vero
3499 5028 3696 5082 domini
3742 5043 3895 5096 papa

2303 5105 2526 5176 Eugenii
2550 5122 2687 5160 anno
2712 5106 2766 5176 :2.

2379 5167 2414 5214 θ’
2432 5174 2665 5257 consule
2697 5173 2922 5257 Galliam
2944 5174 3308 5257 _(_3hri_s_tia_n_am
3338 5171 3544 5228 Claudii
3577 5167 3828 5228 Roberti,
3861 5181 3890 5217 a

2304 5261 2412 5315 quo
2440 5247 2600 5299 etiam
2634 5263 2757 5300 xxvi
2795 5247 3047 5301 statuitur
3074 5245 3283 5300 Hedilo.

2375 5314 2403 5353 ’ί
2433 5316 2737 5371 Chronicon
2769 5319 2834 5371 de
2863 5317 3352 5372 Northmannorum
3380 5311 3542 5378 gestis
3571 5309 3636 5362 ad
3659 5321 3755 5378 an.
3783 5302 3895 5378 896

2306 5386 2590 5440 deductum
2622 5395 2770 5440 homo
2796 5387 2840 5440 ll
2867 5387 3099 5442 Chesnei
3137 5399 3254 5456 pag.
3289 5376 3488 5456 5271M
3528 5395 3615 5433 an.
3647 5376 3750 5430 880
3781 5376 3896 5456 hinc

2307 5457 2470 5511 tradit
2520 5476 2532 5510 :
2585 5457 2940 5512 Nort/nnanni
2990 5448 3280 5510 Tornach
3330 5454 3585 5506 civitatem
3626 5457 3675 5500 et
3720 5448 3896 5500 omnia

2303 5530 2626 5583 monasteria
2661 5545 2819 5598 supra
2851 5528 3057 5581 Scaldis
3087 5528 3297 5596 ﬂuvium
3335 5525 3475 5594 ferro
3504 5529 3563 5598 et
3583 5517 3692 5598 igni
3734 5517 3896 5598 dena-

2301 5607 2482 5662 stant,
2513 5589 2795 5666 interfectis
2833 5599 3020 5651 accolis
3051 5589 3202 5651 terrm
3236 5589 3388 5664 atque
3433 5609 3458 5644 c
3479 5589 3748 5666 quintilis,
3785 5594 3894 5640 etc.

2303 5659 2574 5737 Cognatns
2597 5659 2834 5736 pluribus
2855 5669 3214 5721 calamitatem
3239 5659 3669 5720 Tornaccnsibus
3695 5659 3899 5711 illatam

2303 5739 2649 5808 prosequitur
2679 5739 2770 5791 lib.
2802 5755 2858 5801 ii,
2886 5754 3004 5807 cap.
3036 5739 3123 5790 70.

2381 5820 2404 5845 ε
2436 5808 2720 5872 Evcusum,
2755 5809 3028 5862 occultam.
