4074 6502
191 478 251 532 ’Π
1101 464 1157 520 S.
1205 463 1614 519 ELEUTHERII
1659 464 1817 518 VITA
1857 463 2180 520 AUCTORE
2217 460 2577 518 CUIBERTO.
3406 461 3476 517 78

202 585 445 660 Episcopi
475 598 604 639 vero
640 581 881 637 sarculos
919 582 1182 638 habentes
1209 583 1263 637 in
1293 583 1539 637 manibus
1564 597 1780 653 compe-
1809 586 1862 646 Α
1889 581 2028 636 Puer
2069 592 2314 637 mortuus
2357 580 2571 651 jacebat
2614 580 2666 634 in
2720 579 2917 636 lectulo
2962 579 3100 649 ejus,
3140 587 3198 634 et
3237 581 3480 637 incubuit

209 689 404 744 tentes,
432 676 586 746 quasi
612 674 930 730 efl'odicntes
971 675 1311 740 thesaurum,
1343 677 1510 744 gavisi
1540 687 1662 731 sunt
1690 691 1783 731 ve-

209 775 513 833 hementer,
571 781 694 822 cum
736 766 990 821 invenere
1036 767 1340 837 sepulcrum
1387 786 1399 820 :
1442 779 1531 835 et,
1574 769 1787 822 elevato

209 875 428 933 corpore
458 859 528 914 de
556 860 910 929 sarcophago,
929 860 1234 928 geminatur
1262 862 1444 916 lictitia
1473 871 1580 916 tam
1611 863 1663 916 in
1693 878 1790 932 po-

207 954 329 1026 pulo
351 967 508 1021 quam
538 951 590 1004 in
621 950 788 1005 clero.

275 1043 360 1097 36.
407 1041 606 1095 Thecla
647 1055 776 1094 vero
820 1038 1122 1109 percipiens
1161 1041 1504 1096 revelationis
1547 1056 1657 1096 sum
1697 1043 1793 1096 sti-

207 1131 483 1202 pendium,
518 1143 681 1183 orans
719 1127 905 1182 cadem
949 1128 1082 1181 hora
1123 1127 1431 1196 demigrans
1459 1130 1696 1199 perrexit
1728 1129 1795 1183 ad

210 1221 489 1277 Dominum
514 1262 531 1289 ,
572 1227 860 1290 postquam
900 1221 1142 1290 percepit
1185 1236 1214 1274 a
1262 1223 1488 1290 praesule
1532 1222 1796 1276 Dominici

209 1312 445 1383 corporis
482 1320 899 1366 sacramentum.
951 1307 994 1363 Ο
1037 1309 1162 1366 felix
1209 1320 1470 1366 matronae
1518 1313 1795 1378 transitus,

212 1419 319 1478 non
340 1401 606 1468 interitus,
632 1402 699 1456 de
726 1416 832 1471 quo
854 1400 1180 1470 jocundatur
1210 1403 1468 1472 imprimis
1488 1412 1797 1458 sanctorum

211 1495 472 1549 exercitus
508 1494 692 1548 laurea
730 1504 1041 1549 coronatus.
1091 1495 1134 1548 Α
1165 1495 1302 1550 facie
1328 1495 1547 1564 quidem
1583 1495 1799 1548 malitiae

208 1583 342 1652 justa
369 1584 597 1638 collecta
633 1592 716 1637 est
744 1592 802 1638 et
829 1591 980 1654 rapta
1003 1625 1018 1650 ,
1050 1601 1117 1640 ne
1147 1586 1348 1652 malitia
1379 1585 1559 1640 forsan
1592 1586 1801 1640 intelle—

213 1684 350 1730 ctum
379 1676 547 1746 ipsius
578 1676 906 1730 immutaret.

287 1769 302 1798 ¹
341 1767 428 1821 37.
469 1767 605 1820 Dum
650 1766 728 1822 sic
769 1767 912 1836 jugis
951 1769 1264 1823 solemnitas
1294 1770 1605 1825 tenderetur
1628 1814 1643 1837 ,
1675 1786 1804 1826 ecce

220 1856 387 1925 gaudii
410 1857 629 1912 materia
651 1868 962 1913 renovatur.
993 1857 1212 1913 Intravit
1240 1861 1382 1914 enim
1407 1861 1599 1915 mulier
1616 1861 1799 1925 vidua,

1891 674 2099 729 Eliseus
2127 689 2288 744 super
2315 688 2571 742 puerum,
2604 671 2892 742 posuitque
2929 686 2992 726 os
3031 686 3188 726 suum
3229 687 3391 741 super
3418 687 3484 728 os

1892 765 2028 834 ejus,
2053 773 2107 819 et
2135 765 2321 818 oculos
2349 778 2476 818 suos
2501 777 2664 832 super
2689 762 2876 817 oculos
2904 761 3040 830 ejus,
3067 769 3123 815 ct
3148 777 3339 818 manus
3358 777 3486 818 suas

1892 871 2056 924 super
2084 869 2272 908 manus
2309 853 2425 922 ejus
2447 893 2463 917 ,
2496 861 2552 908 et
2589 853 2889 908 incurvavit
2927 868 2987 908 se
3023 868 3185 922 super
3223 869 3346 908 eum
3370 893 3386 918 ,
3431 863 3488 908 et

1893 947 2154 1002 calefacta
2185 954 2269 999 est
2292 961 2419 1000 caro
2448 945 2620 1018 pueri.
2661 943 2732 998 Os
2760 944 3026 1012 siquidem
3061 944 3272 999 blanda:
3299 947 3489 1016 ιιι-ορί-

1896 1037 2134 1091 tiationis
2159 1045 2213 1090 et
2243 1036 2631 1090 obsecrationis
2657 1034 2722 1088 ad
2751 1033 2918 1088 Deum
2962 1034 3147 1100 oculos
3199 1035 3298 1104 pirc
3327 1036 3492 1089 mise-

1895 1129 2120 1184 rationis
2157 1137 2212 1182 et
2240 1143 2428 1181 manus
2483 1127 2715 1182 efficacis
2749 1126 3082 1196 Operationis
3129 1125 3406 1193 adhibuit,
3437 1135 3496 1182 ct

1896 1223 1974 1278 sic
2001 1227 2245 1276 mortuus
2273 1221 2588 1275 resurrexit.
2635 1221 2725 1274 Sic
2766 1221 2928 1274 etiam
2959 1219 3042 1274 sui
3080 1219 3230 1275 ducis
3260 1219 3492 1289 insignia

1897 1313 2295 1368 renovahantur
2346 1311 2401 1365 in
2450 1312 2656 1371 milite.
2701 1312 2792 1380 qui
2839 1309 3154 1366 defunctum
3193 1310 3219 1349 δ
3261 1312 3496 1366 reddidit

1900 1405 2115 1459 unicum
2146 1403 2303 1457 matri
2331 1417 2462 1457 sum.
2512 1401 2735 1472 Accepit
2779 1403 2960 1471 itaque
2999 1403 3192 1457 mulier
3220 1403 3286 1458 de
3316 1419 3497 1457 resur-

1900 1496 2142 1551 rectione
2173 1495 2339 1548 ﬁliuni
2370 1511 2547 1549 suum.
2583 1493 2878 1550 Revirescit
2907 1510 3194 1550 commune
3219 1496 3494 1565 gaudium,

1900 1587 2312 1643 commendatur
2341 1587 2513 1640 sancti
2546 1585 2932 1654 patrocinium,
2964 1585 3352 1656 comprobatur
3380 1586 3500 1654 ejus

1901 1681 2178 1742 sanctitas,
2203 1679 2372 1748 pietas
2391 1685 2448 1732 et
2472 1685 2715 1747 potestas
2736 1693 2833 1747 per
2855 1677 3109 1732 iudicium
3133 1677 3501 1747 multipliciter

1903 1771 2267 1837 manifestum.
2297 1769 2342 1824 Ο
2367 1771 2502 1824 mira
2532 1770 2746 1824 bonitas
2776 1777 2830 1824 et
2856 1769 3145 1840 stupenda,
3174 1770 3300 1824 dum
3329 1771 3381 1825 in
3410 1783 3504 1826 ea:-

1905 1864 2027 1918 dem
2056 1863 2401 1918 solemnitate
2430 1862 2723 1916 suscitatur
2744 1861 2989 1930 juvenis,
3021 1863 3354 1932 moriturque
3381 1879 3502 1917 nia-

219 1963 312 2018 pro
339 1947 588 2004 defuncto
629 1949 738 2004 filio
775 1949 1038 2006 desolata.
1090 1949 1260 2016 Quem
1305 1967 1424 2006 cum
1474 1953 1706 2008 misisset
1748 1955 1801 2007 in
1833 1958 1881 2017 B
1910 1953 2093 2007 trona!
2146 1951 2417 2022 Scriptum
2454 1960 2538 2006 cst
2567 1952 2711 2006 enim
2739 1952 2807 2006 de
2836 1951 3065 2008 Domino
3114 1952 3302 2023 (Deut.
3332 1970 3500 2018 xxxii.

213 2053 388 2109 agrum
439 2056 604 2095 causa
652 2041 986 2096 custodiendi
1034 2043 1280 2112 pecoris,
1325 2059 1550 2112 puerum
1591 2044 1803 2098 dmmon

213 2131 435 2201 impetiit
461 2171 477 2198 ,
520 2131 673 2201 cujus
718 2141 836 2187 erat
872 2132 1166 2187 similitudo
1205 2142 1260 2188 et
1287 2135 1492 2204 species
1523 2143 1580 2190 ut
1610 2136 1802 2201 leonis,

209 2224 297 2292 qui
324 2225 388 2279 de
421 2225 566 2279 saltu
599 2225 899 2295 procedens
927 2235 982 2281 et
1011 2227 1247 2296 rugiens,
1281 2229 1544 2297 impetens
1572 2237 1628 2283 et
1655 2229 1803 2284 occi-

209 2313 368 2381 dens,
404 2316 554 2371 illico
585 2315 743 2386 fugit,
771 2326 829 2371 et
857 2318 910 2370 in
945 2317 1214 2373 latebrosa
1240 2334 1461 2374 nemora
1489 2335 1548 2374 se
1578 2320 1802 2390 recepit.

209 2403 434 2476 Cognita
469 2417 641 2462 mater
669 2409 864 2464 misera
895 2410 1062 2466 tristis
1094 2419 1318 2466 eventus
1347 2412 1487 2467 serie
1510 2451 1526 2477 ,
1567 2413 1806 2468 resoluta

209 2500 455 2556 muliebri
484 2502 708 2557 mollitie
726 2544 740 2568 ,
771 2505 1058 2572 gemitibus
1086 2504 1325 2574 indulget
1352 2515 1406 2560 et
1435 2507 1718 2577 lacrymis,
1751 2516 1807 2561 et

203 2591 407 2647 crebris
458 2593 701 2662 suspiriis
730 2594 1035 2660 intabescit,
1065 2603 1154 2660 ut,
1186 2595 1288 2650 etsi
1315 2605 1542 2650 matrem
1572 2599 1802 2661 nescias,

205 2693 434 2739 matrem
469 2697 729 2752 agnoscas
758 2703 772 2738 :
805 2685 1112 2741 manifestat
1139 2687 1340 2742 doloris
1366 2687 1636 2751 affectum,
1669 2697 1724 2742 et
1755 2691 1807 2742 in

207 2773 364 2828 modo
391 2774 618 2829 dolendi
643 2779 997 2847 Iacrymarum
1026 2792 1305 2833 excessum
1326 2820 1341 2846 ,
1371 2786 1426 2832 et
1453 2778 1589 2834 sicut
1615 2777 1804 2841 JaCUh,

207 2862 368 2922 filium
397 2869 718 2924 existimans
746 2887 776 2924 a
805 2871 976 2926 bestia
1004 2871 1345 2937 devoratum,
1378 2872 1653 2942 planctum
1683 2886 1808 2938 age-

204 2953 295 3010 bat
318 2959 663 3020 eontimutm.
699 2958 839 3015 Puer
860 2961 1050 3014 unicus
1077 2976 1182 3016 non
1211 2962 1578 3031 comparebat,
1604 2969 1657 3016 et
1688 2961 1808 3015 ideo

206 3047 398 3104 mulier
429 3041 685 3104 Solatia":
717 3066 824 3105 non
857 3051 1108 3105 habebat.
1161 3051 1328 3105 Versa
1368 3060 1452 3106 est
1493 3053 1809 3107 solemniias

204 3138 258 3193 in
287 3156 606 3209 mmrorem,
631 3143 681 3196 in
711 3145 1141 3214 compassionem
1173 3145 1372 3198 lintitia.
1405 3144 1595 3200 Clerus
1621 3154 1676 3200 et
1705 3163 1804 3216 βι-

206 3233 364 3302 pulus
386 3235 661 3289 internum
685 3235 936 3305 lacrymis
956 3238 1208 3305 egerebat
1228 3237 1491 3302 dolorem,
1515 3244 1569 3292 et
1593 3237 1810 3294 indultis

1908 2042 2001 2109 '59)
2035 2060 2048 2095 :
2081 2041 2194 2110 Ego
2218 2041 2485 2109 occidam,
2512 2049 2568 2096 et
2593 2056 2694 2110 ego
2726 2041 2905 2096 vivere
2933 2041 3127 2098 faciam
3161 2061 3173 2096 :
3207 2047 3504 2114 percutiam

1907 2145 1962 2191 et
1989 2136 2215 2190 sanabo.
2263 2133 2370 2189 Sed
2401 2133 2687 2202 utrobique
2716 2133 2890 2203 pietas
2911 2175 2928 2201 ,
2958 2133 3086 2188 dum
3111 2135 3323 2202 juvenis
3351 2150 3508 2190 revo~

1907 2227 2131 2282 cabatur
2160 2227 2227 2282 ad
2282 2226 2510 2296 gratiam
2535 2264 2550 2290 ,
2599 2236 2846 2280 matrona
2892 2241 3025 2281 vero
3065 2227 3261 2282 nobilis
3301 2235 3358 2282 et
3394 2226 3508 2296 jam

1907 2317 2124 2373 Christo
2148 2334 2350 2389 sponso
2378 2318 2573 2373 nubilis
2602 2317 2898 2372 vocabatur
2923 2319 2990 2372 ad
3016 2319 3264 2387 gloriam.

1981 2411 2069 2467 59.
2106 2412 2244 2478 Quid
2282 2413 2422 2466 inter
2450 2411 2564 2465 haec
2585 2451 2600 2476 ,
2632 2409 2826 2464 fratres
2848 2451 2862 2475 ,
2897 2411 3317 2465 animadvertitis
3338 2411 3376 2474 ζ
3405 2411 3508 2468 nisi

1911 2504 2057 2574 quod
2085 2504 2152 2558 de
2183 2503 2411 2560 mortuis
2442 2500 2606 2557 fiebat
2651 2501 2908 2570 liquidum
2938 2509 3334 2569 argumentum,
3361 2501 3509 2571 quod

1909 2595 1975 2650 ad
2019 2595 2136 2663 ejus
2164 2594 2454 2649 transierat
2477 2593 2710 2650 Sanctus
2758 2592 3092 2648 consortium
3133 2593 3226 2660 qui
3278 2594 3401 2647 vita:
3452 2600 3509 2646 et

1913 2685 2104 2739 mortis
2135 2684 2297 2738 habet
2326 2683 2606 2754 imperium
2630 2684 2653 2737 ?
2683 2682 2790 2736 Aut
2814 2692 2984 2749 certe,
3015 2684 3139 2753 quia
3166 2682 3298 2738 fides
3325 2699 3510 2739 resur-

1910 2775 2166 2831 rectionis
2194 2774 2414 2845 propria
2456 2783 2538 2830 est
2562 2773 2841 2828 catholicae
2873 2774 3166 2842 religionis,
3198 2774 3425 2829 decebat
3453 2784 3511 2828 ut

1912 2865 2064 2932 ﬁdes,
2084 2881 2244 2934 quam
2259 2862 2488 2919 Sanctus
2507 2863 2765 2918 docuerat
2785 2864 2973 2930 verbo,
2999 2864 3050 2917 in
3073 2863 3189 2933 ejus
3209 2863 3514 2920 elevation.

1911 2957 2327 3014 confirmaretur
2375 2955 2627 3025 exemplo
2651 2993 2666 3019 ,
2700 2971 2824 3008 nam
2852 2954 2896 3008 si
2942 2955 3230 3010 suscitatus
3256 2967 3339 3010 est
3367 2972 3514 3009 mor-

1911 3055 2056 3112 tuus,
2079 3053 2134 3098 et
2159 3059 2259 3099 nos
2285 3043 2531 3099 similiter
2559 3057 2918 3110 resurgemus.
2949 3043 3238 3098 Suscitatio
3267 3055 3510 3098 mortuo-

1913 3151 2032 3190 rum
2084 3133 2496 3190 resurrectionis
2536 3141 2622 3188 est
2664 3133 3036 3204 qualecunque
3080 3134 3402 3204 vestigium,
3445 3151 3512 3188 eo

1913 3227 2059 3296 quod
2092 3225 2376 3294 utrobique
2404 3232 2693 3280 revocatur
2717 3224 2784 3277 ad
2816 3224 2977 3278 vitam
3027 3226 3169 3296 quod
3201 3227 3376 3280 fuerat
3405 3229 3510 3280 vita

202 3325 487 3396 paulisper
513 3328 1112 3397 διιερετίίεη-εευρρηηε
1142 3329 1293 3397 ερρίη
1324 3329 1539 3397 ﬁducia,
1560 3329 1624 3386 Β,
1643 3328 1805 3385 Ειευ-
1833 3334 1881 3397 ο
1913 3321 2202 3390 privatum.
2253 3315 2362 3372 Sed
2390 3325 2570 3370 tamen
2611 3315 2978 3372 suscitationis
3007 3325 3062 3372 et
3102 3319 3515 3393 resurrectionis

205 3414 445 3469 therium
492 3415 815 3486 deprecatur
837 3459 851 3483 ,
887 3426 942 3472 ut
989 3418 1106 3488 ejus
1129 3418 1268 3473 ﬁlius
1292 3421 1601 3474 suscitetur.
1647 3418 1810 3474 Com-

204 3508 422 3574 patieus
451 3507 626 3564 clerus
655 3517 711 3563 et
747 3510 1010 3580 populus,
1053 3509 1196 3565 idem
1245 3509 1518 3580 flagitabat
1567 3512 1708 3566 votis
1753 3519 1808 3566 et

205 3599 482 3666 precibus.
516 3601 653 3654 Vere
675 3602 972 3655 secundum
997 3603 1322 3657 sententiam
1347 3602 1558 3657 Domini
1586 3602 1664 3672 (Μ
1672 3605 1801 3656 αιεΙι.

206 3704 322 3756 nr,
348 3690 440 3760 22)
465 3709 477 3742 :
505 3691 837 3762 lmpossihilc
859 3702 942 3749 est
962 3695 1236 3748 orationes
1258 3694 1488 3763 plurium
1513 3711 1621 3748 non
1643 3711 1812 3750 exau-

201 3777 335 3832 diri.
352 3777 678 3834 Benedictus
693 3796 886 3849 nempe
899 3781 1174 3846 Dominus,
1190 3785 1279 3851 qui
1298 3793 1418 3853 post
1435 3794 1812 3854 tempestatem

204 3869 559 3937 tranquillum
591 3871 747 3935 facit,
791 3880 846 3925 et
876 3881 1000 3941 post
1034 3873 1238 3926 luctum
1267 3876 1692 3930 consolationem
1725 3879 1814 3930 in-

201 3957 358 4014 ducit
390 3977 402 4011 :
439 3960 622 4015 nubilo
650 3961 914 4030 siquidem
942 3964 1158 4033 repulso
1189 3965 1435 4031 tristitim,
1458 3969 1702 4036 protinus
1734 3970 1817 4023 in-

205 4049 460 4105 troduxit
487 4066 738 4106 serenum
781 4052 995 4108 laetitiae.
1047 4053 1224 4109 Motus
1252 4065 1336 4110 est
1366 4065 1523 4111 terra:
1550 4058 1716 4121 locu-3
1761 4061 1813 4116 in

205 4155 318 4210 quo
350 4157 490 4212 puer
537 4143 755 4211 jacebat
789 4146 1089 4212 exanimis,
1141 4155 1197 4201 et
1241 4148 1420 4202 subito
1464 4148 1817 4206 circumfulsit

205 4248 335 4291 eum
401 4236 621 4291 claritas
673 4237 934 4294 immensa
981 4239 1049 4293 de
1096 4239 1264 4294 caelis.
1320 4239 1688 4296 Resuscitatus
1734 4251 1818 4298 est

207 4341 350 4398 puer
372 4366 387 4391 ,
435 4326 698 4383 lietificata
737 4337 822 4383 est
853 4329 1044 4384 mulier
1067 4371 1080 4395 ,
1126 4331 1495 4399 magnificatus
1524 4341 1608 4388 est
1637 4333 1688 4386 in
1719 4350 1818 4404 po-

208 4418 342 4488 pulo
383 4419 652 4486 gloriosus
696 4418 893 4474 Christi
935 4421 1176 4490 pontifex
1207 4431 1260 4476 et
1295 4424 1560 4492 minister,
1613 4432 1669 4478 et
1697 4435 1819 4494 post

209 4507 331 4577 ejus
352 4511 828 4576 resurrectionem,
851 4512 942 4580 qui
964 4521 1208 4567 mortuus
1232 4513 1403 4568 fuerat
1424 4516 1634 4586 aperire
1656 4518 1819 4586 coepit

212 4599 358 4654 beati
391 4602 663 4670 pontificis
690 4603 947 4672 pietatem
967 4645 982 4670 ,
1014 4613 1069 4659 et
1111 4605 1291 4659 datam
1322 4607 1498 4662 eidem
1528 4623 1558 4662 a
1588 4607 1818 4662 Domino

1913 3421 1998 3468 est
2026 3411 2327 3466 differentia
2351 3447 2366 3474 ,
2416 3424 2540 3465 cum
2577 3409 2866 3464 suscitatus
2894 3419 3179 3465 revocatur
3207 3409 3274 3464 ad
3304 3418 3516 3482 tempus

1915 3515 1974 3560 ut
2022 3505 2215 3559 iterum
2266 3503 2591 3573 migraturus
2622 3517 2652 3556 e
2677 3503 2825 3568 vita;
2877 3503 2929 3556 in
2961 3503 3356 3558 resurrectione
3384 3519 3515 3557 vero

1913 3597 2022 3652 vita
2050 3597 2284 3650 humana
2312 3595 2719 3664 perpetuabitur
2748 3594 2800 3648 in
2830 3603 3116 3662 aeternum,
3146 3594 3232 3649 vel
3262 3594 3314 3648 in
3343 3594 3513 3664 gloria

1914 3692 1998 3745 vel
2023 3692 2073 3744 in
2100 3706 2275 3760 paena.
2310 3687 2435 3744 Sive
2458 3689 2562 3744 hoc
2590 3689 2803 3757 aliquis,
2831 3689 2944 3743 sive
2971 3689 3115 3744 aliud
3138 3689 3358 3758 dixerit,
3380 3691 3516 3746 certi

1915 3798 2102 3836 sumus
2143 3781 2395 3850 juvenem
2445 3781 2822 3834 resuscitatum
2856 3780 2922 3834 ad
2966 3780 3062 3835 Dei
3091 3781 3318 3848 gloriam
3363 3789 3418 3836 et
3446 3782 3515 3836 ad

1915 3873 2086 3926 sancti
2132 3870 2400 3941 pontificis
2428 3870 2722 3926 efficaciam
2752 3872 3233 3940 comprobandam.
3284 3872 3435 3929 Unde
3460 3881 3518 3928 et

1915 3966 1983 4019 de
2015 3964 2216 4018 Lazaro
2245 3963 2615 4017 resuscitando
2660 3963 2854 4031 legitur
2901 3963 3081 4031 (Joan.
3117 3981 3190 4028 xi,
3219 3964 3273 4035 4)
3319 3984 3331 4017 :
3364 3965 3517 4020 Infir-

1918 4056 2076 4108 mitas
2100 4054 2214 4108 lucc
2241 4068 2347 4105 non
2373 4061 2456 4106 est
2479 4051 2544 4105 ad
2573 4064 2822 4114 mortem,
2870 4051 2966 4106 sed
2996 4060 3052 4105 ut
3081 4068 3179 4123 per
3207 4069 3326 4108 eam
3350 4054 3518 4110 Filius

1917 4145 2150 4201 hominis
2179 4140 2520 4198 clarificetur.
2559 4140 2623 4194 Et
2662 4141 2706 4196 si
2738 4141 2865 4211 quid
2895 4157 3082 4198 eorum
3112 4159 3231 4212 quac
3260 4145 3519 4202 Dominus

1917 4237 2096 4294 facere
2140 4252 2250 4292 non
2298 4234 2536 4305 disponit
2600 4236 2795 4305 aliquis
2849 4246 3159 4292 sanctorum
3226 4241 3516 4308 rogaverit,

1918 4331 2066 4387 nullo
2096 4330 2258 4384 modo
2290 4329 2403 4384 fieri
2436 4330 2692 4385 Dominus
2721 4330 2771 4384 id
2799 4332 3081 4400 permittit.
3113 4331 3193 4387 Ex
3222 4348 3332 4402 quo
3359 4335 3520 4404 plane

1918 4421 2258 4478 concluditur
2294 4429 2352 4476 ut
2377 4421 2423 4476 si
2458 4421 2585 4491 quid
2614 4437 2644 4476 a
2675 4421 2905 4477 Domino
2929 4433 3239 4479 sanctorum
3269 4428 3522 4496 precibus

1921 4512 2224 4577 obtinetur,
2259 4528 2445 4566 eorum
2480 4514 2530 4566 in
2561 4513 2714 4568 cadis
2743 4511 2986 4568 efficacia
3017 4514 3342 4572 declaretur.

1995 4605 2015 4636 ³
2046 4605 2134 4658 40.
2167 4604 2274 4659 Sed
2301 4619 2428 4659 ecce
2455 4645 2468 4668 ,
2526 4604 2651 4658 dum
2703 4605 2975 4660 miraculis
3019 4621 3139 4676 qua:
3167 4607 3280 4663 dies
3305 4617 3524 4664 sanctus

159 4706 170 4715 ‘
212 4692 430 4748 ctelitus
459 4702 802 4763 potestatem.
845 4695 985 4762 Quid
1013 4697 1156 4782 enim
1189 4699 1328 4752 illius
1358 4701 1614 4771 potentiat
1642 4711 1823 4772 potest
1850 4707 1903 4766 D
1926 4696 2249 4751 elevationis
2273 4695 2449 4749 attulit
2497 4696 2842 4760 vacabamus,
2866 4693 3254 4764 digressionem
3279 4699 3525 4768 aliquan-

213 4786 394 4854 objici,
429 4785 524 4856 qdi
552 4787 990 4858 Omnipotentem
1031 4791 1358 4845 concordem
1388 4793 1554 4848 habet
1581 4793 1698 4862 ejus
1727 4811 1824 4864 per

221 4879 403 4933 omnia
434 4879 742 4934 voluntati?
787 4879 927 4946 Quid
957 4880 1098 4934 enim
1125 4881 1318 4934 mirum
1360 4884 1405 4938 si
1435 4884 1607 4938 sancti
1631 4885 1740 4954 jam
1771 4887 1821 4938 in

217 4972 397 5026 anima
443 4970 658 5028 Christo
687 4971 992 5028 conformes
1033 4972 1210 5028 effecti
1270 4990 1368 5044 pro
1421 4976 1825 5046 dispensatione

221 5066 476 5131 prtesenti
528 5065 669 5118 circa
721 5079 809 5118 res
860 5064 1169 5134 corporales
1225 5065 1358 5119 mira
1412 5065 1651 5132 faciunt,
1708 5070 1823 5138 ipso

226 5163 549 5222 pnestante,
578 5156 732 5225 cujus
773 5157 948 5225 gratia
989 5154 1100 5226 jam
1141 5158 1432 5228 participes
1476 5159 1592 5228 ejus
1630 5159 1824 5214 divini-

223 5248 349 5302 tatis
377 5247 658 5302 existunt?

299 5343 320 5372 ²
337 5340 429 5395 58.
445 5339 586 5396 Vere
607 5341 871 5411 propheta
892 5355 1117 5411 magnus
1145 5342 1197 5396 in
1210 5342 1296 5398 die
1312 5343 1689 5399 declarationis
1713 5359 1824 5399 sua:

221 5441 453 5500 surgens
481 5430 768 5502 apparuit,
798 5433 889 5501 qui
941 5433 1106 5486 filium
1152 5432 1323 5487 vidua)
1367 5440 1475 5486 tam
1513 5432 1828 5488 solemniter

224 5523 524 5576 suscitavit.
569 5522 758 5578 Nonne
794 5523 906 5592 jam
941 5523 1264 5593 implebatur
1293 5524 1346 5576 in
1374 5522 1575 5580 Sancto
1605 5524 1825 5594 Spiritus

226 5608 392 5668 Elisei
416 5655 433 5679 ,
475 5629 595 5670 cum
643 5615 782 5670 filius
822 5615 1112 5670 suscitatus
1152 5616 1388 5670 redditus
1430 5617 1592 5672 fuisse
1633 5616 1826 5685 legitur

194 5698 593 5761 r'Sunamitidi?
639 5708 779 5762 sicut
823 5706 1083 5777 scriptum
1131 5715 1214 5761 est
1265 5706 1372 5775 (IV
1417 5706 1546 5780 Reg.
1580 5723 1648 5773 iv,
1679 5705 1815 5776 34):

303 5836 318 5910 ξ
351 5835 499 5910 Alias
522 5855 640 5910 cap.
671 5856 816 5894 xvui.

297 5908 320 5978 Ἴ
350 5907 504 5978 Alias
533 5907 651 5978 cap.
689 5927 798 5965 xui.

295 5976 317 6006 ⁸
345 5975 502 6032 Alias
532 5975 650 6049 cap.
682 5997 770 6034 xx.

1930 4787 2094 4841 tulam
2125 4786 2266 4857 passi
2295 4801 2500 4841 sumus.
2552 4785 2684 4840 Nam
2728 4794 2783 4841 et
2813 4785 3006 4843 fluvius
3035 4789 3161 4842 dum
3189 4805 3286 4860 per
3313 4791 3525 4846 alveum

1927 4877 2133 4942 defluit,
2165 4877 2208 4933 si
2243 4877 2406 4931 valles
2432 4892 2699 4932 concavas
2727 4893 2794 4932 ex
2825 4878 2993 4934 latere
3023 4881 3321 4948 contingit,
3352 4882 3406 4936 in
3433 4896 3528 4936 eas

1930 4968 2074 5023 illico
2100 4968 2184 5022 sui
2211 4967 2442 5038 impetus
2465 4984 2679 5022 cursum
2709 4969 2948 5033 divertit,
2976 4979 3032 5024 et
3059 4972 3112 5025 in
3142 4961 3355 5027 alveum
3378 4979 3529 5042 post-

1930 5060 2150 5114 modum
2182 5075 2241 5115 se
2270 5060 2521 5115 refundit.
2568 5061 2929 5118 Venatoribus
2959 5065 3120 5118 etiam
3151 5065 3289 5120 solet
3316 5065 3531 5120 contin-

1932 5163 2059 5218 gere
2095 5157 2155 5203 ut
2205 5149 2466 5204 desistant
2495 5167 2524 5204 a
2557 5152 2754 5218 bestia,
2791 5169 2952 5224 quam
2978 5163 3284 5221 sectantur,
3316 5155 3360 5209 si
3390 5153 3531 5210 forte

1933 5240 2166 5296 viderint
2203 5241 2364 5295 aliam
2388 5257 2455 5296 ex
2478 5243 2758 5314 inopinato
2773 5247 2954 5300 Statim
2979 5259 3273 5316 emergere.
3299 5246 3531 5317 Repetat

1931 5337 2092 5406 igitur
2113 5337 2308 5392 fluvius
2329 5338 2467 5394 alvei
2496 5350 2808 5396 consuetam
2831 5344 2996 5409 viam,
3019 5349 3246 5397 venator
3265 5351 3527 5398 sectatam

1931 5433 2156 5487 bestiam
2182 5474 2197 5498 ,
2242 5433 2411 5505 stylus
2441 5435 2720 5490 materiam
2751 5437 3078 5492 inchoatam.
3135 5437 3336 5497 Nemus
3362 5443 3532 5497 etiam

1929 5535 2120 5579 contra
2151 5525 2322 5594 legem
2351 5526 2403 5580 in
2437 5528 2636 5598 templo
2659 5528 2867 5583 Domini
2898 5530 3218 5599 plantamus,
3249 5534 3296 5590 si
3318 5541 3529 5592 tantum

1933 5617 2221 5671 verborum
2253 5616 2392 5672 foliis
2428 5619 2756 5675 insistamus.
2788 5619 3009 5679 Certum
3031 5633 3114 5680 est
3135 5625 3276 5683 enim
3309 5628 3526 5695 quoties

1931 5707 1984 5760 in
2013 5706 2154 5763 foliis
2182 5711 2379 5777 segetis
2408 5711 2570 5766 culmi
2599 5709 2888 5781 proficiunt
2909 5752 2926 5780 ,
2965 5717 3160 5773 minori
3189 5716 3526 5786 plenitudine

1997 5849 2021 5912 ξι
2047 5837 2333 5912 Εχουειιιιι,
2355 5843 2499 5912 ﬁdei.

1929 5910 2030 6049 ﬁl?
2077 5908 2134 5964 In
2156 5908 2366 6032 .sodem’
2406 5913 2520 5968 haec
2568 5913 3014 5988 interponuntur,
3045 5920 3098 5971 in
3124 5919 3329 5972 civitate
3361 5915 3527 5969 Nalm

1993 5997 2095 6033 mm
2121 5997 2164 6033 tl
2205 5997 2304 6036 αα».

1993 5997 2095 6033 tum
2121 5997 2304 6036 tiauw.
