4074 6458
564 436 630 496 79
1465 436 1519 493 s.
1548 430 1976 494 'El-QEUTlll-Jltll
2021 436 2156 495 vm

2266 432 2535 497 UCTORE
2567 431 2926 499 GUIBER’I‘O.
3758 438 3834 499 80

561 557 827 624 spicarum
853 566 1016 625 grana
1051 564 1374 624 turgescunt.
1406 556 1568 625 lgitur
1589 559 1639 611 in
1670 558 1756 611 illa
1780 556 1868 613 die
1894 558 2141 622 solenmi,
2179 558 2395 623 A'dieii,
2416 561 2811 617 sieinnoceutia
2833 560 3143 628 destruitur,
3163 554 3249 617 ubi
3270 552 3607 635 tyramiizans
3628 564 3836 619 stevitia

560 661 734 716 quam
748 660 931 703 sumus
959 649 1219 703 hactenus
1252 649 1553 718 prosecuti,
1591 647 1848 703 Dominus
1875 648 1940 702 ad
1970 649 2143 703 sancti

560 738 829 807 pontiﬁcis
867 739 1285 795 declarationem
1314 739 1521 794 duobus
1549 740 1707 795 caecis
1745 741 2024 794 oculorum
2053 755 2143 796 re-

560 833 735 886 stituit
766 832 1023 886 visionem
1058 833 1482 887 :‘continuantur
1519 830 1710 901 gaudia
1743 831 1985 899 gaudiis,
2017 831 2143 886 dum

560 924 855 978 succedunt
882 924 946 977 ad
972 923 1203 977 invicem
1230 924 1379 992 signa
1422 922 1605 990 signis.
1643 920 1840 976 Eadem
1880 922 2021 976 enim
2059 921 2145 976 die

561 1021 671 1068 tres
700 1014 978 1085 paralytici
1008 1023 1133 1069 sunt
1164 1015 1333 1069 curati
1358 1055 1372 1078 ,
1415 1013 1541 1068 dum
1585 1014 1826 1068 redditur
1849 1012 1921 1067 ad
1949 1012 2146 1067 instru-

560 1119 741 1166 menta
789 1124 1044 1167 sensuum
1093 1098 1356 1165 transitus.
1399 1110 1607 1179 spiritui
1658 1108 1921 1173 animali,
1971 1115 2027 1163 et
2068 1106 2146 1162 sic

559 1202 814 1257 membris
869 1201 1094 1272 stupidis
1153 1209 1208 1255 et
1249 1200 1644 1256 insensibilibus
1687 1199 1989 1254 restituitur
2030 1198 2147 1267 ple-

561 1294 710 1348 uarie
737 1308 926 1348 sensus
953 1302 1009 1348 et
1047 1301 1245 1347 motus.
1275 1292 1511 1348 Claudiis
1545 1293 1708 1347 etiam
1740 1291 1791 1345 in
1821 1292 2021 1345 virtute
2049 1289 2145 1344 de-

561 1384 748 1441 ticiens
794 1385 1152 1455 progressiva,
1198 1384 1548 1439 consolidatis
1590 1384 1788 1454 plantis
1816 1389 1871 1437 et
1910 1382 2143 1444 basihus,

486 1482 487 1485 ‘
559 1476 739 1529 statim
786 1475 1042 1530 exsilieus
1089 1475 1417 1530 ambulabat.
1485 1475 1676 1530 Mulier
1723 1476 1884 1529 etiam
1935 1474 2145 1528 fluxum

558 1558 832 1634 sanguinis
861 1566 950 1621 diu
980 1580 1137 1637 passa
1187 1567 1381 1634 legitur
1406 1567 1523 1635 ipso
1561 1567 1645 1621 die
1673 1567 1845 1621 sancti
1875 1564 2029 1620 confe
2059 1581 2149 1620 so-

557 1656 634 1709 ris
681 1658 933 1725 precibus
976 1654 1044 1711 ab
1090 1657 1407 1725 mgritudine
1450 1657 1674 1727 pristina
1722 1656 1965 1712 liberata.
2024 1654 2149 1711 lla'c

560 1747 724 1814 igitur
751 1756 808 1801 et
837 1748 1174 1816 hujusmodi,
1207 1755 1314 1802 tam
1346 1748 1543 1815 ardua,
1578 1757 1686 1802 tam
1715 1748 1954 1812 insolita,
1986 1763 2149 1819 supra

559 1853 709 1907 spem
753 1847 810 1893 et
848 1838 1155 1894 facultatem
1198 1839 1577 1893 admirantium
1621 1839 1936 1903 existentia,
1975 1839 2148 1893 mani-

2247 649 2631 728 debacchatur.

2320 744 2341 774 '
2377 740 2467 797 42.
2520 743 2634 799 Non
2664 744 2998 800 obliviscitur
3025 744 3266 799 misereri
3300 741 3440 800 [reus
3465 787 3480 813 ,
3510 745 3605 801 sed
3628 745 3839 815 justum

2250 832 2677 889 in‘tribulatione
2705 835 2895 890 liberal
2918 877 2932 901 ,
2963 851 3084 891 cum
3115 837 3371 906 probatur
3398 852 3496 906 per
3520 836 3841 906 patientiam

2248 924 2366 995 ejus
2390 924 2578 979 virtus.
2625 925 2734 980 Nec
2763 918 3321 1001 conturbatjustum‘,
3357 926 3615 998 quidquid
3661 927 3841 982 eidem

2249 1016 2533 1081 acciderit,
2560 1016 2669 1071 ‘scd
2721 1017 3034 1073 imminente
3084 1020 3394 1073 lentationis
3427 1019 3653 1073 articulo
3682 1035 3741 1073 se
3771 1019 3843 1073 ad

2249 1106 2532 1163 Dominum
2556 1109 2607 1163 in
2629 1109 2875 1164 oratione
2900 1110 3182 1165 convertit.
3230 1108 3381 1164 Unde
3408 1108 3653 1164 Feriolus
3691 1126 3843 1163 mor-

2250 1200 2319 1254 tis
2347 1212 2668 1269 exSpcetans
2696 1200 3015 1255 sententiam
3041 1241 3056 1265 ,
3087 1199 3213 1255 dum
3240 1209 3365 1255 ante
3407 1198 3844 1254 Blaudiniensem

2252 1290 2504 1345 transiret
2528 1288 2826 1347 Eeclesiam
2850 1332 2865 1356 ,
2899 1289 2986 1346 ubi
3035 1300 3392 1360 congregatus
3437 1298 3553 1344 erat
3581 1290 3759 1344 clerus
3789 1298 3849 1342 et

2250 1381 2480 1449 populus
2509 1381 2576 1435 ad
2620 1364 2790 1436 sancti
2819 1376 3143 1437 confessoris
3190 1381 3479 1436 Eleutherii
3523 1382 3846 1435 memoriam

2250 1471 2631 1527 celebrandam
2654 1514 2670 1539 ,
2702 1472 2767 1526 ad
2815 1473 3116 1526 orationem
3163 1473 3527 1536 convertitur,
3560 1479 3615 1525 et
3641 1469 3846 1525 Christi

2251 1562 2617 1618 canfessorem
2646 1572 2759 1618 tuto
2781 1563 2958 1618 cordis
2983 1562 3176 1618 allecto
3205 1564 3472 1619 suscitans
3498 1561 3849 1617 devotissime

2252 1653 2593 1724 deprecatur,
2638 1662 2693 1708 et
2712 1669 3145 1709 commemorans
3167 1653 3405 1725 martyrii
3428 1652 3690 1716 bravium,
3713 1665 3842 1707 con—

2251 1743 2473 1798 fessoris
2520 1742 2732 1797 titulum
2762 1782 2777 1809 ,
2822 1743 3146 1811 virginitatis
3194 1744 3517 1814 praeconium
3557 1742 3846 1809 illibatum,

2250 1835 2489 1905 postulat
2509 1833 2763 1888 auxilium
2785 1843 3168 1904 opportunum.
3194 1832 3238 1887 0
3258 1842 3464 1901 sancte,
3491 1834 3681 1905 inquit,
3705 1848 3848 1904 prm-

560 1927 757 1983 festant
781 1944 1035 2000 eXpresse
1064 1932 1441 1995 reverentiam,
1466 1946 1584 2000 qua:
1610 1939 1795 1987 saneto
1825 1929 1985 1986 flebat
2009 1947 2146 2001 pon-
2180 1936 2227 1996 Β
2252 1927 2332 1980 sul
2362 1925 2663 1991 Eleutheri,
2704 1924 2749 1980 si
2791 1939 2915 1980 vera
2970 1932 3094 1980 sunt
3122 1940 3242 1996 quae
3294 1925 3361 1980 de
3391 1925 3495 1979 tuis
3523 1925 3703 1979 audivi
3733 1940 3850 1979 me-

560 2020 727 2085 tillci,
778 2021 1007 2076 Domino
1055 2022 1359 2092 placuisse,
1402 2023 1493 2092 qui
1542 2024 1619 2078 sic
1664 2039 1818 2078 suum
1865 2022 2156 2078 declaravit

563 2119 809 2167 sanctum
832 2153 847 2177 ,
879 2122 938 2168 ut
968 2114 1020 2167 in
1051 2113 1460 2169 necessitatibus
1485 2114 1776 2169 existentes
1800 2122 1988 2185 portus
2013 2115 2155 2170 sola-

562 2205 698 2258 tium
727 2204 1047 2267 invenirent,
1076 2204 1141 2259 ad
1162 2203 1314 2275 cujus
1342 2206 1698 2276 patrocinium
1725 2205 1987 2276 fugerent.
2016 2207 2154 2261 sicut

565 2297 634 2352 ad
661 2299 915 2354 auxilium
948 2308 1331 2371 opportunum.

696 2401 727 2435 "
1172 2413 1400 2470 CAPUT
1440 2416 1549 2470 vn.

568 2504 680 2578 Ope
712 2504 770 2558 S.
805 2503 1085 2560 Eleutlterii
1114 2504 1160 2558 F
1163 2507 1352 2560 ericius
1375 2507 1571 2589 cinctus
1603 2506 1836 2574 solvitur,
1863 2504 2154 2562 Libertina:

1068 2594 1101 2629 a
1144 2587 1308 2630 morte
1353 2586 1650 2631 suscitatur.

565 2679 571 2685 ⁷
645 2692 657 2719 ι
702 2688 788 2743 .il.
832 2687 1257 2743 Crebrescebant
1295 2688 1362 2742 de
1400 2687 1487 2742 die
1530 2688 1581 2743 in
1620 2688 1762 2744 diem
1800 2688 1995 2745 Christi
2042 2705 2157 2745 ma-

568 2780 767 2849 gnalia,
818 2778 1092 2850 fulgebant
1138 2780 1257 2835 luce
1306 2778 1501 2835 clarius
1543 2780 1797 2836 miracula
1844 2796 1942 2852 per
1971 2781 2156 2837 Sancti

570 2871 782 2937 merita,
840 2871 1197 2926 concurrebat
1235 2870 1301 2926 ad
1334 2870 1666 2927 Blandinium
1704 2872 2018 2927 catervatim
2051 2870 2155 2928 fre-

566 2953 786 3030 quentia
818 2962 1161 3032 pepulerum.
1207 2959 1353 3017 Odor
1380 2961 1554 3016 bonus
1579 2962 1835 3017 occultari
1865 2979 1973 3018 non
2002 2970 2157 3035 pote-

564 3060 671 3117 rat,
728 3052 823 3107 sed
848 3053 914 3107 de
952 3062 1111 3120 gente
1140 3053 1192 3107 in
1222 3062 1435 3122 gentem
1469 3056 1864 3123 pertransieus,
1894 3054 1962 3109 de
1987 3069 2155 3124 regno

569 3141 635 3197 ad
666 3142 919 3212 populum
947 3143 1173 3197 alterum
1198 3142 1506 3197 exhalabat.
1544 3143 1601 3197 In
1635 3143 1855 3198 odorem
1885 3145 2027 3198 enim
2058 3161 2157 3200 un-

569 3238 892 3298 guentorum
916 3230 1101 3285 Sancti
1130 3230 1472 3288 Tornacense
1509 3233 1831 3288 territorium
1870 3233 2154 3289 visitabam

570 3320 883 3390 alienigenae
903 3320 1188 3391 peregrini.
1210 3320 1459 3376 Secundo
1480 3322 1640 3391 igitur
1658 3323 1972 3378 elevationis
1994 3324 2162 3395 ipsius

573 3426 749 3479 anno,
780 3410 1032 3466 sacerdos
1064 3410 1308 3480 quidam,
1343 3414 1558 3468 nomine
1590 3413 1859 3480 Feriolus,
1894 3430 1923 3468 a
1953 3414 2159 3471 Vienna

566 3495 877 3557 Tornacum
912 3511 1133 3557 venerat
1178 3504 1513 3572 peregrinus.
1554 3505 1655 3573 Qui
1684 3524 1804 3561 cum
1834 3519 1974 3565 esset
2003 3510 2160 3565 inun-

540 3624 543 3627 π
572 3586 691 3650 ctus
723 3595 845 3649 oleo
876 3593 1091 3664 pietatis
1119 3601 1175 3649 et
1203 3595 1454 3664 profusus
1480 3598 1715 3652 eXterius
1740 3599 1804 3653 ad
1832 3615 1995 3669 opera
2023 3602 2160 3656 cari-

566 3684 700 3739 tatis
729 3698 852 3753 erga
894 3685 1092 3739 misero
1140 3685 1557 3741 misericorditer
1604 3704 1661 3743 se
1712 3689 1938 3757 agebat,
1973 3707 2137 3761 super

571 3791 733 3846 quem
782 3776 1005 3845 perituri
1050 3776 1356 3831 benedictio
1403 3779 1668 3833 veniebat.
1722 3778 1851 3834 Erat
1890 3768 2070 3836 autem
2108 3783 2162 3837 in

571 3864 764 3921 diebus
789 3866 894 3921 illis
915 3865 1221 3920 Libertinus
1243 3867 1459 3937 quidam
1476 3869 1720 3924 tribunus
1749 3870 2193 3940 populiTorna-~

574 3957 771 4013 ‘censis.
818 3957 915 4013 Hie
940 3958 1210 4012 hominem
1237 3958 1553 4027 quemdam,
1587 3975 1758 4029 pinna:
1796 3962 1986 4018 mortis
2014 3962 2164 4019 addi-

568 4058 744 4112 ctum,
777 4049 1006 4118 stipatus
1037 4050 1219 4120 populi
1248 4051 1603 4120 multitudine,
1632 4055 1979 4125 pertrahebat
2004 4058 2164 4113 mise—

574 4139 818 4194 rabiliter
856 4138 923 4193 ad
964 4147 1310 4194 tormentum.
1362 4141 1580 4198 lntuens
1620 4159 1743 4199 eum
1788 4144 2068 4212 Feriolus,
2109 4155 2165 4202 et

575 4227 802 4297 patienti
858 4243 1208 4307 compassus,
1250 4230 1445 4286 devote
1485 4233 1757 4289 tribunum
1808 4235 2058 4292 obsecrat
2107 4246 2165 4292 ut

574 4319 842 4374 damnato
880 4319 1300 4375 misericorditer
1328 4322 1737 4380 condescendat.
1769 4326 1863 4382 llle
1891 4343 2019 4383 vero
2049 4344 2165 4383 mo-

575 4400 912 4464 uitisacrior
963 4410 1321 4483 precibusque
1370 4413 1683 4470 insolentior
1712 4426 1795 4471 est
1822 4415 2072 4484 effectus,
2110 4426 2165 4473 et

576 4499 931 4554 offensionem
973 4501 1139 4556 animi
1172 4503 1493 4572 loquebatur
1535 4506 1649 4562 sine
1677 4523 1839 4563 causa
1869 4521 1921 4563 et
1958 4509 2113 4563 titulo
2147 4527 2159 4561 :

578 4591 755 4648 vultus
798 4592 1237 4667 irrationabiliter
1273 4595 1667 4664 inflammatus;
1712 4616 1775 4654 os
1811 4602 1953 4656 enim
1996 4601 2165 4656 turbi-

574 4680 702 4733 dum
729 4721 744 4745 ,
776 4696 972 4752 corpus
1003 4684 1266 4754 trepidant
1290 4725 1305 4749 ,
1337 4694 1515 4743 truces
1543 4690 1682 4744 oculi
1702 4731 1718 4755 ,
1748 4707 1936 4762 spuma
1964 4694 2165 4748 cande-

574 4782 751 4837 sccns,
773 4769 936 4827 facies
958 4773 1281 4840 fervescens,
1304 4776 1509 4832 clamor
1527 4780 1795 4848 immanis,
1820 4797 1918 4837 nec
1938 4798 2164 4852 parcens

578 4861 917 4931 opprobriis,
951 4864 1082 4918 satis
1114 4865 1346 4921 indicare
1375 4876 1624 4936 poterant
1652 4872 1957 4941 passionem
1984 4873 2163 4929 cordis

570 4955 722 5020 irati,
747 4964 804 5010 et
824 4972 1117 5013 conversus
1136 4959 1202 5012 ad
1223 4961 1482 5017 satellites
1505 4963 1630 5028 :lte,
1654 4964 1844 5033 inquit,
1867 4974 1921 5021 et
1942 4968 2162 5037 arripite

570 5046 917 5102 sacerdotem
949 5049 1091 5105 hunc
1127 5051 1442 5120 sacrilegum
1468 5095 1483 5118 ,
1518 5062 1573 5108 et
1601 5056 1834 5109 vinctum
1865 5059 2069 5114 catenis
2095 5060 2163 5116 ad

570 5135 806 5206 patibuli
847 5138 1026 5194 ducite
1066 5141 1381 5196 crueiatum.
1430 5142 1570 5198 Vere
1610 5145 1901 5200 secundum
1926 5147 2161 5217 judicem

578 5229 765 5297 populi
794 5238 850 5285 et
878 5231 1120 5286 minister
1150 5231 1285 5300 ejus.
1320 5232 1471 5288 Unde
1499 5246 1555 5289 et
1580 5236 1706 5290 dum
1734 5241 2035 5309 superbiret
2067 5243 2165 5297 im-

575 5320 730 5389 pius,
763 5337 966 5392 pauper
992 5323 1188 5393 injuste
1221 5323 1369 5381 duris
1393 5333 1473 5381 est
1506 5328 1850 5399 cumpedibus
1878 5333 2164 5402 obligatus.

576 5409 810 5480 Semper
836 5406 1003 5469 virtus
1026 5422 1114 5469 est
1142 5417 1410 5471 contraria
1450 5419 1676 5485 vitiosis,
1707 5424 1978 5493 sacrilegis
2000 5443 2163 5485 exosa

578 5501 865 5567 sanctitas,
898 5506 1167 5575 corruptis
1208 5505 1516 5575 integritas,
1550 5510 1835 5568 luxuriosis
1865 5513 2157 5586 frugalitas,

583 5591 1058 5657 crudelibusxdura
1098 5597 1506 5665 misericordia;
1561 5601 1652 5656 sed
1686 5611 1739 5658 et
1776 5604 1949 5675 impiis
1993 5610 2162 5679 pietas

581 5700 691 5739 non
721 5682 958 5742 ferienda.
991 5688 1081 5743 Sic
1116 5688 1351 5757 iudicant
1386 5690 1532 5763 impii
1562 5695 1810 5755 sedentes
1838 5699 1890 5753 in
1922 5699 2042 5757 loco
2065 5701 2154 5772 juo

658 5840 672 5869 ¹
704 5838 849 5893 Alias
876 5856 993 5908 cap.
1026 5857 1135 5894 xxi.

646 5911 678 5940 ³
706 5908 851 5963 Alias
876 5923 992 5980 cap.
1023 5927 1151 5965 χχιι.

2258 2015 2395 2081 ritis,
2422 2030 2683 2085 oppresso
2712 2015 2962 2080 subveni;
3007 2016 3241 2069 vinetum
3271 2014 3437 2069 libera
3470 2030 3565 2084 per
3595 2022 3697 2068 tum
3728 2014 3849 2083 pie-

2259 2105 2383 2159 tatis
2430 2105 2760 2177 mysterium.
2813 2103 2909 2159 His
2952 2104 3128 2171 dictis,
3161 2103 3231 2161 de
3271 2103 3560 2161 satellitum
3598 2103 3850 2157 manibus

2256 2194 2392 2248 liber
2419 2193 2636 2259 evadit,
2670 2202 2725 2248 et
2752 2193 2817 2248 ad
2865 2194 3153 2250 ecclesiam
3190 2196 3401 2251 concito
3430 2194 3595 2265 gradu
3623 2195 3799 2264 pergit
3828 2210 3847 2247 ι

2258 2296 2313 2343 et
2360 2287 2486 2342 dum
2533 2290 2703 2342 stare't
2750 2297 2875 2342 ante
2922 2288 3226 2359 sepulcrum
3272 2288 3416 2343 beati
3445 2286 3768 2344 confessoris
3795 2286 3850 2339 in

2255 2378 2505 2444 ecclesia,
2526 2378 2762 2445 vincula,
2786 2376 2981 2451 quibus
3011 2380 3293 2436 tenebatur
3316 2381 3620 2444 adstrictus,
3650 2394 3850 2449 repen-

2257 2471 2370 2526 tino
2401 2479 2552 2527 motu
2579 2472 2754 2527 soluta
2784 2480 2929 2541 sunt,
2962 2481 3017 2528 et
3044 2481 3233 2529 catena
3264 2471 3452 2528 divisa.

2380 2573 2461 2635 45,
2482 2571 2620 2622 Tunc
2644 2579 2811 2635 pestes
2830 2572 2997 2634 Erebi,
3020 2586 3073 2623 sc
3108 2572 3226 2622 leris
3243 2575 3486 2635 contagia,
3508 2585 3645 2622 mons
3665 2585 3721 2622 ra

2382 2634 2584 2691 Inferni,
2607 2634 2743 2684 cives
2767 2634 2805 2683 P
2826 2648 2856 2682 u
2881 2638 3007 2694 onis,
3027 2636 3197 2684 mortis
3218 2635 3421 2695 alumni,

2383 2697 2674 2744 Tartareum
2697 2697 2845 2744 chaos
2864 2696 3082 2757 egressi,
3097 2696 3365 2746 funduntur
3388 2700 3436 2746 iu
3459 2696 3654 2754 orbem,

2380 2756 2644 2808 Concilium
2667 2757 2887 2807 deforme
2914 2756 3127 2817 movent,
3153 2759 3485 2820 glomerantur
3508 2760 3555 2807 in
3581 2769 3730 2806 unum

2260 2860 2360 2926 Qui
2390 2875 2490 2915 nec
2519 2859 2628 2914 Deo
2656 2860 2901 2930 gloriam,
2932 2876 3033 2916 nec
3057 2859 3181 2916 loco
3209 2860 3589 2927 reverentiam,
3620 2873 3721 2914 nec
3745 2857 3850 2912 mi-

2259 2968 2381 3006 sero
2412 2950 2855 3018 miscricordiam,
2884 2966 2983 3006 nec
3012 2952 3282 3006 innocenti
3300 2950 3561 3020 justitiam
3584 2949 3846 3005 eximen-

2261 3052 2360 3106 tes,
2393 3051 2446 3096 et
2476 3041 2565 3112 qui
2598 3042 2650 3096 in
2679 3042 2921 3096 sordibus
2950 3040 3162 3096 fuerant
3189 3044 3417 3112 amplius
3449 3042 3844 3102 sordesceutes,

2258 3136 2395 3206 proh
2417 3134 2594 3190 nefas!
2624 3144 2865 3190 catenam
2897 3136 3089 3190 iterato
3120 3136 3261 3191 collo
3289 3135 3404 3204 ejus
3431 3135 3698 3203 injiciuut,
3732 3148 3840 3187 ma-

2261 3244 2362 3282 nus
2387 3228 2625 3283 vinciunt
2648 3266 2663 3291 ,
2705 3236 2761 3282 ut
2782 3227 3032 3282 abscedat
3060 3242 3089 3281 a
3118 3227 3285 3296 septis
3313 3226 3550 3283 ecclesia:
3571 3263 3590 3291 ,
3626 3224 3849 3293 flagellis

2183 3308 2230 3371 C
2263 3327 2318 3374 et
2343 3318 2498 3373 minis
2525 3317 2798 3371 concitant
2826 3325 2881 3371 et
2908 3315 3229 3386 pmpellunt.

2386 3417 2513 3476 Quid
2540 3415 2634 3465 tale
2660 3417 2895 3465 immanes
2919 3429 3130 3477 υιιιιυιηι
3166 3417 3382 3476 gessisse
3406 3414 3628 3464 feruntur

2384 3479 2475 3527 Vel
2494 3480 2642 3529 Sinon
2675 3479 2852 3526 l'uuica
2877 3480 2989 3539 pinu
3014 3480 3087 3526 vel
3114 3490 3237 3539 rupe
3265 3477 3499 3539 profunda

2381 3541 2588 3604 Scyron,
2616 3539 2695 3589 \el
2723 3536 2935 3588 l’balaiis
2953 3547 3113 3601 tauro,
3140 3536 3216 3588 vel
3241 3536 3309 3588 cat
3323 3552 3439 3588 cere
3467 3536 3632 3601 Sylla?

2260 3629 2460 3685 Omnes
2486 3629 2801 3698 sanguinem
2831 3628 3020 3682 sitiunt
3046 3629 3408 3688 innocentem,
3437 3643 3627 3682 omnes
3653 3627 3849 3683 unani-

2261 3722 2422 3777 miter
2461 3721 2577 3790 pari
2612 3728 2744 3775 voto
2790 3716 3063 3787 configere
3104 3719 3280 3775 crucis
3316 3718 3558 3789 patibulo
3600 3728 3845 3795 sanetum

2263 3810 2470 3866 Domini
2500 3809 2856 3865 sacerdotem.

2386 3913 2505 3970 Quis
2526 3910 2662 3960 furor
2686 3914 2695 3937 ³
2722 3923 2753 3959 ο
2775 3912 2933 3972 cives,
2955 3923 3066 3973 qua
3087 3917 3217 3960 tanta
3234 3910 3430 3960 licentia
3455 3908 3608 3960 ferri?

2263 3995 2426 4052 Stans
2450 4003 2631 4049 autem
2660 4002 2786 4049 ante
2813 3994 3118 4064 sepulcrum
3147 3993 3287 4053 beati
3308 3994 3629 4050 confessoris
3654 3992 3851 4050 Ferioo

2264 4086 2347 4140 lus
2390 4085 2528 4140 inter
2581 4083 2790 4139 timoris
2847 4091 2905 4137 et
2942 4083 3152 4140 fiduciae
3196 4086 3455 4141 terminos
3501 4085 3848 4151 constitutum,

2262 4176 2434 4239 sancti
2472 4173 2739 4244 prteconia
2767 4173 2985 4243 replicat
3012 4215 3029 4240 ,
3070 4175 3336 4245 replicans
3368 4176 3619 4232 obsecrat
3642 4218 3660 4244 ,
3687 4176 3850 4231 obse-

2263 4278 2422 4319 crans
2448 4264 2736 4333 impetrat,
2769 4267 3061 4337 impetrans
3084 4268 3218 4323 liber
3243 4268 3513 4335 exsultat,
3549 4276 3604 4323 et
3626 4284 3695 4323 ex
3723 4268 3851 4322 inti-

2264 4354 2365 4408 mis
2393 4352 2619 4409 Domino
2646 4357 2961 4413 sabbatizat.
3010 4356 3229 4414 Positus
3255 4359 3415 4427 igitur
3448 4359 3591 4413 inter
3615 4360 3849 4413 hostium

2264 4459 2465 4499 cuneos
2493 4446 2684 4506 timens
2710 4456 2766 4503 et
2795 4455 3042 4514 tremens,
3073 4448 3142 4503 ad
3170 4450 3363 4506 cmlum
3386 4451 3613 4507 elevans
3636 4450 3849 4515 oculos,

2263 4533 2625 4592 confessorem
2655 4537 2865 4594 Domini
2892 4539 3250 4610 deprecatur;
3282 4550 3341 4596 ut
3384 4541 3700 4597 humilitatis
3734 4540 3855 4608 eius

2268 4626 2441 4680 oratio
2485 4642 2594 4682 non
2638 4638 2945 4698 spernatur.
2995 4628 3040 4685 Ο
3066 4631 3336 4702 gloriose,
3372 4633 3580 4701 inquit,
3612 4631 3856 4704 pontifex

2271 4716 2468 4772 Christi
2495 4719 2805 4787 Eleutheri,
2841 4730 2897 4777 tu
2924 4710 3180 4779 Blandam
3212 4725 3410 4780 tribuni
3439 4719 3642 4790 ﬁlianf,
3671 4725 3857 4780 divino

2272 4807 2607 4879 beneplacito
2636 4820 2727 4867 tuo
2750 4814 2945 4871 merito
2970 4815 3268 4883 suscitasti;
3295 4824 3504 4886 patrem
3529 4816 3771 4884 virginis,
3801 4822 3860 4870 et

2271 4902 2529 4971 populum
2558 4902 2953 4960 Tornacensem
2994 4905 3124 4975 jugo
3169 4904 3294 4963 fidei
3343 4908 3622 4962 catholica!
3648 4907 3857 4962 submi-

2270 4993 2405 5048 sisti.
2440 4992 2543 5050 Per
2567 5003 2618 5051 te
2640 4997 2877 5053 mulieris
2899 4997 3073 5052 vidua:
3099 4997 3237 5055 ﬁlius
3265 4998 3457 5068 legitur
3485 4999 3707 5053 mirifice
3737 5015 3858 5055 sus-

2271 5085 2464 5139 citatus
2489 5104 2500 5139 :
2528 5096 2580 5141 te
2603 5090 2751 5149 caeci,
2788 5098 2839 5144 te
2866 5088 3328 5157 mutimirifieant,
3354 5098 3443 5145 tua
3473 5089 3858 5144 miraculorum

2266 5191 2431 5245 opera
2461 5176 2626 5232 Deum
2657 5178 2893 5233 laudant.
2928 5179 3117 5245 Tuam,
3150 5187 3324 5249 pater,
3356 5180 3549 5235 invoco
3575 5180 3875 5249 pietatem,:

2268 5274 2324 5318 ut
2353 5273 2497 5320 tuam
2547 5268 2742 5321 iterum
2790 5284 3004 5323 manmn
3054 5270 3185 5324 mihi
3232 5269 3463 5347 sentiam
3510 5268 3855 5337 adiutricem.

2266 5353 2457 5408 Mirum
2478 5356 2593 5411 visu
2620 5374 2632 5409 :
2660 5367 2882 5427 repente
2903 5366 3089 5414 catena
3112 5359 3356 5427 solvitur,
3374 5359 3549 5416 soluta
3574 5357 3857 5426 frangitur.
3876 5406 3877 5409 η

2266 5445 2432 5501 fracta
2472 5449 2716 5517 prosilit,
2767 5450 3053 5519 prosiliens
3102 5451 3371 5513 tribunum
3401 5452 3457 5507 in
3495 5450 3671 5507 media
3719 5448 3877 5506 faeie,

2270 5536 2518 5604 percutit,
2547 5547 2603 5592 et
2631 5552 2938 5607 percussum
2966 5541 3180 5596 occidit.

2395 5626 2483 5674 Div
2519 5641 2601 5676 rso
2628 5630 2817 5678 interea
2839 5633 3101 5683 miscentur
3131 5636 3306 5685 moenia
3331 5634 3483 5685 luctu.
3563 5687 3568 5692 ,

2333 5706 2352 5737 ³
2383 5707 2468 5762 44.
2503 5707 2609 5765 Sed
2641 5728 2776 5767 uxor
2800 5714 2993 5771 tribuni
3022 5718 3292 5787 praecipue
3335 5716 3553 5774 fortuito
3576 5717 3857 5797 cruciatur

2347 5861 2365 5892 ³
2393 5860 2538 5917 Alias
2566 5877 2683 5934 cap.
2714 5882 2861 5922 mu.
