4074 6508
218 481 287 535 δι

1103 474 1159 528 S.
1202 470 1615 547 ELEUTHERH
1658 470 1812 525 VlTA
1857 468 2177 525 AUCTORE
2217 466 2583 523 CUIBERTO.

3399 456 3492 514 δῶ

222 601 412 650 eventu
435 633 449 656 ,
511 590 664 660 cujus
720 589 938 645 solertia
994 605 1189 659 corpus
1249 589 1498 644 exstincti
1555 587 1793 642 defertur
1826 597 1868 648 Α
1901 589 2070 641 multo
2099 596 2344 657 tempore
2373 586 2603 642 Sanctus
2629 587 2680 640 in
2712 586 2881 655 patria
2908 598 3022 639 sua.

222 683 557 741 Blandinium
605 699 618 734 :
668 682 923 736 statuitur
971 689 1095 734 ante
1145 680 1448 748 sepulcrum
1502 677 1796 733 beatissimi

221 773 568 836 confessoris,
606 772 760 827 triste
782 771 1050 843 piaculum
1077 770 1188 825 suis
1205 810 1219 834 ,
1249 777 1407 838 turpe
1431 768 1796 838 spectaculum

222 866 429 924 alienis.
473 862 533 918 S.
564 860 930 917 Eleutherium
959 860 1231 915 humiliter
1256 859 1578 923 obsecrant,
1608 867 1665 913 et
1700 872 1798 927 pro

222 955 573 1016 suscitatione
616 953 816 1007 mortui
859 951 1069 1006 devotis
1104 950 1437 1005 orationibus
1474 950 1710 1004 excitant
1745 958 1799 1002 et

225 1049 466 1104 invitant.
523 1045 629 1099 Sed
665 1042 846 1098 Sancti
881 1043 1079 1099 caritas
1107 1056 1377 1110 nunquam
1406 1041 1643 1105 excidit,
1675 1041 1799 1109 quia

220 1141 328 1212 jam
358 1138 470 1193 Deo
497 1136 815 1204 conjunctus
838 1175 853 1199 ,
896 1134 998 1188 etsi
1033 1132 1334 1201 fragilitatis
1365 1143 1388 1169 α
1418 1140 1798 1203 symptomata,

225 1229 461 1287 caritatis
490 1227 695 1282 viscera
726 1241 833 1281 non
860 1226 1074 1295 ahjecit.
1117 1223 1249 1279 Nam
1279 1225 1331 1279 in
1353 1224 1638 1295 quemdam
1668 1224 1801 1291 divi-

226 1339 346 1379 num
371 1328 606 1376 mutatus
626 1317 897 1384 affectum,
920 1317 1048 1387 quid
1070 1325 1256 1388 posset
1279 1331 1488 1387 sapere,
1511 1316 1636 1386 quid
1658 1315 1801 1370 elar—

227 1413 326 1484 giri
372 1410 628 1478 miseris,
672 1408 775 1463 nisi
804 1408 989 1478 jium?
1035 1406 1171 1462 Nam
1214 1407 1261 1461 si
1304 1405 1446 1461 Deus
1480 1406 1673 1461 caritas
1699 1412 1802 1468 est,

226 1515 424 1575 quanto
447 1501 568 1573 quis
598 1500 710 1556 Deo
735 1499 957 1570 propius
987 1498 1347 1568 conjungitur,
1395 1505 1546 1551 tanto
1583 1496 1808 1551 caritate

227 1595 430 1666 plenior
479 1591 883 1662 comprobatur.
932 1588 1069 1645 Cum
1109 1589 1269 1656 igitur
1312 1602 1418 1642 una
1459 1602 1557 1657 pro
1596 1587 1808 1642 tribuno

231 1685 415 1739 flentes
442 1683 792 1753 implorarent
830 1679 1251 1735 misericordiam
1280 1678 1633 1743 confessoris,
1666 1676 1811 1731 fulsit

233 1776 485 1829 immensa
520 1772 738 1829 claritas
773 1788 839 1827 ex
882 1771 1164 1841 supernis,
1215 1778 1273 1825 et
1314 1786 1419 1823 vox
1466 1770 1681 1838 insuper
1728 1779 1811 1823 est

237 1864 410 1920 audita
437 1863 502 1918 de
535 1863 701 1922 ctelis.
751 1861 931 1927 Orate,
959 1861 1152 1931 inquit,
1183 1861 1577 1931 presbyterum,
1608 1852 1670 1913 uti
1692 1867 1813 1913 oret

1970 678 2057 733 47.
2092 679 2392 735 Libertinus
2419 686 2598 734 autem
2645 680 2893 734 tribunus
2927 677 3142 731 tandem
3170 676 3347 731 soluto
3379 691 3479 729 na-

1899 780 2032 826 turae
2054 771 2235 827 debito
2263 772 2316 826 in
2344 778 2527 825 sancta
2555 770 2895 825 confessione
2915 808 2945 827 ,ν
2973 768 3025 821 in
3048 765 3162 821 ilde
3189 765 3479 829 catholica,

1900 863 1954 916 in
1981 877 2077 933 spe
2104 862 2409 927 communi,
2438 862 2490 916 in
2518 862 2742 917 caritate
2780 876 2890 915 non
2922 860 3044 915 ficta
3063 900 3078 925 ,
3109 858 3161 913 iu
3186 860 3351 912 manu
3378 857 3485 912 Do-

1902 956 2032 1009 mini
2061 956 2305 1024 spiritum
2337 954 2755 1017 eommendavit,
2797 961 2853 1008 et
2880 968 3001 1008 eum
3045 950 3342 1008 Censorino
3371 948 3488 1004 Cie-

1900 1063 2020 1103 sare
2041 1048 2256 1102 tribuno
2281 1046 2652 1102 Scandiniensi
2680 1047 2734 1102 in
2764 1045 2823 1100 Β.
2858 1045 3039 1100 Mariae
3058 1044 3290 1113 Virginis
3312 1040 3492 1098 cccle-

1899 1139 1979 1191 sia
2008 1137 2295 1206 requiescit
2326 1155 2339 1189 :
2373 1146 2429 1192 et
2456 1146 2513 1191 ut
2542 1145 2717 1193 cesset
2742 1151 2902 1192 omne
2924 1135 3256 1206 ﬁgmentum,
3287 1148 3489 1188 evane-

1901 1239 2015 1283 scat
2056 1229 2345 1282 humanum
2386 1236 2748 1283 commentum
2769 1267 2786 1295 ,
2823 1235 3015 1283 catena
3040 1267 3056 1292 ,
3095 1226 3170 1281 dc
3191 1239 3297 1293 qua
3327 1237 3488 1293 supra

1903 1320 2103 1374 dictum
2131 1326 2251 1383 est,
2287 1317 2550 1373 Viennam
2592 1319 2770 1374 delata
2795 1327 2879 1375 est
2923 1319 2977 1373 in
3014 1319 3094 1374 rei
3136 1315 3398 1372 mirabilis
3435 1322 3493 1368 et

1905 1409 2271 1466 memorabilis
2291 1408 2481 1465 efficax
2510 1417 2905 1478 argumentum.

2497 1499 2723 1557 CAPUT
2763 1501 2892 1557 Vlil.

2042 1593 2339 1648 Translatio
2377 1595 2607 1661 corporis
2650 1594 2711 1649 S.
2754 1592 3043 1648 Eleutherii
3091 1592 3146 1647 in
3184 1592 3361 1647 urbem

2503 1663 2901 1718 Tomacensem.

1983 1757 1995 1785 '
2040 1753 2129 1809 48.
2160 1755 2394 1811 .Factum
2428 1763 2512 1811 est
2548 1756 2600 1809 in
2631 1754 2820 1811 diebus
2858 1755 2962 1811 illis
3003 1756 3318 1811 miraculum
3349 1756 3495 1810 nulla

1910 1847 2168 1916 temporis
2190 1848 2505 1917 antiquitate
2525 1845 2829 1901 delendum.
2854 1846 3235 1901 Clarescebant
3256 1847 3423 1915 magis
3443 1855 3500 1901 et

234 1971 329 2026 pro
356 1953 624 2010 Libertina
655 1953 937 2008 Dominum
963 1951 1147 2006 Jesum
1175 1952 1466 2008 Christum.
1491 1949 1811 2005 Assistentcs

1919 1938 2084 2005 magis
2113 1939 2299 1991 merita
2329 1935 2678 2000 confessoris,
2722 1937 3073 1992 laudabantur
3102 1939 3154 1992 in
3185 1955 3251 1994 eo
3277 1954 3497 2007 magna-

230 2046 495 2102 neminem
520 2046 734 2114 quidem
758 2045 1022 2107 viderunt,
1047 2059 1235 2098 vocem
1265 2051 1442 2097 tamen
1469 2041 1811 2096 nihilominus

227 2135 525 2198 audierunt.
557 2134 823 2189 instantes
844 2133 1004 2201 igitur
1027 2132 1278 2199 orationi,
1300 2131 1540 2186 crebrius
1562 2131 1814 2199 reliquias

225 2224 550 2281 confessoris
579 2223 823 2286 Feriolus
851 2238 1013 2292 super
1037 2221 1269 2277 defuncti
1309 2236 1507 2290 corpus
1538 2220 1809 2289 imposuit,

223 2325 277 2371 ct
302 2324 431 2385 post
457 2316 647 2369 horam
686 2312 1052 2377 undecimam,
1085 2311 1177 2381 qui
1207 2322 1452 2366 mortuus
1485 2310 1688 2371 fuerat,
1722 2326 1811 2363 re-

223 2406 481 2461 surrexit.

342 2507 432 2555 45.
457 2505 747 2554 ροιιιίευιετρ
770 2510 941 2552 omnes
966 2504 1241 2566 intentique
1264 2516 1349 2553 Ora
1373 2503 1627 2563 tenebant,

219 2609 337 2649 cum
373 2607 441 2646 ea
468 2605 588 2659 qua:
633 2596 876 2643 mortuus
921 2587 1133 2642 viderat
1175 2587 1486 2643 audiebant.
1530 2586 1815 2642 Referebat

219 2686 299 2740 eis
322 2697 588 2738 occursus
614 2681 936 2745 daernonum,
969 2679 1332 2734 diversitatem
1362 2695 1665 2750 pmnarum,
1695 2695 1816 2748 qua:

219 2793 327 2831 non
359 2773 539 2829 solum
561 2771 716 2840 juxta
754 2771 977 2825 verbum
1014 2771 1246 2840 prophet
1266 2786 1387 2825 cum
1413 2811 1428 2834 ,
1465 2771 1561 2825 sed
1587 2779 1643 2826 et
1663 2770 1815 2838 juxta

217 2878 443 2919 versum
461 2861 731 2931 poeticum
746 2874 965 2915 sensum
980 2859 1316 2915 excedebant
1330 2861 1638 2915 humanum.
1668 2858 1818 2916 Unde

216 2955 553 3012 Mantuanus
573 2952 662 3006 ille
688 2959 968 3021 poetarum
989 2950 1234 3020 egregius
1261 2952 1338 3004 ait
1362 2950 1602 3021 (Arineid.
1627 2951 1700 3022 vi)
1732 2970 1744 3003 :

342 3063 461 3116 Non
483 3063 595 3112 mihi
618 3064 660 3111 si
677 3062 861 3123 lingua
885 3069 1083 3111 centum
1104 3062 1220 3123 sint,
1243 3075 1426 3124 oraque
1452 3069 1670 3119 centum,

341 3128 542 3178 Ferrea
566 3140 682 3186 vox,
706 3136 877 3173 omnes
899 3124 1143 3173 scelerum
1163 3124 1521 3185 comprendere
1544 3125 1740 3189 formas,

344 3189 532 3240 Omnia
556 3198 807 3249 pcnnarum
830 3198 1123 3248 percurrere
1145 3189 1349 3247 nomina
1375 3190 1572 3248 possim.

221 3293 526 3352 Referebat
561 3291 873 3361 frequenter
902 3291 1044 3347 idem
1076 3292 1319 3347 tribunus
1355 3293 1546 3347 animae
1587 3308 1695 3348 sua:
1723 3294 1819 3348 tri-

217 3394 367 3441 stem
400 3383 638 3446 exitum,
669 3391 722 3436 et
754 3380 1144 3437 formidabilem
1171 3423 1189 3461 ι
1226 3392 1279 3438 et
1324 3393 1594 3439 catervam
1624 3384 1822 3440 daemo-

221 3493 357 3531 num
408 3475 665 3529 attentius
713 3483 1136 3545 exspectantem.
1183 3473 1435 3541 Quicum
1464 3475 1518 3529 in
1544 3491 1824 3530 occursum

220 3575 618 3640 properassent
650 3568 891 3636 paventis
921 3568 1111 3621 anima:
1134 3609 1149 3633 ,
1181 3568 1437 3637 prohibiti
1465 3577 1590 3622 sunt
1619 3577 1727 3623 tam
1756 3570 1824 3623 ab

222 3659 561 3728 archangelo
582 3658 860 3723 Michaele,
885 3674 1043 3728 quam
1068 3660 1136 3712 ab
1159 3657 1469 3713 Eleutherio
1491 3661 1821 3715 confessore.

223 3755 323 3810 Sic
354 3767 486 3820 ergo
511 3753 784 3805 daemones
813 3758 937 3804 sunt
960 3749 1218 3814 frustrati,
1249 3751 1375 3819 quia
1402 3751 1562 3806 missa
1597 3759 1677 3807 est
1707 3751 1824 3805 ani-

225 3862 322 3901 ma
356 3857 553 3911 corpus
583 3841 820 3895 revisere
846 3840 1120 3910 proprium
1150 3848 1205 3895 et
1232 3842 1450 3895 reverti.

306 3934 404 3995 46.
448 3933 668 3988 Solebat
697 3932 859 3986 etiam
906 3930 1047 3986 idem
1078 3929 1381 3986 Libertinus
1408 3930 1651 3987 tribunus
1688 3933 1828 3987 inter

212 4021 435 4086 'cactera
484 4024 715 4079 recitare
741 4061 757 4088 ,
802 4021 947 4093 quod
996 4020 1221 4090 gloriosi
1266 4018 1592 4075 confessoris
1638 4021 1829 4075 notitia

214 4110 539 4182 'multorum
569 4118 756 4188 spatiis
797 4126 1098 4187 temporum
1139 4115 1287 4170 velut
1331 4115 1638 4170 oblitterata
1681 4114 1833 4170 fieret

213 4202 288 4271 et
311 4213 533 4276 deleta;
571 4199 665 4265 sed
696 4208 750 4263 in
782 4207 1086 4262 novissimis
1116 4206 1447 4276 temporibus
1469 4247 1484 4272 ,
1514 4222 1636 4261 cum
1671 4222 1828 4260 mun-

223 4307 334 4361 dus
381 4303 449 4357 ad
489 4308 759 4356 senectam
790 4305 1059 4367 vergeret,
1107 4299 1159 4351 in
1188 4312 1380 4352 novam
1410 4295 1827 4357 adolescentiam

216 4376 503 4453 memoria
527 4389 820 4446 refloreret.
851 4388 1004 4456 Quod
1028 4387 1138 4457 jam
1169 4388 1365 4443 nostris
1393 4403 1491 4457 pro
1520 4395 1674 4458 parte
1696 4396 1831 4442 tem-

222 4486 462 4555 poribus
508 4482 782 4551 impletum
829 4480 1097 4534 cernimus
1135 4486 1190 4533 et
1217 4478 1483 4533 dolemus.
1530 4477 1667 4544 Quin
1699 4479 1827 4543 imo,

226 4575 276 4628 si
306 4574 474 4642 digna
504 4588 607 4626 vox
631 4580 712 4625 est
741 4568 1059 4624 beneficium
1090 4569 1390 4638 capientem
1441 4568 1735 4638 obligatum
1765 4567 1832 4622 ad

223 4667 490 4721 antidora
511 4680 570 4719 se
596 4663 845 4733 quaelibet
871 4660 1109 4731 profiteri
1134 4702 1149 4725 ,
1180 4661 1279 4715 etsi
1305 4660 1433 4714 nihil
1454 4660 1670 4729 dignum
1698 4677 1830 4716 con-

222 4757 431 4814 fessori
480 4730 675 4813 Christi
719 4730 982 4822 possimus
1038 4752 1377 4817 retribuere,
1424 4751 1516 4819 qui
1559 4752 1829 4805 civitatem
1862 4730 1907 4787 θ

221 4848 638 4919 Tornacensem
661 4852 716 4899 et
736 4844 851 4912 ejus
891 4841 1121 4898 confinia
1143 4841 1391 4896 solidavit
1414 4840 1464 4894 in
1491 4838 1620 4905 fide,
1651 4851 1827 4896 tamen

224 4941 280 4995 in
312 4936 557 5009 copiosis
595 4935 897 4990 actionibus
932 4934 1225 5002 gratiarum
1270 4932 1527 4988 debemus
1554 4933 1670 5003 ejus
1710 4950 1825 4988 me-

227 5031 469 5086 moriam
500 5029 552 5081 in
581 5027 824 5083 cordium
854 5033 1160 5081 nostrormn
1187 5023 1551 5094 penetralibus
1570 5025 1821 5093 sigillare.

232 5119 387 5186 Quod
434 5118 481 5173 si
522 5133 628 5171 non
655 5117 938 5173 fecerimus
962 5157 975 5181 ,
1017 5130 1212 5171 vereor
1251 5130 1319 5169 ne
1354 5114 1439 5169 vel
1469 5114 1828 5170 indevotionis

228 5220 512 5274 statuam,
561 5209 644 5263 vel
679 5208 1076 5278 ingratitudiuis
1120 5206 1466 5263 simulacrum
1515 5205 1821 5261 adoremus.

226 5294 473 5358 Infausta
522 5299 638 5351 haec
682 5297 1047 5367 prodigiorum
1093 5296 1344 5360 soboles,
1384 5310 1610 5365 quarum
1655 5297 1823 5367 prima

224 5390 506 5452 informis,
530 5387 762 5443 secunda
789 5388 1017 5449 infamis,
1045 5398 1271 5458 utraque
1295 5388 1411 5443 sine
1437 5388 1610 5456 laude,
1637 5398 1821 5444 neutra

223 5478 313 5538 est
338 5484 469 5538 sine
494 5481 671 5537 sorde.
717 5480 1078 5535 lndevotionis
1107 5482 1247 5534 enim
1290 5480 1587 5536 obscuritas
1607 5524 1621 5549 ,
1652 5490 1705 5535 et
1741 5484 1821 5535 in-

222 5568 580 5641 gratitudinis
609 5570 918 5626 obscenitas
947 5568 1202 5624 beneficia
1233 5573 1498 5641 praeterita
1538 5574 1822 5642 sepeliunt,

224 5665 525 5737 praesentia
555 5673 937 5735 corrumpunt,
968 5662 1139 5716 futura
1171 5666 1454 5734 repellunt.
1509 5666 1707 5720 Harum
1753 5665 1828 5719 fa-

222 5766 378 5813 ctum
413 5764 497 5811 est
542 5757 780 5821 incuria,
829 5765 885 5810 ut
936 5772 1039 5811 non
1088 5755 1246 5811 fuerit
1296 5760 1345 5812 in
1394 5760 1597 5815 honore
1646 5761 1825 5817 debito

297 5941 312 5969 ¹
352 5935 510 5991 Alias
537 5953 654 6009 cap.
687 5956 829 5996 xxxv.

1913 2028 1980 2081 lia
1993 2028 2285 2082 Creatoris.
2298 2026 2456 2083 Cives
2479 2028 2640 2095 igitur
2661 2026 3050 2092 Tornacenses,
3066 2029 3238 2082 sani-ti
3258 2028 3503 2099 corporis

1912 2119 2206 2173 absentiam
2237 2117 2464 2188 amplius
2492 2134 2597 2172 non
2629 2119 2897 2184 ferentes,
2930 2117 3270 2173 Blandinium
3304 2136 3504 2190 prope-

1913 2217 2066 2277 rant,
2098 2209 2378 2264 ecclesiam
2412 2209 2648 2274 intrant,
2680 2209 2933 2277 reliquias
2957 2218 3172 2265 sanctas
3201 2210 3501 2275 inveniunt,

1914 2301 2160 2356 inventas
2188 2301 2487 2370 accipiunt,
2524 2309 2775 2370 acceptas
2799 2298 3076 2366 deferunt,
3109 2309 3165 2355 ut
3195 2302 3245 2356 in
3275 2301 3505 2365 ecclesia

1915 2392 1975 2445 Β.
2005 2391 2186 2445 Maria:
2213 2392 2442 2460 Virginis
2469 2406 2561 2446 cas
2590 2399 2864 2461 exponant
2886 2388 3311 2460 magnificentius
3336 2400 3393 2447 et
3416 2407 3504 2448 re-

1914 2483 2170 2540 condant.
2222 2482 2312 2537 Sic
2340 2483 2484 2537 enim
2510 2482 2579 2538 de
2618 2483 2796 2537 divina
2825 2481 3036 2538 Iustitia
3067 2483 3334 2539 credimus
3361 2483 3507 2539 ordi-

1917 2585 2122 2640 natum,
2159 2583 2217 2631 ut
2244 2576 2333 2646 qui
2362 2575 2735 2645 persecutione
2776 2583 3053 2643 grassante
3100 2575 3328 2630 latuerat
3364 2575 3507 2646 apud

1918 2665 2258 2720 Blandinium
2281 2708 2298 2735 ,
2324 2665 2518 2721 ibidem
2547 2666 2819 2736 acciperet
2844 2666 2999 2736 quasi
3028 2666 3285 2721 latentem
3321 2666 3508 2736 sepul-

1919 2766 2053 2813 tura:
2081 2759 2280 2814 locum.
2306 2756 2370 2811 Et
2397 2759 2488 2828 qui
2510 2757 2850 2828 postmodum
2880 2757 3223 2828 pontificatus
3244 2758 3509 2814 sollicitu-

1918 2849 2099 2905 dinem
2141 2848 2610 2904 administraverat
2651 2846 2704 2902 in
2734 2849 3020 2919 propatulo
3044 2890 3060 2913 ,
3092 2849 3511 2905 clarescentibus

1920 2940 2036 3009 ejus
2080 2939 2288 2995 meritis
2330 2939 2685 2993 collocaretur
2725 2938 2921 2994 clarius
2953 2940 3005 2993 iu
3036 2939 3145 2993 Tor
3352 2937 3511 2995 Cives

1921 3043 2050 3098 ergo
2088 3029 2359 3100 pnedicti,
2392 3029 2565 3083 sancti
2601 3030 2846 3099 corporis
2883 3045 3068 3085 secum
3112 3029 3348 3084 ferentes
3385 3031 3510 3085 reli-

1922 3120 2076 3189 quias
2101 3158 2115 3183 ,
2157 3119 2568 3174 revertebantur
2610 3117 2681 3172 ad
2728 3119 2913 3174 urbem
2958 3135 3079 3174 cum
3125 3119 3344 3186 laetitia,
3374 3120 3512 3175 sicut

1830 3263 1837 3266 .
1928 3210 2204 3265 exsultare
2235 3209 2465 3265 victores
2502 3218 2625 3263 sunt
2649 3208 2794 3263 soliti
2822 3217 2980 3279 capta
3007 3209 3204 3282 praeda.

1994 3299 2082 3355 49.
2133 3300 2413 3356 intuentes
2463 3309 2644 3355 autem
2699 3299 3030 3356 habitatores
3069 3300 3211 3357 illius
3257 3301 3514 3357 territorii

1929 3394 2296 3450 Tornacenses
2324 3391 2580 3463 reliquias
2607 3408 2729 3449 eum
2767 3392 3019 3450 violentia
3057 3392 3381 3461 deferentes,

2270 3487 2358 3547 ipsi
2378 3486 2425 3533 in
2444 3484 2706 3535 certamina
2731 3498 2909 3547 pugna)

2271 3497 2358 3596 iri
2378 3497 2425 3533 in
2444 3497 2706 3535 certamina
2731 3498 2909 3547 pugnas
3084 3542 3093 3555 ‘

2051 3547 2275 3610 Succedu
2313 3555 2348 3605 t,
2366 3549 2655 3609 animasque
2679 3552 2725 3596 in
2750 3552 2921 3609 aperta
2947 3548 3162 3610 pericula
3181 3548 3399 3600 mittunt.

2052 3607 2317 3672 intendunt
2339 3621 2480 3658 acres
2503 3607 2645 3672 arcus
2671 3607 2964 3672 amentaque
2984 3617 3231 3672 torquent.

2050 3670 2297 3733 §ternitur
2325 3669 2624 3733 eccesolum
2644 3669 2777 3732 telis,
2807 3669 2968 3733 pugna
2992 3669 3162 3733 aspera
3186 3674 3363 3732 surgit.

2052 3731 2180 3794 Ergo
2196 3731 2371 3793 sagitta
2396 3731 2524 3782 volat
2541 3731 2818 3794 praenuntia
2835 3731 3022 3793 mortis,
3049 3731 3101 3781 et
3124 3732 3312 3781 hostem

1992 3824 1997 3835 ι
2055 3792 2333 3854 ἰωρειυόςδ
2357 3797 2478 3855 petit
2506 3808 2516 3841 :
2540 3792 2682 3854 quam
2708 3795 2822 3842 totis
2853 3792 3035 3844 viribus
3058 3800 3236 3855 actam,

1928 3874 2076 3930 Motu
2104 3874 2307 3931 reflexo
2334 3889 2608 3930 reversam
2644 3866 2696 3929 in
2729 3890 2789 3930 se
2815 3891 2938 3931 cum
2975 3875 3195 3931 vulnere
3237 3877 3518 3948 cepit,.qui

1930 3968 2179 4036 sagittam
2215 3967 2416 4023 emisit.

2055 4055 2239 4118 Conflxi
2262 4058 2475 4118 propriis
2493 4056 2610 4106 telis
2626 4057 2727 4106 turi
2738 4063 2883 4105 antur
2914 4066 3147 4117 agrestes
3165 4072 3178 4105 :

1966 4166 1972 4174 ,
2056 4117 2461 4180 Ριαιίίῑθτειῆὶχυε
2482 4119 2668 4180 vaginae
2688 4131 2870 4180 mucro,
2915 4132 3008 4169 nec
3033 4127 3176 4168 extra

2061 4178 2131 4243 tie
2156 4178 2277 4227 facili
2302 4180 2462 4243 pr_odit
2480 4178 2627 4241 longo
2652 4178 3144 4243 torpore'quiesceas
3159 4219 3173 4243 ,

2028 4278 2033 4283 .
2053 4240 2282 4303 Denegat
2302 4239 2512 4291 oﬂicium
2537 4239 2667 4291 vario
2686 4239 2874 4291 delirus
2897 4239 2947 4293 in
2972 4246 3091 4293 ictu.

1932 4320 2064 4376 Mira
2113 4336 2220 4377 res.
2266 4322 2493 4389 Quidam
2538 4323 2920 4380 insectantium
2963 4325 3263 4391 vulnerati,
3300 4326 3520 4395 quidam

1932 4414 2095 4468 etiam
2123 4414 2363 4471 caecitate
2390 4417 2649 4486 percussi,
2675 4416 2890 4488 quidam
2918 4426 3094 4473 autem
3123 4420 3175 4473 in
3204 4417 3288 4473 via
3316 4419 3520 4475 semia-

1933 4505 2105 4560 nimes
2146 4514 2270 4560 sunt
2316 4506 2509 4562 relicti.
2562 4505 2630 4561 Et
2679 4508 2803 4576 quia
2851 4509 3027 4564 nullus
3076 4510 3273 4564 civium
3330 4511 3521 4565 vulnus

1933 4598 2166 4665 excepit,
2196 4598 2306 4651 Deo
2332 4600 2623 4666 gratiarum
2653 4600 2895 4655 actiones
2921 4600 3231 4668 exsolvunt,
3260 4609 3315 4656 et
3345 4602 3424 4657 sic
3451 4603 3518 4656 ad

1935 4689 2149 4758 prapria
2174 4699 2525 4746 revertentes.

2064 4778 2348 4842 Lmtitiaque
2376 4782 2603 4843 fuemunt,
2631 4785 2915 4846 animusque
2938 4786 2996 4834 ad
3020 4786 3184 4834 sitit-ra
3209 4786 3402 4836 ti-lluut.

2006 4858 2093 4913 50.
2138 4858 2204 4914 Et
2244 4862 2316 4915 ita
2345 4878 2465 4917 cum
2506 4865 2669 4919 totius
2695 4866 2896 4934 gaudio
2933 4868 3164 4923 civitatis
3201 4869 3251 4921 in
3292 4868 3520 4925 ecclesia

1934 4948 2030 5004 Dei
2069 4950 2342 5017 genitricis
2369 4951 2548 5008 Maria:
2578 4955 2901 5010 collocatum
2948 4966 3032 5012 est
3076 4974 3273 5029 corpus
3317 4959 3520 5026 glorio-

1932 5041 2127 5096 sissimi
2156 5042 2493 5099 confessoris.
2519 5043 2883 5102 Occ.irrebant
2903 5047 3082 5102 Sancti
3108 5050 3346 5119 reliquiis
3363 5064 3520 5117 para-

1933 5129 2032 5201 lysi
2064 5131 2394 5199 laborantes;
2449 5123 2877 5192 vociferabantur
2924 5140 2974 5193 in
3021 5141 3195 5208 platea
3244 5139 3519 5208 sedentes,

1932 5222 2022 5290 qui
2055 5222 2400 5291 reliquiarum
2428 5234 2631 5281 attactu
2663 5228 3106 5298 vigintiquinque
3134 5244 3360 5285 numero
3387 5247 3491 5286 con

1931 5315 2100 5369 secuti
2123 5325 2248 5370 sunt
2269 5317 2507 5386 plenarie
2526 5321 2802 5376 sanitates.
2828 5319 3239 5389 Porrigebantur
3258 5323 3515 5379 miracula

1931 5401 1999 5456 de
2027 5402 2112 5457 die
2140 5405 2190 5458 in
2217 5406 2356 5460 diem
2396 5407 2578 5463 Sancti
2611 5410 2835 5464 meritis.
2882 5408 3030 5464 Unde
3068 5417 3134 5475 ,ει
3181 5410 3284 5467 illis
3329 5412 3520 5467 diebus

1929 5493 2053 5546 cmci
2082 5504 2286 5563 septem
2317 5499 2588 5553 consecuti
2618 5507 2743 5554 sunt
2770 5498 3088 5554 beneficium
3116 5501 3355 5566 visionis,
3382 5518 3520 5572 pra:-

1927 5592 2104 5639 stante
2135 5584 2359 5641 Domino
2387 5588 2512 5645 .lesu
2541 5590 2780 5655 Christo,
2815 5591 2907 5659 qui
2947 5606 3070 5646 cum
3106 5590 3263 5648 Patre
3297 5602 3351 5648 et
3389 5594 3517 5664 Spi-

1928 5675 2031 5728 ritu
2079 5685 2267 5732 sancto
2317 5679 2445 5734 vivit
2489 5688 2543 5733 et
2593 5689 2779 5747 regnat
2824 5682 2874 5734 in
2928 5682 3119 5737 smcula
3170 5682 3511 5739 sreculorum.

1932 5766 2121 5823 Amen.

2008 5955 2028 5981 α
2059 5944 2113 5999 In
2143 5961 2370 6013 excuso,
2401 5950 2774 6022 spat/ironiam.
