  <div class='ocr_page' id='page_1' title='image "/cluster/home/n/w/nwhite01/storage/ocr_20150623/65/hvd.32044015469315/050.png"; bbox 0 0 4074 6456; ppageno 0'>
   <div class='ocr_carea' id='block_1_1' title="bbox 217 435 3502 522">
    <p class='ocr_par' dir='ltr' id='par_1_1' title="bbox 217 435 3502 522">
     <span class='ocr_line' id='line_1_1' title="bbox 217 435 3502 522; baseline -0.005 -11"><span class='ocrx_word' id='word_1_1' title='bbox 217 455 296 511; x_wconf 75' lang='lat' dir='ltr'><strong>es</strong></span> <span class='ocrx_word' id='word_1_2' title='bbox 1431 513 1454 522; x_wconf 30' lang='grc' dir='ltr'><em>ν</em></span> <span class='ocrx_word' id='word_1_3' title='bbox 1659 443 2060 502; x_wconf 61' lang='lat' dir='ltr'><strong>santiones.</strong></span> <span class='ocrx_word' id='word_1_4' title='bbox 3431 435 3502 494; x_wconf 70' lang='lat' dir='ltr'><strong>to</strong></span> 
     </span>
    </p>
   </div>
   <div class='ocr_carea' id='block_1_2' title="bbox 213 550 3501 632">
    <p class='ocr_par' dir='ltr' id='par_1_2' title="bbox 213 550 3501 632">
     <span class='ocr_line' id='line_1_2' title="bbox 213 550 3501 632; baseline -0.006 -8"><span class='ocrx_word' id='word_1_5' title='bbox 213 567 602 632; x_wconf 74' lang='lat' dir='ltr'><strong>descenderat,</strong></span> <span class='ocrx_word' id='word_1_6' title='bbox 632 561 891 626; x_wconf 75' lang='lat' dir='ltr'><strong>ascendit,</strong></span> <span class='ocrx_word' id='word_1_7' title='bbox 924 572 977 617; x_wconf 85' lang='lat' dir='ltr'><strong>et</strong></span> <span class='ocrx_word' id='word_1_8' title='bbox 1005 562 1367 632; x_wconf 73' lang='lat' dir='ltr'><strong>captivitatem</strong></span> <span class='ocrx_word' id='word_1_9' title='bbox 1388 566 1626 615; x_wconf 87' lang='lat' dir='ltr'><strong>nostram</strong></span> <span class='ocrx_word' id='word_1_10' title='bbox 1647 557 1816 612; x_wconf 86' lang='lat' dir='ltr'><strong>admi-</strong></span> <span class='ocrx_word' id='word_1_11' title='bbox 1842 560 1890 618; x_wconf 75' lang='grc' dir='ltr'><strong>Α</strong></span> <span class='ocrx_word' id='word_1_12' title='bbox 1920 555 2229 624; x_wconf 89' lang='lat' dir='ltr'><strong>Scripturas</strong></span> <span class='ocrx_word' id='word_1_13' title='bbox 2259 567 2424 608; x_wconf 86' lang='lat' dir='ltr'><strong>carne</strong></span> <span class='ocrx_word' id='word_1_14' title='bbox 2452 564 2738 622; x_wconf 86' lang='lat' dir='ltr'><strong>perpessus</strong></span> <span class='ocrx_word' id='word_1_15' title='bbox 2761 559 2862 614; x_wconf 84' lang='lat' dir='ltr'><strong>est;</strong></span> <span class='ocrx_word' id='word_1_16' title='bbox 2889 559 2958 604; x_wconf 75' lang='lat' dir='ltr'><strong>et&#39;</strong></span> <span class='ocrx_word' id='word_1_17' title='bbox 2988 558 3122 606; x_wconf 84' lang='lat' dir='ltr'><strong>erat&#39;-</strong></span> <span class='ocrx_word' id='word_1_18' title='bbox 3155 550 3217 604; x_wconf 68' lang='lat' dir='ltr'><strong>in.</strong></span> <span class='ocrx_word' id='word_1_19' title='bbox 3245 550 3501 605; x_wconf 79' lang='lat' dir='ltr'><strong>cruciﬂxo</strong></span> 
     </span>
    </p>
   </div>
   <div class='ocr_carea' id='block_1_3' title="bbox 215 639 3502 725">
    <p class='ocr_par' dir='ltr' id='par_1_3' title="bbox 215 639 3502 725">
     <span class='ocr_line' id='line_1_3' title="bbox 215 639 3502 725; baseline -0.006 -9"><span class='ocrx_word' id='word_1_20' title='bbox 215 660 386 716; x_wconf 86' lang='lat' dir='ltr'><strong>rabili</strong></span> <span class='ocrx_word' id='word_1_21' title='bbox 411 659 607 713; x_wconf 88' lang='lat' dir='ltr'><strong>virtute</strong></span> <span class='ocrx_word' id='word_1_22' title='bbox 634 671 730 712; x_wconf 88' lang='lat' dir='ltr'><strong>sua</strong></span> <span class='ocrx_word' id='word_1_23' title='bbox 755 655 901 711; x_wconf 83' lang='lat' dir='ltr'><strong>duxit</strong></span> <span class='ocrx_word' id='word_1_24' title='bbox 930 654 1422 725; x_wconf 88' lang='lat' dir='ltr'><strong>captivam.0mnes</strong></span> <span class='ocrx_word' id='word_1_25' title='bbox 1443 652 1602 722; x_wconf 92' lang='lat' dir='ltr'><strong>igitur</strong></span> <span class='ocrx_word' id='word_1_26' title='bbox 1627 651 1816 706; x_wconf 87' lang='lat' dir='ltr'><strong>catho-</strong></span> <span class='ocrx_word' id='word_1_27' title='bbox 1915 659 2142 712; x_wconf 88' lang='lat' dir='ltr'><strong>corpore</strong></span> <span class='ocrx_word' id='word_1_28' title='bbox 2173 643 2400 712; x_wconf 77' lang='lat' dir='ltr'><strong>propria:</strong></span> <span class='ocrx_word' id='word_1_29' title='bbox 2427 641 2606 697; x_wconf 85' lang='lat' dir='ltr'><strong>carnis</strong></span> <span class='ocrx_word' id='word_1_30' title='bbox 2650 641 3050 711; x_wconf 86' lang='lat' dir='ltr'><strong>impassihiliter</strong></span> <span class='ocrx_word' id='word_1_31' title='bbox 3071 639 3136 695; x_wconf 90' lang='lat' dir='ltr'><strong>ad</strong></span> <span class='ocrx_word' id='word_1_32' title='bbox 3162 656 3221 695; x_wconf 91' lang='lat' dir='ltr'><strong>se</strong></span> <span class='ocrx_word' id='word_1_33' title='bbox 3262 639 3502 697; x_wconf 75' lang='lat' dir='ltr'><strong>referens</strong></span> 
     </span>
    </p>
   </div>
   <div class='ocr_carea' id='block_1_4' title="bbox 217 745 1816 807">
    <p class='ocr_par' dir='ltr' id='par_1_4' title="bbox 217 745 1816 807">
     <span class='ocr_line' id='line_1_4' title="bbox 217 745 1816 807; baseline -0.008 0"><span class='ocrx_word' id='word_1_34' title='bbox 217 753 350 807; x_wconf 72' lang='lat' dir='ltr'><strong>llcze</strong></span> <span class='ocrx_word' id='word_1_35' title='bbox 385 749 502 804; x_wconf 86' lang='lat' dir='ltr'><strong>lidei</strong></span> <span class='ocrx_word' id='word_1_36' title='bbox 529 748 826 802; x_wconf 83' lang='lat' dir='ltr'><strong>servientes</strong></span> <span class='ocrx_word' id='word_1_37' title='bbox 851 746 1076 802; x_wconf 85' lang='lat' dir='ltr'><strong>credant</strong></span> <span class='ocrx_word' id='word_1_38' title='bbox 1103 747 1250 801; x_wconf 91' lang='lat' dir='ltr'><strong>illum</strong></span> <span class='ocrx_word' id='word_1_39' title='bbox 1281 745 1402 799; x_wconf 89' lang='lat' dir='ltr'><strong>inde</strong></span> <span class='ocrx_word' id='word_1_40' title='bbox 1429 752 1738 807; x_wconf 89' lang='lat' dir='ltr'><strong>venturum,</strong></span> <span class='ocrx_word' id='word_1_41' title='bbox 1761 749 1816 794; x_wconf 89' lang='lat' dir='ltr'><strong>et</strong></span> 
     </span>
    </p>
   </div>
   <div class='ocr_carea' id='block_1_5' title="bbox 221 831 1817 906">
    <p class='ocr_par' dir='ltr' id='par_1_5' title="bbox 221 831 1817 906">
     <span class='ocr_line' id='line_1_5' title="bbox 221 831 1817 906; baseline -0.006 -12"><span class='ocrx_word' id='word_1_42' title='bbox 221 848 473 894; x_wconf 88' lang='lat' dir='ltr'><strong>mortuos</strong></span> <span class='ocrx_word' id='word_1_43' title='bbox 502 845 559 892; x_wconf 93' lang='lat' dir='ltr'><strong>et</strong></span> <span class='ocrx_word' id='word_1_44' title='bbox 605 837 753 892; x_wconf 90' lang='lat' dir='ltr'><strong>vivos</strong></span> <span class='ocrx_word' id='word_1_45' title='bbox 777 837 1160 906; x_wconf 89' lang='lat' dir='ltr'><strong>judicaturum.</strong></span> <span class='ocrx_word' id='word_1_46' title='bbox 1190 837 1313 890; x_wconf 90' lang='lat' dir='ltr'><strong>lllos</strong></span> <span class='ocrx_word' id='word_1_47' title='bbox 1339 844 1518 889; x_wconf 88' lang='lat' dir='ltr'><strong>autem</strong></span> <span class='ocrx_word' id='word_1_48' title='bbox 1543 833 1633 902; x_wconf 90' lang='lat' dir='ltr'><strong>qui</strong></span> <span class='ocrx_word' id='word_1_49' title='bbox 1661 831 1817 886; x_wconf 90' lang='lat' dir='ltr'><strong>Chri-</strong></span> 
     </span>
    </p>
   </div>
   <div class='ocr_carea' id='block_1_6' title="bbox 215 925 1814 982">
    <p class='ocr_par' dir='ltr' id='par_1_6' title="bbox 215 925 1814 982">
     <span class='ocr_line' id='line_1_6' title="bbox 215 925 1814 982; baseline -0.003 -1"><span class='ocrx_word' id='word_1_50' title='bbox 215 937 369 982; x_wconf 91' lang='lat' dir='ltr'><strong>stum</strong></span> <span class='ocrx_word' id='word_1_51' title='bbox 394 925 801 981; x_wconf 86' lang='lat' dir='ltr'><strong>convertibilem</strong></span> <span class='ocrx_word' id='word_1_52' title='bbox 832 927 915 981; x_wconf 86' lang='lat' dir='ltr'><strong>vel</strong></span> <span class='ocrx_word' id='word_1_53' title='bbox 941 927 1374 982; x_wconf 86' lang='lat' dir='ltr'><strong>commutabilem</strong></span> <span class='ocrx_word' id='word_1_54' title='bbox 1421 935 1666 980; x_wconf 87' lang='lat' dir='ltr'><strong>asserunt</strong></span> <span class='ocrx_word' id='word_1_55' title='bbox 1687 939 1814 977; x_wconf 90' lang='lat' dir='ltr'><strong>san-</strong></span> 
     </span>
    </p>
   </div>
   <div class='ocr_carea' id='block_1_7' title="bbox 219 1013 1818 1078">
    <p class='ocr_par' dir='ltr' id='par_1_7' title="bbox 219 1013 1818 1078">
     <span class='ocr_line' id='line_1_7' title="bbox 219 1013 1818 1078; baseline -0.005 -6"><span class='ocrx_word' id='word_1_56' title='bbox 219 1026 311 1072; x_wconf 88' lang='lat' dir='ltr'><strong>cta</strong></span> <span class='ocrx_word' id='word_1_57' title='bbox 337 1025 393 1070; x_wconf 90' lang='lat' dir='ltr'><strong>et</strong></span> <span class='ocrx_word' id='word_1_58' title='bbox 419 1015 683 1072; x_wconf 88' lang='lat' dir='ltr'><strong>catholica</strong></span> <span class='ocrx_word' id='word_1_59' title='bbox 712 1016 1168 1070; x_wconf 84' lang='lat' dir='ltr'><strong>anathematizare</strong></span> <span class='ocrx_word' id='word_1_60' title='bbox 1190 1015 1349 1069; x_wconf 85' lang='lat' dir='ltr'><strong>debet</strong></span> <span class='ocrx_word' id='word_1_61' title='bbox 1369 1014 1628 1069; x_wconf 82' lang='lat' dir='ltr'><strong>Ecclesia.</strong></span> <span class='ocrx_word' id='word_1_62' title='bbox 1658 1013 1818 1078; x_wconf 91' lang='lat' dir='ltr'><strong>Igitur</strong></span> 
     </span>
    </p>
   </div>
   <div class='ocr_carea' id='block_1_8' title="bbox 221 1101 1817 1172">
    <p class='ocr_par' dir='ltr' id='par_1_8' title="bbox 221 1101 1817 1172">
     <span class='ocr_line' id='line_1_8' title="bbox 221 1101 1817 1172; baseline -0.004 -13"><span class='ocrx_word' id='word_1_63' title='bbox 221 1107 394 1161; x_wconf 90' lang='lat' dir='ltr'><strong>homo</strong></span> <span class='ocrx_word' id='word_1_64' title='bbox 417 1105 608 1170; x_wconf 79' lang='lat' dir='ltr'><strong>factus,</strong></span> <span class='ocrx_word' id='word_1_65' title='bbox 641 1105 693 1159; x_wconf 91' lang='lat' dir='ltr'><strong>id</strong></span> <span class='ocrx_word' id='word_1_66' title='bbox 739 1113 822 1160; x_wconf 92' lang='lat' dir='ltr'><strong>est</strong></span> <span class='ocrx_word' id='word_1_67' title='bbox 849 1120 1066 1162; x_wconf 88' lang='lat' dir='ltr'><strong>carnem</strong></span> <span class='ocrx_word' id='word_1_68' title='bbox 1096 1103 1164 1158; x_wconf 93' lang='lat' dir='ltr'><strong>de</strong></span> <span class='ocrx_word' id='word_1_69' title='bbox 1193 1113 1376 1160; x_wconf 89' lang='lat' dir='ltr'><strong>sancta</strong></span> <span class='ocrx_word' id='word_1_70' title='bbox 1407 1105 1622 1172; x_wconf 75' lang='lat' dir='ltr'><strong>Virgine</strong></span> <span class='ocrx_word' id='word_1_71' title='bbox 1651 1101 1817 1154; x_wconf 83' lang='lat' dir='ltr'><strong>Maria</strong></span> 
     </span>
    </p>
   </div>
   <div class='ocr_carea' id='block_1_9' title="bbox 220 1191 1821 1264">
    <p class='ocr_par' dir='ltr' id='par_1_9' title="bbox 220 1191 1821 1264">
     <span class='ocr_line' id='line_1_9' title="bbox 220 1191 1821 1264; baseline -0.002 -16"><span class='ocrx_word' id='word_1_72' title='bbox 220 1195 547 1264; x_wconf 88' lang='lat' dir='ltr'><strong>suscipiens,</strong></span> <span class='ocrx_word' id='word_1_73' title='bbox 577 1194 820 1263; x_wconf 82' lang='lat' dir='ltr'><strong>quamvis</strong></span> <span class='ocrx_word' id='word_1_74' title='bbox 847 1193 1016 1248; x_wconf 78' lang='lat' dir='ltr'><strong>factus</strong></span> <span class='ocrx_word' id='word_1_75' title='bbox 1043 1194 1113 1248; x_wconf 91' lang='lat' dir='ltr'><strong>sit</strong></span> <span class='ocrx_word' id='word_1_76' title='bbox 1154 1194 1207 1248; x_wconf 92' lang='lat' dir='ltr'><strong>in</strong></span> <span class='ocrx_word' id='word_1_77' title='bbox 1237 1195 1600 1264; x_wconf 83' lang='lat' dir='ltr'><strong>assumptione</strong></span> <span class='ocrx_word' id='word_1_78' title='bbox 1646 1191 1821 1246; x_wconf 89' lang='lat' dir='ltr'><strong>carnis</strong></span> 
     </span>
    </p>
   </div>
   <div class='ocr_carea' id='block_1_10' title="bbox 221 1282 1822 1354">
    <p class='ocr_par' dir='ltr' id='par_1_10' title="bbox 221 1282 1822 1354">
     <span class='ocr_line' id='line_1_10' title="bbox 221 1282 1822 1354; baseline -0.002 -16"><span class='ocrx_word' id='word_1_79' title='bbox 221 1293 282 1338; x_wconf 91' lang='lat' dir='ltr'><strong>et</strong></span> <span class='ocrx_word' id='word_1_80' title='bbox 311 1285 609 1352; x_wconf 74' lang='lat' dir='ltr'><strong>sanguinis,</strong></span> <span class='ocrx_word' id='word_1_81' title='bbox 633 1292 812 1340; x_wconf 90' lang='lat' dir='ltr'><strong>tamen</strong></span> <span class='ocrx_word' id='word_1_82' title='bbox 841 1287 890 1340; x_wconf 91' lang='lat' dir='ltr'><strong>id</strong></span> <span class='ocrx_word' id='word_1_83' title='bbox 911 1284 1054 1354; x_wconf 93' lang='lat' dir='ltr'><strong>quod</strong></span> <span class='ocrx_word' id='word_1_84' title='bbox 1075 1293 1208 1348; x_wconf 89' lang='lat' dir='ltr'><strong>erat,</strong></span> <span class='ocrx_word' id='word_1_85' title='bbox 1235 1285 1376 1341; x_wconf 88' lang='lat' dir='ltr'><strong>Deus</strong></span> <span class='ocrx_word' id='word_1_86' title='bbox 1402 1294 1587 1338; x_wconf 91' lang='lat' dir='ltr'><strong>natura</strong></span> <span class='ocrx_word' id='word_1_87' title='bbox 1617 1282 1822 1338; x_wconf 82' lang='lat' dir='ltr'><strong>scilicet</strong></span> 
     </span>
    </p>
   </div>
   <div class='ocr_carea' id='block_1_11' title="bbox 225 1371 1823 1446">
    <p class='ocr_par' dir='ltr' id='par_1_11' title="bbox 225 1371 1823 1446">
     <span class='ocr_line' id='line_1_11' title="bbox 225 1371 1823 1446; baseline -0.003 -14"><span class='ocrx_word' id='word_1_88' title='bbox 225 1384 285 1432; x_wconf 92' lang='lat' dir='ltr'><strong>et</strong></span> <span class='ocrx_word' id='word_1_89' title='bbox 305 1376 535 1432; x_wconf 83' lang='lat' dir='ltr'><strong>veritate</strong></span> <span class='ocrx_word' id='word_1_90' title='bbox 552 1377 862 1446; x_wconf 85' lang='lat' dir='ltr'><strong>persistens.</strong></span> <span class='ocrx_word' id='word_1_91' title='bbox 886 1376 994 1432; x_wconf 84' lang='lat' dir='ltr'><strong>Nec</strong></span> <span class='ocrx_word' id='word_1_92' title='bbox 1010 1393 1225 1431; x_wconf 89' lang='lat' dir='ltr'><strong>carnem</strong></span> <span class='ocrx_word' id='word_1_93' title='bbox 1245 1371 1407 1431; x_wconf 88' lang='lat' dir='ltr'><strong>dicite</strong></span> <span class='ocrx_word' id='word_1_94' title='bbox 1429 1377 1481 1429; x_wconf 93' lang='lat' dir='ltr'><strong>in</strong></span> <span class='ocrx_word' id='word_1_95' title='bbox 1499 1375 1713 1430; x_wconf 90' lang='lat' dir='ltr'><strong>deitatis</strong></span> <span class='ocrx_word' id='word_1_96' title='bbox 1734 1389 1823 1428; x_wconf 86' lang='lat' dir='ltr'><strong>na-</strong></span> 
     </span>
    </p>
   </div>
   <div class='ocr_carea' id='block_1_12' title="bbox 229 1465 1823 1540">
    <p class='ocr_par' dir='ltr' id='par_1_12' title="bbox 229 1465 1823 1540">
     <span class='ocr_line' id='line_1_12' title="bbox 229 1465 1823 1540; baseline -0.003 -18"><span class='ocrx_word' id='word_1_97' title='bbox 229 1477 408 1522; x_wconf 89' lang='lat' dir='ltr'><strong>turam</strong></span> <span class='ocrx_word' id='word_1_98' title='bbox 438 1482 559 1522; x_wconf 91' lang='lat' dir='ltr'><strong>esse</strong></span> <span class='ocrx_word' id='word_1_99' title='bbox 585 1483 930 1540; x_wconf 76' lang='lat' dir='ltr'><strong>conversam;</strong></span> <span class='ocrx_word' id='word_1_100' title='bbox 960 1483 1059 1522; x_wconf 92' lang='lat' dir='ltr'><strong>nec</strong></span> <span class='ocrx_word' id='word_1_101' title='bbox 1080 1468 1134 1521; x_wconf 93' lang='lat' dir='ltr'><strong>in</strong></span> <span class='ocrx_word' id='word_1_102' title='bbox 1161 1467 1511 1523; x_wconf 85' lang='lat' dir='ltr'><strong>substantiam</strong></span> <span class='ocrx_word' id='word_1_103' title='bbox 1535 1466 1713 1521; x_wconf 90' lang='lat' dir='ltr'><strong>carnis</strong></span> <span class='ocrx_word' id='word_1_104' title='bbox 1741 1465 1823 1518; x_wconf 82' lang='lat' dir='ltr'><strong>in-</strong></span> 
     </span>
    </p>
   </div>
   <div class='ocr_carea' id='block_1_13' title="bbox 227 1554 1825 1632">
    <p class='ocr_par' dir='ltr' id='par_1_13' title="bbox 227 1554 1825 1632">
     <span class='ocr_line' id='line_1_13' title="bbox 227 1554 1825 1632; baseline -0.002 -20"><span class='ocrx_word' id='word_1_105' title='bbox 227 1555 589 1632; x_wconf 69' lang='lat' dir='ltr'><strong>separabilem</strong></span> <span class='ocrx_word' id='word_1_106' title='bbox 621 1556 716 1610; x_wconf 90' lang='lat' dir='ltr'><strong>Dei</strong></span> <span class='ocrx_word' id='word_1_107' title='bbox 745 1557 893 1611; x_wconf 88' lang='lat' dir='ltr'><strong>verbi</strong></span> <span class='ocrx_word' id='word_1_108' title='bbox 923 1557 1211 1611; x_wconf 88' lang='lat' dir='ltr'><strong>essentiam</strong></span> <span class='ocrx_word' id='word_1_109' title='bbox 1246 1564 1646 1612; x_wconf 84' lang='lat' dir='ltr'><strong>commutatam.</strong></span> <span class='ocrx_word' id='word_1_110' title='bbox 1679 1554 1825 1609; x_wconf 77' lang='lat' dir='ltr'><strong>Inse-</strong></span> 
     </span>
    </p>
   </div>
   <div class='ocr_carea' id='block_1_14' title="bbox 231 1647 1824 1718">
    <p class='ocr_par' dir='ltr' id='par_1_14' title="bbox 231 1647 1824 1718">
     <span class='ocr_line' id='line_1_14' title="bbox 231 1647 1824 1718; baseline -0.001 -16"><span class='ocrx_word' id='word_1_111' title='bbox 231 1648 488 1718; x_wconf 87' lang='lat' dir='ltr'><strong>parabilis</strong></span> <span class='ocrx_word' id='word_1_112' title='bbox 527 1647 691 1713; x_wconf 88' lang='lat' dir='ltr'><strong>enim,</strong></span> <span class='ocrx_word' id='word_1_113' title='bbox 740 1657 796 1703; x_wconf 92' lang='lat' dir='ltr'><strong>et</strong></span> <span class='ocrx_word' id='word_1_114' title='bbox 825 1648 1295 1713; x_wconf 87' lang='lat' dir='ltr'><strong>incommutabilis,</strong></span> <span class='ocrx_word' id='word_1_115' title='bbox 1325 1656 1382 1704; x_wconf 92' lang='lat' dir='ltr'><strong>et</strong></span> <span class='ocrx_word' id='word_1_116' title='bbox 1405 1647 1824 1703; x_wconf 83' lang='lat' dir='ltr'><strong>inconvertibilis</strong></span> 
     </span>
    </p>
   </div>
   <div class='ocr_carea' id='block_1_15' title="bbox 237 1738 1824 1808">
    <p class='ocr_par' dir='ltr' id='par_1_15' title="bbox 237 1738 1824 1808">
     <span class='ocr_line' id='line_1_15' title="bbox 237 1738 1824 1808; baseline -0.001 -15"><span class='ocrx_word' id='word_1_117' title='bbox 237 1748 344 1803; x_wconf 88' lang='lat' dir='ltr'><strong>est,</strong></span> <span class='ocrx_word' id='word_1_118' title='bbox 365 1738 608 1808; x_wconf 88' lang='lat' dir='ltr'><strong>idemque</strong></span> <span class='ocrx_word' id='word_1_119' title='bbox 627 1739 916 1793; x_wconf 83' lang='lat' dir='ltr'><strong>secundum</strong></span> <span class='ocrx_word' id='word_1_120' title='bbox 938 1738 1248 1808; x_wconf 88' lang='lat' dir='ltr'><strong>Scripturas</strong></span> <span class='ocrx_word' id='word_1_121' title='bbox 1270 1747 1548 1808; x_wconf 86' lang='lat' dir='ltr'><strong>permanet</strong></span> <span class='ocrx_word' id='word_1_122' title='bbox 1568 1738 1824 1792; x_wconf 78' lang='lat' dir='ltr'><strong>Dominus</strong></span> 
     </span>
    </p>
   </div>
   <div class='ocr_carea' id='block_1_16' title="bbox 244 1828 1818 1899">
    <p class='ocr_par' dir='ltr' id='par_1_16' title="bbox 244 1828 1818 1899">
     <span class='ocr_line' id='line_1_16' title="bbox 244 1828 1818 1899; baseline 0 -17"><span class='ocrx_word' id='word_1_123' title='bbox 244 1829 599 1899; x_wconf 89' lang='lat' dir='ltr'><strong>omnipotens,</strong></span> <span class='ocrx_word' id='word_1_124' title='bbox 630 1830 720 1899; x_wconf 92' lang='lat' dir='ltr'><strong>qui</strong></span> <span class='ocrx_word' id='word_1_125' title='bbox 741 1837 825 1885; x_wconf 91' lang='lat' dir='ltr'><strong>est</strong></span> <span class='ocrx_word' id='word_1_126' title='bbox 850 1829 1162 1886; x_wconf 88' lang='lat' dir='ltr'><strong>benedictus</strong></span> <span class='ocrx_word' id='word_1_127' title='bbox 1185 1831 1235 1884; x_wconf 92' lang='lat' dir='ltr'><strong>in</strong></span> <span class='ocrx_word' id='word_1_128' title='bbox 1264 1830 1580 1885; x_wconf 64' lang='lat' dir='ltr'><strong>saeculorum</strong></span> <span class='ocrx_word' id='word_1_129' title='bbox 1607 1828 1818 1884; x_wconf 63' lang='lat' dir='ltr'><strong>saecula.</strong></span> 
     </span>
    </p>
   </div>
   <div class='ocr_carea' id='block_1_17' title="bbox 1918 733 3504 806">
    <p class='ocr_par' dir='ltr' id='par_1_17' title="bbox 1918 733 3504 806">
     <span class='ocr_line' id='line_1_17' title="bbox 1918 733 3504 806; baseline -0.002 -18"><span class='ocrx_word' id='word_1_130' title='bbox 1918 738 2242 806; x_wconf 88' lang='lat' dir='ltr'><strong>passionem.</strong></span> <span class='ocrx_word' id='word_1_131' title='bbox 2274 734 2460 790; x_wconf 85' lang='lat' dir='ltr'><strong>Gratia</strong></span> <span class='ocrx_word' id='word_1_132' title='bbox 2490 744 2664 789; x_wconf 88' lang='lat' dir='ltr'><strong>autem</strong></span> <span class='ocrx_word' id='word_1_133' title='bbox 2697 734 2790 788; x_wconf 91' lang='lat' dir='ltr'><strong>Dei</strong></span> <span class='ocrx_word' id='word_1_134' title='bbox 2813 749 2912 803; x_wconf 92' lang='lat' dir='ltr'><strong>pro</strong></span> <span class='ocrx_word' id='word_1_135' title='bbox 2933 733 3181 789; x_wconf 89' lang='lat' dir='ltr'><strong>omnibus</strong></span> <span class='ocrx_word' id='word_1_136' title='bbox 3201 733 3504 787; x_wconf 86' lang='lat' dir='ltr'><strong>hominibus</strong></span> 
     </span>
    </p>
   </div>
   <div class='ocr_carea' id='block_1_18' title="bbox 1917 813 3502 897">
    <p class='ocr_par' dir='ltr' id='par_1_18' title="bbox 1917 813 3502 897">
     <span class='ocr_line' id='line_1_18' title="bbox 1917 813 3502 897; baseline -0.003 -15"><span class='ocrx_word' id='word_1_137' title='bbox 1917 813 2144 882; x_wconf 81' lang='lat' dir='ltr'><strong>mortem</strong></span> <span class='ocrx_word' id='word_1_138' title='bbox 2195 829 2452 897; x_wconf 76' lang='lat' dir='ltr'><strong>gustavit,</strong></span> <span class='ocrx_word' id='word_1_139' title='bbox 2505 827 2720 882; x_wconf 88' lang='lat' dir='ltr'><strong>tradens</strong></span> <span class='ocrx_word' id='word_1_140' title='bbox 2767 828 2928 882; x_wconf 91' lang='lat' dir='ltr'><strong>etiam</strong></span> <span class='ocrx_word' id='word_1_141' title='bbox 2973 827 3248 897; x_wconf 90' lang='lat' dir='ltr'><strong>proprium</strong></span> <span class='ocrx_word' id='word_1_142' title='bbox 3287 841 3502 895; x_wconf 84' lang='lat' dir='ltr'><strong>corpus.</strong></span> 
     </span>
    </p>
   </div>
   <div class='ocr_carea' id='block_1_19' title="bbox 1917 919 3505 990">
    <p class='ocr_par' dir='ltr' id='par_1_19' title="bbox 1917 919 3505 990">
     <span class='ocr_line' id='line_1_19' title="bbox 1917 919 3505 990; baseline -0.004 -15"><span class='ocrx_word' id='word_1_143' title='bbox 1917 922 2162 990; x_wconf 87' lang='lat' dir='ltr'><strong>quamvis</strong></span> <span class='ocrx_word' id='word_1_144' title='bbox 2191 921 2510 975; x_wconf 88' lang='lat' dir='ltr'><strong>naturaliter</strong></span> <span class='ocrx_word' id='word_1_145' title='bbox 2531 921 2646 990; x_wconf 92' lang='lat' dir='ltr'><strong>ipse</strong></span> <span class='ocrx_word' id='word_1_146' title='bbox 2675 920 2746 974; x_wconf 87' lang='lat' dir='ltr'><strong>sit</strong></span> <span class='ocrx_word' id='word_1_147' title='bbox 2774 920 2883 973; x_wconf 79' lang='lat' dir='ltr'><strong>vita</strong></span> <span class='ocrx_word' id='word_1_148' title='bbox 2916 928 2984 973; x_wconf 72' lang='lat' dir='ltr'><strong>et.</strong></span> <span class='ocrx_word' id='word_1_149' title='bbox 3008 919 3332 973; x_wconf 85' lang='lat' dir='ltr'><strong>resurrectio</strong></span> <span class='ocrx_word' id='word_1_150' title='bbox 3361 934 3505 971; x_wconf 89' lang='lat' dir='ltr'><strong>mor-</strong></span> 
     </span>
    </p>
   </div>
   <div class='ocr_carea' id='block_1_20' title="bbox 1919 1008 3505 1080">
    <p class='ocr_par' dir='ltr' id='par_1_20' title="bbox 1919 1008 3505 1080">
     <span class='ocr_line' id='line_1_20' title="bbox 1919 1008 3505 1080; baseline -0.003 -14"><span class='ocrx_word' id='word_1_151' title='bbox 1919 1020 2152 1066; x_wconf 91' lang='lat' dir='ltr'><strong>tuorum.</strong></span> <span class='ocrx_word' id='word_1_152' title='bbox 2180 1011 2311 1064; x_wconf 84' lang='lat' dir='ltr'><strong>Nam</strong></span> <span class='ocrx_word' id='word_1_153' title='bbox 2340 1019 2399 1065; x_wconf 91' lang='lat' dir='ltr'><strong>ut</strong></span> <span class='ocrx_word' id='word_1_154' title='bbox 2426 1021 2655 1066; x_wconf 90' lang='lat' dir='ltr'><strong>mortem</strong></span> <span class='ocrx_word' id='word_1_155' title='bbox 2686 1011 2956 1065; x_wconf 53' lang='lat' dir='ltr'><strong>imitabili.</strong></span> <span class='ocrx_word' id='word_1_156' title='bbox 2971 1010 3229 1080; x_wconf 88' lang='lat' dir='ltr'><strong>potentia,</strong></span> <span class='ocrx_word' id='word_1_157' title='bbox 3250 1017 3306 1062; x_wconf 85' lang='lat' dir='ltr'><strong>et</strong></span> <span class='ocrx_word' id='word_1_158' title='bbox 3332 1008 3505 1062; x_wconf 75' lang='lat' dir='ltr'><strong>admi-</strong></span> 
     </span>
    </p>
   </div>
   <div class='ocr_carea' id='block_1_21' title="bbox 1919 1100 3504 1169">
    <p class='ocr_par' dir='ltr' id='par_1_21' title="bbox 1919 1100 3504 1169">
     <span class='ocr_line' id='line_1_21' title="bbox 1919 1100 3504 1169; baseline -0.004 -12"><span class='ocrx_word' id='word_1_159' title='bbox 1919 1105 2074 1158; x_wconf 90' lang='lat' dir='ltr'><strong>rabili</strong></span> <span class='ocrx_word' id='word_1_160' title='bbox 2105 1105 2302 1158; x_wconf 90' lang='lat' dir='ltr'><strong>virtute</strong></span> <span class='ocrx_word' id='word_1_161' title='bbox 2330 1118 2448 1168; x_wconf 90' lang='lat' dir='ltr'><strong>sua,</strong></span> <span class='ocrx_word' id='word_1_162' title='bbox 2485 1111 2542 1157; x_wconf 93' lang='lat' dir='ltr'><strong>et</strong></span> <span class='ocrx_word' id='word_1_163' title='bbox 2570 1103 2924 1157; x_wconf 65' lang='lat' dir='ltr'><strong>inrestimabili</strong></span> <span class='ocrx_word' id='word_1_164' title='bbox 2955 1100 3344 1169; x_wconf 79' lang='lat' dir='ltr'><strong>magniﬁcentia</strong></span> <span class='ocrx_word' id='word_1_165' title='bbox 3377 1116 3504 1168; x_wconf 74' lang='lat' dir='ltr'><strong>prn—</strong></span> 
     </span>
    </p>
   </div>
   <div class='ocr_carea' id='block_1_22' title="bbox 1920 1193 3504 1264">
    <p class='ocr_par' dir='ltr' id='par_1_22' title="bbox 1920 1193 3504 1264">
     <span class='ocr_line' id='line_1_22' title="bbox 1920 1193 3504 1264; baseline -0.004 -14"><span class='ocrx_word' id='word_1_166' title='bbox 1920 1195 2180 1261; x_wconf 86' lang='lat' dir='ltr'><strong>culcaret,</strong></span> <span class='ocrx_word' id='word_1_167' title='bbox 2209 1202 2265 1249; x_wconf 89' lang='lat' dir='ltr'><strong>et</strong></span> <span class='ocrx_word' id='word_1_168' title='bbox 2291 1194 2440 1263; x_wconf 92' lang='lat' dir='ltr'><strong>prius</strong></span> <span class='ocrx_word' id='word_1_169' title='bbox 2470 1195 2521 1247; x_wconf 93' lang='lat' dir='ltr'><strong>in</strong></span> <span class='ocrx_word' id='word_1_170' title='bbox 2550 1210 2713 1249; x_wconf 85' lang='lat' dir='ltr'><strong>carne</strong></span> <span class='ocrx_word' id='word_1_171' title='bbox 2734 1209 2829 1248; x_wconf 90' lang='lat' dir='ltr'><strong>sua</strong></span> <span class='ocrx_word' id='word_1_172' title='bbox 2853 1193 3240 1264; x_wconf 83' lang='lat' dir='ltr'><strong>primogenitus</strong></span> <span class='ocrx_word' id='word_1_173' title='bbox 3263 1208 3330 1246; x_wconf 87' lang='lat' dir='ltr'><strong>ex</strong></span> <span class='ocrx_word' id='word_1_174' title='bbox 3358 1207 3504 1244; x_wconf 86' lang='lat' dir='ltr'><strong>mor-</strong></span> 
     </span>
    </p>
   </div>
   <div class='ocr_carea' id='block_1_23' title="bbox 1921 1267 3557 1354">
    <p class='ocr_par' dir='ltr' id='par_1_23' title="bbox 1921 1267 3557 1354">
     <span class='ocr_line' id='line_1_23' title="bbox 1921 1267 3557 1354; baseline -0.004 -16"><span class='ocrx_word' id='word_1_175' title='bbox 1921 1287 2026 1339; x_wconf 86' lang='lat' dir='ltr'><strong>tuis</strong></span> <span class='ocrx_word' id='word_1_176' title='bbox 2055 1285 2226 1351; x_wconf 80' lang='lat' dir='ltr'><strong>tleret,</strong></span> <span class='ocrx_word' id='word_1_177' title='bbox 2256 1293 2312 1339; x_wconf 84' lang='lat' dir='ltr'><strong>et</strong></span> <span class='ocrx_word' id='word_1_178' title='bbox 2339 1284 2587 1354; x_wconf 75' lang='lat' dir='ltr'><strong>primitim</strong></span> <span class='ocrx_word' id='word_1_179' title='bbox 2608 1267 3011 1347; x_wconf 80' lang='lat' dir='ltr'><strong>dormientium,</strong></span> <span class='ocrx_word' id='word_1_180' title='bbox 3032 1285 3278 1352; x_wconf 80' lang='lat' dir='ltr'><strong>viamque</strong></span> <span class='ocrx_word' id='word_1_181' title='bbox 3307 1282 3514 1336; x_wconf 78' lang='lat' dir='ltr'><strong>faceret</strong></span> <span class='ocrx_word' id='word_1_182' title='bbox 3554 1345 3557 1348; x_wconf 93' lang='lat'>_</span> 
     </span>
    </p>
   </div>
   <div class='ocr_carea' id='block_1_24' title="bbox 1921 1373 3560 1446">
    <p class='ocr_par' dir='ltr' id='par_1_24' title="bbox 1921 1373 3560 1446">
     <span class='ocr_line' id='line_1_24' title="bbox 1921 1373 3560 1446; baseline -0.003 -15"><span class='ocrx_word' id='word_1_183' title='bbox 1921 1379 2168 1432; x_wconf 74' lang='lat' dir='ltr'><strong>humana:</strong></span> <span class='ocrx_word' id='word_1_184' title='bbox 2199 1387 2402 1431; x_wconf 73' lang='lat' dir='ltr'><strong>natura:</strong></span> <span class='ocrx_word' id='word_1_185' title='bbox 2449 1375 2518 1430; x_wconf 90' lang='lat' dir='ltr'><strong>ad</strong></span> <span class='ocrx_word' id='word_1_186' title='bbox 2564 1377 2982 1446; x_wconf 91' lang='lat' dir='ltr'><strong>incorruptionis</strong></span> <span class='ocrx_word' id='word_1_187' title='bbox 3012 1392 3309 1442; x_wconf 86' lang='lat' dir='ltr'><strong>recursum,</strong></span> <span class='ocrx_word' id='word_1_188' title='bbox 3335 1373 3503 1442; x_wconf 83' lang='lat' dir='ltr'><strong>gratia</strong></span> <span class='ocrx_word' id='word_1_189' title='bbox 3553 1399 3560 1440; x_wconf 67' lang='grc' dir='ltr'>ς</span> 
     </span>
    </p>
   </div>
   <div class='ocr_carea' id='block_1_25' title="bbox 1924 1465 3531 1538">
    <p class='ocr_par' dir='ltr' id='par_1_25' title="bbox 1924 1465 3531 1538">
     <span class='ocr_line' id='line_1_25' title="bbox 1924 1465 3531 1538; baseline -0.004 -16"><span class='ocrx_word' id='word_1_190' title='bbox 1924 1468 2016 1522; x_wconf 90' lang='lat' dir='ltr'><strong>Dei</strong></span> <span class='ocrx_word' id='word_1_191' title='bbox 2048 1485 2146 1538; x_wconf 90' lang='lat' dir='ltr'><strong>pro</strong></span> <span class='ocrx_word' id='word_1_192' title='bbox 2173 1469 2440 1532; x_wconf 86' lang='lat' dir='ltr'><strong>omnibus,</strong></span> <span class='ocrx_word' id='word_1_193' title='bbox 2468 1475 2526 1522; x_wconf 89' lang='lat' dir='ltr'><strong>ut</strong></span> <span class='ocrx_word' id='word_1_194' title='bbox 2562 1468 2765 1522; x_wconf 89' lang='lat' dir='ltr'><strong>dictum</strong></span> <span class='ocrx_word' id='word_1_195' title='bbox 2794 1475 2875 1522; x_wconf 90' lang='lat' dir='ltr'><strong>est</strong></span> <span class='ocrx_word' id='word_1_196' title='bbox 2903 1476 3128 1522; x_wconf 87' lang='lat' dir='ltr'><strong>mortem</strong></span> <span class='ocrx_word' id='word_1_197' title='bbox 3167 1465 3531 1534; x_wconf 34' lang='lat' dir='ltr'><strong>gustavit,.et~</strong></span> 
     </span>
    </p>
   </div>
   <div class='ocr_carea' id='block_1_26' title="bbox 1924 1557 3504 1628">
    <p class='ocr_par' dir='ltr' id='par_1_26' title="bbox 1924 1557 3504 1628">
     <span class='ocr_line' id='line_1_26' title="bbox 1924 1557 3504 1628; baseline -0.004 -14"><span class='ocrx_word' id='word_1_198' title='bbox 1924 1561 2080 1614; x_wconf 91' lang='lat' dir='ltr'><strong>tertia</strong></span> <span class='ocrx_word' id='word_1_199' title='bbox 2110 1559 2198 1615; x_wconf 88' lang='lat' dir='ltr'><strong>die</strong></span> <span class='ocrx_word' id='word_1_200' title='bbox 2226 1573 2514 1628; x_wconf 85' lang='lat' dir='ltr'><strong>resurgens</strong></span> <span class='ocrx_word' id='word_1_201' title='bbox 2543 1560 2862 1614; x_wconf 65' lang='lat' dir='ltr'><strong>saevissimas</strong></span> <span class='ocrx_word' id='word_1_202' title='bbox 2883 1559 3060 1613; x_wconf 83' lang='lat' dir='ltr'><strong>fauces</strong></span> <span class='ocrx_word' id='word_1_203' title='bbox 3088 1557 3279 1612; x_wconf 81' lang='lat' dir='ltr'><strong>inferni</strong></span> <span class='ocrx_word' id='word_1_204' title='bbox 3307 1571 3504 1624; x_wconf 83' lang='lat' dir='ltr'><strong>exspo-</strong></span> 
     </span>
    </p>
   </div>
   <div class='ocr_carea' id='block_1_27' title="bbox 1923 1647 3536 1720">
    <p class='ocr_par' dir='ltr' id='par_1_27' title="bbox 1923 1647 3536 1720">
     <span class='ocr_line' id='line_1_27' title="bbox 1923 1647 3536 1720; baseline -0.004 -16"><span class='ocrx_word' id='word_1_205' title='bbox 1923 1651 2092 1705; x_wconf 89' lang='lat' dir='ltr'><strong>liavit.</strong></span> <span class='ocrx_word' id='word_1_206' title='bbox 2124 1649 2189 1705; x_wconf 87' lang='lat' dir='ltr'><strong>Et</strong></span> <span class='ocrx_word' id='word_1_207' title='bbox 2213 1651 2358 1718; x_wconf 90' lang='lat' dir='ltr'><strong>ideo,</strong></span> <span class='ocrx_word' id='word_1_208' title='bbox 2387 1652 2512 1707; x_wconf 90' lang='lat' dir='ltr'><strong>licet</strong></span> <span class='ocrx_word' id='word_1_209' title='bbox 2537 1652 2747 1706; x_wconf 89' lang='lat' dir='ltr'><strong>dicatur</strong></span> <span class='ocrx_word' id='word_1_210' title='bbox 2773 1651 2915 1720; x_wconf 92' lang='lat' dir='ltr'><strong>quod</strong></span> <span class='ocrx_word' id='word_1_211' title='bbox 2945 1666 3042 1720; x_wconf 91' lang='lat' dir='ltr'><strong>per</strong></span> <span class='ocrx_word' id='word_1_212' title='bbox 3067 1649 3335 1703; x_wconf 87' lang='lat' dir='ltr'><strong>hominem</strong></span> <span class='ocrx_word' id='word_1_213' title='bbox 3367 1647 3504 1702; x_wconf 80' lang='lat' dir='ltr'><strong>facta</strong></span> <span class='ocrx_word' id='word_1_214' title='bbox 3533 1685 3536 1688; x_wconf 74' lang='lat'><strong>.</strong></span> 
     </span>
    </p>
   </div>
   <div class='ocr_carea' id='block_1_28' title="bbox 1924 1739 3509 1810">
    <p class='ocr_par' dir='ltr' id='par_1_28' title="bbox 1924 1739 3509 1810">
     <span class='ocr_line' id='line_1_28' title="bbox 1924 1739 3509 1810; baseline -0.004 -12"><span class='ocrx_word' id='word_1_215' title='bbox 1924 1751 2008 1798; x_wconf 86' lang='lat' dir='ltr'><strong>est</strong></span> <span class='ocrx_word' id='word_1_216' title='bbox 2028 1744 2348 1798; x_wconf 86' lang='lat' dir='ltr'><strong>resurrectio</strong></span> <span class='ocrx_word' id='word_1_217' title='bbox 2379 1751 2732 1810; x_wconf 90' lang='lat' dir='ltr'><strong>mortuorum,</strong></span> <span class='ocrx_word' id='word_1_218' title='bbox 2767 1752 2946 1797; x_wconf 89' lang='lat' dir='ltr'><strong>tamen</strong></span> <span class='ocrx_word' id='word_1_219' title='bbox 2976 1741 3271 1809; x_wconf 89' lang='lat' dir='ltr'><strong>intelligere</strong></span> <span class='ocrx_word' id='word_1_220' title='bbox 3299 1739 3509 1792; x_wconf 83' lang='lat' dir='ltr'><strong>debetis</strong></span> 
     </span>
    </p>
   </div>
   <div class='ocr_carea' id='block_1_29' title="bbox 1924 1833 3560 1906">
    <p class='ocr_par' dir='ltr' id='par_1_29' title="bbox 1924 1833 3560 1906">
     <span class='ocr_line' id='line_1_29' title="bbox 1924 1833 3560 1906; baseline -0.004 -14"><span class='ocrx_word' id='word_1_221' title='bbox 1924 1836 2194 1892; x_wconf 86' lang='lat' dir='ltr'><strong>hominem</strong></span> <span class='ocrx_word' id='word_1_222' title='bbox 2244 1836 2462 1900; x_wconf 79' lang='lat' dir='ltr'><strong>factum,</strong></span> <span class='ocrx_word' id='word_1_223' title='bbox 2504 1836 2724 1890; x_wconf 88' lang='lat' dir='ltr'><strong>verbum</strong></span> <span class='ocrx_word' id='word_1_224' title='bbox 2753 1835 2896 1906; x_wconf 90' lang='lat' dir='ltr'><strong>quod</strong></span> <span class='ocrx_word' id='word_1_225' title='bbox 2934 1850 2999 1888; x_wconf 85' lang='lat' dir='ltr'><strong>ex</strong></span> <span class='ocrx_word' id='word_1_226' title='bbox 3030 1833 3142 1888; x_wconf 89' lang='lat' dir='ltr'><strong>Deo</strong></span> <span class='ocrx_word' id='word_1_227' title='bbox 3185 1841 3287 1894; x_wconf 83' lang='lat' dir='ltr'><strong>est,</strong></span> <span class='ocrx_word' id='word_1_228' title='bbox 3335 1841 3389 1886; x_wconf 90' lang='lat' dir='ltr'><strong>et</strong></span> <span class='ocrx_word' id='word_1_229' title='bbox 3414 1845 3509 1900; x_wconf 91' lang='lat' dir='ltr'><strong>per</strong></span> <span class='ocrx_word' id='word_1_230' title='bbox 3551 1881 3560 1892; x_wconf 73' lang='grc'><em>,</em></span> 
     </span>
    </p>
   </div>
   <div class='ocr_carea' id='block_1_30' title="bbox 240 1918 3507 1995">
    <p class='ocr_par' dir='ltr' id='par_1_30' title="bbox 240 1918 3507 1995">
     <span class='ocr_line' id='line_1_30' title="bbox 240 1918 3507 1995; baseline -0 -22"><span class='ocrx_word' id='word_1_231' title='bbox 240 1918 360 1974; x_wconf 83' lang='lat' dir='ltr'><strong>Non</strong></span> <span class='ocrx_word' id='word_1_232' title='bbox 392 1928 567 1990; x_wconf 77' lang='lat' dir='ltr'><strong>potest</strong></span> <span class='ocrx_word' id='word_1_233' title='bbox 609 1935 731 1976; x_wconf 78' lang='lat' dir='ltr'><strong>esse</strong></span> <span class='ocrx_word' id='word_1_234' title='bbox 767 1921 958 1986; x_wconf 73' lang='lat' dir='ltr'><strong>major.</strong></span> <span class='ocrx_word' id='word_1_235' title='bbox 988 1937 1093 1975; x_wconf 79' lang='lat' dir='ltr'><strong>non</strong></span> <span class='ocrx_word' id='word_1_236' title='bbox 1125 1929 1301 1990; x_wconf 72' lang='grc' dir='ltr'><strong>νοιθεῐ</strong></span> <span class='ocrx_word' id='word_1_237' title='bbox 1325 1936 1445 1977; x_wconf 70' lang='lat' dir='ltr'><strong>esse</strong></span> <span class='ocrx_word' id='word_1_238' title='bbox 1473 1923 1686 1987; x_wconf 65' lang='lat' dir='ltr'><strong>minor;</strong></span> <span class='ocrx_word' id='word_1_239' title='bbox 1717 1933 1824 1974; x_wconf 73' lang='grc' dir='ltr'><strong>ιιοη</strong></span> <span class='ocrx_word' id='word_1_240' title='bbox 1858 1925 1899 1984; x_wconf 80' lang='grc' dir='ltr'><strong><em>Β</em></strong></span> <span class='ocrx_word' id='word_1_241' title='bbox 1927 1943 2049 1982; x_wconf 89' lang='lat' dir='ltr'><strong>eum</strong></span> <span class='ocrx_word' id='word_1_242' title='bbox 2097 1927 2286 1981; x_wconf 91' lang='lat' dir='ltr'><strong>mortis</strong></span> <span class='ocrx_word' id='word_1_243' title='bbox 2333 1926 2616 1995; x_wconf 90' lang='lat' dir='ltr'><strong>imperium</strong></span> <span class='ocrx_word' id='word_1_244' title='bbox 2665 1940 2784 1980; x_wconf 87' lang='lat' dir='ltr'><strong>esse</strong></span> <span class='ocrx_word' id='word_1_245' title='bbox 2833 1924 3184 1978; x_wconf 85' lang='lat' dir='ltr'><strong>destructum.</strong></span> <span class='ocrx_word' id='word_1_246' title='bbox 3218 1919 3286 1975; x_wconf 90' lang='lat' dir='ltr'><strong>Ut</strong></span> <span class='ocrx_word' id='word_1_247' title='bbox 3329 1929 3507 1974; x_wconf 85' lang='lat' dir='ltr'><strong>autem</strong></span> 
     </span>
    </p>
   </div>
   <div class='ocr_carea' id='block_1_31' title="bbox 235 2010 1819 2084">
    <p class='ocr_par' dir='ltr' id='par_1_31' title="bbox 235 2010 1819 2084">
     <span class='ocr_line' id='line_1_31' title="bbox 235 2010 1819 2084; baseline 0.003 -21"><span class='ocrx_word' id='word_1_248' title='bbox 235 2010 605 2078; x_wconf 84' lang='lat' dir='ltr'><strong>magnitudine</strong></span> <span class='ocrx_word' id='word_1_249' title='bbox 652 2011 950 2080; x_wconf 87' lang='lat' dir='ltr'><strong>terminari,</strong></span> <span class='ocrx_word' id='word_1_250' title='bbox 981 2029 1089 2066; x_wconf 89' lang='lat' dir='ltr'><strong>non</strong></span> <span class='ocrx_word' id='word_1_251' title='bbox 1139 2021 1381 2083; x_wconf 84' lang='lat' dir='ltr'><strong>tempore</strong></span> <span class='ocrx_word' id='word_1_252' title='bbox 1414 2012 1819 2084; x_wconf 87' lang='lat' dir='ltr'><strong>comprehendi.</strong></span> 
     </span>
    </p>
   </div>
   <div class='ocr_carea' id='block_1_32' title="bbox 233 2097 1824 2172">
    <p class='ocr_par' dir='ltr' id='par_1_32' title="bbox 233 2097 1824 2172">
     <span class='ocr_line' id='line_1_32' title="bbox 233 2097 1824 2172; baseline 0.002 -18"><span class='ocrx_word' id='word_1_253' title='bbox 233 2097 393 2166; x_wconf 84' lang='lat' dir='ltr'><strong>Quod</strong></span> <span class='ocrx_word' id='word_1_254' title='bbox 416 2103 558 2156; x_wconf 90' lang='lat' dir='ltr'><strong>enim</strong></span> <span class='ocrx_word' id='word_1_255' title='bbox 583 2102 801 2158; x_wconf 72' lang='lat' dir='ltr'><strong>cmleste</strong></span> <span class='ocrx_word' id='word_1_256' title='bbox 829 2111 930 2168; x_wconf 72' lang='lat' dir='ltr'><strong>est,</strong></span> <span class='ocrx_word' id='word_1_257' title='bbox 963 2103 1047 2158; x_wconf 83' lang='lat' dir='ltr'><strong>vel</strong></span> <span class='ocrx_word' id='word_1_258' title='bbox 1075 2102 1334 2168; x_wconf 90' lang='lat' dir='ltr'><strong>divinum,</strong></span> <span class='ocrx_word' id='word_1_259' title='bbox 1363 2111 1446 2158; x_wconf 91' lang='lat' dir='ltr'><strong>est</strong></span> <span class='ocrx_word' id='word_1_260' title='bbox 1469 2102 1585 2158; x_wconf 89' lang='lat' dir='ltr'><strong>sine</strong></span> <span class='ocrx_word' id='word_1_261' title='bbox 1611 2103 1824 2172; x_wconf 89' lang='lat' dir='ltr'><strong>quanti-</strong></span> 
     </span>
    </p>
   </div>
   <div class='ocr_carea' id='block_1_33' title="bbox 233 2191 1826 2261">
    <p class='ocr_par' dir='ltr' id='par_1_33' title="bbox 233 2191 1826 2261">
     <span class='ocr_line' id='line_1_33' title="bbox 233 2191 1826 2261; baseline 0.001 -17"><span class='ocrx_word' id='word_1_262' title='bbox 233 2197 362 2255; x_wconf 88' lang='lat' dir='ltr'><strong>tate,</strong></span> <span class='ocrx_word' id='word_1_263' title='bbox 414 2199 470 2246; x_wconf 92' lang='lat' dir='ltr'><strong>et</strong></span> <span class='ocrx_word' id='word_1_264' title='bbox 490 2192 607 2247; x_wconf 92' lang='lat' dir='ltr'><strong>sine</strong></span> <span class='ocrx_word' id='word_1_265' title='bbox 630 2193 771 2247; x_wconf 86' lang='lat' dir='ltr'><strong>mole</strong></span> <span class='ocrx_word' id='word_1_266' title='bbox 815 2192 1156 2261; x_wconf 82' lang='lat' dir='ltr'><strong>cognoscitur</strong></span> <span class='ocrx_word' id='word_1_267' title='bbox 1189 2211 1201 2246; x_wconf 93' lang='lat'><strong>:</strong></span> <span class='ocrx_word' id='word_1_268' title='bbox 1235 2206 1408 2260; x_wconf 88' lang='lat' dir='ltr'><strong>neque</strong></span> <span class='ocrx_word' id='word_1_269' title='bbox 1437 2191 1556 2246; x_wconf 90' lang='lat' dir='ltr'><strong>ullis</strong></span> <span class='ocrx_word' id='word_1_270' title='bbox 1584 2191 1826 2246; x_wconf 89' lang='lat' dir='ltr'><strong>terminis</strong></span> 
     </span>
    </p>
   </div>
   <div class='ocr_carea' id='block_1_34' title="bbox 228 2283 1826 2340">
    <p class='ocr_par' dir='ltr' id='par_1_34' title="bbox 228 2283 1826 2340">
     <span class='ocr_line' id='line_1_34' title="bbox 228 2283 1826 2340; baseline -0.002 -1"><span class='ocrx_word' id='word_1_271' title='bbox 228 2284 567 2339; x_wconf 88' lang='lat' dir='ltr'><strong>continetur.</strong></span> <span class='ocrx_word' id='word_1_272' title='bbox 589 2284 822 2339; x_wconf 85' lang='lat' dir='ltr'><strong>Verbum</strong></span> <span class='ocrx_word' id='word_1_273' title='bbox 841 2285 934 2339; x_wconf 90' lang='lat' dir='ltr'><strong>Dei</strong></span> <span class='ocrx_word' id='word_1_274' title='bbox 953 2283 1244 2340; x_wconf 90' lang='lat' dir='ltr'><strong>secundum</strong></span> <span class='ocrx_word' id='word_1_275' title='bbox 1264 2283 1662 2339; x_wconf 88' lang='lat' dir='ltr'><strong>subsistentiam</strong></span> <span class='ocrx_word' id='word_1_276' title='bbox 1690 2298 1826 2338; x_wconf 66' lang='lat' dir='ltr'><strong>cono</strong></span> 
     </span>
    </p>
   </div>
   <div class='ocr_carea' id='block_1_35' title="bbox 229 2372 1826 2438">
    <p class='ocr_par' dir='ltr' id='par_1_35' title="bbox 229 2372 1826 2438">
     <span class='ocr_line' id='line_1_35' title="bbox 229 2372 1826 2438; baseline -0.001 -10"><span class='ocrx_word' id='word_1_277' title='bbox 229 2372 488 2438; x_wconf 81' lang='lat' dir='ltr'><strong>ﬁtemini,</strong></span> <span class='ocrx_word' id='word_1_278' title='bbox 521 2391 683 2429; x_wconf 90' lang='lat' dir='ltr'><strong>unum</strong></span> <span class='ocrx_word' id='word_1_279' title='bbox 711 2375 932 2430; x_wconf 88' lang='lat' dir='ltr'><strong>adorate</strong></span> <span class='ocrx_word' id='word_1_280' title='bbox 955 2374 1145 2430; x_wconf 87' lang='lat' dir='ltr'><strong>Filium</strong></span> <span class='ocrx_word' id='word_1_281' title='bbox 1167 2383 1224 2429; x_wconf 92' lang='lat' dir='ltr'><strong>et</strong></span> <span class='ocrx_word' id='word_1_282' title='bbox 1261 2375 1542 2429; x_wconf 90' lang='lat' dir='ltr'><strong>Dominum</strong></span> <span class='ocrx_word' id='word_1_283' title='bbox 1583 2383 1826 2428; x_wconf 91' lang='lat' dir='ltr'><strong>nostrum</strong></span> 
     </span>
    </p>
   </div>
   <div class='ocr_carea' id='block_1_36' title="bbox 225 2462 1826 2534">
    <p class='ocr_par' dir='ltr' id='par_1_36' title="bbox 225 2462 1826 2534">
     <span class='ocr_line' id='line_1_36' title="bbox 225 2462 1826 2534; baseline -0.004 -10"><span class='ocrx_word' id='word_1_284' title='bbox 225 2462 424 2524; x_wconf 67' lang='lat' dir='ltr'><strong>Iesum</strong></span> <span class='ocrx_word' id='word_1_285' title='bbox 452 2465 745 2534; x_wconf 87' lang='lat' dir='ltr'><strong>Christum,</strong></span> <span class='ocrx_word' id='word_1_286' title='bbox 769 2483 875 2522; x_wconf 92' lang='lat' dir='ltr'><strong>non</strong></span> <span class='ocrx_word' id='word_1_287' title='bbox 903 2467 1258 2522; x_wconf 89' lang='lat' dir='ltr'><strong>determinate</strong></span> <span class='ocrx_word' id='word_1_288' title='bbox 1285 2505 1300 2532; x_wconf 91' lang='lat'><strong>,</strong></span> <span class='ocrx_word' id='word_1_289' title='bbox 1326 2481 1425 2521; x_wconf 89' lang='lat' dir='ltr'><strong>nec</strong></span> <span class='ocrx_word' id='word_1_290' title='bbox 1452 2479 1693 2520; x_wconf 85' lang='lat' dir='ltr'><strong>seorsum</strong></span> <span class='ocrx_word' id='word_1_291' title='bbox 1727 2479 1826 2534; x_wconf 91' lang='lat' dir='ltr'><strong>po-</strong></span> 
     </span>
    </p>
   </div>
   <div class='ocr_carea' id='block_1_37' title="bbox 225 2555 1830 2624">
    <p class='ocr_par' dir='ltr' id='par_1_37' title="bbox 225 2555 1830 2624">
     <span class='ocr_line' id='line_1_37' title="bbox 225 2555 1830 2624; baseline -0.002 -10"><span class='ocrx_word' id='word_1_292' title='bbox 225 2559 340 2614; x_wconf 91' lang='lat' dir='ltr'><strong>nite</strong></span> <span class='ocrx_word' id='word_1_293' title='bbox 359 2558 544 2613; x_wconf 84' lang='lat' dir='ltr'><strong>Deum</strong></span> <span class='ocrx_word' id='word_1_294' title='bbox 575 2567 630 2614; x_wconf 88' lang='lat' dir='ltr'><strong>et</strong></span> <span class='ocrx_word' id='word_1_295' title='bbox 653 2559 926 2614; x_wconf 88' lang='lat' dir='ltr'><strong>hominem</strong></span> <span class='ocrx_word' id='word_1_296' title='bbox 945 2599 959 2623; x_wconf 92' lang='lat'><strong>,</strong></span> <span class='ocrx_word' id='word_1_297' title='bbox 990 2558 1140 2614; x_wconf 88' lang='lat' dir='ltr'><strong>velut</strong></span> <span class='ocrx_word' id='word_1_298' title='bbox 1167 2559 1396 2613; x_wconf 88' lang='lat' dir='ltr'><strong>invicem</strong></span> <span class='ocrx_word' id='word_1_299' title='bbox 1423 2557 1525 2611; x_wconf 88' lang='lat' dir='ltr'><strong>sibi</strong></span> <span class='ocrx_word' id='word_1_300' title='bbox 1555 2555 1830 2624; x_wconf 87' lang='lat' dir='ltr'><strong>dignitatis</strong></span> 
     </span>
    </p>
   </div>
   <div class='ocr_carea' id='block_1_38' title="bbox 225 2646 1830 2720">
    <p class='ocr_par' dir='ltr' id='par_1_38' title="bbox 225 2646 1830 2720">
     <span class='ocr_line' id='line_1_38' title="bbox 225 2646 1830 2720; baseline -0.004 -14"><span class='ocrx_word' id='word_1_301' title='bbox 225 2660 283 2706; x_wconf 91' lang='lat' dir='ltr'><strong>et</strong></span> <span class='ocrx_word' id='word_1_302' title='bbox 327 2651 684 2706; x_wconf 79' lang='lat' dir='ltr'><strong>auctoritatis</strong></span> <span class='ocrx_word' id='word_1_303' title='bbox 733 2651 938 2704; x_wconf 88' lang='lat' dir='ltr'><strong>unitate</strong></span> <span class='ocrx_word' id='word_1_304' title='bbox 989 2651 1367 2720; x_wconf 88' lang='lat' dir='ltr'><strong>conjunctum;</strong></span> <span class='ocrx_word' id='word_1_305' title='bbox 1417 2663 1518 2704; x_wconf 87' lang='lat' dir='ltr'><strong>nec</strong></span> <span class='ocrx_word' id='word_1_306' title='bbox 1559 2646 1830 2702; x_wconf 88' lang='lat' dir='ltr'><strong>Christum</strong></span> 
     </span>
    </p>
   </div>
   <div class='ocr_carea' id='block_1_39' title="bbox 224 2738 1832 2811">
    <p class='ocr_par' dir='ltr' id='par_1_39' title="bbox 224 2738 1832 2811">
     <span class='ocr_line' id='line_1_39' title="bbox 224 2738 1832 2811; baseline -0.005 -13"><span class='ocrx_word' id='word_1_307' title='bbox 224 2741 553 2811; x_wconf 61' lang='lat' dir='ltr'><strong>ag‘ecialiter</strong></span> <span class='ocrx_word' id='word_1_308' title='bbox 582 2742 856 2796; x_wconf 89' lang='lat' dir='ltr'><strong>nominate</strong></span> <span class='ocrx_word' id='word_1_309' title='bbox 883 2740 1046 2794; x_wconf 85' lang='lat' dir='ltr'><strong>Deum</strong></span> <span class='ocrx_word' id='word_1_310' title='bbox 1070 2740 1292 2805; x_wconf 83' lang='lat' dir='ltr'><strong>verbum,</strong></span> <span class='ocrx_word' id='word_1_311' title='bbox 1325 2739 1466 2808; x_wconf 91' lang='lat' dir='ltr'><strong>quod</strong></span> <span class='ocrx_word' id='word_1_312' title='bbox 1495 2754 1560 2793; x_wconf 88' lang='lat' dir='ltr'><strong>ex</strong></span> <span class='ocrx_word' id='word_1_313' title='bbox 1595 2738 1704 2793; x_wconf 91' lang='lat' dir='ltr'><strong>Deo</strong></span> <span class='ocrx_word' id='word_1_314' title='bbox 1727 2745 1832 2804; x_wconf 89' lang='lat' dir='ltr'><strong>est,</strong></span> 
     </span>
    </p>
   </div>
   <div class='ocr_carea' id='block_1_40' title="bbox 225 2829 1833 2900">
    <p class='ocr_par' dir='ltr' id='par_1_40' title="bbox 225 2829 1833 2900">
     <span class='ocr_line' id='line_1_40' title="bbox 225 2829 1833 2900; baseline -0.004 -12"><span class='ocrx_word' id='word_1_315' title='bbox 225 2849 328 2888; x_wconf 90' lang='lat' dir='ltr'><strong>nec</strong></span> <span class='ocrx_word' id='word_1_316' title='bbox 355 2832 540 2886; x_wconf 83' lang='lat' dir='ltr'><strong>alium</strong></span> <span class='ocrx_word' id='word_1_317' title='bbox 563 2833 810 2886; x_wconf 85' lang='lat' dir='ltr'><strong>similiter</strong></span> <span class='ocrx_word' id='word_1_318' title='bbox 836 2832 1106 2887; x_wconf 87' lang='lat' dir='ltr'><strong>Christum</strong></span> <span class='ocrx_word' id='word_1_319' title='bbox 1154 2831 1460 2900; x_wconf 86' lang='lat' dir='ltr'><strong>specialiter</strong></span> <span class='ocrx_word' id='word_1_320' title='bbox 1485 2831 1577 2899; x_wconf 91' lang='lat' dir='ltr'><strong>qui</strong></span> <span class='ocrx_word' id='word_1_321' title='bbox 1603 2829 1669 2884; x_wconf 92' lang='lat' dir='ltr'><strong>de</strong></span> <span class='ocrx_word' id='word_1_322' title='bbox 1711 2844 1833 2882; x_wconf 89' lang='lat' dir='ltr'><strong>mu-</strong></span> 
     </span>
    </p>
   </div>
   <div class='ocr_carea' id='block_1_41' title="bbox 226 2918 1834 2980">
    <p class='ocr_par' dir='ltr' id='par_1_41' title="bbox 226 2918 1834 2980">
     <span class='ocr_line' id='line_1_41' title="bbox 226 2918 1834 2980; baseline -0.004 -2"><span class='ocrx_word' id='word_1_323' title='bbox 226 2926 358 2980; x_wconf 82' lang='lat' dir='ltr'><strong>liere</strong></span> <span class='ocrx_word' id='word_1_324' title='bbox 411 2932 570 2978; x_wconf 87' lang='lat' dir='ltr'><strong>natus</strong></span> <span class='ocrx_word' id='word_1_325' title='bbox 597 2932 698 2978; x_wconf 91' lang='lat' dir='ltr'><strong>est.</strong></span> <span class='ocrx_word' id='word_1_326' title='bbox 750 2922 921 2978; x_wconf 88' lang='lat' dir='ltr'><strong>Unum</strong></span> <span class='ocrx_word' id='word_1_327' title='bbox 961 2933 1142 2976; x_wconf 90' lang='lat' dir='ltr'><strong>autem</strong></span> <span class='ocrx_word' id='word_1_328' title='bbox 1187 2930 1394 2976; x_wconf 89' lang='lat' dir='ltr'><strong>tantum</strong></span> <span class='ocrx_word' id='word_1_329' title='bbox 1439 2919 1708 2974; x_wconf 92' lang='lat' dir='ltr'><strong>Christum</strong></span> <span class='ocrx_word' id='word_1_330' title='bbox 1739 2918 1834 2972; x_wconf 92' lang='lat' dir='ltr'><strong>Dei</strong></span> 
     </span>
    </p>
   </div>
   <div class='ocr_carea' id='block_1_42' title="bbox 227 3012 1836 3084">
    <p class='ocr_par' dir='ltr' id='par_1_42' title="bbox 227 3012 1836 3084">
     <span class='ocr_line' id='line_1_42' title="bbox 227 3012 1836 3084; baseline -0.006 -14"><span class='ocrx_word' id='word_1_331' title='bbox 227 3015 428 3070; x_wconf 85' lang='lat' dir='ltr'><strong>Patris</strong></span> <span class='ocrx_word' id='word_1_332' title='bbox 458 3017 680 3070; x_wconf 86' lang='lat' dir='ltr'><strong>verbum</strong></span> <span class='ocrx_word' id='word_1_333' title='bbox 707 3030 827 3069; x_wconf 92' lang='lat' dir='ltr'><strong>cum</strong></span> <span class='ocrx_word' id='word_1_334' title='bbox 859 3016 1073 3084; x_wconf 90' lang='lat' dir='ltr'><strong>propria</strong></span> <span class='ocrx_word' id='word_1_335' title='bbox 1103 3029 1263 3068; x_wconf 76' lang='lat' dir='ltr'><strong>carne</strong></span> <span class='ocrx_word' id='word_1_336' title='bbox 1302 3012 1631 3082; x_wconf 87' lang='lat' dir='ltr'><strong>cognoscite,</strong></span> <span class='ocrx_word' id='word_1_337' title='bbox 1673 3023 1836 3062; x_wconf 84' lang='lat' dir='ltr'><strong>vene-</strong></span> 
     </span>
    </p>
   </div>
   <div class='ocr_carea' id='block_1_43' title="bbox 225 3100 1838 3170">
    <p class='ocr_par' dir='ltr' id='par_1_43' title="bbox 225 3100 1838 3170">
     <span class='ocr_line' id='line_1_43' title="bbox 225 3100 1838 3170; baseline -0.006 -9"><span class='ocrx_word' id='word_1_338' title='bbox 225 3105 464 3170; x_wconf 68' lang='lat' dir='ltr'><strong>remijti,</strong></span> <span class='ocrx_word' id='word_1_339' title='bbox 495 3104 736 3168; x_wconf 84' lang='lat' dir='ltr'><strong>adorate.</strong></span> <span class='ocrx_word' id='word_1_340' title='bbox 776 3103 926 3160; x_wconf 85' lang='lat' dir='ltr'><strong>Unus</strong></span> <span class='ocrx_word' id='word_1_341' title='bbox 966 3105 1108 3159; x_wconf 91' lang='lat' dir='ltr'><strong>enim</strong></span> <span class='ocrx_word' id='word_1_342' title='bbox 1155 3113 1237 3158; x_wconf 91' lang='lat' dir='ltr'><strong>est</strong></span> <span class='ocrx_word' id='word_1_343' title='bbox 1275 3101 1519 3156; x_wconf 85' lang='lat' dir='ltr'><strong>Christus</strong></span> <span class='ocrx_word' id='word_1_344' title='bbox 1571 3100 1735 3154; x_wconf 87' lang='lat' dir='ltr'><strong>Filius</strong></span> <span class='ocrx_word' id='word_1_345' title='bbox 1783 3107 1838 3153; x_wconf 91' lang='lat' dir='ltr'><strong>et</strong></span> 
     </span>
    </p>
   </div>
   <div class='ocr_carea' id='block_1_44' title="bbox 231 3177 1835 3268">
    <p class='ocr_par' dir='ltr' id='par_1_44' title="bbox 231 3177 1835 3268">
     <span class='ocr_line' id='line_1_44' title="bbox 231 3177 1835 3268; baseline -0.004 -15"><span class='ocrx_word' id='word_1_346' title='bbox 231 3197 424 3262; x_wconf 80' lang='lat' dir='ltr'><strong>Deus,</strong></span> <span class='ocrx_word' id='word_1_347' title='bbox 483 3214 588 3252; x_wconf 90' lang='lat' dir='ltr'><strong>non</strong></span> <span class='ocrx_word' id='word_1_348' title='bbox 640 3199 784 3252; x_wconf 89' lang='lat' dir='ltr'><strong>velut</strong></span> <span class='ocrx_word' id='word_1_349' title='bbox 834 3177 1098 3268; x_wconf 53' lang='lat' dir='ltr'><strong>qumlibe!</strong></span> <span class='ocrx_word' id='word_1_350' title='bbox 1128 3196 1434 3266; x_wconf 89' lang='lat' dir='ltr'><strong>conjunctio</strong></span> <span class='ocrx_word' id='word_1_351' title='bbox 1484 3194 1744 3249; x_wconf 87' lang='lat' dir='ltr'><strong>habeatur</strong></span> <span class='ocrx_word' id='word_1_352' title='bbox 1781 3193 1835 3248; x_wconf 92' lang='lat' dir='ltr'><strong>in</strong></span> 
     </span>
    </p>
   </div>
   <div class='ocr_carea' id='block_1_45' title="bbox 1924 2013 3514 2088">
    <p class='ocr_par' dir='ltr' id='par_1_45' title="bbox 1924 2013 3514 2088">
     <span class='ocr_line' id='line_1_45' title="bbox 1924 2013 3514 2088; baseline -0.006 -15"><span class='ocrx_word' id='word_1_353' title='bbox 1924 2018 2198 2088; x_wconf 88' lang='lat' dir='ltr'><strong>Scriptura</strong></span> <span class='ocrx_word' id='word_1_354' title='bbox 2259 2025 2565 2085; x_wconf 85' lang='lat' dir='ltr'><strong>attestatur,</strong></span> <span class='ocrx_word' id='word_1_355' title='bbox 2630 2015 2807 2070; x_wconf 85' lang='lat' dir='ltr'><strong>Veniet</strong></span> <span class='ocrx_word' id='word_1_356' title='bbox 2841 2014 3158 2068; x_wconf 69' lang='lat' dir='ltr'><strong>novissimis</strong></span> <span class='ocrx_word' id='word_1_357' title='bbox 3205 2013 3514 2077; x_wconf 72' lang='lat' dir='ltr'><strong>temporibus</strong></span> 
     </span>
    </p>
   </div>
   <div class='ocr_carea' id='block_1_46' title="bbox 1923 2105 3510 2179">
    <p class='ocr_par' dir='ltr' id='par_1_46' title="bbox 1923 2105 3510 2179">
     <span class='ocr_line' id='line_1_46' title="bbox 1923 2105 3510 2179; baseline -0.007 -14"><span class='ocrx_word' id='word_1_358' title='bbox 1923 2129 2058 2166; x_wconf 76' lang='lat' dir='ltr'><strong>unus</strong></span> <span class='ocrx_word' id='word_1_359' title='bbox 2081 2111 2249 2165; x_wconf 72' lang='lat' dir='ltr'><strong>Filius</strong></span> <span class='ocrx_word' id='word_1_360' title='bbox 2278 2123 2326 2163; x_wconf 87' lang='lat' dir='ltr'><strong>et</strong></span> <span class='ocrx_word' id='word_1_361' title='bbox 2356 2109 2612 2163; x_wconf 73' lang='lat' dir='ltr'><strong>Dominus</strong></span> <span class='ocrx_word' id='word_1_362' title='bbox 2640 2110 2694 2164; x_wconf 88' lang='lat' dir='ltr'><strong>in</strong></span> <span class='ocrx_word' id='word_1_363' title='bbox 2717 2109 2883 2179; x_wconf 79' lang='lat' dir='ltr'><strong>gloria</strong></span> <span class='ocrx_word' id='word_1_364' title='bbox 2911 2106 3112 2170; x_wconf 81' lang='lat' dir='ltr'><strong>Patris,</strong></span> <span class='ocrx_word' id='word_1_365' title='bbox 3134 2113 3190 2157; x_wconf 79' lang='lat' dir='ltr'><strong>ut</strong></span> <span class='ocrx_word' id='word_1_366' title='bbox 3205 2105 3401 2175; x_wconf 84' lang='lat' dir='ltr'><strong>judicet</strong></span> <span class='ocrx_word' id='word_1_367' title='bbox 3421 2119 3510 2156; x_wconf 64' lang='lat' dir='ltr'><strong>or-</strong></span> 
     </span>
    </p>
   </div>
   <div class='ocr_carea' id='block_1_47' title="bbox 1925 2195 3538 2274">
    <p class='ocr_par' dir='ltr' id='par_1_47' title="bbox 1925 2195 3538 2274">
     <span class='ocr_line' id='line_1_47' title="bbox 1925 2195 3538 2274; baseline -0.006 -14"><span class='ocrx_word' id='word_1_368' title='bbox 1925 2205 2038 2260; x_wconf 84' lang='lat' dir='ltr'><strong>bem</strong></span> <span class='ocrx_word' id='word_1_369' title='bbox 2066 2205 2118 2257; x_wconf 83' lang='lat' dir='ltr'><strong>in</strong></span> <span class='ocrx_word' id='word_1_370' title='bbox 2141 2204 2404 2274; x_wconf 68' lang='lat' dir='ltr'><strong>(equitate.</strong></span> <span class='ocrx_word' id='word_1_371' title='bbox 2434 2201 2803 2256; x_wconf 84' lang='lat' dir='ltr'><strong>Necessarium</strong></span> <span class='ocrx_word' id='word_1_372' title='bbox 2827 2214 3044 2268; x_wconf 89' lang='lat' dir='ltr'><strong>quoque</strong></span> <span class='ocrx_word' id='word_1_373' title='bbox 3073 2207 3160 2251; x_wconf 89' lang='lat' dir='ltr'><strong>est</strong></span> <span class='ocrx_word' id='word_1_374' title='bbox 3184 2205 3244 2251; x_wconf 93' lang='lat' dir='ltr'><strong>ut</strong></span> <span class='ocrx_word' id='word_1_375' title='bbox 3281 2195 3538 2250; x_wconf 75' lang='lat' dir='ltr'><strong>credatis-</strong></span> 
     </span>
    </p>
   </div>
   <div class='ocr_carea' id='block_1_48' title="bbox 1929 2288 3541 2351">
    <p class='ocr_par' dir='ltr' id='par_1_48' title="bbox 1929 2288 3541 2351">
     <span class='ocr_line' id='line_1_48' title="bbox 1929 2288 3541 2351; baseline -0.007 -1"><span class='ocrx_word' id='word_1_376' title='bbox 1929 2295 2354 2350; x_wconf 80' lang='lat' dir='ltr'><strong>incarnationem</strong></span> <span class='ocrx_word' id='word_1_377' title='bbox 2387 2293 2596 2348; x_wconf 89' lang='lat' dir='ltr'><strong>Domini</strong></span> <span class='ocrx_word' id='word_1_378' title='bbox 2637 2291 2806 2346; x_wconf 88' lang='lat' dir='ltr'><strong>nostri</strong></span> <span class='ocrx_word' id='word_1_379' title='bbox 2851 2289 2979 2344; x_wconf 79' lang='lat' dir='ltr'><strong>Jesu</strong></span> <span class='ocrx_word' id='word_1_380' title='bbox 3020 2289 3243 2351; x_wconf 90' lang='lat' dir='ltr'><strong>Christi,</strong></span> <span class='ocrx_word' id='word_1_381' title='bbox 3267 2288 3541 2341; x_wconf 63' lang='lat' dir='ltr'><strong>nativitao-</strong></span> 
     </span>
    </p>
   </div>
   <div class='ocr_carea' id='block_1_49' title="bbox 1930 2377 3510 2450">
    <p class='ocr_par' dir='ltr' id='par_1_49' title="bbox 1930 2377 3510 2450">
     <span class='ocr_line' id='line_1_49' title="bbox 1930 2377 3510 2450; baseline -0.006 -12"><span class='ocrx_word' id='word_1_382' title='bbox 1930 2392 2057 2447; x_wconf 91' lang='lat' dir='ltr'><strong>tem,</strong></span> <span class='ocrx_word' id='word_1_383' title='bbox 2089 2382 2568 2446; x_wconf 88' lang='lat' dir='ltr'><strong>circumcisionem,</strong></span> <span class='ocrx_word' id='word_1_384' title='bbox 2599 2380 2989 2450; x_wconf 89' lang='lat' dir='ltr'><strong>apparitionem</strong></span> <span class='ocrx_word' id='word_1_385' title='bbox 3011 2417 3026 2443; x_wconf 91' lang='lat'><strong>,</strong></span> <span class='ocrx_word' id='word_1_386' title='bbox 3050 2377 3364 2444; x_wconf 81' lang='lat' dir='ltr'><strong>Evangelia,</strong></span> <span class='ocrx_word' id='word_1_387' title='bbox 3389 2389 3510 2445; x_wconf 80' lang='lat' dir='ltr'><strong>pas-</strong></span> 
     </span>
    </p>
   </div>
   <div class='ocr_carea' id='block_1_50' title="bbox 1929 2466 3530 2537">
    <p class='ocr_par' dir='ltr' id='par_1_50' title="bbox 1929 2466 3530 2537">
     <span class='ocr_line' id='line_1_50' title="bbox 1929 2466 3530 2537; baseline -0.007 -9"><span class='ocrx_word' id='word_1_388' title='bbox 1929 2473 2160 2537; x_wconf 84' lang='lat' dir='ltr'><strong>sionem,</strong></span> <span class='ocrx_word' id='word_1_389' title='bbox 2193 2481 2448 2535; x_wconf 86' lang='lat' dir='ltr'><strong>mortem,</strong></span> <span class='ocrx_word' id='word_1_390' title='bbox 2474 2470 2948 2532; x_wconf 89' lang='lat' dir='ltr'><strong>resurrectionem,</strong></span> <span class='ocrx_word' id='word_1_391' title='bbox 2974 2475 3029 2521; x_wconf 89' lang='lat' dir='ltr'><strong>et</strong></span> <span class='ocrx_word' id='word_1_392' title='bbox 3062 2467 3114 2520; x_wconf 92' lang='lat' dir='ltr'><strong>in</strong></span> <span class='ocrx_word' id='word_1_393' title='bbox 3142 2466 3308 2520; x_wconf 69' lang='lat' dir='ltr'><strong>ctelos</strong></span> <span class='ocrx_word' id='word_1_394' title='bbox 3329 2479 3530 2519; x_wconf 82' lang='lat' dir='ltr'><strong>ascen--</strong></span> 
     </span>
    </p>
   </div>
   <div class='ocr_carea' id='block_1_51' title="bbox 1929 2557 3550 2628">
    <p class='ocr_par' dir='ltr' id='par_1_51' title="bbox 1929 2557 3550 2628">
     <span class='ocr_line' id='line_1_51' title="bbox 1929 2557 3550 2628; baseline -0.006 -8"><span class='ocrx_word' id='word_1_395' title='bbox 1929 2566 2157 2620; x_wconf 87' lang='lat' dir='ltr'><strong>sionem.</strong></span> <span class='ocrx_word' id='word_1_396' title='bbox 2181 2564 2306 2620; x_wconf 66' lang='lat' dir='ltr'><strong>Haec</strong></span> <span class='ocrx_word' id='word_1_397' title='bbox 2331 2572 2416 2619; x_wconf 89' lang='lat' dir='ltr'><strong>est</strong></span> <span class='ocrx_word' id='word_1_398' title='bbox 2429 2564 2571 2618; x_wconf 91' lang='lat' dir='ltr'><strong>enim</strong></span> <span class='ocrx_word' id='word_1_399' title='bbox 2593 2561 2725 2617; x_wconf 78' lang='lat' dir='ltr'><strong>ﬁdes</strong></span> <span class='ocrx_word' id='word_1_400' title='bbox 2749 2570 2913 2616; x_wconf 88' lang='lat' dir='ltr'><strong>recta.</strong></span> <span class='ocrx_word' id='word_1_401' title='bbox 2933 2560 3041 2616; x_wconf 90' lang='lat' dir='ltr'><strong>Sed</strong></span> <span class='ocrx_word' id='word_1_402' title='bbox 3069 2560 3323 2628; x_wconf 90' lang='lat' dir='ltr'><strong>quoniam</strong></span> <span class='ocrx_word' id='word_1_403' title='bbox 3343 2557 3514 2611; x_wconf 75' lang='lat' dir='ltr'><strong>Deum</strong></span> <span class='ocrx_word' id='word_1_404' title='bbox 3545 2587 3550 2596; x_wconf 92' lang='lat'><strong><em>-</em></strong></span> 
     </span>
    </p>
   </div>
   <div class='ocr_carea' id='block_1_52' title="bbox 1933 2650 3550 2724">
    <p class='ocr_par' dir='ltr' id='par_1_52' title="bbox 1933 2650 3550 2724">
     <span class='ocr_line' id='line_1_52' title="bbox 1933 2650 3550 2724; baseline -0.006 -14"><span class='ocrx_word' id='word_1_405' title='bbox 1933 2671 2097 2711; x_wconf 89' lang='lat' dir='ltr'><strong>carne</strong></span> <span class='ocrx_word' id='word_1_406' title='bbox 2151 2657 2358 2710; x_wconf 91' lang='lat' dir='ltr'><strong>unitum</strong></span> <span class='ocrx_word' id='word_1_407' title='bbox 2399 2654 2552 2724; x_wconf 89' lang='lat' dir='ltr'><strong>juxta</strong></span> <span class='ocrx_word' id='word_1_408' title='bbox 2599 2652 3000 2709; x_wconf 89' lang='lat' dir='ltr'><strong>subsistentiam</strong></span> <span class='ocrx_word' id='word_1_409' title='bbox 3053 2651 3202 2719; x_wconf 84' lang='lat' dir='ltr'><strong>virgo</strong></span> <span class='ocrx_word' id='word_1_410' title='bbox 3248 2650 3550 2717; x_wconf 71' lang='lat' dir='ltr'><strong>concepit,.</strong></span> 
     </span>
    </p>
   </div>
   <div class='ocr_carea' id='block_1_53' title="bbox 1934 2738 3519 2816">
    <p class='ocr_par' dir='ltr' id='par_1_53' title="bbox 1934 2738 3519 2816">
     <span class='ocr_line' id='line_1_53' title="bbox 1934 2738 3519 2816; baseline -0.005 -16"><span class='ocrx_word' id='word_1_411' title='bbox 1934 2747 2085 2816; x_wconf 86' lang='lat' dir='ltr'><strong>virgo</strong></span> <span class='ocrx_word' id='word_1_412' title='bbox 2107 2746 2335 2816; x_wconf 87' lang='lat' dir='ltr'><strong>peperit,</strong></span> <span class='ocrx_word' id='word_1_413' title='bbox 2363 2744 2562 2800; x_wconf 88' lang='lat' dir='ltr'><strong>idcirco</strong></span> <span class='ocrx_word' id='word_1_414' title='bbox 2580 2759 2700 2799; x_wconf 89' lang='lat' dir='ltr'><strong>eam</strong></span> <span class='ocrx_word' id='word_1_415' title='bbox 2722 2742 2922 2798; x_wconf 89' lang='lat' dir='ltr'><strong>Christi</strong></span> <span class='ocrx_word' id='word_1_416' title='bbox 2942 2741 3252 2810; x_wconf 83' lang='lat' dir='ltr'><strong>genitricem</strong></span> <span class='ocrx_word' id='word_1_417' title='bbox 3276 2738 3519 2809; x_wconf 53' lang='lat' dir='ltr'><strong>protltea¢</strong></span> 
     </span>
    </p>
   </div>
   <div class='ocr_carea' id='block_1_54' title="bbox 1936 2831 3555 2906">
    <p class='ocr_par' dir='ltr' id='par_1_54' title="bbox 1936 2831 3555 2906">
     <span class='ocr_line' id='line_1_54' title="bbox 1936 2831 3555 2906; baseline -0.004 -14"><span class='ocrx_word' id='word_1_418' title='bbox 1936 2839 2066 2892; x_wconf 89' lang='lat' dir='ltr'><strong>mini</strong></span> <span class='ocrx_word' id='word_1_419' title='bbox 2099 2857 2111 2891; x_wconf 88' lang='lat'><strong>:</strong></span> <span class='ocrx_word' id='word_1_420' title='bbox 2143 2855 2248 2892; x_wconf 93' lang='lat' dir='ltr'><strong>non</strong></span> <span class='ocrx_word' id='word_1_421' title='bbox 2261 2837 2404 2906; x_wconf 89' lang='lat' dir='ltr'><strong>quod</strong></span> <span class='ocrx_word' id='word_1_422' title='bbox 2425 2837 2573 2892; x_wconf 83' lang='lat' dir='ltr'><strong>verbi</strong></span> <span class='ocrx_word' id='word_1_423' title='bbox 2598 2845 2786 2890; x_wconf 89' lang='lat' dir='ltr'><strong>natura</strong></span> <span class='ocrx_word' id='word_1_424' title='bbox 2813 2833 3079 2890; x_wconf 78' lang='lat' dir='ltr'><strong>existentli</strong></span> <span class='ocrx_word' id='word_1_425' title='bbox 3104 2833 3424 2904; x_wconf 88' lang='lat' dir='ltr'><strong>principium</strong></span> <span class='ocrx_word' id='word_1_426' title='bbox 3451 2831 3523 2886; x_wconf 76' lang='lat' dir='ltr'><strong>de</strong></span> <span class='ocrx_word' id='word_1_427' title='bbox 3553 2857 3555 2860; x_wconf 36' lang='grc'><em>⁴</em></span> 
     </span>
    </p>
   </div>
   <div class='ocr_carea' id='block_1_55' title="bbox 1936 2923 3550 2995">
    <p class='ocr_par' dir='ltr' id='par_1_55' title="bbox 1936 2923 3550 2995">
     <span class='ocr_line' id='line_1_55' title="bbox 1936 2923 3550 2995; baseline -0.006 -13"><span class='ocrx_word' id='word_1_428' title='bbox 1936 2943 2101 2983; x_wconf 88' lang='lat' dir='ltr'><strong>carne</strong></span> <span class='ocrx_word' id='word_1_429' title='bbox 2142 2929 2331 2982; x_wconf 89' lang='lat' dir='ltr'><strong>sortita</strong></span> <span class='ocrx_word' id='word_1_430' title='bbox 2359 2928 2450 2982; x_wconf 87' lang='lat' dir='ltr'><strong>sit.</strong></span> <span class='ocrx_word' id='word_1_431' title='bbox 2498 2926 2628 2980; x_wconf 82' lang='lat' dir='ltr'><strong>Erat</strong></span> <span class='ocrx_word' id='word_1_432' title='bbox 2654 2928 2788 2980; x_wconf 75' lang='lat' dir='ltr'><strong>enim</strong></span> <span class='ocrx_word' id='word_1_433' title='bbox 2817 2927 2868 2979; x_wconf 86' lang='lat' dir='ltr'><strong>iu</strong></span> <span class='ocrx_word' id='word_1_434' title='bbox 2907 2926 3159 2995; x_wconf 81' lang='lat' dir='ltr'><strong>principio</strong></span> <span class='ocrx_word' id='word_1_435' title='bbox 3199 2923 3438 2984; x_wconf 77' lang='lat' dir='ltr'><strong>Verbum,</strong></span> <span class='ocrx_word' id='word_1_436' title='bbox 3469 2929 3520 2974; x_wconf 88' lang='lat' dir='ltr'><strong>et</strong></span> <span class='ocrx_word' id='word_1_437' title='bbox 3537 2939 3550 2960; x_wconf 82' lang='grc'>-·</span> 
     </span>
    </p>
   </div>
   <div class='ocr_carea' id='block_1_56' title="bbox 1947 3013 3522 3088">
    <p class='ocr_par' dir='ltr' id='par_1_56' title="bbox 1947 3013 3522 3088">
     <span class='ocr_line' id='line_1_56' title="bbox 1947 3013 3522 3088; baseline -0.004 -15"><span class='ocrx_word' id='word_1_438' title='bbox 1947 3019 2167 3075; x_wconf 85' lang='lat' dir='ltr'><strong>Verbum</strong></span> <span class='ocrx_word' id='word_1_439' title='bbox 2181 3029 2294 3074; x_wconf 86' lang='lat' dir='ltr'><strong>erat</strong></span> <span class='ocrx_word' id='word_1_440' title='bbox 2314 3019 2461 3088; x_wconf 72' lang='lat' dir='ltr'><strong>apud</strong></span> <span class='ocrx_word' id='word_1_441' title='bbox 2481 3017 2737 3082; x_wconf 80' lang='lat' dir='ltr'><strong>Deum,.et</strong></span> <span class='ocrx_word' id='word_1_442' title='bbox 2759 3017 2898 3070; x_wconf 81' lang='lat' dir='ltr'><strong>Deus</strong></span> <span class='ocrx_word' id='word_1_443' title='bbox 2922 3027 3033 3070; x_wconf 88' lang='lat' dir='ltr'><strong>erat</strong></span> <span class='ocrx_word' id='word_1_444' title='bbox 3058 3013 3274 3069; x_wconf 78' lang='lat' dir='ltr'><strong>Verbum</strong></span> <span class='ocrx_word' id='word_1_445' title='bbox 3292 3032 3307 3067; x_wconf 92' lang='lat'><strong><em>:</em></strong></span> <span class='ocrx_word' id='word_1_446' title='bbox 3323 3023 3379 3067; x_wconf 91' lang='lat' dir='ltr'><strong>et</strong></span> <span class='ocrx_word' id='word_1_447' title='bbox 3407 3014 3522 3081; x_wconf 82' lang='lat' dir='ltr'><strong>ipse</strong></span> 
     </span>
    </p>
   </div>
   <div class='ocr_carea' id='block_1_57' title="bbox 1938 3107 3520 3179">
    <p class='ocr_par' dir='ltr' id='par_1_57' title="bbox 1938 3107 3520 3179">
     <span class='ocr_line' id='line_1_57' title="bbox 1938 3107 3520 3179; baseline -0.005 -13"><span class='ocrx_word' id='word_1_448' title='bbox 1938 3122 2020 3166; x_wconf 90' lang='lat' dir='ltr'><strong>est</strong></span> <span class='ocrx_word' id='word_1_449' title='bbox 2040 3113 2288 3168; x_wconf 85' lang='lat' dir='ltr'><strong>conditor</strong></span> <span class='ocrx_word' id='word_1_450' title='bbox 2314 3111 2654 3179; x_wconf 63' lang='lat' dir='ltr'><strong>seculorum,</strong></span> <span class='ocrx_word' id='word_1_451' title='bbox 2675 3110 2834 3166; x_wconf 90' lang='lat' dir='ltr'><strong>Pater</strong></span> <span class='ocrx_word' id='word_1_452' title='bbox 2862 3109 3238 3164; x_wconf 83' lang='lat' dir='ltr'><strong>universitatis.</strong></span> <span class='ocrx_word' id='word_1_453' title='bbox 3269 3107 3392 3160; x_wconf 76' lang='lat' dir='ltr'><strong>Tres</strong></span> <span class='ocrx_word' id='word_1_454' title='bbox 3406 3109 3520 3176; x_wconf 84' lang='lat' dir='ltr'><strong>qui-</strong></span> 
     </span>
    </p>
   </div>
   <div class='ocr_carea' id='block_1_58' title="bbox 1943 3199 3525 3276">
    <p class='ocr_par' dir='ltr' id='par_1_58' title="bbox 1943 3199 3525 3276">
     <span class='ocr_line' id='line_1_58' title="bbox 1943 3199 3525 3276; baseline -0.004 -18"><span class='ocrx_word' id='word_1_455' title='bbox 1943 3205 2055 3258; x_wconf 85' lang='lat' dir='ltr'><strong>dem</strong></span> <span class='ocrx_word' id='word_1_456' title='bbox 2086 3205 2317 3276; x_wconf 73' lang='lat' dir='ltr'><strong>suntqui</strong></span> <span class='ocrx_word' id='word_1_457' title='bbox 2369 3205 2710 3258; x_wconf 79' lang='lat' dir='ltr'><strong>testimonium</strong></span> <span class='ocrx_word' id='word_1_458' title='bbox 2748 3203 2874 3255; x_wconf 71' lang='lat' dir='ltr'><strong>dant</strong></span> <span class='ocrx_word' id='word_1_459' title='bbox 2919 3203 2974 3256; x_wconf 87' lang='lat' dir='ltr'><strong>in</strong></span> <span class='ocrx_word' id='word_1_460' title='bbox 3001 3199 3356 3269; x_wconf 72' lang='lat' dir='ltr'><strong>cwlo,.Pater,</strong></span> <span class='ocrx_word' id='word_1_461' title='bbox 3397 3199 3525 3252; x_wconf 82' lang='lat' dir='ltr'><strong>Ver-</strong></span> 
     </span>
    </p>
   </div>
   <div class='ocr_carea' id='block_1_59' title="bbox 240 3285 1838 3369">
    <p class='ocr_par' dir='ltr' id='par_1_59' title="bbox 240 3285 1837 3359">
     <span class='ocr_line' id='line_1_59' title="bbox 240 3285 1837 3359; baseline -0.008 -8"><span class='ocrx_word' id='word_1_462' title='bbox 240 3293 461 3351; x_wconf 85' lang='lat' dir='ltr'><strong>tmitate</strong></span> <span class='ocrx_word' id='word_1_463' title='bbox 488 3291 762 3359; x_wconf 86' lang='lat' dir='ltr'><strong>dignitatis</strong></span> <span class='ocrx_word' id='word_1_464' title='bbox 781 3300 837 3345; x_wconf 93' lang='lat' dir='ltr'><strong>et</strong></span> <span class='ocrx_word' id='word_1_465' title='bbox 857 3291 1192 3346; x_wconf 73' lang='lat' dir='ltr'><strong>auctoritatis</strong></span> <span class='ocrx_word' id='word_1_466' title='bbox 1214 3288 1446 3344; x_wconf 88' lang='lat' dir='ltr'><strong>hominis</strong></span> <span class='ocrx_word' id='word_1_467' title='bbox 1468 3303 1533 3342; x_wconf 92' lang='lat' dir='ltr'><strong>ac</strong></span> <span class='ocrx_word' id='word_1_468' title='bbox 1555 3286 1669 3342; x_wconf 91' lang='lat' dir='ltr'><strong>Dei.</strong></span> <span class='ocrx_word' id='word_1_469' title='bbox 1699 3285 1837 3339; x_wconf 83' lang='lat' dir='ltr'><strong>Nun-</strong></span> 
     </span>
    </p>
   </div>
   <div class='ocr_carea' id='block_1_60' title="bbox 1941 3285 3528 3369">
    <p class='ocr_par' dir='ltr' id='par_1_60' title="bbox 1946 3296 3528 3369">
     <span class='ocr_line' id='line_1_60' title="bbox 1946 3296 3528 3369; baseline -0.001 -19"><span class='ocrx_word' id='word_1_470' title='bbox 1946 3299 2063 3351; x_wconf 85' lang='lat' dir='ltr'><strong>bum</strong></span> <span class='ocrx_word' id='word_1_471' title='bbox 2095 3307 2143 3352; x_wconf 88' lang='lat' dir='ltr'><strong>et</strong></span> <span class='ocrx_word' id='word_1_472' title='bbox 2174 3300 2400 3369; x_wconf 72' lang='lat' dir='ltr'><strong>Spiritus</strong></span> <span class='ocrx_word' id='word_1_473' title='bbox 2421 3310 2668 3352; x_wconf 67' lang='lat' dir='ltr'><strong>sanctus:</strong></span> <span class='ocrx_word' id='word_1_474' title='bbox 2691 3299 2742 3351; x_wconf 86' lang='lat' dir='ltr'><strong>hi</strong></span> <span class='ocrx_word' id='word_1_475' title='bbox 2769 3308 2878 3352; x_wconf 69' lang='lat' dir='ltr'><strong>tres</strong></span> <span class='ocrx_word' id='word_1_476' title='bbox 2895 3314 3051 3350; x_wconf 72' lang='lat' dir='ltr'><strong>unum</strong></span> <span class='ocrx_word' id='word_1_477' title='bbox 3073 3305 3210 3350; x_wconf 82' lang='lat' dir='ltr'><strong>sunt.</strong></span> <span class='ocrx_word' id='word_1_478' title='bbox 3237 3296 3400 3364; x_wconf 83' lang='lat' dir='ltr'><strong>Igitur</strong></span> <span class='ocrx_word' id='word_1_479' title='bbox 3417 3311 3528 3349; x_wconf 85' lang='lat' dir='ltr'><strong>om-</strong></span> 
     </span>
    </p>
   </div>
   <div class='ocr_carea' id='block_1_61' title="bbox 245 3377 1838 3456">
    <p class='ocr_par' dir='ltr' id='par_1_61' title="bbox 245 3377 1838 3456">
     <span class='ocr_line' id='line_1_61' title="bbox 245 3377 1838 3456; baseline -0.005 -18"><span class='ocrx_word' id='word_1_480' title='bbox 245 3384 513 3456; x_wconf 88' lang='lat' dir='ltr'><strong>quidnam</strong></span> <span class='ocrx_word' id='word_1_481' title='bbox 564 3390 742 3452; x_wconf 80' lang='lat' dir='ltr'><strong>potest</strong></span> <span class='ocrx_word' id='word_1_482' title='bbox 773 3390 964 3436; x_wconf 89' lang='lat' dir='ltr'><strong>natura</strong></span> <span class='ocrx_word' id='word_1_483' title='bbox 994 3381 1146 3436; x_wconf 91' lang='lat' dir='ltr'><strong>unire</strong></span> <span class='ocrx_word' id='word_1_484' title='bbox 1174 3379 1288 3436; x_wconf 92' lang='lat' dir='ltr'><strong>sola</strong></span> <span class='ocrx_word' id='word_1_485' title='bbox 1315 3379 1588 3448; x_wconf 88' lang='lat' dir='ltr'><strong>dignitatis</strong></span> <span class='ocrx_word' id='word_1_486' title='bbox 1615 3377 1838 3446; x_wconf 63' lang='lat' dir='ltr'><strong>{equali-</strong></span> 
     </span>
    </p>
   </div>
   <div class='ocr_carea' id='block_1_62' title="bbox 247 3468 1842 3540">
    <p class='ocr_par' dir='ltr' id='par_1_62' title="bbox 247 3468 1842 3540">
     <span class='ocr_line' id='line_1_62' title="bbox 247 3468 1842 3540; baseline -0.003 -14"><span class='ocrx_word' id='word_1_487' title='bbox 247 3483 333 3529; x_wconf 90' lang='lat' dir='ltr'><strong>tas</strong></span> <span class='ocrx_word' id='word_1_488' title='bbox 361 3476 385 3528; x_wconf 80' lang='lat'><strong>?</strong></span> <span class='ocrx_word' id='word_1_489' title='bbox 427 3474 583 3527; x_wconf 91' lang='lat' dir='ltr'><strong>absit.</strong></span> <span class='ocrx_word' id='word_1_490' title='bbox 616 3471 806 3528; x_wconf 85' lang='lat' dir='ltr'><strong>Pastor</strong></span> <span class='ocrx_word' id='word_1_491' title='bbox 824 3473 1022 3526; x_wconf 86' lang='lat' dir='ltr'><strong>etenim</strong></span> <span class='ocrx_word' id='word_1_492' title='bbox 1065 3470 1320 3527; x_wconf 90' lang='lat' dir='ltr'><strong>dominici</strong></span> <span class='ocrx_word' id='word_1_493' title='bbox 1349 3471 1526 3540; x_wconf 88' lang='lat' dir='ltr'><strong>gregis</strong></span> <span class='ocrx_word' id='word_1_494' title='bbox 1553 3468 1762 3534; x_wconf 88' lang='lat' dir='ltr'><strong>Petrus,</strong></span> <span class='ocrx_word' id='word_1_495' title='bbox 1787 3477 1842 3522; x_wconf 91' lang='lat' dir='ltr'><strong>et</strong></span> 
     </span>
    </p>
   </div>
   <div class='ocr_carea' id='block_1_63' title="bbox 249 3559 1845 3633">
    <p class='ocr_par' dir='ltr' id='par_1_63' title="bbox 249 3559 1845 3633">
     <span class='ocr_line' id='line_1_63' title="bbox 249 3559 1845 3633; baseline -0.004 -15"><span class='ocrx_word' id='word_1_496' title='bbox 249 3567 407 3632; x_wconf 81' lang='lat' dir='ltr'><strong>virgo</strong></span> <span class='ocrx_word' id='word_1_497' title='bbox 437 3563 640 3618; x_wconf 91' lang='lat' dir='ltr'><strong>electus</strong></span> <span class='ocrx_word' id='word_1_498' title='bbox 661 3561 896 3618; x_wconf 85' lang='lat' dir='ltr'><strong>Joannes</strong></span> <span class='ocrx_word' id='word_1_499' title='bbox 915 3563 1245 3633; x_wconf 88' lang='lat' dir='ltr'><strong>evangelista</strong></span> <span class='ocrx_word' id='word_1_500' title='bbox 1275 3571 1330 3617; x_wconf 93' lang='lat' dir='ltr'><strong>et</strong></span> <span class='ocrx_word' id='word_1_501' title='bbox 1352 3561 1646 3631; x_wconf 86' lang='lat' dir='ltr'><strong>apostolus,</strong></span> <span class='ocrx_word' id='word_1_502' title='bbox 1679 3559 1745 3614; x_wconf 89' lang='lat' dir='ltr'><strong>ad</strong></span> <span class='ocrx_word' id='word_1_503' title='bbox 1766 3560 1845 3613; x_wconf 90' lang='lat' dir='ltr'><strong>al-</strong></span> 
     </span>
    </p>
   </div>
   <div class='ocr_carea' id='block_1_64' title="bbox 250 3654 1846 3725">
    <p class='ocr_par' dir='ltr' id='par_1_64' title="bbox 250 3654 1846 3725">
     <span class='ocr_line' id='line_1_64' title="bbox 250 3654 1846 3725; baseline -0.004 -13"><span class='ocrx_word' id='word_1_504' title='bbox 250 3664 527 3712; x_wconf 89' lang='lat' dir='ltr'><strong>terutrum</strong></span> <span class='ocrx_word' id='word_1_505' title='bbox 551 3655 771 3723; x_wconf 72' lang='lat' dir='ltr'><strong>mqualis</strong></span> <span class='ocrx_word' id='word_1_506' title='bbox 799 3663 924 3709; x_wconf 90' lang='lat' dir='ltr'><strong>sunt</strong></span> <span class='ocrx_word' id='word_1_507' title='bbox 944 3657 1217 3724; x_wconf 89' lang='lat' dir='ltr'><strong>dignitatis</strong></span> <span class='ocrx_word' id='word_1_508' title='bbox 1241 3673 1255 3708; x_wconf 88' lang='lat'>:</span> <span class='ocrx_word' id='word_1_509' title='bbox 1286 3664 1507 3725; x_wconf 89' lang='lat' dir='ltr'><strong>propter</strong></span> <span class='ocrx_word' id='word_1_510' title='bbox 1525 3654 1666 3724; x_wconf 90' lang='lat' dir='ltr'><strong>quod</strong></span> <span class='ocrx_word' id='word_1_511' title='bbox 1687 3654 1846 3710; x_wconf 80' lang='lat' dir='ltr'><strong>Chri-</strong></span> 
     </span>
    </p>
   </div>
   <div class='ocr_carea' id='block_1_65' title="bbox 252 3743 1846 3813">
    <p class='ocr_par' dir='ltr' id='par_1_65' title="bbox 252 3743 1846 3813">
     <span class='ocr_line' id='line_1_65' title="bbox 252 3743 1846 3813; baseline -0.003 -12"><span class='ocrx_word' id='word_1_512' title='bbox 252 3747 327 3802; x_wconf 90' lang='lat' dir='ltr'><strong>sti</strong></span> <span class='ocrx_word' id='word_1_513' title='bbox 357 3745 602 3813; x_wconf 88' lang='lat' dir='ltr'><strong>discipuli</strong></span> <span class='ocrx_word' id='word_1_514' title='bbox 625 3752 680 3798; x_wconf 92' lang='lat' dir='ltr'><strong>et</strong></span> <span class='ocrx_word' id='word_1_515' title='bbox 693 3745 932 3798; x_wconf 87' lang='lat' dir='ltr'><strong>veritatis</strong></span> <span class='ocrx_word' id='word_1_516' title='bbox 955 3753 1118 3799; x_wconf 88' lang='lat' dir='ltr'><strong>testes</strong></span> <span class='ocrx_word' id='word_1_517' title='bbox 1134 3745 1310 3798; x_wconf 87' lang='lat' dir='ltr'><strong>idonei</strong></span> <span class='ocrx_word' id='word_1_518' title='bbox 1337 3753 1616 3799; x_wconf 89' lang='lat' dir='ltr'><strong>vocantur.</strong></span> <span class='ocrx_word' id='word_1_519' title='bbox 1647 3743 1846 3798; x_wconf 84' lang='lat' dir='ltr'><strong>Horum</strong></span> 
     </span>
    </p>
   </div>
   <div class='ocr_carea' id='block_1_66' title="bbox 255 3831 1849 3904">
    <p class='ocr_par' dir='ltr' id='par_1_66' title="bbox 255 3831 1849 3904">
     <span class='ocr_line' id='line_1_66' title="bbox 255 3831 1849 3904; baseline -0.005 -12"><span class='ocrx_word' id='word_1_520' title='bbox 255 3850 442 3892; x_wconf 89' lang='lat' dir='ltr'><strong>tamen</strong></span> <span class='ocrx_word' id='word_1_521' title='bbox 474 3844 699 3904; x_wconf 88' lang='lat' dir='ltr'><strong>uterque</strong></span> <span class='ocrx_word' id='word_1_522' title='bbox 748 3852 853 3889; x_wconf 93' lang='lat' dir='ltr'><strong>non</strong></span> <span class='ocrx_word' id='word_1_523' title='bbox 887 3851 1024 3890; x_wconf 91' lang='lat' dir='ltr'><strong>unus</strong></span> <span class='ocrx_word' id='word_1_524' title='bbox 1066 3844 1170 3890; x_wconf 90' lang='lat' dir='ltr'><strong>est.</strong></span> <span class='ocrx_word' id='word_1_525' title='bbox 1214 3835 1322 3890; x_wconf 83' lang='lat' dir='ltr'><strong>Vos</strong></span> <span class='ocrx_word' id='word_1_526' title='bbox 1349 3851 1502 3904; x_wconf 89' lang='lat' dir='ltr'><strong>ergo,</strong></span> <span class='ocrx_word' id='word_1_527' title='bbox 1555 3835 1702 3889; x_wconf 86' lang='lat' dir='ltr'><strong>lilioli</strong></span> <span class='ocrx_word' id='word_1_528' title='bbox 1743 3831 1849 3889; x_wconf 87' lang='lat' dir='ltr'><strong>mei</strong></span> 
     </span>
    </p>
   </div>
   <div class='ocr_carea' id='block_1_67' title="bbox 255 3926 1851 3996">
    <p class='ocr_par' dir='ltr' id='par_1_67' title="bbox 255 3926 1851 3996">
     <span class='ocr_line' id='line_1_67' title="bbox 255 3926 1851 3996; baseline -0.003 -11"><span class='ocrx_word' id='word_1_529' title='bbox 255 3929 583 3990; x_wconf 88' lang='lat' dir='ltr'><strong>charissimi,</strong></span> <span class='ocrx_word' id='word_1_530' title='bbox 618 3941 791 3996; x_wconf 88' lang='lat' dir='ltr'><strong>neque</strong></span> <span class='ocrx_word' id='word_1_531' title='bbox 838 3927 1005 3981; x_wconf 88' lang='lat' dir='ltr'><strong>Deum</strong></span> <span class='ocrx_word' id='word_1_532' title='bbox 1035 3935 1127 3980; x_wconf 92' lang='lat' dir='ltr'><strong>aut</strong></span> <span class='ocrx_word' id='word_1_533' title='bbox 1156 3927 1468 3993; x_wconf 88' lang='lat' dir='ltr'><strong>Dominum,</strong></span> <span class='ocrx_word' id='word_1_534' title='bbox 1497 3926 1696 3980; x_wconf 89' lang='lat' dir='ltr'><strong>Christi</strong></span> <span class='ocrx_word' id='word_1_535' title='bbox 1729 3942 1851 3980; x_wconf 86' lang='lat' dir='ltr'><strong>ver-</strong></span> 
     </span>
    </p>
   </div>
   <div class='ocr_carea' id='block_1_68' title="bbox 253 4015 1852 4087">
    <p class='ocr_par' dir='ltr' id='par_1_68' title="bbox 253 4015 1852 4087">
     <span class='ocr_line' id='line_1_68' title="bbox 253 4015 1852 4087; baseline -0.003 -10"><span class='ocrx_word' id='word_1_536' title='bbox 253 4036 411 4084; x_wconf 87' lang='lat' dir='ltr'><strong>num,</strong></span> <span class='ocrx_word' id='word_1_537' title='bbox 438 4020 531 4074; x_wconf 90' lang='lat' dir='ltr'><strong>Dei</strong></span> <span class='ocrx_word' id='word_1_538' title='bbox 554 4018 728 4073; x_wconf 84' lang='lat' dir='ltr'><strong>Patris</strong></span> <span class='ocrx_word' id='word_1_539' title='bbox 756 4019 1010 4080; x_wconf 87' lang='lat' dir='ltr'><strong>asserite;</strong></span> <span class='ocrx_word' id='word_1_540' title='bbox 1047 4035 1114 4072; x_wconf 90' lang='lat' dir='ltr'><strong>ne</strong></span> <span class='ocrx_word' id='word_1_541' title='bbox 1151 4015 1343 4072; x_wconf 82' lang='lat' dir='ltr'><strong>iterum</strong></span> <span class='ocrx_word' id='word_1_542' title='bbox 1369 4019 1613 4087; x_wconf 86' lang='lat' dir='ltr'><strong>apertius</strong></span> <span class='ocrx_word' id='word_1_543' title='bbox 1637 4018 1688 4071; x_wconf 92' lang='lat' dir='ltr'><strong>in</strong></span> <span class='ocrx_word' id='word_1_544' title='bbox 1717 4018 1852 4072; x_wconf 89' lang='lat' dir='ltr'><strong>duos</strong></span> 
     </span>
    </p>
   </div>
   <div class='ocr_carea' id='block_1_69' title="bbox 255 4111 1850 4179">
    <p class='ocr_par' dir='ltr' id='par_1_69' title="bbox 255 4111 1850 4179">
     <span class='ocr_line' id='line_1_69' title="bbox 255 4111 1850 4179; baseline -0.001 -11"><span class='ocrx_word' id='word_1_545' title='bbox 255 4112 514 4169; x_wconf 87' lang='lat' dir='ltr'><strong>dividatis</strong></span> <span class='ocrx_word' id='word_1_546' title='bbox 539 4128 700 4167; x_wconf 89' lang='lat' dir='ltr'><strong>unttm</strong></span> <span class='ocrx_word' id='word_1_547' title='bbox 739 4111 1010 4166; x_wconf 89' lang='lat' dir='ltr'><strong>Christum</strong></span> <span class='ocrx_word' id='word_1_548' title='bbox 1049 4119 1106 4166; x_wconf 90' lang='lat' dir='ltr'><strong>et</strong></span> <span class='ocrx_word' id='word_1_549' title='bbox 1137 4111 1441 4179; x_wconf 90' lang='lat' dir='ltr'><strong>Dominum,</strong></span> <span class='ocrx_word' id='word_1_550' title='bbox 1471 4120 1526 4166; x_wconf 91' lang='lat' dir='ltr'><strong>et</strong></span> <span class='ocrx_word' id='word_1_551' title='bbox 1554 4113 1606 4165; x_wconf 94' lang='lat' dir='ltr'><strong>in</strong></span> <span class='ocrx_word' id='word_1_552' title='bbox 1637 4112 1850 4168; x_wconf 82' lang='lat' dir='ltr'><strong>sacrile-</strong></span> 
     </span>
    </p>
   </div>
   <div class='ocr_carea' id='block_1_70' title="bbox 257 4202 1853 4272">
    <p class='ocr_par' dir='ltr' id='par_1_70' title="bbox 257 4202 1853 4272">
     <span class='ocr_line' id='line_1_70' title="bbox 257 4202 1853 4272; baseline -0.001 -14"><span class='ocrx_word' id='word_1_553' title='bbox 257 4205 332 4272; x_wconf 88' lang='lat' dir='ltr'><strong>gii</strong></span> <span class='ocrx_word' id='word_1_554' title='bbox 374 4205 580 4260; x_wconf 91' lang='lat' dir='ltr'><strong>crimen</strong></span> <span class='ocrx_word' id='word_1_555' title='bbox 627 4203 896 4258; x_wconf 88' lang='lat' dir='ltr'><strong>incidatis.</strong></span> <span class='ocrx_word' id='word_1_556' title='bbox 925 4202 1093 4258; x_wconf 90' lang='lat' dir='ltr'><strong>Deum</strong></span> <span class='ocrx_word' id='word_1_557' title='bbox 1145 4204 1219 4258; x_wconf 90' lang='lat' dir='ltr'><strong>illi</strong></span> <span class='ocrx_word' id='word_1_558' title='bbox 1251 4203 1486 4272; x_wconf 91' lang='lat' dir='ltr'><strong>seipsum</strong></span> <span class='ocrx_word' id='word_1_559' title='bbox 1517 4202 1774 4258; x_wconf 75' lang='lat' dir='ltr'><strong>facientes</strong></span> <span class='ocrx_word' id='word_1_560' title='bbox 1798 4214 1853 4258; x_wconf 90' lang='lat' dir='ltr'><strong>et</strong></span> 
     </span>
    </p>
   </div>
   <div class='ocr_carea' id='block_1_71' title="bbox 261 4296 1858 4366">
    <p class='ocr_par' dir='ltr' id='par_1_71' title="bbox 261 4296 1858 4366">
     <span class='ocr_line' id='line_1_71' title="bbox 261 4296 1858 4366; baseline 0 -14"><span class='ocrx_word' id='word_1_561' title='bbox 261 4299 570 4353; x_wconf 82' lang='lat' dir='ltr'><strong>Dominum.</strong></span> <span class='ocrx_word' id='word_1_562' title='bbox 610 4296 798 4351; x_wconf 90' lang='lat' dir='ltr'><strong>Unitus</strong></span> <span class='ocrx_word' id='word_1_563' title='bbox 825 4296 1062 4366; x_wconf 90' lang='lat' dir='ltr'><strong>quidem,</strong></span> <span class='ocrx_word' id='word_1_564' title='bbox 1089 4299 1244 4354; x_wconf 86' lang='lat' dir='ltr'><strong>sicuti</strong></span> <span class='ocrx_word' id='word_1_565' title='bbox 1274 4299 1524 4365; x_wconf 82' lang='lat' dir='ltr'><strong>diximus,</strong></span> <span class='ocrx_word' id='word_1_566' title='bbox 1559 4299 1698 4354; x_wconf 89' lang='lat' dir='ltr'><strong>Deus</strong></span> <span class='ocrx_word' id='word_1_567' title='bbox 1726 4299 1858 4354; x_wconf 72' lang='lat' dir='ltr'><strong>Ve:-</strong></span> 
     </span>
    </p>
   </div>
   <div class='ocr_carea' id='block_1_72' title="bbox 259 4391 1851 4462">
    <p class='ocr_par' dir='ltr' id='par_1_72' title="bbox 259 4391 1851 4462">
     <span class='ocr_line' id='line_1_72' title="bbox 259 4391 1851 4462; baseline 0 -16"><span class='ocrx_word' id='word_1_568' title='bbox 259 4391 392 4446; x_wconf 90' lang='lat' dir='ltr'><strong>bum</strong></span> <span class='ocrx_word' id='word_1_569' title='bbox 440 4391 589 4446; x_wconf 87' lang='lat' dir='ltr'><strong>carni</strong></span> <span class='ocrx_word' id='word_1_570' title='bbox 639 4391 930 4446; x_wconf 90' lang='lat' dir='ltr'><strong>secundum</strong></span> <span class='ocrx_word' id='word_1_571' title='bbox 978 4394 1405 4447; x_wconf 89' lang='lat' dir='ltr'><strong>subsistentiam.</strong></span> <span class='ocrx_word' id='word_1_572' title='bbox 1444 4392 1584 4448; x_wconf 92' lang='lat' dir='ltr'><strong>Deus</strong></span> <span class='ocrx_word' id='word_1_573' title='bbox 1635 4393 1851 4462; x_wconf 87' lang='lat' dir='ltr'><strong>quidem</strong></span> 
     </span>
    </p>
   </div>
   <div class='ocr_carea' id='block_1_73' title="bbox 259 4483 1856 4551">
    <p class='ocr_par' dir='ltr' id='par_1_73' title="bbox 259 4483 1856 4551">
     <span class='ocr_line' id='line_1_73' title="bbox 259 4483 1856 4551; baseline 0.001 -14"><span class='ocrx_word' id='word_1_574' title='bbox 259 4493 346 4537; x_wconf 86' lang='lat' dir='ltr'><strong>est</strong></span> <span class='ocrx_word' id='word_1_575' title='bbox 369 4485 607 4538; x_wconf 90' lang='lat' dir='ltr'><strong>omnium</strong></span> <span class='ocrx_word' id='word_1_576' title='bbox 634 4483 957 4540; x_wconf 82' lang='lat' dir='ltr'><strong>dominator.</strong></span> <span class='ocrx_word' id='word_1_577' title='bbox 977 4485 1337 4539; x_wconf 89' lang='lat' dir='ltr'><strong>universitatis</strong></span> <span class='ocrx_word' id='word_1_578' title='bbox 1359 4492 1571 4540; x_wconf 87' lang='lat' dir='ltr'><strong>creator</strong></span> <span class='ocrx_word' id='word_1_579' title='bbox 1589 4487 1856 4551; x_wconf 87' lang='lat' dir='ltr'><strong>omnium,</strong></span> 
     </span>
    </p>
   </div>
   <div class='ocr_carea' id='block_1_74' title="bbox 262 4576 1847 4646">
    <p class='ocr_par' dir='ltr' id='par_1_74' title="bbox 262 4576 1847 4646">
     <span class='ocr_line' id='line_1_74' title="bbox 262 4576 1847 4646; baseline -0.001 -16"><span class='ocrx_word' id='word_1_580' title='bbox 262 4584 319 4630; x_wconf 88' lang='lat' dir='ltr'><strong>et</strong></span> <span class='ocrx_word' id='word_1_581' title='bbox 348 4576 736 4644; x_wconf 87' lang='lat' dir='ltr'><strong>pretiosissimo</strong></span> <span class='ocrx_word' id='word_1_582' title='bbox 763 4578 1022 4645; x_wconf 87' lang='lat' dir='ltr'><strong>sanguine</strong></span> <span class='ocrx_word' id='word_1_583' title='bbox 1058 4592 1159 4632; x_wconf 89' lang='lat' dir='ltr'><strong>suo</strong></span> <span class='ocrx_word' id='word_1_584' title='bbox 1198 4576 1503 4646; x_wconf 85' lang='lat' dir='ltr'><strong>redemptor</strong></span> <span class='ocrx_word' id='word_1_585' title='bbox 1552 4577 1847 4631; x_wconf 89' lang='lat' dir='ltr'><strong>hominum.</strong></span> 
     </span>
    </p>
   </div>
   <div class='ocr_carea' id='block_1_75' title="bbox 1948 3387 3561 3453">
    <p class='ocr_par' dir='ltr' id='par_1_75' title="bbox 1948 3387 3561 3453">
     <span class='ocr_line' id='line_1_75' title="bbox 1948 3387 3561 3453; baseline -0.007 -7"><span class='ocrx_word' id='word_1_586' title='bbox 1948 3391 2094 3446; x_wconf 89' lang='lat' dir='ltr'><strong>nium</strong></span> <span class='ocrx_word' id='word_1_587' title='bbox 2143 3399 2442 3445; x_wconf 89' lang='lat' dir='ltr'><strong>creatorem</strong></span> <span class='ocrx_word' id='word_1_588' title='bbox 2492 3407 2652 3444; x_wconf 91' lang='lat' dir='ltr'><strong>unum</strong></span> <span class='ocrx_word' id='word_1_589' title='bbox 2684 3391 2738 3444; x_wconf 90' lang='lat' dir='ltr'><strong>in</strong></span> <span class='ocrx_word' id='word_1_590' title='bbox 2784 3389 3100 3453; x_wconf 82' lang='lat' dir='ltr'><strong>substantia,</strong></span> <span class='ocrx_word' id='word_1_591' title='bbox 3129 3387 3443 3442; x_wconf 81' lang='lat' dir='ltr'><strong>Trinitatem</strong></span> <span class='ocrx_word' id='word_1_592' title='bbox 3475 3387 3561 3440; x_wconf 91' lang='lat' dir='ltr'><strong>in.</strong></span> 
     </span>
    </p>
   </div>
   <div class='ocr_carea' id='block_1_76' title="bbox 1947 3478 3544 3553">
    <p class='ocr_par' dir='ltr' id='par_1_76' title="bbox 1947 3478 3544 3553">
     <span class='ocr_line' id='line_1_76' title="bbox 1947 3478 3544 3553; baseline -0.003 -17"><span class='ocrx_word' id='word_1_593' title='bbox 1947 3483 2194 3553; x_wconf 87' lang='lat' dir='ltr'><strong>personis</strong></span> <span class='ocrx_word' id='word_1_594' title='bbox 2222 3478 2580 3546; x_wconf 79' lang='lat' dir='ltr'><strong>conﬁtemini,</strong></span> <span class='ocrx_word' id='word_1_595' title='bbox 2599 3489 2666 3534; x_wconf 86' lang='lat' dir='ltr'><strong>ut.</strong></span> <span class='ocrx_word' id='word_1_596' title='bbox 2685 3481 2750 3534; x_wconf 89' lang='lat' dir='ltr'><strong>ad</strong></span> <span class='ocrx_word' id='word_1_597' title='bbox 2779 3480 3016 3536; x_wconf 75' lang='lat' dir='ltr'><strong>cmlestia</strong></span> <span class='ocrx_word' id='word_1_598' title='bbox 3039 3479 3227 3548; x_wconf 89' lang='lat' dir='ltr'><strong>gaudia</strong></span> <span class='ocrx_word' id='word_1_599' title='bbox 3251 3481 3544 3548; x_wconf 82' lang='lat' dir='ltr'><strong>pervenire</strong></span> 
     </span>
    </p>
   </div>
   <div class='ocr_carea' id='block_1_77' title="bbox 1948 3572 3528 3638">
    <p class='ocr_par' dir='ltr' id='par_1_77' title="bbox 1948 3572 3528 3638">
     <span class='ocr_line' id='line_1_77' title="bbox 1948 3572 3528 3638; baseline -0.003 -13"><span class='ocrx_word' id='word_1_600' title='bbox 1948 3573 2280 3632; x_wconf 88' lang='lat' dir='ltr'><strong>mereamini,</strong></span> <span class='ocrx_word' id='word_1_601' title='bbox 2313 3572 2402 3627; x_wconf 86' lang='lat' dir='ltr'><strong>ubi</strong></span> <span class='ocrx_word' id='word_1_602' title='bbox 2451 3572 2643 3626; x_wconf 83' lang='lat' dir='ltr'><strong>ltnrcnt</strong></span> <span class='ocrx_word' id='word_1_603' title='bbox 2697 3572 2887 3626; x_wconf 67' lang='lat' dir='ltr'><strong>merita</strong></span> <span class='ocrx_word' id='word_1_604' title='bbox 2931 3579 3266 3637; x_wconf 85' lang='lat' dir='ltr'><strong>sanctorum,</strong></span> <span class='ocrx_word' id='word_1_605' title='bbox 3301 3585 3528 3638; x_wconf 90' lang='lat' dir='ltr'><strong>quorum</strong></span> 
     </span>
    </p>
   </div>
   <div class='ocr_carea' id='block_1_78' title="bbox 1949 3661 3525 3732">
    <p class='ocr_par' dir='ltr' id='par_1_78' title="bbox 1949 3661 3525 3732">
     <span class='ocr_line' id='line_1_78' title="bbox 1949 3661 3525 3732; baseline -0.003 -16"><span class='ocrx_word' id='word_1_606' title='bbox 1949 3663 2201 3732; x_wconf 85' lang='lat' dir='ltr'><strong>gaudium</strong></span> <span class='ocrx_word' id='word_1_607' title='bbox 2230 3671 2291 3717; x_wconf 89' lang='lat' dir='ltr'><strong>et</strong></span> <span class='ocrx_word' id='word_1_608' title='bbox 2309 3662 2596 3717; x_wconf 80' lang='lat' dir='ltr'><strong>exsultatio</strong></span> <span class='ocrx_word' id='word_1_609' title='bbox 2620 3679 2724 3716; x_wconf 89' lang='lat' dir='ltr'><strong>non</strong></span> <span class='ocrx_word' id='word_1_610' title='bbox 2750 3663 2959 3716; x_wconf 83' lang='lat' dir='ltr'><strong>desinet</strong></span> <span class='ocrx_word' id='word_1_611' title='bbox 2981 3677 3147 3731; x_wconf 89' lang='lat' dir='ltr'><strong>usque</strong></span> <span class='ocrx_word' id='word_1_612' title='bbox 3170 3663 3219 3715; x_wconf 93' lang='lat' dir='ltr'><strong>in</strong></span> <span class='ocrx_word' id='word_1_613' title='bbox 3243 3661 3525 3729; x_wconf 70' lang='lat' dir='ltr'><strong>sempiter—</strong></span> 
     </span>
    </p>
   </div>
   <div class='ocr_carea' id='block_1_79' title="bbox 1951 3751 3564 3824">
    <p class='ocr_par' dir='ltr' id='par_1_79' title="bbox 1951 3751 3564 3824">
     <span class='ocr_line' id='line_1_79' title="bbox 1951 3751 3564 3824; baseline -0.004 -14"><span class='ocrx_word' id='word_1_614' title='bbox 1951 3771 2098 3821; x_wconf 89' lang='lat' dir='ltr'><strong>num,</strong></span> <span class='ocrx_word' id='word_1_615' title='bbox 2117 3763 2377 3824; x_wconf 86' lang='lat' dir='ltr'><strong>regnante</strong></span> <span class='ocrx_word' id='word_1_616' title='bbox 2391 3755 2616 3810; x_wconf 90' lang='lat' dir='ltr'><strong>Domino</strong></span> <span class='ocrx_word' id='word_1_617' title='bbox 2630 3764 2816 3809; x_wconf 88' lang='lat' dir='ltr'><strong>nostro</strong></span> <span class='ocrx_word' id='word_1_618' title='bbox 2830 3754 2956 3808; x_wconf 75' lang='lat' dir='ltr'><strong>Jesu</strong></span> <span class='ocrx_word' id='word_1_619' title='bbox 2972 3754 3212 3818; x_wconf 85' lang='lat' dir='ltr'><strong>Christo,</strong></span> <span class='ocrx_word' id='word_1_620' title='bbox 3237 3768 3357 3808; x_wconf 92' lang='lat' dir='ltr'><strong>cum</strong></span> <span class='ocrx_word' id='word_1_621' title='bbox 3376 3751 3534 3805; x_wconf 84' lang='lat' dir='ltr'><strong>Patre</strong></span> <span class='ocrx_word' id='word_1_622' title='bbox 3561 3777 3564 3780; x_wconf 78' lang='lat'><strong><em>~</em></strong></span> 
     </span>
    </p>
   </div>
   <div class='ocr_carea' id='block_1_80' title="bbox 1950 3844 3561 3917">
    <p class='ocr_par' dir='ltr' id='par_1_80' title="bbox 1950 3844 3561 3917">
     <span class='ocr_line' id='line_1_80' title="bbox 1950 3844 3561 3917; baseline -0.004 -15"><span class='ocrx_word' id='word_1_623' title='bbox 1950 3856 2248 3915; x_wconf 64' lang='lat' dir='ltr'><strong>comterno,</strong></span> <span class='ocrx_word' id='word_1_624' title='bbox 2275 3855 2606 3917; x_wconf 88' lang='lat' dir='ltr'><strong>cooperante</strong></span> <span class='ocrx_word' id='word_1_625' title='bbox 2629 3848 2799 3914; x_wconf 85' lang='lat' dir='ltr'><strong>gratia</strong></span> <span class='ocrx_word' id='word_1_626' title='bbox 2846 3846 3076 3915; x_wconf 83' lang='lat' dir='ltr'><strong>Spiritus</strong></span> <span class='ocrx_word' id='word_1_627' title='bbox 3102 3845 3292 3911; x_wconf 91' lang='lat' dir='ltr'><strong>sancti,</strong></span> <span class='ocrx_word' id='word_1_628' title='bbox 3342 3844 3426 3899; x_wconf 93' lang='lat' dir='ltr'><strong>cui</strong></span> <span class='ocrx_word' id='word_1_629' title='bbox 3464 3844 3561 3897; x_wconf 72' lang='lat' dir='ltr'><strong>sit&#39;</strong></span> 
     </span>
    </p>
   </div>
   <div class='ocr_carea' id='block_1_81' title="bbox 1952 3934 3565 4008">
    <p class='ocr_par' dir='ltr' id='par_1_81' title="bbox 1952 3934 3565 4008">
     <span class='ocr_line' id='line_1_81' title="bbox 1952 3934 3565 4008; baseline -0.004 -16"><span class='ocrx_word' id='word_1_630' title='bbox 1952 3937 2090 4007; x_wconf 90' lang='lat' dir='ltr'><strong>laus,</strong></span> <span class='ocrx_word' id='word_1_631' title='bbox 2116 3938 2422 4008; x_wconf 88' lang='lat' dir='ltr'><strong>imperium,</strong></span> <span class='ocrx_word' id='word_1_632' title='bbox 2454 3953 2553 4008; x_wconf 88' lang='lat' dir='ltr'><strong>per</strong></span> <span class='ocrx_word' id='word_1_633' title='bbox 2573 3938 2752 3991; x_wconf 89' lang='lat' dir='ltr'><strong>omnia</strong></span> <span class='ocrx_word' id='word_1_634' title='bbox 2772 3937 2963 3990; x_wconf 61' lang='lat' dir='ltr'><strong>sarcula</strong></span> <span class='ocrx_word' id='word_1_635' title='bbox 2986 3935 3322 3990; x_wconf 73' lang='lat' dir='ltr'><strong>smculorum.</strong></span> <span class='ocrx_word' id='word_1_636' title='bbox 3340 3934 3535 3988; x_wconf 84' lang='lat' dir='ltr'><strong>Amen.</strong></span> <span class='ocrx_word' id='word_1_637' title='bbox 3558 3974 3565 3983; x_wconf 90' lang='lat'><strong>.</strong></span> 
     </span>
    </p>
   </div>
   <div class='ocr_carea' id='block_1_82' title="bbox 2096 4021 3419 4082">
    <p class='ocr_par' dir='ltr' id='par_1_82' title="bbox 2096 4021 3419 4082">
     <span class='ocr_line' id='line_1_82' title="bbox 2096 4021 3419 4082; baseline -0.004 0"><span class='ocrx_word' id='word_1_638' title='bbox 2096 4026 2480 4082; x_wconf 81' lang='lat' dir='ltr'><strong>TRANSITUS</strong></span> <span class='ocrx_word' id='word_1_639' title='bbox 2515 4026 2572 4082; x_wconf 91' lang='lat' dir='ltr'><strong>S.</strong></span> <span class='ocrx_word' id='word_1_640' title='bbox 2614 4024 3042 4080; x_wconf 60' lang='lat' dir='ltr'><strong>ELEUTHERH.</strong></span> <span class='ocrx_word' id='word_1_641' title='bbox 3068 4021 3419 4078; x_wconf 71' lang='lat' dir='ltr'><strong>EPISCOPL</strong></span> 
     </span>
    </p>
   </div>
   <div class='ocr_carea' id='block_1_83' title="bbox 2023 4115 3552 4190">
    <p class='ocr_par' dir='ltr' id='par_1_83' title="bbox 2023 4115 3552 4190">
     <span class='ocr_line' id='line_1_83' title="bbox 2023 4115 3552 4190; baseline -0.004 -14"><span class='ocrx_word' id='word_1_642' title='bbox 2023 4120 2082 4176; x_wconf 88' lang='lat' dir='ltr'><strong>ln</strong></span> <span class='ocrx_word' id='word_1_643' title='bbox 2108 4121 2214 4176; x_wconf 89' lang='lat' dir='ltr'><strong>illis</strong></span> <span class='ocrx_word' id='word_1_644' title='bbox 2241 4119 2574 4190; x_wconf 91' lang='lat' dir='ltr'><strong>temporibus</strong></span> <span class='ocrx_word' id='word_1_645' title='bbox 2599 4118 2725 4173; x_wconf 88' lang='lat' dir='ltr'><strong>dum</strong></span> <span class='ocrx_word' id='word_1_646' title='bbox 2747 4119 2937 4173; x_wconf 89' lang='lat' dir='ltr'><strong>beatus</strong></span> <span class='ocrx_word' id='word_1_647' title='bbox 2959 4115 3301 4173; x_wconf 87' lang='lat' dir='ltr'><strong>Eleutherius</strong></span> <span class='ocrx_word' id='word_1_648' title='bbox 3326 4115 3552 4171; x_wconf 47' lang='lat' dir='ltr'><strong>Tornaw</strong></span> 
     </span>
    </p>
   </div>
   <div class='ocr_carea' id='block_1_84' title="bbox 1953 4208 3543 4283">
    <p class='ocr_par' dir='ltr' id='par_1_84' title="bbox 1953 4208 3543 4283">
     <span class='ocr_line' id='line_1_84' title="bbox 1953 4208 3543 4283; baseline -0.005 -13"><span class='ocrx_word' id='word_1_649' title='bbox 1953 4215 2130 4270; x_wconf 88' lang='lat' dir='ltr'><strong>censis</strong></span> <span class='ocrx_word' id='word_1_650' title='bbox 2159 4213 2410 4269; x_wconf 80' lang='lat' dir='ltr'><strong>Ecclesia:</strong></span> <span class='ocrx_word' id='word_1_651' title='bbox 2437 4209 2676 4283; x_wconf 71' lang='lat' dir='ltr'><strong>pontifex</strong></span> <span class='ocrx_word' id='word_1_652' title='bbox 2716 4219 2971 4282; x_wconf 66' lang='lat' dir='ltr'><strong>praeesset</strong></span> <span class='ocrx_word' id='word_1_653' title='bbox 2997 4209 3278 4274; x_wconf 87' lang='lat' dir='ltr'><strong>secundus,</strong></span> <span class='ocrx_word' id='word_1_654' title='bbox 3310 4208 3543 4276; x_wconf 86' lang='lat' dir='ltr'><strong>litigatio</strong></span> 
     </span>
    </p>
   </div>
   <div class='ocr_carea' id='block_1_85' title="bbox 1953 4298 3542 4376">
    <p class='ocr_par' dir='ltr' id='par_1_85' title="bbox 1953 4298 3542 4376">
     <span class='ocr_line' id='line_1_85' title="bbox 1953 4298 3542 4376; baseline -0.006 -14"><span class='ocrx_word' id='word_1_655' title='bbox 1953 4321 2147 4376; x_wconf 85' lang='lat' dir='ltr'><strong>magna</strong></span> <span class='ocrx_word' id='word_1_656' title='bbox 2197 4307 2336 4361; x_wconf 92' lang='lat' dir='ltr'><strong>inter</strong></span> <span class='ocrx_word' id='word_1_657' title='bbox 2363 4304 2735 4360; x_wconf 86' lang='lat' dir='ltr'><strong>Tornacenses</strong></span> <span class='ocrx_word' id='word_1_658' title='bbox 2763 4304 2988 4358; x_wconf 84' lang='lat' dir='ltr'><strong>clericos</strong></span> <span class='ocrx_word' id='word_1_659' title='bbox 3042 4309 3231 4358; x_wconf 79' lang='lat' dir='ltr'><strong>exorta</strong></span> <span class='ocrx_word' id='word_1_660' title='bbox 3275 4309 3379 4356; x_wconf 87' lang='lat' dir='ltr'><strong>est.</strong></span> <span class='ocrx_word' id='word_1_661' title='bbox 3409 4298 3542 4366; x_wconf 70' lang='lat' dir='ltr'><strong>Qui~</strong></span> 
     </span>
    </p>
   </div>
   <div class='ocr_carea' id='block_1_86' title="bbox 1952 4391 3542 4464">
    <p class='ocr_par' dir='ltr' id='par_1_86' title="bbox 1952 4391 3542 4464">
     <span class='ocr_line' id='line_1_86' title="bbox 1952 4391 3542 4464; baseline -0.005 -13"><span class='ocrx_word' id='word_1_662' title='bbox 1952 4397 2078 4451; x_wconf 90' lang='lat' dir='ltr'><strong>dam</strong></span> <span class='ocrx_word' id='word_1_663' title='bbox 2107 4397 2248 4451; x_wconf 92' lang='lat' dir='ltr'><strong>enim</strong></span> <span class='ocrx_word' id='word_1_664' title='bbox 2278 4395 2514 4450; x_wconf 69' lang='lat' dir='ltr'><strong>hmretici</strong></span> <span class='ocrx_word' id='word_1_665' title='bbox 2551 4395 2806 4464; x_wconf 84' lang='lat' dir='ltr'><strong>quasdam</strong></span> <span class='ocrx_word' id='word_1_666' title='bbox 2838 4393 3071 4463; x_wconf 70' lang='lat' dir='ltr'><strong>propriae</strong></span> <span class='ocrx_word' id='word_1_667' title='bbox 3094 4391 3362 4446; x_wconf 65' lang='lat' dir='ltr'><strong>haereseos</strong></span> <span class='ocrx_word' id='word_1_668' title='bbox 3386 4391 3542 4445; x_wconf 74' lang='lat' dir='ltr'><strong>novi-</strong></span> 
     </span>
    </p>
   </div>
   <div class='ocr_carea' id='block_1_87' title="bbox 1955 4481 3540 4558">
    <p class='ocr_par' dir='ltr' id='par_1_87' title="bbox 1955 4481 3540 4558">
     <span class='ocr_line' id='line_1_87' title="bbox 1955 4481 3540 4558; baseline -0.005 -15"><span class='ocrx_word' id='word_1_669' title='bbox 1955 4496 2096 4543; x_wconf 89' lang='lat' dir='ltr'><strong>tates</strong></span> <span class='ocrx_word' id='word_1_670' title='bbox 2147 4486 2518 4558; x_wconf 80' lang='lat' dir='ltr'><strong>proferebant,</strong></span> <span class='ocrx_word' id='word_1_671' title='bbox 2554 4495 2610 4540; x_wconf 91' lang='lat' dir='ltr'><strong>et</strong></span> <span class='ocrx_word' id='word_1_672' title='bbox 2662 4484 3097 4556; x_wconf 79' lang='lat' dir='ltr'><strong>prmdicationem</strong></span> <span class='ocrx_word' id='word_1_673' title='bbox 3157 4482 3400 4537; x_wconf 84' lang='lat' dir='ltr'><strong>veritatis</strong></span> <span class='ocrx_word' id='word_1_674' title='bbox 3441 4481 3540 4536; x_wconf 86' lang='lat' dir='ltr'><strong>de-</strong></span> 
     </span>
    </p>
   </div>
   <div class='ocr_carea' id='block_1_88' title="bbox 1954 4573 3539 4646">
    <p class='ocr_par' dir='ltr' id='par_1_88' title="bbox 1954 4573 3539 4646">
     <span class='ocr_line' id='line_1_88' title="bbox 1954 4573 3539 4646; baseline -0.006 -9"><span class='ocrx_word' id='word_1_675' title='bbox 1954 4590 2164 4636; x_wconf 87' lang='lat' dir='ltr'><strong>struere</strong></span> <span class='ocrx_word' id='word_1_676' title='bbox 2185 4581 2544 4646; x_wconf 83' lang='lat' dir='ltr'><strong>conabantur,</strong></span> <span class='ocrx_word' id='word_1_677' title='bbox 2574 4577 2836 4634; x_wconf 86' lang='lat' dir='ltr'><strong>audentes</strong></span> <span class='ocrx_word' id='word_1_678' title='bbox 2863 4576 3179 4646; x_wconf 84' lang='lat' dir='ltr'><strong>mysterium</strong></span> <span class='ocrx_word' id='word_1_679' title='bbox 3207 4573 3400 4629; x_wconf 81' lang='lat' dir='ltr'><strong>divina:</strong></span> <span class='ocrx_word' id='word_1_680' title='bbox 3427 4573 3539 4628; x_wconf 58' lang='lat' dir='ltr'><strong>disa</strong></span> 
     </span>
    </p>
   </div>
   <div class='ocr_carea' id='block_1_89' title="bbox 260 4662 3541 4746">
    <p class='ocr_par' dir='ltr' id='par_1_89' title="bbox 260 4662 3541 4746">
     <span class='ocr_line' id='line_1_89' title="bbox 260 4662 3541 4746; baseline 0.001 -30"><span class='ocrx_word' id='word_1_681' title='bbox 260 4662 553 4720; x_wconf 86' lang='lat' dir='ltr'><strong>Evidenter</strong></span> <span class='ocrx_word' id='word_1_682' title='bbox 589 4673 766 4720; x_wconf 86' lang='lat' dir='ltr'><strong>autem</strong></span> <span class='ocrx_word' id='word_1_683' title='bbox 802 4665 1032 4734; x_wconf 86' lang='lat' dir='ltr'><strong>denegat</strong></span> <span class='ocrx_word' id='word_1_684' title='bbox 1073 4667 1370 4728; x_wconf 78' lang='lat' dir='ltr'><strong>unitatem,</strong></span> <span class='ocrx_word' id='word_1_685' title='bbox 1414 4667 1506 4734; x_wconf 92' lang='lat' dir='ltr'><strong>qui</strong></span> <span class='ocrx_word' id='word_1_686' title='bbox 1559 4667 1747 4722; x_wconf 88' lang='lat' dir='ltr'><strong>dividit</strong></span> <span class='ocrx_word' id='word_1_687' title='bbox 1797 4668 1849 4720; x_wconf 92' lang='lat' dir='ltr'><strong>in</strong></span> <span class='ocrx_word' id='word_1_688' title='bbox 1885 4669 1934 4730; x_wconf 70' lang='grc' dir='ltr'><strong><em>Β</em></strong></span> <span class='ocrx_word' id='word_1_689' title='bbox 1957 4674 2289 4746; x_wconf 66' lang='lat' dir='ltr'><strong>pensationis</strong></span> <span class='ocrx_word' id='word_1_690' title='bbox 2315 4685 2681 4742; x_wconf 79' lang='lat' dir='ltr'><strong>corrumpere,</strong></span> <span class='ocrx_word' id='word_1_691' title='bbox 2710 4678 2768 4724; x_wconf 89' lang='lat' dir='ltr'><strong>et</strong></span> <span class='ocrx_word' id='word_1_692' title='bbox 2814 4678 3071 4738; x_wconf 82' lang='lat' dir='ltr'><strong>negantes</strong></span> <span class='ocrx_word' id='word_1_693' title='bbox 3116 4665 3541 4738; x_wconf 85' lang='lat' dir='ltr'><strong>paranympbutn</strong></span> 
     </span>
    </p>
   </div>
   <div class='ocr_carea' id='block_1_90' title="bbox 262 4755 3541 4835">
    <p class='ocr_par' dir='ltr' id='par_1_90' title="bbox 262 4755 3541 4835">
     <span class='ocr_line' id='line_1_90' title="bbox 262 4755 3541 4835; baseline 0.001 -25"><span class='ocrx_word' id='word_1_694' title='bbox 262 4756 400 4811; x_wconf 80' lang='lat' dir='ltr'><strong>duos</strong></span> <span class='ocrx_word' id='word_1_695' title='bbox 429 4756 677 4812; x_wconf 87' lang='lat' dir='ltr'><strong>Christos</strong></span> <span class='ocrx_word' id='word_1_696' title='bbox 703 4773 825 4812; x_wconf 91' lang='lat' dir='ltr'><strong>eum</strong></span> <span class='ocrx_word' id='word_1_697' title='bbox 847 4759 935 4827; x_wconf 93' lang='lat' dir='ltr'><strong>qui</strong></span> <span class='ocrx_word' id='word_1_698' title='bbox 963 4775 1103 4814; x_wconf 93' lang='lat' dir='ltr'><strong>unus</strong></span> <span class='ocrx_word' id='word_1_699' title='bbox 1121 4768 1241 4814; x_wconf 87' lang='lat' dir='ltr'><strong>est:</strong></span> <span class='ocrx_word' id='word_1_700' title='bbox 1275 4759 1364 4814; x_wconf 89' lang='lat' dir='ltr'><strong>ille</strong></span> <span class='ocrx_word' id='word_1_701' title='bbox 1391 4767 1633 4828; x_wconf 88' lang='lat' dir='ltr'><strong>apostata</strong></span> <span class='ocrx_word' id='word_1_702' title='bbox 1662 4769 1764 4824; x_wconf 88' lang='lat' dir='ltr'><strong>est,</strong></span> <span class='ocrx_word' id='word_1_703' title='bbox 1795 4769 1858 4814; x_wconf 87' lang='lat' dir='ltr'><strong>et</strong></span> <span class='ocrx_word' id='word_1_704' title='bbox 1952 4767 2230 4823; x_wconf 65' lang='lat' dir='ltr'><strong>cmlestem</strong></span> <span class='ocrx_word' id='word_1_705' title='bbox 2259 4774 2472 4835; x_wconf 83' lang='lat' dir='ltr'><strong>partum</strong></span> <span class='ocrx_word' id='word_1_706' title='bbox 2501 4762 2723 4830; x_wconf 85' lang='lat' dir='ltr'><strong>virginis</strong></span> <span class='ocrx_word' id='word_1_707' title='bbox 2763 4761 3058 4816; x_wconf 87' lang='lat' dir='ltr'><strong>nuntiasse.</strong></span> <span class='ocrx_word' id='word_1_708' title='bbox 3083 4757 3183 4811; x_wconf 83' lang='lat' dir='ltr'><strong>Alii</strong></span> <span class='ocrx_word' id='word_1_709' title='bbox 3213 4767 3391 4811; x_wconf 86' lang='lat' dir='ltr'><strong>autem</strong></span> <span class='ocrx_word' id='word_1_710' title='bbox 3431 4755 3541 4810; x_wconf 73' lang='grc' dir='ltr'><strong>ιιω-</strong></span> 
     </span>
    </p>
   </div>
   <div class='ocr_carea' id='block_1_91' title="bbox 260 4847 3536 4922">
    <p class='ocr_par' dir='ltr' id='par_1_91' title="bbox 260 4847 3536 4922">
     <span class='ocr_line' id='line_1_91' title="bbox 260 4847 3536 4922; baseline -0.001 -19"><span class='ocrx_word' id='word_1_711' title='bbox 260 4863 389 4906; x_wconf 90' lang='lat' dir='ltr'><strong>vere</strong></span> <span class='ocrx_word' id='word_1_712' title='bbox 440 4850 622 4905; x_wconf 76' lang='lat' dir='ltr'><strong>infelix</strong></span> <span class='ocrx_word' id='word_1_713' title='bbox 641 4892 655 4914; x_wconf 87' lang='lat'><strong>,</strong></span> <span class='ocrx_word' id='word_1_714' title='bbox 691 4867 814 4906; x_wconf 89' lang='lat' dir='ltr'><strong>vere</strong></span> <span class='ocrx_word' id='word_1_715' title='bbox 845 4860 1103 4922; x_wconf 88' lang='lat' dir='ltr'><strong>perpetuo</strong></span> <span class='ocrx_word' id='word_1_716' title='bbox 1153 4853 1414 4908; x_wconf 89' lang='lat' dir='ltr'><strong>cruciatui</strong></span> <span class='ocrx_word' id='word_1_717' title='bbox 1469 4853 1845 4922; x_wconf 84' lang='lat' dir='ltr'><strong>subjiciendus.</strong></span> <span class='ocrx_word' id='word_1_718' title='bbox 1956 4859 2106 4913; x_wconf 91' lang='lat' dir='ltr'><strong>retici</strong></span> <span class='ocrx_word' id='word_1_719' title='bbox 2135 4856 2504 4912; x_wconf 79' lang='lat' dir='ltr'><strong>confusionem</strong></span> <span class='ocrx_word' id='word_1_720' title='bbox 2534 4854 2869 4917; x_wconf 89' lang='lat' dir='ltr'><strong>inducentes,</strong></span> <span class='ocrx_word' id='word_1_721' title='bbox 2894 4861 2949 4906; x_wconf 91' lang='lat' dir='ltr'><strong>et</strong></span> <span class='ocrx_word' id='word_1_722' title='bbox 2976 4866 3134 4905; x_wconf 93' lang='lat' dir='ltr'><strong>unam</strong></span> <span class='ocrx_word' id='word_1_723' title='bbox 3155 4851 3330 4905; x_wconf 89' lang='lat' dir='ltr'><strong>carnis</strong></span> <span class='ocrx_word' id='word_1_724' title='bbox 3351 4857 3405 4902; x_wconf 87' lang='lat' dir='ltr'><strong>et</strong></span> <span class='ocrx_word' id='word_1_725' title='bbox 3426 4847 3536 4900; x_wconf 84' lang='lat' dir='ltr'><strong>dei-</strong></span> 
     </span>
    </p>
   </div>
   <div class='ocr_carea' id='block_1_92' title="bbox 260 4939 3538 5028">
    <p class='ocr_par' dir='ltr' id='par_1_92' title="bbox 260 4939 3538 5028">
     <span class='ocr_line' id='line_1_92' title="bbox 260 4939 3538 5028; baseline -0.001 -32"><span class='ocrx_word' id='word_1_726' title='bbox 260 4939 338 4996; x_wconf 87' lang='lat' dir='ltr'><strong>llli</strong></span> <span class='ocrx_word' id='word_1_727' title='bbox 361 4942 610 4996; x_wconf 90' lang='lat' dir='ltr'><strong>diabolus</strong></span> <span class='ocrx_word' id='word_1_728' title='bbox 635 4951 690 4996; x_wconf 90' lang='lat' dir='ltr'><strong>et</strong></span> <span class='ocrx_word' id='word_1_729' title='bbox 717 4944 891 5011; x_wconf 85' lang='lat' dir='ltr'><strong>angeli</strong></span> <span class='ocrx_word' id='word_1_730' title='bbox 917 4945 1032 5012; x_wconf 89' lang='lat' dir='ltr'><strong>ejus</strong></span> <span class='ocrx_word' id='word_1_731' title='bbox 1056 4945 1107 4998; x_wconf 95' lang='lat' dir='ltr'><strong>in</strong></span> <span class='ocrx_word' id='word_1_732' title='bbox 1131 4950 1372 5014; x_wconf 87' lang='lat' dir='ltr'><strong>rapinam</strong></span> <span class='ocrx_word' id='word_1_733' title='bbox 1403 4956 1749 5013; x_wconf 83' lang='lat' dir='ltr'><strong>consurgunt,</strong></span> <span class='ocrx_word' id='word_1_734' title='bbox 1773 4948 1863 5028; x_wconf 71' lang='lat' dir='ltr'><strong>illi</strong></span> <span class='ocrx_word' id='word_1_735' title='bbox 1955 4951 2082 5005; x_wconf 87' lang='lat' dir='ltr'><strong>tatis</strong></span> <span class='ocrx_word' id='word_1_736' title='bbox 2109 4957 2357 5004; x_wconf 87' lang='lat' dir='ltr'><strong>naturam</strong></span> <span class='ocrx_word' id='word_1_737' title='bbox 2387 4963 2509 5003; x_wconf 91' lang='lat' dir='ltr'><strong>esse</strong></span> <span class='ocrx_word' id='word_1_738' title='bbox 2554 4947 2694 5001; x_wconf 92' lang='lat' dir='ltr'><strong>male</strong></span> <span class='ocrx_word' id='word_1_739' title='bbox 2737 4955 3140 5015; x_wconf 83' lang='lat' dir='ltr'><strong>componentes,</strong></span> <span class='ocrx_word' id='word_1_740' title='bbox 3192 4941 3538 5008; x_wconf 75' lang='lat' dir='ltr'><strong>divulgabant</strong></span> 
     </span>
    </p>
   </div>
   <div class='ocr_carea' id='block_1_93' title="bbox 265 5034 1848 5103">
    <p class='ocr_par' dir='ltr' id='par_1_93' title="bbox 265 5034 1848 5103">
     <span class='ocr_line' id='line_1_93' title="bbox 265 5034 1848 5103; baseline 0.004 -18"><span class='ocrx_word' id='word_1_741' title='bbox 265 5034 485 5102; x_wconf 89' lang='lat' dir='ltr'><strong>maligni</strong></span> <span class='ocrx_word' id='word_1_742' title='bbox 534 5035 753 5102; x_wconf 89' lang='lat' dir='ltr'><strong>spiritus</strong></span> <span class='ocrx_word' id='word_1_743' title='bbox 799 5035 850 5088; x_wconf 89' lang='lat' dir='ltr'><strong>in</strong></span> <span class='ocrx_word' id='word_1_744' title='bbox 881 5037 1242 5103; x_wconf 89' lang='lat' dir='ltr'><strong>receptionem</strong></span> <span class='ocrx_word' id='word_1_745' title='bbox 1283 5036 1472 5090; x_wconf 68' lang='lat' dir='ltr'><strong>anima:</strong></span> <span class='ocrx_word' id='word_1_746' title='bbox 1517 5047 1848 5092; x_wconf 87' lang='lat' dir='ltr'><strong>occurrunt:</strong></span> 
     </span>
    </p>
   </div>
   <div class='ocr_carea' id='block_1_94' title="bbox 269 5127 1862 5198">
    <p class='ocr_par' dir='ltr' id='par_1_94' title="bbox 269 5127 1862 5198">
     <span class='ocr_line' id='line_1_94' title="bbox 269 5127 1862 5198; baseline 0.002 -20"><span class='ocrx_word' id='word_1_747' title='bbox 269 5131 532 5180; x_wconf 87' lang='lat' dir='ltr'><strong>tormenta</strong></span> <span class='ocrx_word' id='word_1_748' title='bbox 585 5127 659 5178; x_wconf 92' lang='lat' dir='ltr'><strong>illi</strong></span> <span class='ocrx_word' id='word_1_749' title='bbox 700 5127 1105 5182; x_wconf 88' lang='lat' dir='ltr'><strong>innumerabilia</strong></span> <span class='ocrx_word' id='word_1_750' title='bbox 1148 5141 1538 5198; x_wconf 74' lang='lat' dir='ltr'><strong>prmparantur,</strong></span> <span class='ocrx_word' id='word_1_751' title='bbox 1586 5141 1640 5184; x_wconf 89' lang='lat' dir='ltr'><strong>et</strong></span> <span class='ocrx_word' id='word_1_752' title='bbox 1687 5133 1862 5196; x_wconf 71' lang='lat' dir='ltr'><strong>mala,</strong></span> 
     </span>
    </p>
   </div>
   <div class='ocr_carea' id='block_1_95' title="bbox 265 5220 1850 5292">
    <p class='ocr_par' dir='ltr' id='par_1_95' title="bbox 265 5220 1850 5292">
     <span class='ocr_line' id='line_1_95' title="bbox 265 5220 1850 5292; baseline 0.006 -24"><span class='ocrx_word' id='word_1_753' title='bbox 265 5233 382 5286; x_wconf 72' lang='lat' dir='ltr'><strong>qum</strong></span> <span class='ocrx_word' id='word_1_754' title='bbox 413 5222 467 5274; x_wconf 91' lang='lat' dir='ltr'><strong>in</strong></span> <span class='ocrx_word' id='word_1_755' title='bbox 493 5220 600 5272; x_wconf 86' lang='lat' dir='ltr'><strong>vita</strong></span> <span class='ocrx_word' id='word_1_756' title='bbox 648 5236 742 5273; x_wconf 91' lang='lat' dir='ltr'><strong>sua</strong></span> <span class='ocrx_word' id='word_1_757' title='bbox 765 5230 970 5289; x_wconf 85' lang='lat' dir='ltr'><strong>egerat,</strong></span> <span class='ocrx_word' id='word_1_758' title='bbox 994 5222 1164 5275; x_wconf 90' lang='lat' dir='ltr'><strong>oculis</strong></span> <span class='ocrx_word' id='word_1_759' title='bbox 1185 5221 1302 5290; x_wconf 86' lang='lat' dir='ltr'><strong>ejus</strong></span> <span class='ocrx_word' id='word_1_760' title='bbox 1329 5232 1718 5292; x_wconf 88' lang='lat' dir='ltr'><strong>proponuntur.</strong></span> <span class='ocrx_word' id='word_1_761' title='bbox 1748 5223 1850 5292; x_wconf 81' lang='lat' dir='ltr'><strong>lgi-</strong></span> 
     </span>
    </p>
   </div>
   <div class='ocr_carea' id='block_1_96' title="bbox 267 5310 1854 5378">
    <p class='ocr_par' dir='ltr' id='par_1_96' title="bbox 267 5310 1854 5378">
     <span class='ocr_line' id='line_1_96' title="bbox 267 5310 1854 5378; baseline 0.004 -19"><span class='ocrx_word' id='word_1_762' title='bbox 267 5314 371 5371; x_wconf 87' lang='lat' dir='ltr'><strong>tur,</strong></span> <span class='ocrx_word' id='word_1_763' title='bbox 401 5324 470 5362; x_wconf 90' lang='lat' dir='ltr'><strong>ne</strong></span> <span class='ocrx_word' id='word_1_764' title='bbox 520 5310 570 5362; x_wconf 90' lang='lat' dir='ltr'><strong>in</strong></span> <span class='ocrx_word' id='word_1_765' title='bbox 604 5310 717 5364; x_wconf 78' lang='lat' dir='ltr'><strong>lucc</strong></span> <span class='ocrx_word' id='word_1_766' title='bbox 747 5311 999 5364; x_wconf 88' lang='lat' dir='ltr'><strong>terribilia</strong></span> <span class='ocrx_word' id='word_1_767' title='bbox 1032 5313 1146 5366; x_wconf 88' lang='lat' dir='ltr'><strong>loca</strong></span> <span class='ocrx_word' id='word_1_768' title='bbox 1177 5312 1495 5378; x_wconf 81' lang='lat' dir='ltr'><strong>deveniatis,</strong></span> <span class='ocrx_word' id='word_1_769' title='bbox 1525 5314 1854 5369; x_wconf 77' lang='lat' dir='ltr'><strong>conﬁtemini</strong></span> 
     </span>
    </p>
   </div>
   <div class='ocr_carea' id='block_1_97' title="bbox 267 5400 1876 5466">
    <p class='ocr_par' dir='ltr' id='par_1_97' title="bbox 267 5400 1876 5466">
     <span class='ocr_line' id='line_1_97' title="bbox 267 5400 1876 5466; baseline 0.006 -17"><span class='ocrx_word' id='word_1_770' title='bbox 267 5400 408 5463; x_wconf 84' lang='lat' dir='ltr'><strong>quod</strong></span> <span class='ocrx_word' id='word_1_771' title='bbox 435 5417 571 5454; x_wconf 93' lang='lat' dir='ltr'><strong>unus</strong></span> <span class='ocrx_word' id='word_1_772' title='bbox 595 5400 921 5466; x_wconf 84' lang='lat' dir='ltr'><strong>intelligatur</strong></span> <span class='ocrx_word' id='word_1_773' title='bbox 948 5401 1101 5458; x_wconf 72' lang='lat' dir='ltr'><strong>Jesus</strong></span> <span class='ocrx_word' id='word_1_774' title='bbox 1142 5403 1385 5459; x_wconf 85' lang='lat' dir='ltr'><strong>Christus</strong></span> <span class='ocrx_word' id='word_1_775' title='bbox 1417 5404 1580 5459; x_wconf 81' lang='lat' dir='ltr'><strong>Filius</strong></span> <span class='ocrx_word' id='word_1_776' title='bbox 1621 5406 1712 5459; x_wconf 87' lang='lat' dir='ltr'><strong>Dei</strong></span> <span class='ocrx_word' id='word_1_777' title='bbox 1744 5407 1876 5459; x_wconf 89' lang='lat' dir='ltr'><strong>uni--</strong></span> 
     </span>
    </p>
   </div>
   <div class='ocr_carea' id='block_1_98' title="bbox 269 5489 1853 5564">
    <p class='ocr_par' dir='ltr' id='par_1_98' title="bbox 269 5489 1853 5564">
     <span class='ocr_line' id='line_1_98' title="bbox 269 5489 1853 5564; baseline 0.01 -25"><span class='ocrx_word' id='word_1_778' title='bbox 269 5489 500 5555; x_wconf 87' lang='lat' dir='ltr'><strong>genitus,</strong></span> <span class='ocrx_word' id='word_1_779' title='bbox 526 5507 628 5544; x_wconf 90' lang='lat' dir='ltr'><strong>una</strong></span> <span class='ocrx_word' id='word_1_780' title='bbox 651 5491 910 5545; x_wconf 88' lang='lat' dir='ltr'><strong>servitute</strong></span> <span class='ocrx_word' id='word_1_781' title='bbox 935 5509 1053 5546; x_wconf 89' lang='lat' dir='ltr'><strong>cum</strong></span> <span class='ocrx_word' id='word_1_782' title='bbox 1078 5496 1290 5564; x_wconf 88' lang='lat' dir='ltr'><strong>propria</strong></span> <span class='ocrx_word' id='word_1_783' title='bbox 1312 5512 1474 5551; x_wconf 89' lang='lat' dir='ltr'><strong>carne</strong></span> <span class='ocrx_word' id='word_1_784' title='bbox 1495 5501 1853 5556; x_wconf 82' lang='lat' dir='ltr'><strong>venerandus.</strong></span> 
     </span>
    </p>
   </div>
   <div class='ocr_carea' id='block_1_99' title="bbox 272 5574 1854 5658">
    <p class='ocr_par' dir='ltr' id='par_1_99' title="bbox 272 5574 1854 5658">
     <span class='ocr_line' id='line_1_99' title="bbox 272 5574 1854 5658; baseline 0.01 -29"><span class='ocrx_word' id='word_1_785' title='bbox 272 5574 608 5636; x_wconf 86' lang='lat' dir='ltr'><strong>Contitcmini</strong></span> <span class='ocrx_word' id='word_1_786' title='bbox 634 5598 762 5652; x_wconf 88' lang='lat' dir='ltr'><strong>pura</strong></span> <span class='ocrx_word' id='word_1_787' title='bbox 785 5593 983 5648; x_wconf 87' lang='lat' dir='ltr'><strong>tuente,</strong></span> <span class='ocrx_word' id='word_1_788' title='bbox 1026 5586 1236 5641; x_wconf 86' lang='lat' dir='ltr'><strong>laudate</strong></span> <span class='ocrx_word' id='word_1_789' title='bbox 1261 5589 1499 5656; x_wconf 81' lang='lat' dir='ltr'><strong>perfecto</strong></span> <span class='ocrx_word' id='word_1_790' title='bbox 1525 5591 1706 5654; x_wconf 90' lang='lat' dir='ltr'><strong>corde,</strong></span> <span class='ocrx_word' id='word_1_791' title='bbox 1739 5593 1854 5658; x_wconf 84' lang='lat' dir='ltr'><strong>glo-</strong></span> 
     </span>
    </p>
   </div>
   <div class='ocr_carea' id='block_1_100' title="bbox 275 5669 1855 5745">
    <p class='ocr_par' dir='ltr' id='par_1_100' title="bbox 275 5669 1855 5745">
     <span class='ocr_line' id='line_1_100' title="bbox 275 5669 1855 5745; baseline 0.011 -25"><span class='ocrx_word' id='word_1_792' title='bbox 275 5669 478 5726; x_wconf 86' lang='lat' dir='ltr'><strong>rilicate</strong></span> <span class='ocrx_word' id='word_1_793' title='bbox 506 5676 735 5745; x_wconf 83' lang='lat' dir='ltr'><strong>benigno</strong></span> <span class='ocrx_word' id='word_1_794' title='bbox 765 5691 878 5741; x_wconf 91' lang='lat' dir='ltr'><strong>ore,</strong></span> <span class='ocrx_word' id='word_1_795' title='bbox 923 5677 1012 5744; x_wconf 93' lang='lat' dir='ltr'><strong>qui</strong></span> <span class='ocrx_word' id='word_1_796' title='bbox 1043 5693 1110 5732; x_wconf 87' lang='lat' dir='ltr'><strong>ex</strong></span> <span class='ocrx_word' id='word_1_797' title='bbox 1135 5679 1244 5733; x_wconf 90' lang='lat' dir='ltr'><strong>Deo</strong></span> <span class='ocrx_word' id='word_1_798' title='bbox 1275 5679 1434 5734; x_wconf 89' lang='lat' dir='ltr'><strong>Patre</strong></span> <span class='ocrx_word' id='word_1_799' title='bbox 1473 5690 1629 5735; x_wconf 85' lang='lat' dir='ltr'><strong>natus</strong></span> <span class='ocrx_word' id='word_1_800' title='bbox 1657 5692 1739 5736; x_wconf 85' lang='lat' dir='ltr'><strong>est</strong></span> <span class='ocrx_word' id='word_1_801' title='bbox 1765 5683 1855 5737; x_wconf 84' lang='lat' dir='ltr'><strong>Fi-</strong></span> 
     </span>
    </p>
   </div>
   <div class='ocr_carea' id='block_1_101' title="bbox 277 5755 1857 5838">
    <p class='ocr_par' dir='ltr' id='par_1_101' title="bbox 277 5755 1857 5838">
     <span class='ocr_line' id='line_1_101' title="bbox 277 5755 1857 5838; baseline 0.011 -28"><span class='ocrx_word' id='word_1_802' title='bbox 277 5755 378 5814; x_wconf 90' lang='lat' dir='ltr'><strong>lius</strong></span> <span class='ocrx_word' id='word_1_803' title='bbox 423 5765 720 5832; x_wconf 83' lang='lat' dir='ltr'><strong>unigenitus</strong></span> <span class='ocrx_word' id='word_1_804' title='bbox 756 5767 911 5822; x_wconf 86' lang='lat' dir='ltr'><strong>Deus.</strong></span> <span class='ocrx_word' id='word_1_805' title='bbox 956 5767 1208 5833; x_wconf 81' lang='lat' dir='ltr'><strong>Quamvis</strong></span> <span class='ocrx_word' id='word_1_806' title='bbox 1229 5769 1384 5838; x_wconf 80' lang='lat' dir='ltr'><strong>juxta</strong></span> <span class='ocrx_word' id='word_1_807' title='bbox 1415 5781 1660 5826; x_wconf 90' lang='lat' dir='ltr'><strong>naturam</strong></span> <span class='ocrx_word' id='word_1_808' title='bbox 1705 5789 1857 5828; x_wconf 89' lang='lat' dir='ltr'><strong>suam</strong></span> 
     </span>
    </p>
   </div>
   <div class='ocr_carea' id='block_1_102' title="bbox 280 5858 1883 5929">
    <p class='ocr_par' dir='ltr' id='par_1_102' title="bbox 280 5858 1883 5929">
     <span class='ocr_line' id='line_1_102' title="bbox 280 5858 1883 5929; baseline 0.013 -28"><span class='ocrx_word' id='word_1_809' title='bbox 280 5861 470 5918; x_wconf 69' lang='lat' dir='ltr'><strong>expers</strong></span> <span class='ocrx_word' id='word_1_810' title='bbox 494 5858 752 5926; x_wconf 87' lang='lat' dir='ltr'><strong>passionis</strong></span> <span class='ocrx_word' id='word_1_811' title='bbox 767 5859 1052 5928; x_wconf 82' lang='lat' dir='ltr'><strong>exstiterit,</strong></span> <span class='ocrx_word' id='word_1_812' title='bbox 1076 5875 1172 5929; x_wconf 85' lang='lat' dir='ltr'><strong>pro</strong></span> <span class='ocrx_word' id='word_1_813' title='bbox 1197 5861 1348 5916; x_wconf 91' lang='lat' dir='ltr'><strong>nobis</strong></span> <span class='ocrx_word' id='word_1_814' title='bbox 1370 5870 1544 5918; x_wconf 90' lang='lat' dir='ltr'><strong>tamen</strong></span> <span class='ocrx_word' id='word_1_815' title='bbox 1565 5865 1883 5921; x_wconf 87' lang='lat' dir='ltr'><strong>secundum.</strong></span> 
     </span>
    </p>
   </div>
   <div class='ocr_carea' id='block_1_103' title="bbox 1957 5033 3536 5105">
    <p class='ocr_par' dir='ltr' id='par_1_103' title="bbox 1957 5033 3536 5105">
     <span class='ocr_line' id='line_1_103' title="bbox 1957 5033 3536 5105; baseline -0.006 -11"><span class='ocrx_word' id='word_1_816' title='bbox 1957 5042 2050 5095; x_wconf 89' lang='lat' dir='ltr'><strong>tali</strong></span> <span class='ocrx_word' id='word_1_817' title='bbox 2081 5039 2397 5096; x_wconf 80' lang='lat' dir='ltr'><strong>confusione</strong></span> <span class='ocrx_word' id='word_1_818' title='bbox 2412 5038 2647 5092; x_wconf 88' lang='lat' dir='ltr'><strong>divinam</strong></span> <span class='ocrx_word' id='word_1_819' title='bbox 2673 5045 2918 5090; x_wconf 91' lang='lat' dir='ltr'><strong>naturam</strong></span> <span class='ocrx_word' id='word_1_820' title='bbox 2937 5035 3191 5105; x_wconf 88' lang='lat' dir='ltr'><strong>unigeniti</strong></span> <span class='ocrx_word' id='word_1_821' title='bbox 3209 5033 3536 5101; x_wconf 83' lang='lat' dir='ltr'><strong>passibil&#39;em,</strong></span> 
     </span>
    </p>
   </div>
   <div class='ocr_carea' id='block_1_104' title="bbox 1953 5123 3543 5202">
    <p class='ocr_par' dir='ltr' id='par_1_104' title="bbox 1953 5123 3543 5202">
     <span class='ocr_line' id='line_1_104' title="bbox 1953 5123 3543 5202; baseline -0.008 -16"><span class='ocrx_word' id='word_1_822' title='bbox 1953 5141 2011 5186; x_wconf 89' lang='lat' dir='ltr'><strong>et</strong></span> <span class='ocrx_word' id='word_1_823' title='bbox 2039 5145 2231 5202; x_wconf 80' lang='lat' dir='ltr'><strong>purum</strong></span> <span class='ocrx_word' id='word_1_824' title='bbox 2277 5129 2550 5185; x_wconf 89' lang='lat' dir='ltr'><strong>hominem</strong></span> <span class='ocrx_word' id='word_1_825' title='bbox 2597 5143 2715 5182; x_wconf 87' lang='lat' dir='ltr'><strong>esse</strong></span> <span class='ocrx_word' id='word_1_826' title='bbox 2763 5127 2854 5196; x_wconf 95' lang='lat' dir='ltr'><strong>qui</strong></span> <span class='ocrx_word' id='word_1_827' title='bbox 2883 5127 2949 5181; x_wconf 90' lang='lat' dir='ltr'><strong>de</strong></span> <span class='ocrx_word' id='word_1_828' title='bbox 2997 5125 3304 5180; x_wconf 86' lang='lat' dir='ltr'><strong>beatissima</strong></span> <span class='ocrx_word' id='word_1_829' title='bbox 3336 5123 3543 5190; x_wconf 82' lang='lat' dir='ltr'><strong>virgine</strong></span> 
     </span>
    </p>
   </div>
   <div class='ocr_carea' id='block_1_105' title="bbox 1958 5216 3540 5291">
    <p class='ocr_par' dir='ltr' id='par_1_105' title="bbox 1958 5216 3540 5291">
     <span class='ocr_line' id='line_1_105' title="bbox 1958 5216 3540 5291; baseline -0.008 -13"><span class='ocrx_word' id='word_1_830' title='bbox 1958 5225 2122 5278; x_wconf 81' lang='lat' dir='ltr'><strong>Maria</strong></span> <span class='ocrx_word' id='word_1_831' title='bbox 2153 5235 2310 5278; x_wconf 87' lang='lat' dir='ltr'><strong>natus</strong></span> <span class='ocrx_word' id='word_1_832' title='bbox 2355 5232 2458 5290; x_wconf 91' lang='lat' dir='ltr'><strong>est,</strong></span> <span class='ocrx_word' id='word_1_833' title='bbox 2503 5221 2841 5291; x_wconf 89' lang='lat' dir='ltr'><strong>impudenter</strong></span> <span class='ocrx_word' id='word_1_834' title='bbox 2879 5219 3216 5275; x_wconf 89' lang='lat' dir='ltr'><strong>asserebant.</strong></span> <span class='ocrx_word' id='word_1_835' title='bbox 3257 5216 3359 5270; x_wconf 82' lang='lat' dir='ltr'><strong>Alii</strong></span> <span class='ocrx_word' id='word_1_836' title='bbox 3411 5230 3540 5268; x_wconf 87' lang='lat' dir='ltr'><strong>vero</strong></span> 
     </span>
    </p>
   </div>
   <div class='ocr_carea' id='block_1_106' title="bbox 1962 5310 3540 5388">
    <p class='ocr_par' dir='ltr' id='par_1_106' title="bbox 1962 5310 3540 5388">
     <span class='ocr_line' id='line_1_106' title="bbox 1962 5310 3540 5388; baseline -0.005 -16"><span class='ocrx_word' id='word_1_837' title='bbox 1962 5318 2186 5388; x_wconf 88' lang='lat' dir='ltr'><strong>Spiritui</strong></span> <span class='ocrx_word' id='word_1_838' title='bbox 2211 5326 2398 5371; x_wconf 88' lang='lat' dir='ltr'><strong>sancto</strong></span> <span class='ocrx_word' id='word_1_839' title='bbox 2425 5315 2861 5369; x_wconf 85' lang='lat' dir='ltr'><strong>adversabantur.</strong></span> <span class='ocrx_word' id='word_1_840' title='bbox 2888 5313 2991 5366; x_wconf 80' lang='lat' dir='ltr'><strong>Alii</strong></span> <span class='ocrx_word' id='word_1_841' title='bbox 3017 5319 3196 5364; x_wconf 89' lang='lat' dir='ltr'><strong>autem</strong></span> <span class='ocrx_word' id='word_1_842' title='bbox 3223 5310 3333 5365; x_wconf 89' lang='lat' dir='ltr'><strong>Deo</strong></span> <span class='ocrx_word' id='word_1_843' title='bbox 3361 5310 3540 5365; x_wconf 87' lang='lat' dir='ltr'><strong>devoti</strong></span> 
     </span>
    </p>
   </div>
   <div class='ocr_carea' id='block_1_107' title="bbox 1963 5401 3541 5469">
    <p class='ocr_par' dir='ltr' id='par_1_107' title="bbox 1963 5401 3541 5469">
     <span class='ocr_line' id='line_1_107' title="bbox 1963 5401 3541 5469; baseline -0.006 -6"><span class='ocrx_word' id='word_1_844' title='bbox 1963 5417 2019 5463; x_wconf 90' lang='lat' dir='ltr'><strong>et</strong></span> <span class='ocrx_word' id='word_1_845' title='bbox 2049 5408 2372 5469; x_wconf 82' lang='lat' dir='ltr'><strong>servientes.</strong></span> <span class='ocrx_word' id='word_1_846' title='bbox 2395 5407 2687 5462; x_wconf 88' lang='lat' dir='ltr'><strong>credebant</strong></span> <span class='ocrx_word' id='word_1_847' title='bbox 2706 5404 2937 5464; x_wconf 88' lang='lat' dir='ltr'><strong>veritati,</strong></span> <span class='ocrx_word' id='word_1_848' title='bbox 2963 5418 3074 5454; x_wconf 87' lang='lat' dir='ltr'><strong>non</strong></span> <span class='ocrx_word' id='word_1_849' title='bbox 3095 5401 3410 5456; x_wconf 88' lang='lat' dir='ltr'><strong>obedientes</strong></span> <span class='ocrx_word' id='word_1_850' title='bbox 3442 5401 3541 5454; x_wconf 79' lang='lat' dir='ltr'><strong>fal-</strong></span> 
     </span>
    </p>
   </div>
   <div class='ocr_carea' id='block_1_108' title="bbox 1966 5494 3540 5563">
    <p class='ocr_par' dir='ltr' id='par_1_108' title="bbox 1966 5494 3540 5563">
     <span class='ocr_line' id='line_1_108' title="bbox 1966 5494 3540 5563; baseline -0.006 -10"><span class='ocrx_word' id='word_1_851' title='bbox 1966 5500 2133 5553; x_wconf 89' lang='lat' dir='ltr'><strong>sitati.</strong></span> <span class='ocrx_word' id='word_1_852' title='bbox 2153 5499 2321 5554; x_wconf 84' lang='lat' dir='ltr'><strong>Tanta</strong></span> <span class='ocrx_word' id='word_1_853' title='bbox 2346 5507 2524 5551; x_wconf 89' lang='lat' dir='ltr'><strong>autem</strong></span> <span class='ocrx_word' id='word_1_854' title='bbox 2553 5497 2775 5563; x_wconf 87' lang='lat' dir='ltr'><strong>litigatio</strong></span> <span class='ocrx_word' id='word_1_855' title='bbox 2805 5496 2943 5548; x_wconf 91' lang='lat' dir='ltr'><strong>inter</strong></span> <span class='ocrx_word' id='word_1_856' title='bbox 2981 5494 3101 5548; x_wconf 88' lang='lat' dir='ltr'><strong>illos</strong></span> <span class='ocrx_word' id='word_1_857' title='bbox 3128 5501 3264 5558; x_wconf 82' lang='lat' dir='ltr'><strong>erat,</strong></span> <span class='ocrx_word' id='word_1_858' title='bbox 3293 5503 3352 5546; x_wconf 93' lang='lat' dir='ltr'><strong>ut</strong></span> <span class='ocrx_word' id='word_1_859' title='bbox 3378 5494 3540 5547; x_wconf 89' lang='lat' dir='ltr'><strong>etiam</strong></span> 
     </span>
    </p>
   </div>
   <div class='ocr_carea' id='block_1_109' title="bbox 1957 5585 3540 5646">
    <p class='ocr_par' dir='ltr' id='par_1_109' title="bbox 1957 5585 3540 5646">
     <span class='ocr_line' id='line_1_109' title="bbox 1957 5585 3540 5646; baseline -0.006 0"><span class='ocrx_word' id='word_1_860' title='bbox 1957 5592 2196 5646; x_wconf 68' lang='lat' dir='ltr'><strong>haeretici</strong></span> <span class='ocrx_word' id='word_1_861' title='bbox 2225 5591 2522 5645; x_wconf 87' lang='lat' dir='ltr'><strong>catholicos</strong></span> <span class='ocrx_word' id='word_1_862' title='bbox 2560 5589 2810 5642; x_wconf 73' lang='lat' dir='ltr'><strong>Ecclesim</strong></span> <span class='ocrx_word' id='word_1_863' title='bbox 2842 5585 3197 5639; x_wconf 82' lang='lat' dir='ltr'><strong>Tornacensis</strong></span> <span class='ocrx_word' id='word_1_864' title='bbox 3228 5586 3365 5638; x_wconf 86' lang='lat' dir='ltr'><strong>lilins</strong></span> <span class='ocrx_word' id='word_1_865' title='bbox 3393 5585 3540 5637; x_wconf 86' lang='lat' dir='ltr'><strong>inva-</strong></span> 
     </span>
    </p>
   </div>
   <div class='ocr_carea' id='block_1_110' title="bbox 1957 5676 3543 5749">
    <p class='ocr_par' dir='ltr' id='par_1_110' title="bbox 1957 5676 3543 5749">
     <span class='ocr_line' id='line_1_110' title="bbox 1957 5676 3543 5749; baseline -0.007 -11"><span class='ocrx_word' id='word_1_866' title='bbox 1957 5683 2170 5748; x_wconf 89' lang='lat' dir='ltr'><strong>derent,</strong></span> <span class='ocrx_word' id='word_1_867' title='bbox 2202 5691 2259 5737; x_wconf 92' lang='lat' dir='ltr'><strong>et</strong></span> <span class='ocrx_word' id='word_1_868' title='bbox 2285 5684 2336 5736; x_wconf 90' lang='lat' dir='ltr'><strong>in</strong></span> <span class='ocrx_word' id='word_1_869' title='bbox 2367 5682 2528 5737; x_wconf 83' lang='lat' dir='ltr'><strong>ﬂuvio</strong></span> <span class='ocrx_word' id='word_1_870' title='bbox 2555 5682 2645 5749; x_wconf 92' lang='lat' dir='ltr'><strong>qui</strong></span> <span class='ocrx_word' id='word_1_871' title='bbox 2666 5679 2861 5734; x_wconf 87' lang='lat' dir='ltr'><strong>dicitur</strong></span> <span class='ocrx_word' id='word_1_872' title='bbox 2888 5679 3078 5734; x_wconf 87' lang='lat' dir='ltr'><strong>Scalda</strong></span> <span class='ocrx_word' id='word_1_873' title='bbox 3108 5677 3304 5733; x_wconf 88' lang='lat' dir='ltr'><strong>multos</strong></span> <span class='ocrx_word' id='word_1_874' title='bbox 3326 5676 3543 5730; x_wconf 86' lang='lat' dir='ltr'><strong>obtrun-</strong></span> 
     </span>
    </p>
   </div>
   <div class='ocr_carea' id='block_1_111' title="bbox 1961 5767 3543 5841">
    <p class='ocr_par' dir='ltr' id='par_1_111' title="bbox 1961 5767 3543 5841">
     <span class='ocr_line' id='line_1_111' title="bbox 1961 5767 3543 5841; baseline -0.006 -12"><span class='ocrx_word' id='word_1_875' title='bbox 1961 5785 2115 5830; x_wconf 86' lang='lat' dir='ltr'><strong>catos</strong></span> <span class='ocrx_word' id='word_1_876' title='bbox 2142 5775 2566 5840; x_wconf 85' lang='lat' dir='ltr'><strong>submergerent.</strong></span> <span class='ocrx_word' id='word_1_877' title='bbox 2598 5771 2802 5827; x_wconf 86' lang='lat' dir='ltr'><strong>Eodem</strong></span> <span class='ocrx_word' id='word_1_878' title='bbox 2830 5781 3072 5841; x_wconf 89' lang='lat' dir='ltr'><strong>tempore</strong></span> <span class='ocrx_word' id='word_1_879' title='bbox 3113 5771 3302 5825; x_wconf 90' lang='lat' dir='ltr'><strong>beatus</strong></span> <span class='ocrx_word' id='word_1_880' title='bbox 3331 5767 3543 5820; x_wconf 76' lang='lat' dir='ltr'><strong>Toma-</strong></span> 
     </span>
    </p>
   </div>
   <div class='ocr_carea' id='block_1_112' title="bbox 1964 5865 3515 5931">
    <p class='ocr_par' dir='ltr' id='par_1_112' title="bbox 1964 5865 3515 5931">
     <span class='ocr_line' id='line_1_112' title="bbox 1964 5865 3515 5931; baseline -0.006 -8"><span class='ocrx_word' id='word_1_881' title='bbox 1964 5870 2138 5924; x_wconf 88' lang='lat' dir='ltr'><strong>censis</strong></span> <span class='ocrx_word' id='word_1_882' title='bbox 2180 5867 2430 5925; x_wconf 75' lang='lat' dir='ltr'><strong>Ecclesia:</strong></span> <span class='ocrx_word' id='word_1_883' title='bbox 2459 5867 2680 5922; x_wconf 86' lang='lat' dir='ltr'><strong>antistes</strong></span> <span class='ocrx_word' id='word_1_884' title='bbox 2713 5865 2935 5920; x_wconf 77' lang='lat' dir='ltr'><strong>Romam</strong></span> <span class='ocrx_word' id='word_1_885' title='bbox 2962 5867 3117 5931; x_wconf 86' lang='lat' dir='ltr'><strong>ierat,</strong></span> <span class='ocrx_word' id='word_1_886' title='bbox 3145 5873 3198 5917; x_wconf 92' lang='lat' dir='ltr'><strong>et</strong></span> <span class='ocrx_word' id='word_1_887' title='bbox 3228 5873 3411 5914; x_wconf 84' lang='lat' dir='ltr'><strong>secum</strong></span> <span class='ocrx_word' id='word_1_888' title='bbox 3449 5878 3515 5915; x_wconf 85' lang='lat' dir='ltr'><strong>ca</strong></span> 
     </span>
    </p>
   </div>
  </div>
