4074 6472
580 406 650 462 87
1539 410 1594 466 S.
1630 406 2040 466 ELEUTHERII
2070 409 2540 470 TORNACENSIS
2577 412 2878 495 EflSCOPI
3775 412 3863 470 8³

579 531 676 594 put
705 521 885 578 Mariae
913 520 1242 594 Egyptians
1269 531 1661 592 asportarent.
1703 523 1877 594 Ipsum
1925 523 2067 578 enim
2094 523 2160 578 ab
2184 529 2235 586 Α
2266 533 2440 588 terno,
2466 542 2563 596 per
2589 541 2748 596 quem
2776 536 2834 582 et
2857 543 2981 583 cum
3007 541 3117 597 quo
3140 528 3320 583 omnia
3349 541 3473 597 quae
3502 527 3865 583 continentur

580 611 823 673 Ecclesia
873 612 1289 675 Romanabeati
1320 612 1466 670 Petri
1495 613 1724 685 apostoli
1767 614 1977 669 occulte
2006 630 2164 670 accc-

579 705 681 775 pit,
712 713 769 759 et
796 705 847 759 in
895 704 1135 767 Ecclesia
1183 704 1381 759 Christi
1428 706 1701 775 genitricis
1732 704 1912 759 Maria:
1951 704 2160 760 detulit.

578 795 696 852 lioc
725 796 885 852 modo
925 797 1086 864 igitur
1111 797 1193 852 vir
1216 796 1309 852 Dei
1339 813 1369 850 a
1394 796 1564 851 Roma
1590 811 1867 865 regressus
1890 812 2009 851 cum
2039 783 2164 850 'ma-

577 901 681 955 gna
702 887 1061 943 exsultatione
1089 888 1321 942 universi
1346 888 1526 957 populi
1548 888 1853 957 suscipitur.
1884 885 2164 941 Exsultant

578 976 783 1042 clerici,
808 985 862 1031 et
889 978 1187 1033 dalmaticis
1207 978 1394 1043 induti,
1418 978 1577 1032 beato
1598 979 1800 1048 pastori
1825 993 1923 1034 suo
1951 978 2162 1032 obviam

577 1069 903 1137 procedunt,
927 1070 1022 1125 sed
1051 1085 1119 1125 ex
1141 1069 1432 1140 improviso
1457 1069 1707 1138 gaudium
1729 1070 1969 1125 omnium
1998 1070 2163 1137 gemi-

579 1170 762 1231 natur.
787 1160 906 1229 Ipse
931 1161 1075 1215 enim
1096 1158 1335 1231 pontifex
1358 1160 1613 1228 reliquias
1640 1160 1810 1214 beata:
1824 1159 2023 1223 Mariae.
2042 1173 2163 1228 qua:

579 1263 665 1309 tot
691 1264 749 1309 et
801 1263 947 1309 tanta
992 1254 1131 1308 mala
1175 1253 1447 1320 sustinuit,
1499 1253 1779 1308 afferebat.
1821 1253 1953 1307 Cum
1981 1261 2160 1307 autem

572 1343 828 1415 Nerviam
850 1354 1060 1415 portam
1109 1346 1339 1399 intraret
1368 1345 1443 1398 in'
1467 1345 1657 1401 eodem
1687 1345 1806 1400 loco
1844 1345 2159 1400 miraculum

573 1451 827 1509 magnum
855 1454 885 1492 a
912 1438 1024 1493 Deo
1042 1437 1440 1495 manifestatum
1462 1435 1992 1503 est.0ccurrentibus
2020 1438 2161 1491 enim

507 1569 521 1579 .
572 1528 788 1598 populis
811 1527 1196 1596 gaudentibus,
1224 1527 1471 1582 similiter
1495 1521 1813 1582 clericorum
1838 1528 2157 1596 agminibus,

572 1617 857 1687 palliatus,
888 1618 1081 1672 beatus
1105 1617 1332 1671 antistes
1360 1617 1730 1672 conscendens
1776 1626 2037 1684 montem,
2067 1619 2160 1688 qui

572 1710 857 1765 dicebatur
882 1709 1036 1765 Mons
1067 1709 1305 1764 thesauri
1331 1709 1657 1775 absconditi;
1687 1725 1829 1764 nunc
1867 1719 2046 1765 autem
2072 1710 2150 1764 di-

570 1803 711 1857 citur
733 1800 891 1867 Mons,
913 1801 972 1855 S.
997 1801 1250 1867 Andreae,
1274 1801 1526 1871 reliquias
1544 1809 1746 1867 sanctae
1783 1799 1960 1855 Maria:
1990 1800 2157 1873 zEgy-

2266 617 2320 671 in
2347 618 2508 684 creto,
2539 618 2628 672 vel
2668 619 2722 672 in
2746 626 2909 684 terra,
2942 626 3035 674 aut
3062 619 3116 674 ln
3145 619 3281 673 mari
3296 616 3424 675 fecit
3446 620 3622 674 l‘ater.
3650 620 3865 675 Honor

2267 722 2396 777 ergo
2422 724 2537 775 vos,
2569 708 2927 776 dilectissimi,
2946 710 3153 766 credite
3181 710 3465 766 Dominum
3495 720 3734 765 nostrum
3761 710 3862 765 Je-

2263 817 2383 855 sum
2412 801 2684 856 Christum
2714 810 2936 871 propter
2979 802 3207 857 salutem
3245 802 3521 856 hominum
3561 811 3618 857 et
3668 802 3861 856 mali

2267 893 2643 947 liberationem
2669 893 2738 948 de
2784 894 2935 948 omlis
2977 893 3343 961 descendisse,
3392 895 3747 963 incarnatum,
3801 903 3867 948 et

2266 986 2538 1039 hominem
2568 1001 2694 1040 esse
2731 1000 2946 1055 passum
2976 987 3076 1041 sub
3105 984 3276 1042 Pilato
3306 987 3552 1057 prmside.
3586 987 3863 1042 Praeterea

2264 1076 2352 1130 die
2382 1076 2537 1130 tertia
2568 1092 2597 1129 a
2628 1077 2854 1151 mortuis
2878 1079 3256 1144 resurrexisse,
3279 1087 3331 1134 et
3364 1080 3555 1133 iterum
3577 1080 3629 1134 in
3660 1079 3864 1146 celos,

2266 1166 2408 1220 unde
2436 1165 2810 1233 descenderat,
2841 1166 3166 1221 ascendisse.
3200 1165 3326 1222 Haec
3348 1167 3587 1232 decreta,
3621 1166 3713 1222 lilii
3746 1166 3864 1222 mei

2264 1260 2585 1329 charissimi,
2618 1268 2805 1314 tenere
2833 1266 2890 1314 et
2926 1260 3217 1315 observem
3263 1259 3489 1315 debetis.
3522 1259 3615 1315 liis
3640 1276 3739 1315 vos
3761 1260 3865 1315 de-

2262 1358 2388 1403 vote
2417 1357 2634 1418 oportet
2658 1331 3054 1420 obtemperare,
3092 1353 3137 1405 si
3159 1350 3349 1419 gaudia
3366 1352 3526 1407 vultis
3553 1349 3865 1421 promereri

2263 1440 2523 1494 cmlestia.
2556 1439 2649 1494 His
2674 1439 3012 1508 dogmatibus
3039 1448 3096 1495 et
3117 1440 3350 1496 decretis
3377 1442 3719 1511 antiquorum
3752 1441 3865 1496 Pa-

2264 1539 2402 1584 trum
2433 1530 2667 1592 obedite,
2699 1530 3102 1585 considerantes
3131 1539 3184 1586 et
3214 1532 3542 1587 lucidissime
3570 1531 3857 1586 intuentes

2260 1619 2388 1689 quid
2415 1622 2483 1674 sit
2524 1621 2857 1675 incarnatum
2888 1636 3039 1686 esse,
3078 1629 3136 1676 et
3175 1622 3447 1678 hominem
3500 1621 3701 1678 factum
3760 1620 3864 1677 Dei

2258 1712 2501 1766 verbum.
2537 1711 2644 1766 Vos
2671 1714 2815 1767 enim
2844 1728 3087 1768 asserere
3138 1729 3244 1768 non
3292 1715 3537 1781 debetis,
3569 1714 3719 1784 qndd
3754 1729 3863 1768 na-

2261 1811 2379 1856 tura
2417 1800 2512 1855 Dei
2542 1802 2818 1857 immutata
2849 1803 2945 1868 sit,
2987 1802 3083 1857 sed
3135 1804 3305 1871 magis
3331 1805 3476 1873 quod
3519 1804 3864 1897 rppnlaverit

569 1894 781 1963 ptiacae,
840 1903 894 1949 et
927 1893 1219 1948 Humerum
1249 1893 1414 1952 beati,
1440 1892 1699 1961 Stephani
1749 1894 2160 1965 protomartyris
2192 1896 2234 1956 Β
2262 1895 2363 1950 sibi
2392 1896 2567 1949 anima
2591 1895 2895 1949 rationabili
2917 1910 3137 1951 carnem
3159 1896 3467 1960 animatam,
3498 1892 3865 1966 Christusque

571 1986 721 2039 omni
750 1986 947 2055 popqu
994 1985 1247 2041 ostendit.
1298 1984 1486 2039 Subito
1515 1992 1694 2047 autem
1723 1984 1864 2038 circa
1907 1984 2161 2055 reliquias

571 2078 768 2147 capitis
791 2087 989 2133 sanctae
1019 2076 1197 2129 Mariis
1223 2076 1466 2145 quaedam
1489 2075 1708 2130 claritas
1737 2075 1805 2131 de
1833 2076 1973 2140 cmlo
1998 2077 2163 2130 adve-

572 2171 728 2226 niens
756 2172 1006 2239 spparuit
1039 2188 1054 2221 ι
1079 2185 1198 2238 qua:
1227 2170 1389 2224 etiam
1421 2168 1487 2222 ab
1515 2171 1764 2223 omnibus
1790 2169 1903 2225 visa
1933 2178 2035 2231 est,
2067 2169 2161 2223 do-

574 2277 675 2319 nec
704 2264 929 2317 intraret
969 2263 1250 2321 ecclesiam
1280 2262 1479 2319 Christi
1510 2263 1803 2331 genitricis.
1836 2262 2012 2333 Super
2054 2261 2160 2317 Hu.

572 2372 783 2412 merum
836 2340 1214 2412 autem/beati
1264 2356 1552 2426 Stephani,
1604 2357 1829 2411 lucidior
1857 2357 2071 2411 claritas
2110 2356 2162 2410 in

572 2451 794 2505 modum
822 2450 1008 2505 circuli
1029 2451 1180 2519 quasi
1204 2449 1445 2517 argentei
1468 2450 1578 2503 visa
1608 2459 1692 2502 est
1736 2447 1872 2502 Cum
1904 2464 2031 2501 vero
2074 2463 2163 2503 ec-

574 2542 688 2597 cles
710 2557 795 2596 am
834 2544 1001 2597 totius
1029 2543 1211 2612 populi
1250 2543 1476 2596 vallatus
1504 2552 1718 2597 caterva
1749 2543 1998 2605 intraret,
2025 2558 2161 2611 qua-

574 2642 699 2688 tuor
728 2633 867 2699 .viri,
899 2633 1031 2687 dum
1061 2635 1312 2688 mulieres
1340 2647 1529 2701 magna
1561 2633 1867 2687 inﬁrmitate
1894 2633 2164 2701 periclita-

572 2725 791 2790 bantur,
822 2740 942 2794 qua:
969 2736 1194 2779 vocatur
1216 2725 1352 2794 ignis
1380 2725 1626 2795 gehennae
1669 2724 1817 2778 Tunc
1839 2725 1917 2777 vir
1942 2725 2035 2778 Dei
2059 2724 2168 2793 pic-

576 2828 684 2913 tﬁe
725 2823 926 2879 motus,
966 2827 1129 2885 caput
1170 2825 1296 2869 ante
1337 2816 1609 2875 mulieres,
1656 2818 1932 2870 humerum
1981 2822 2161 2869 autem

575 2906 702 2965 ante
744 2910 890 2964 viros
914 2911 1110 2977 posuit,
1136 2909 1320 2963 dicens
1353 2928 1365 2960 :
1419 2906 1634 2962 Oremus
1673 2926 1867 2963 omnes.
1903 2908 2161 2964 Procum-

574 3002 826 3057 beutibus
853 3013 1031 3057 autem
1077 3013 1131 3057 ct
1179 3004 1454 3057 m‘antibus
1484 3003 1585 3056 illis
1629 3004 1705 3056 ait
1756 3021 1767 3055 :
1803 3003 1996 3058 Sancte
2045 3003 2162 3055 Ste-

573 3092 746 3160 phane
782 3102 1150 3164 protomartyr,
1198 3111 1436 3148 succurre
1479 3094 1559 3146 his
1591 3095 1923 3148 hominibus:
1964 3094 2161 3147 Sancta

574 3179 750 3234 Maria
773 3184 1015 3237 miserere
1043 3184 1193 3252 hujus
1216 3184 1421 3253 {entinei
1456 3200 1626 3237 sexus.
1665 3183 1788 3238 Non
1816 3186 1953 3237 enim
1980 3188 2157 3255 profe-

2264 1988 2360 2043 Dei
2392 1987 2556 2043 Filius
2602 1988 3164 2058 irreprehensihiliter,
3194 1987 3564 2053 iuell'abiliter,
3597 1989 3862 2043 substan-

2263 2078 2461 2132 tialiter
2488 2079 2647 2131 homo
2675 2077 2844 2133 factus
2866 2080 2952 2144 sit,
2978 2087 3033 2133 et
3055 2079 3192 2134 ﬁlius
3217 2079 3449 2134 hominis
3474 2080 3635 2134 etiam
3666 2079 3734 2133 sit
3759 2095 3861 2149 ap-

2264 2172 2515 2242 pellatus.
2540 2170 2724 2239 Itaque
2744 2170 2987 2225 Christus
3012 2170 3167 2226 Jesus
3188 2171 3277 2239 qui
3303 2181 3429 2225 ante
3452 2171 3630 2225 omnia
3658 2172 3859 2225 stccula

2264 2280 2331 2321 ex
2370 2273 2573 2319 :cterno
2615 2263 2776 2320 Patre
2805 2271 2964 2319 natus
2993 2273 3094 2330 est,
3127 2264 3289 2318 etiam
3316 2279 3383 2319 ex
3409 2264 3655 2328 muliere,
3680 2263 3732 2317 id
3772 2269 3860 2317 est

2265 2359 2422 2413 beata
2471 2357 2688 2426 Virgine
2717 2356 2882 2411 Maria
2912 2357 3204 2412 carnaliter
3242 2364 3555 2426 procreatus
3582 2362 3695 2420 est,
3745 2369 3856 2409 non

2263 2451 2407 2520 quod
2436 2451 2672 2504 caelestis
2699 2451 2866 2519 ipsius
2894 2459 3083 2503 natura
3133 2449 3200 2503 de
3240 2456 3425 2504 sancta
3454 2448 3676 2517 Virgine
3707 2463 3856 2502 sum-

2264 2544 2435 2613 pserit
2463 2542 2764 2605 exordium,
2790 2557 2886 2595 nec.
2916 2549 3142 2611 propter
3166 2541 3394 2610 seipsam
3425 2556 3643 2596 necesse
3666 2538 3855 2594 habuit

2266 2633 2409 2686 nasci
2439 2630 2696 2694 secundo,
2715 2637 2837 2699 post
2861 2630 3007 2684 illam
3029 2630 3317 2698 gloriosam
3342 2629 3673 2683 nativitatem
3690 2644 3855 2699 quam

2265 2723 2451 2776 habuit
2480 2736 2546 2776 ex
2578 2720 2756 2773 Patre.
2788 2719 2905 2775 Non
2935 2721 3075 2774 enim
3104 2728 3187 2775 est
3207 2726 3538 2790 competens,
3562 2719 3655 2774 sed
3685 2720 3855 2786 magis

2264 2817 2482 2871 stultum
2514 2813 2780 2868 afﬁrmare
2809 2812 2951 2882 quod
2979 2811 3133 2867 Jcsus
3164 2812 3408 2869 Christus
3438 2812 3695 2867 Dominus
3724 2826 3853 2867 nos-

2266 2915 2369 2971 ter,
2417 2906 2507 2976 qui
2564 2913 2689 2958 ante
2736 2904 2916 2957 onmia
2963 2903 3153 2957 saecula
3205 2912 3288 2957 est
3338 2912 3641 2958 coa‘ternns
3678 2899 3845 2969 Patri,

2264 3007 2387 3069 post
2418 2996 2819 3065 generationem
2853 2994 3027 3048 Patris
3056 2995 3275 3049 alterius
3312 2993 3618 3063 ind'gucrit,
3670 3002 3729 3049 ut
3753 3007 3853 3065 per

2265 3091 2408 3145 illam
2464 3104 2626 3156 quam
2680 3088 2731 3141 in
2779 3086 3355 3170 virgine'assumpsit,
3397 3102 3516 3141 esse
3567 3087 3837 3156 inciperet.

2268 3181 2467 3235 Sancta
2497 3187 2678 3232 autem
2708 3177 2970 3232 catholica
3001 3178 3317 3232 universalis
3356 3177 3591 3231 Ecclesia
3623 3178 3849 3231 afﬁrmet

575 3283 656 3327 cto
680 3290 946 3344 surgenms
983 3275 1046 3327 ab
1076 3277 1328 3338 oratione,
1379 3275 1541 3328 donec
1583 3277 1703 3328 sani
1746 3276 2048 3346 eﬁicienlur.
2080 3277 2157 3330 Ad
2186 3258 2234 3320 Ο
2264 3283 2317 3328 et
2346 3272 2552 3333 credat,
2585 3270 2729 3339 quod
2752 3277 2973 3340 propter
2994 3270 3221 3325 salutem
3272 3270 3547 3324 hominum
3577 3280 3632 3324 et
3662 3286 3849 3340 pecca-

576 3364 716 3419 hanc
742 3380 927 3420 vocem
958 3381 1146 3420 omnes
1184 3366 1393 3420 liberati
1428 3376 1572 3420 sunt.
1595 3365 1736 3421 Caro
1765 3378 1965 3433 autem,
1998 3383 2157 3437 quam

577 3457 632 3510 in
677 3457 790 3526 ipsa
835 3456 1144 3511 inﬁrmitate
1182 3456 1547 3527 perdiderant,
1579 3460 1823 3513 restituta
1851 3468 1932 3513 est
1961 3460 2012 3512 in
2045 3460 2161 3528 ipsa

575 3546 741 3603 hora;
765 3547 945 3603 Mutus
972 3563 1189 3617 quoque
1238 3550 1496 3604 assistens
1542 3551 1752 3605 locutus
1799 3559 1899 3614 est,
1931 3551 2161 3606 dicens:

577 3634 713 3690 Ecce
741 3638 970 3708 reliquid:
998 3636 1135 3691 beati
1163 3637 1416 3708 Stephani
1466 3648 1517 3693 et
1551 3653 1750 3695 sanan:
1776 3640 1982 3695 Maria.
2016 3641 2166 3697 Tunc

578 3743 767 3782 omnes
813 3728 1172 3797 obstupefacti
1227 3728 1649 3785 admirabantur.
1679 3731 1788 3786 illis
1834 3733 2165 3802 temporibus

577 3824 656 3880 rel
678 3822 817 3892 quia:
865 3831 1172 3878 sanctorum
1227 3838 1328 3878 nec
1374 3824 1427 3877 in
1458 3839 1591 3879 auro
1623 3825 1703 3879 vel
1744 3836 1966 3893 argento
1996 3841 2165 3895 pone-

577 3918 795 3974 hantur.
828 3918 952 3975 lirec
980 3926 1099 3974 acta
1128 3927 1251 3973 sunt
1277 3918 1433 3973 nonis
1475 3916 1740 3973 Octobris.
1774 3918 1970 3975 Beatus
1998 3921 2166 3990 siqui~

580 4012 704 4067 dem
724 4012 1069 4068 Eleutherius
1082 4011 1195 4081 jam
1211 4012 1605 4067 Tornacensem
1630 4010 1919 4067 Ecclesiam
1950 4013 2166 4081 triginta

579 4104 735 4159 annis
755 4114 810 4158 et
837 4119 945 4157 uno
971 4111 1203 4165 rexerat,
1231 4102 1639 4157 Blandinensem
1672 4119 1795 4158 vero
1822 4120 2032 4158 novem.
2065 4103 2165 4169 Qui

579 4197 805 4252 audiens
835 4195 972 4249 ﬁlios
998 4193 1253 4249 Ecclesia:
1284 4194 1627 4262 perturbatos
1670 4194 1920 4249 indoluit.
1967 4194 2168 4248 Deinde

583 4287 906 4342 auctoritate
935 4285 1167 4340 Romani
1195 4300 1349 4353 papa:
1386 4284 1654 4350 decrevit,
1686 4292 1954 4353 quatenus
1982 4301 2169 4341 omnes

583 4380 822 4435 haeretici
844 4379 912 4433 ab
940 4380 1055 4448 ipsa
1076 4378 1297 4432 civitate
1319 4377 1366 4445 ej
1376 4377 1663 4441 icerentur,
1693 4386 1751 4430 ut
1779 4377 2049 4431 Christum
2073 4376 2164 4431 Dei

585 4471 761 4525 Patris
794 4469 984 4523 Filium
1018 4468 1345 4523 unanimiter
1367 4468 1770 4523 conﬁterentur.
1796 4467 1959 4535 Igitur
1981 4484 2010 4522 a
2042 4484 2169 4538 prte-

585 4562 703 4616 sule
724 4560 917 4625 coacti,
946 4559 1091 4614 diem
1122 4568 1520 4629 competentem
1548 4559 1845 4627 elegerunt,
1874 4559 1929 4613 in
1954 4575 2057 4629 qua
2080 4577 2168 4633 sy-

2270 3375 2443 3420 torum
2463 3364 2790 3417 ablutionem
2808 3363 2909 3416 sibi
2929 3371 3171 3416 naturam
3190 3362 3519 3432 copulaverit
3540 3363 3847 3425 humanam;

2266 3463 2322 3511 et
2346 3454 2671 3526 processerit
2697 3468 2765 3507 ex
2788 3461 2942 3507 utero
2966 3453 3230 3519 virginali,
3262 3462 3414 3507 utero
3436 3454 3734 3524 impolluta,
3752 3453 3850 3508 sed

2267 3548 2336 3602 ab
2392 3546 2597 3614 angelis
2643 3545 2953 3612 dignissime
2997 3543 3307 3599 coelestibus
3354 3553 3682 3599 conservato.
3716 3542 3849 3598 Ideo

2269 3645 2515 3693 asserunt
2570 3637 2719 3691 illum
2748 3636 2999 3691 catholici
3044 3635 3256 3701 Patres,
3289 3644 3341 3689 ct
3389 3652 3489 3690 nos
3534 3631 3854 3691 auctoritate

2269 3727 2534 3798 majorum
2564 3726 2856 3782 carnaliter
2882 3741 3003 3781 esse
3030 3734 3233 3780 natum.
3263 3725 3362 3792 Qui
3391 3726 3653 3795 benignus
3678 3737 3734 3781 et
3754 3727 3853 3781 mi-

2269 3823 2500 3877 sericors
2529 3835 2716 3875 omnes
2744 3820 2932 3875 volens
2974 3818 3042 3873 ad
3095 3820 3343 3875 semitam
3391 3818 3607 3873 deitatis
3632 3831 3854 3874 conver-

2270 3922 2409 3980 tere,
2458 3928 2524 3967 ex
2577 3913 2694 3982 ipso
2722 3895 2969 3979 virginali
3024 3918 3078 3963 et
3129 3909 3551 3964 incontaminato
3591 3917 3765 3973 utero,
3799 3917 3854 3964 ut

2270 4020 2433 4075 supra
2455 4004 2654 4059 dictum
2682 4013 2784 4066 est,
2815 4017 2998 4055 secum
3030 3999 3309 4069 conjunxit
3338 4014 3578 4059 carnem.
3612 4007 3667 4052 et
3694 4011 3855 4067 gene-

2270 4097 2537 4151 rationem
2565 4093 2815 4148 sustinuit
2843 4090 3135 4154 carnalem,
3158 4104 3267 4144 sua:
3288 4090 3465 4145 carnis
3489 4104 3642 4143 suam
3658 4088 3855 4144 faciens

2272 4188 2626 4243 nativitatem.
2662 4182 2863 4238 Deinde
2893 4180 3100 4237 credite
3151 4183 3323 4252 ipsum
3372 4179 3684 4235 cruciﬁxum
3719 4195 3856 4246 esse,

2271 4289 2327 4334 et
2356 4280 2510 4333 tertia
2534 4278 2621 4331 die
2658 4292 2688 4330 a
2739 4276 2967 4330 mortuis
2995 4275 3359 4331 resurrexisse
3384 4293 3397 4326 :
3428 4291 3533 4328 non
3562 4276 3688 4343 quia
3718 4274 3860 4328 Deus

2272 4371 2507 4425 Verbum
2539 4370 2590 4422 in
2622 4384 2721 4422 sua
2738 4376 2927 4422 natura
2950 4369 3050 4423 sub
3081 4368 3250 4422 Pilato
3270 4367 3496 4437 praeside
3520 4367 3589 4421 sit
3619 4366 3861 4436 colaphis

2273 4477 2463 4525 CtBSllS,
2485 4459 2679 4514 deinde
2726 4459 2966 4530 patibulo
3009 4459 3183 4514 crucis
3211 4458 3421 4522 afﬁxus,
3469 4466 3561 4511 aut
3587 4459 3712 4526 quia
3762 4470 3861 4526 pro

2277 4553 2434 4610 nobis
2461 4548 2842 4606 transﬁxiones
2884 4550 3082 4604 lancem
3110 4557 3273 4618 atque
3305 4548 3597 4611 clavorum,
3627 4556 3682 4601 et
3712 4555 3861 4601 tanta

513 4688 519 4709 ε
586 4651 786 4707 nodqu
819 4665 969 4705 suam
992 4649 1219 4703 antistes
1237 4647 1432 4703 Christi
1464 4648 1801 4704 Eleutherius
1829 4617 2169 4705 convocaret.
2202 4617 2251 4676 Β
2280 4645 2500 4698 vulnera
2548 4641 2864 4696 sustinuerit
2914 4640 3093 4711 (Deus
3137 4654 3367 4709 namque
3405 4638 3761 4707 incorporalis
3809 4644 3864 4692 et

588 4742 819 4796 Advenit
849 4741 965 4795 dies
1001 4741 1054 4795 in
1076 4755 1185 4810 quo
1213 4740 1447 4812 synodus
1466 4750 1757 4797 convocata
1788 4751 1924 4805 erat,
1943 4743 2175 4798 advene-

588 4842 714 4888 runt
742 4833 903 4886 etiam
952 4830 1044 4886 ﬁlii
1073 4832 1347 4896 catholici,
1398 4833 1771 4889 haereticorum
1808 4844 2012 4890 sectam
2039 4851 2172 4890 con-

589 4925 898 4986 fundentes,
951 4923 1236 4979 adfuerunt
1264 4933 1321 4978 et
1368 4926 1608 4980 nonnulli
1651 4925 2024 4982 haereticorum
2071 4926 2175 4980 illis

591 5017 1043 5073 contradicentes.
1102 5013 1408 5083 Exsurgens
1463 5026 1642 5071 autem
1689 5026 1908 5073 sanctus
1953 5018 2036 5071 vir
2078 5018 2173 5072 Dei

590 5108 953 5176 Eleutherius,
982 5114 1038 5161 et
1057 5121 1220 5159 manu
1241 5106 1438 5161 faciens
1457 5107 1726 5162 silentium
1744 5109 1819 5163 ait
1839 5127 1852 5161 :
1875 5106 2064 5162 Omnes
2076 5108 2179 5163 Do-

589 5205 785 5255 minum
809 5200 1019 5255 Patrem
1039 5210 1089 5254 et
1122 5198 1312 5254 Filium
1331 5201 1463 5272 ejus,
1485 5218 1599 5255 cum
1625 5201 1826 5272 Spiritu
1853 5212 2031 5257 sancto
2054 5219 2176 5257 con-

592 5297 791 5368 ﬁtentes
817 5298 1009 5351 audite.

1004 5385 1237 5441 SERMO
1270 5386 1350 5440 DE
1375 5386 1764 5442 TRINITATE.

665 5478 880 5533 Credite
924 5479 977 5531 in
1026 5494 1188 5533 unum
1241 5478 1427 5543 Deum,
1461 5478 1675 5532 Patrem
1733 5479 2177 5547 omnipotentem,

592 5578 654 5624 ct
695 5571 747 5622 in
779 5568 969 5622 Filium
1013 5568 1127 5637 ejus
1158 5570 1371 5624 unicum
1414 5568 1699 5623 Dominum
1728 5576 1968 5622 nostrum
1995 5566 2178 5623 Jesum

597 5659 890 5721 Christum,
921 5660 1012 5728 qui
1043 5676 1110 5714 ex
1141 5660 1249 5714 Deo
1299 5658 1455 5714 Patre
1513 5667 1670 5714 natus
1691 5669 1775 5716 est
1803 5660 1966 5715 Filius
1994 5661 2181 5730 unige-

598 5751 762 5809 nitus,
790 5751 1081 5807 immensus
1101 5752 1167 5806 de
1196 5753 1480 5818 immenso,
1516 5753 1833 5808 immortalis
1859 5753 1926 5807 de
1956 5753 2177 5808 immor-

582 5841 712 5928 tali,
743 5842 1022 5899 invisibilis
1073 5845 1140 5901 de
1189 5845 1456 5912 invisibili,
1490 5848 1846 5918 sempiternus
1870 5847 1938 5901 de
1980 5849 2179 5919 sempi-

2277 4743 2427 4790 extra
2446 4734 2747 4805 passionem
2771 4733 2896 4802 est),
2918 4731 3012 4787 sed
3044 4731 3166 4800 quia
3189 4745 3385 4801 corpus
3407 4730 3554 4789 illud,
3573 4730 3717 4797 quod
3746 4743 3865 4798 pro-

2279 4828 2455 4897 prium
2479 4824 2677 4881 factum
2713 4834 2795 4879 est
2823 4825 2988 4894 ipsius
3018 4825 3130 4878 lucc
3150 4838 3248 4893 pro
3268 4823 3424 4877 nobis
3446 4822 3718 4876 sustinuit.
3743 4820 3864 4875 limo

2280 4920 2460 4975 omnia
2485 4919 2684 4974 idcirco
2710 4918 2904 4972 dicitur
2928 4931 3024 4985 pro
3053 4915 3299 4969 omnibus
3321 4913 3626 4969 hominibus
3653 4912 3717 4967 ad
3733 4927 3861 4982 pec—

2279 4990 2524 5064 catorum
2571 5007 2998 5077 redemptionem
3046 5020 3235 5075 passus
3286 5018 3423 5059 esse.
3456 5004 3511 5058 In
3567 5020 3633 5058 eo
3663 5004 3861 5059 etenim

2282 5114 2511 5169 corpore
2531 5098 2673 5167 quod
2698 5096 3017 5167 patiebatur,
3045 5096 3216 5149 inerat
3242 5094 3399 5160 Deus,
3423 5095 3514 5162 qui
3535 5094 3681 5148 nullo
3703 5092 3861 5148 modo

2283 5190 2394 5261 pati
2426 5196 2663 5259 poterat.
2690 5187 2947 5242 Similiter
2974 5196 3199 5241 mortem
3232 5187 3398 5255 ipsius
3426 5185 3723 5253 intelligere
3762 5183 3859 5237 de-
3930 5242 3935 5251 λ

2281 5284 2440 5338 betis.
2459 5282 2781 5336 Naturaliter
2800 5280 2942 5334 enim
2960 5279 3363 5349 incorruptibile
3383 5287 3467 5334 est
3484 5288 3540 5334 et
3560 5277 3859 5332 immortale

2282 5374 2563 5430 viviﬁcans
2608 5373 2713 5445 Dei
2754 5372 2997 5426 verbum.
3049 5370 3154 5426 Sed
3212 5372 3464 5440 quoniam
3515 5370 3685 5437 gratia
3736 5367 3855 5430 Dei,

2281 5468 2548 5539 proprium
2603 5482 2786 5535 corpus
2835 5464 3023 5533 ipsius,
3064 5463 3209 5533 juxta
3252 5463 3580 5519 sententiam
3624 5459 3861 5516 doctoris

2281 5559 2520 5628 gentium
2550 5556 2722 5621 Pauli,
2775 5566 2990 5610 mortem
3036 5556 3278 5628 gustavit,
3302 5570 3306 5575 '
3327 5555 3450 5611 ideo
3499 5554 3695 5609 dicitur
3722 5552 3859 5607 Deus

2281 5666 2382 5719 pro
2408 5650 2817 5705 nobis'mortem
2841 5662 2962 5703 esse
2984 5662 3190 5717 passus.
3217 5662 3324 5701 non
3344 5646 3469 5717 quia
3490 5651 3719 5699 mortem
3750 5644 3858 5713 ipse

2284 5757 2536 5819 expertus
2556 5747 2760 5813 fuisset,
2791 5757 3050 5819 quantum
3080 5747 3147 5802 ad
3168 5753 3412 5802 naturam
3434 5746 3600 5817 ipsius
3626 5748 3857 5816 pertmet

2285 5844 2557 5922 (idoneum
2585 5849 2846 5918 siquidem
2879 5865 2983 5905 non
3026 5854 3189 5914 esset,
3215 5847 3309 5903 scd
3339 5848 3575 5918 ineptum
3617 5854 3856 5901 asserere
