4074 6466
203 445 283 502 89
1664 434 2024 490 SERMONES
2038 475 2050 486 .
3414 430 3482 488 90

201 558 365 627 hoc),
403 555 494 611 sed
519 552 680 625 quod,
711 560 767 605 ut
795 550 1037 619 superius
1061 549 1309 609 diximus,
1327 559 1452 600 vera
1477 559 1604 600 caro
1633 544 1799 614 ipsius
1828 550 1872 604 Α
1902 542 2132 613 Spiritus
2158 549 2372 596 sanctus
2401 538 2663 609 procedit.
2694 538 2924 610 Spiritus
2967 539 3110 594 enim
3137 549 3352 597 sanctus
3377 542 3481 596 mi-

204 659 453 706 mortem
479 645 793 714 gustaverit.
817 643 891 697 Ita
905 656 1066 698 carne
1089 641 1253 710 ipsius
1272 646 1581 706 resurgente
1607 638 1802 691 iterum

200 741 670 798 resurrectionem
723 735 966 800 asserite,
1017 748 1122 787 non
1170 733 1293 802 quia
1323 729 1802 799 incorruptionem

201 835 436 893 cecidit,
469 830 564 884 sed
592 828 736 898 quod
764 825 1012 896 ejusdem
1055 839 1248 892 corpus
1295 821 1545 876 surrexit.
1597 820 1800 890 Itaque,

201 923 572 984 dilectiSsimi,
605 921 870 990 deprecor
923 916 1306 970 fraternitatem
1353 922 1581 967 vestram
1611 920 1801 979 quate-

204 1033 317 1072 nus
354 1015 524 1068 Deum
554 1026 758 1074 verum,
810 1017 864 1062 et
910 1007 1100 1060 Filium
1145 1007 1260 1074 ejus
1305 1003 1485 1060 Jesum
1533 1001 1802 1056 Christum

202 1107 504 1162 Dominum
535 1111 775 1157 nostrum
807 1100 1002 1155 devote
1020 1097 1366 1161 veneremini,
1400 1095 1621 1149 adorate
1646 1095 1791 1148 beni-

203 1210 316 1264 gno
339 1192 532 1258 corde,
565 1191 777 1246 laudate
806 1206 936 1260 pura
961 1198 1161 1254 mente,
1191 1187 1517 1242 conﬁtemini
1540 1187 1802 1256 lacrymo-

204 1289 282 1342 sis
312 1285 582 1356 suspiriis,
609 1300 718 1338 non
747 1284 884 1338 sicut
932 1283 1202 1336 hominem
1241 1297 1360 1335 eum
1386 1282 1549 1335 verbo
1593 1279 1800 1348 gloriﬁo

208 1388 425 1443 cantes,
459 1393 528 1432 ne
580 1375 845 1430 inducatis
892 1373 1177 1442 quamdam
1225 1371 1455 1441 speciem
1499 1369 1796 1432 divisionis,

203 1469 303 1526 sed
330 1484 496 1524 unum
523 1475 581 1522 et
609 1466 855 1520 eumdem
878 1466 1142 1520 honorate
1167 1484 1180 1518 :
1210 1465 1335 1532 quia
1365 1479 1472 1518 non
1497 1471 1578 1517 est
1604 1475 1800 1530 corpus

205 1578 372 1618 suum
404 1562 568 1631 (cum
615 1574 724 1627 quo
755 1559 918 1613 etiam
949 1558 1064 1626 ipse
1115 1557 1312 1611 assidet
1349 1554 1513 1623 Patri)
1545 1571 1576 1608 a
1621 1555 1799 1610 Verbo

207 1653 472 1708 alienum.
499 1649 605 1704 Nec
635 1649 797 1701 etiam
818 1647 1022 1702 debetis
1042 1648 1354 1714 contestari,
1378 1647 1529 1716 quasi
1561 1646 1799 1702 assiden—

210 1745 362 1798 tibus
381 1741 585 1796 duobus
616 1739 757 1804 ﬁliis,
787 1739 880 1793 sed
912 1755 1018 1792 uno
1047 1754 1167 1792 cum
1195 1753 1357 1792 carne
1387 1752 1483 1806 per
1513 1737 1794 1790 unitatem.

215 1828 494 1884 Praeterea
549 1827 675 1882 ﬁdes
716 1835 891 1881 vestra
940 1826 1159 1880 credere
1188 1826 1348 1879 debet
1386 1824 1529 1892 quod
1558 1823 1798 1879 Christus

1907 633 2087 688 racula
2125 649 2223 704 per
2267 647 2458 688 manus
2499 638 2806 686 sanctorum
2836 630 3201 700 apostolorum
3252 631 3480 696 faciens,

1906 724 2075 779 Deum
2120 722 2452 792 gloriﬁcabat
2496 720 2676 778 Jesum
2729 719 3022 790 Christum,
3061 729 3343 792 postquam
3388 737 3485 792 per

1904 816 2189 885 gloriosam
2212 815 2660 871 resurrectionem
2687 830 2836 871 suam
2868 815 2919 868 in
2959 815 3152 870 cmlum
3182 815 3346 886 (unde
3383 831 3484 885 pro

1904 908 2223 964 liberatione
2246 908 2544 962 animarum
2567 914 2870 962 nostrarum
2893 905 3264 976 descenderat)
3296 921 3484 961 ascen-

1903 1001 1982 1056 dit
2008 1019 2020 1053 :
2051 999 2174 1055 ideo
2198 1015 2228 1053 a
2255 999 2410 1054 nobis
2429 1008 2483 1054 et
2503 999 2770 1054 nonnullis
2791 999 3067 1053 catholicis
3089 999 3216 1053 viris
3242 997 3486 1052 Christus

1903 1091 2143 1147 creditur
2187 1091 2329 1146 Deus
2382 1098 2575 1146 natura
2621 1090 2875 1154 existens,
2905 1105 3002 1160 per
3041 1088 3298 1159 Spiritum
3327 1104 3484 1142 suum

1906 1185 2128 1240 virtutes
2156 1191 2211 1238 et
2237 1183 2467 1252 gloriosa
2495 1181 2750 1238 miracula
2780 1182 3024 1251 gentibus
3051 1196 3148 1252 per
3176 1181 3484 1236 universum

1903 1278 2090 1332 orbem
2115 1277 2369 1347 dispersis
2397 1276 2790 1332 demonstrans.
2821 1275 2948 1331 Inde
2987 1275 3200 1330 dicebat
3227 1275 3486 1331 Dominus

1901 1381 2086 1426 noster
2111 1371 2266 1427 Jesus
2292 1369 2557 1436 Christus,
2579 1372 2698 1442 quia
2726 1371 2791 1424 de
2813 1386 2923 1425 meo
2945 1372 3178 1439 accipiet,
3211 1379 3260 1424 et
3282 1386 3486 1423 annun-

1901 1463 2051 1518 tiabit
2079 1462 2236 1517 robii.
2267 1461 2373 1518 Sed
2423 1477 2761 1531 nequaquam
2816 1462 2952 1518 idem
2998 1461 3228 1532 Spiritus
3271 1470 3486 1517 sanctus

1901 1556 2123 1625 alterius
2177 1555 2611 1626 participatione.
2634 1561 2827 1624 potens
2879 1562 2971 1607 aut
3011 1554 3226 1623 sapiens
3266 1553 3482 1618 dicitur,
3521 1558 3530 1568 ‘

1900 1648 2024 1716 quia
2049 1647 2318 1716 perfectus
2345 1656 2428 1701 est
2457 1660 2554 1714 per
2582 1644 2762 1699 omnia
2790 1653 2846 1699 et
2876 1643 2927 1696 in
2958 1643 3224 1710 omnibus,
3254 1653 3309 1698 et
3337 1643 3483 1698 nullo

1901 1739 2112 1808 penitus
2155 1737 2399 1805 indigens
2426 1737 2591 1791 bono.
2621 1733 2754 1789 Nam
2796 1743 3032 1804 paterna:
3054 1735 3264 1789 virtutis
3311 1744 3365 1789 et
3393 1751 3483 1789 sa-

1901 1831 2114 1902 pientize
2143 1830 2399 1897 caelestis,
2430 1829 2480 1883 id
2512 1837 2594 1884 est
2623 1829 2760 1894 Filii,
2803 1828 3032 1898 Spiritus
3061 1837 3278 1882 sanctus
3307 1827 3482 1882 credi-

211 1921 482 1976 Dominus
501 1927 684 1974 noster
711 1918 976 1972 mediator
1005 1918 1096 1971 Dei
1119 1930 1172 1971 ct
1203 1918 1476 1971 hominum
1499 1916 1670 1970 factus
1699 1925 1802 1984 est,
1839 1919 1878 1977 Β
1909 1932 2016 1990 tur,
2048 1931 2102 1976 et
2132 1922 2328 1976 idcirco
2353 1922 2465 1990 ipsa
2494 1936 2553 1975 re
2590 1928 2644 1975 et
2665 1921 2862 1974 virtute
2887 1919 3209 1974 subsistente
3230 1919 3398 1972 virtus
3428 1925 3484 1972 et

210 2021 267 2068 et
285 2012 674 2066 reconciliator
695 2010 761 2063 ad
791 2024 976 2079 pacem
1010 2009 1119 2062 Deo
1151 2007 1293 2061 Patri
1323 2023 1419 2077 pro
1449 2007 1636 2072 nobis,
1666 2005 1798 2061 offc-

207 2118 336 2158 rens
365 2119 427 2158 se
460 2103 512 2156 in
539 2102 758 2156 odorem
790 2101 1088 2154 suavitatis.
1120 2099 1246 2153 Ideo
1292 2099 1432 2153 enim
1469 2098 1679 2152 dicebat
1709 2114 1804 2168 per

202 2196 537 2266 prophetam
572 2212 585 2245 τ
617 2194 946 2263 Sacriﬁcium
969 2200 1016 2245 et
1043 2191 1350 2246 oblationem
1386 2192 1625 2256 noluisti;
1657 2193 1804 2244 holo-

200 2296 385 2340 cauata
413 2301 514 2355 pro
553 2292 760 2352 peccato
798 2298 900 2335 non
947 2279 1035 2334 tibi
1057 2283 1380 2350 placuerunt,
1424 2296 1606 2348 corpus
1635 2291 1802 2334 autem

200 2378 476 2448 per-fecisti
507 2375 650 2428 mihi.
680 2373 747 2428 In
775 2377 942 2444 capite
971 2374 1218 2443 scriptum
1243 2382 1317 2426 est
1344 2373 1409 2426 de
1435 2390 1534 2437 me,
1577 2383 1631 2425 ut
1660 2375 1800 2444 [ace-

197 2487 303 2524 rem
335 2469 659 2524 voluntatem
709 2477 868 2532 tuam,
902 2466 1059 2520 Deus.
1107 2463 1386 2535 Proprium
1412 2466 1552 2519 enim
1602 2481 1802 2534 corpus

195 2576 308 2615 non
338 2576 447 2630 pro
473 2574 532 2614 se
552 2560 668 2628 ipso
694 2559 906 2620 obtulit,
939 2559 1033 2613 sed
1054 2574 1150 2628 pro
1169 2559 1322 2612 nobis
1352 2559 1402 2612 in
1425 2559 1645 2612 odorem
1674 2574 1800 2612 sua—

195 2655 405 2708 vitatis.
463 2653 678 2707 Fratres
728 2653 864 2718 mei,
913 2655 1033 2722 quis
1079 2663 1312 2708 vestrum
1368 2655 1503 2708 ultra
1557 2653 1800 2709 dubitet»

198 2759 400 2814 agnum
437 2760 623 2798 verum
655 2753 709 2798 et
729 2745 1124 2798 immaculatum
1153 2761 1248 2814 pro
1269 2745 1439 2801 salute
1469 2746 1685 2799 humani
1709 2761 1802 2813 ge-

197 2838 348 2892 neris
380 2837 745 2898 immolatum,
778 2842 833 2888 et
876 2834 944 2888 ab
993 2834 1167 2902 impiis
1215 2833 1411 2888 Judaeis
1457 2833 1801 2889 cruciﬁxum?

195 2924 318 2995 Ipse
346 2935 461 2992 est,
503 2926 594 2996 qui
622 2941 722 2980 nos
751 2941 846 2994 per
875 2923 1240 2978 admirabilem
1265 2925 1516 2978 virtutem
1540 2934 1594 2978 et
1615 2922 1800 2976 ineffa-

197 3017 367 3072 bilem
401 3017 705 3087 potentiam
731 3014 1024 3068 divinitatis
1053 3030 1162 3068 suze
1190 3014 1438 3082 redemit,
1467 3014 1799 3084 rebellesque

197 3116 254 3160 et
289 3107 566 3177 superbos
595 3105 806 3161 Judtcos
835 3106 1049 3169 devicit,
1072 3113 1126 3160 et
1169 3107 1398 3160 claustra
1421 3108 1674 3175 gehennm
1698 3123 1795 3163 cx-

196 3201 480 3270 spoliavit,
515 3199 746 3256 educens
773 3199 838 3254 de
867 3199 1090 3254 vinculis
1119 3201 1432 3269 captivatos,
1462 3201 1709 3256 emittens
1729 3201 1797 3257 de

1904 2013 2167 2081 sapientia
2214 2013 2610 2081 comprobatur.
2643 2010 2986 2065 Dilectissimi
3015 2009 3226 2072 fratres,
3253 2009 3368 2064 haec
3401 2018 3484 2063 est
3555 2010 3562 2014 ⁷

1905 2102 2036 2158 ﬁdes
2055 2111 2220 2168 recta,
2246 2111 2300 2156 et
2327 2104 2574 2159 omnibus
2596 2102 2872 2158 catholicis
2902 2100 3028 2155 viris
3056 2099 3306 2166 tenenda,
3321 2114 3481 2168 quam

1904 2195 2007 2249 nisi
2034 2195 2260 2264 quisque
2293 2194 2514 2248 ﬁrmiter
2540 2202 2596 2248 ct
2630 2201 2776 2248 recte
2800 2193 3103 2256 crediderit,
3149 2208 3254 2246 non
3285 2192 3483 2261 poterit

1904 2302 1935 2340 a
1963 2287 2238 2340 consortio
2268 2286 2467 2340 diaboli
2490 2285 2724 2339 liberari.
2763 2283 2933 2338 Unum
2957 2285 3009 2338 in
3035 2283 3348 2347 substantia,
3382 2278 3480 2336 tri'o

1904 2392 2030 2431 num
2062 2377 2115 2430 in
2146 2379 2387 2447 personis
2415 2377 2800 2445 conﬁteamini,
2832 2386 2889 2432 ut
2917 2377 2984 2431 ad
3013 2378 3228 2432 caeleste
3257 2390 3481 2444 regnum

1903 2469 2185 2538 pervenire
2223 2476 2278 2522 et
2319 2471 2534 2524 aeternis
2569 2469 2726 2523 bonis
2774 2470 3082 2538 perenniter
3108 2469 3340 2536 gaudere
3369 2482 3480 2522 me-

1904 2560 2168 2626 reamini;
2201 2559 2288 2614 ubi
2319 2561 2551 2627 gaudent
2591 2561 2787 2628 angeli,
2819 2561 3064 2614 lmtantur
3092 2559 3342 2630 apostoli,
3386 2575 3480 2613 ex-

1903 2651 2069 2704 sultat
2091 2659 2383 2720 martyrum
2409 2651 2560 2704 turba
2604 2651 2859 2718 gloriosa,
2891 2652 3092 2722 plaudit
3114 2652 3480 2706 confessorum

1903 2749 1958 2796 et
1986 2742 2249 2808 virginum
2276 2750 2510 2808 caterva,
2532 2758 2667 2810 quos
2693 2742 3017 2812 Redemptor
3046 2744 3229 2798 mundi
3258 2745 3481 2814 perenni

1902 2831 2084 2887 laurea
2108 2840 2351 2898 coronat,
2380 2834 2468 2900 qui
2493 2835 2624 2888 vivit
2641 2843 2696 2888 et
2723 2844 2911 2903 regnat
2937 2835 3094 2899 Deus,
3119 2837 3480 2905 omnipotens,

1902 2923 2201 2988 invisibilis,
2255 2933 2510 2989 aeternus,
2561 2924 2996 2992 incorruptbilis,
3030 2926 3116 2979 cui
3166 2935 3248 2979 cst
3284 2926 3480 2994 honor,

1901 3014 2038 3078 laus,
2069 3015 2231 3069 decus
2255 3023 2309 3068 et
2337 3015 2638 3083 imperium,
2673 3024 2912 3084 potestas
2949 3016 3277 3082 indeticiens,
3311 3017 3480 3084 maje-

1901 3115 2012 3162 stas
2038 3107 2513 3172 immarcescibilis,
2553 3107 2720 3175 gloria
2751 3122 2942 3176 perpes
2969 3115 3024 3162 et
3051 3107 3220 3161 virtus
3247 3107 3484 3161 ineﬁ'abi-

1901 3197 1966 3252 lis
1989 3213 2109 3252 cum
2139 3196 2297 3251 Patre
2327 3207 2381 3250 et
2409 3197 2610 3267 Spiritu
2656 3206 2843 3252 sancto
2879 3211 2986 3266 .pcr
3041 3197 3246 3250 inﬁnita
3288 3197 3480 3250 saecula

197 3295 553 3347 tenebrarum
585 3293 717 3348 locis
743 3303 1063 3358 carceratos,
1105 3293 1400 3347 clamantes
1425 3301 1477 3346 et
1507 3293 1745 3348 dicentes
1778 3313 1789 3346 :
1822 3293 1868 3355 C
1899 3291 2440 3344 sa'culorum.Amen.

195 3382 244 3437 Ο
273 3385 641 3452 triumphator
669 3387 809 3439 bone
833 3385 1032 3448 saeculi,
1058 3402 1090 3439 o
1105 3386 1190 3454 pie
1211 3385 1505 3439 debellator
1524 3386 1798 3441 diabolica:

196 3471 437 3540 fraudis,
469 3483 520 3527 te
543 3484 744 3541 nostra,
772 3475 1184 3529 clementissime
1209 3474 1354 3541 Jesu,
1373 3476 1423 3528 in
1453 3475 1536 3531 his
1565 3485 1800 3530 tormen-

197 3573 388 3620 torum
420 3567 592 3634 poenis
623 3566 1008 3635 exspectabant
1058 3567 1318 3633 lamenta,
1371 3577 1446 3634 te,
1495 3568 1800 3622 misericors

196 3657 444 3720 Christe,
483 3656 735 3710 ﬁebilium
767 3657 819 3709 in
867 3658 1172 3726 caliginosis
1218 3658 1350 3712 locis
1395 3659 1803 3714 conclamabant

197 3746 465 3814 suspiria.
501 3747 636 3798 Ecce
661 3745 921 3798 advenisti
943 3761 1099 3813 quem
1128 3747 1194 3799 ab
1215 3749 1447 3816 antiquis
1471 3750 1802 3818 temporibus

198 3836 668 3904 exspectavimus.
701 3834 890 3889 Libera
920 3852 1018 3890 nos
1046 3851 1204 3904 quem
1237 3838 1290 3890 in
1315 3849 1455 3890 terra
1485 3840 1644 3906 positi
1674 3840 1802 3894 olim

196 3927 408 3982 devote
438 3927 717 3982 coluimus.
746 3925 863 3996 Ipse
885 3935 966 3981 est
992 3928 1081 3996 qui
1103 3935 1222 3996 post
1246 3928 1664 3983 destructionem
1684 3930 1802 3982 dia-

201 4019 342 4084 boli,
371 4028 427 4072 et
466 4019 837 4074 liberationem
868 4029 1174 4074 sanctorum
1197 4021 1263 4074 de
1313 4020 1549 4076 tenebris
1568 4022 1804 4076 claman-

201 4111 343 4164 tium
372 4109 459 4164 die
508 4111 665 4164 tertia
697 4112 1012 4177 resurrexit,
1043 4121 1098 4166 et
1134 4114 1430 4168 ascendens
1481 4113 1532 4166 in
1581 4127 1804 4181 regnum

206 4202 440 4256 cmleste
465 4202 615 4256 sedet
644 4182 980 4256 ad'dextram
1020 4205 1111 4258 Dei
1143 4203 1335 4259 Patris.
1370 4205 1484 4274 Ipse
1514 4216 1596 4260 est
1639 4205 1803 4262 Filius

206 4293 415 4357 Marizc,
445 4309 564 4363 qutc
596 4295 745 4364 virgo
774 4295 840 4350 de
866 4297 1066 4365 Spiritu
1094 4307 1279 4352 sancto
1303 4300 1567 4368 concepit,
1601 4315 1720 4369 qua:
1747 4301 1801 4356 in

211 4386 526 4453 virginitate
577 4387 778 4441 illibata
832 4387 998 4442 Deum
1044 4397 1098 4443 et
1127 4390 1396 4444 hominem
1427 4392 1654 4460 peperit,
1685 4408 1803 4462 qum

206 4481 374 4533 etiam
409 4490 530 4550 post
559 4490 769 4551 partum
787 4482 946 4550 Virgo
968 4492 1023 4538 et
1047 4483 1212 4538 Mater
1239 4484 1532 4541 Salvatoris
1552 4503 1803 4556 perman-

209 4565 298 4625 sit‘.
324 4571 430 4636 Qui
460 4589 538 4633 se,
572 4581 630 4626 ut
658 4589 818 4642 supra
858 4575 1056 4630 dictum
1096 4585 1196 4640 est,
1230 4577 1461 4631 hostiam
1490 4579 1800 4633 immacula-

1973 3381 2028 3435 Si
2055 3382 2174 3454 quis
2201 3390 2378 3434 autem
2420 3382 2512 3434 .his
2558 3379 2787 3436 decretis
2825 3379 3210 3434 contradixerit
3238 3395 3268 3432 a
3299 3377 3480 3441 Patre,

1902 3485 1958 3530 et
1985 3476 2144 3541 Filio,
2186 3482 2239 3526 et
2267 3472 2468 3542 Spiritu
2497 3483 2700 3537 sancto,
2745 3475 3029 3528 anathema
3073 3475 3160 3528 sit.
3192 3471 3286 3526 liis
3326 3473 3482 3526 dictis

1901 3569 2092 3622 beatus
2112 3568 2352 3636 pontifex
2370 3565 2688 3620 Eleutherus
2709 3565 2865 3619 sedit.
2893 3563 3153 3619 Catholici
3181 3572 3360 3617 autem
3383 3561 3483 3616 viri

1901 3661 1993 3730 qui
2038 3659 2102 3713 ad
2152 3668 2393 3714 sanctam
2438 3657 2703 3729 synodum
2741 3658 3022 3711 eonvocnti
3068 3664 3246 3723 erant,
3292 3668 3482 3709 vocem

1901 3766 2024 3805 cum
2066 3750 2262 3817 gaudio
2294 3751 2533 3804 levantes
2576 3748 2946 3818 gloriﬁcabant
2971 3747 3165 3814 Deum,
3198 3747 3478 3801 dicentes:

1905 3843 2219 3897 Trinitatem
2249 3843 2303 3896 in
2335 3843 2537 3896 unitate
2567 3857 2885 3896 veneramur
2925 3851 2980 3896 et
3007 3842 3253 3907 colimus,
3305 3841 3480 3894 unita-

1904 3943 2010 3987 tem
2043 3933 2096 3986 in
2125 3933 2421 3986 substantia
2472 3932 2807 4000 proﬁtemur,
2849 3941 2903 3985 et
2945 3931 3139 3985 devote
3169 3931 3480 3997 adoramus,

1903 4030 2120 4076 econtra
2166 4021 2557 4075 confundantur
2591 4021 2848 4085 lneretici,
2899 4021 3090 4074 deinde
3130 4038 3158 4075 a
3215 4035 3364 4074 sacra
3394 4037 3482 4092 sy-

1905 4115 2048 4170 nodo
2079 4115 2337 4168 receduut
2381 4116 2607 4169 confusi.
2661 4115 2880 4186 Synodo
2928 4123 3104 4168 autem
3153 4116 3219 4168 ad
3267 4116 3481 4185 propria

1905 4214 2229 4267 revertente,
2281 4216 2496 4260 sanctus
2525 4208 2770 4262 similiter
2815 4206 3154 4262 Eleutlierius
3201 4209 3266 4262 ad
3305 4209 3482 4262 aulam

1903 4312 2074 4360 suam,
2124 4310 2240 4364 quae
2270 4297 2320 4349 in
2351 4298 2619 4366 oppidano
2652 4297 2772 4352 loco
2815 4298 3206 4364 continebatur,
3239 4315 3358 4353 cmn
3387 4315 3480 4353 ca-

1905 4387 2118 4441 tholicis
2163 4387 2288 4440 viris
2330 4386 2442 4456 jam
2472 4389 2808 4457 septuaginta
2852 4399 2905 4443 et
2943 4407 3048 4444 uno
3077 4393 3313 4446 existens
3340 4407 3482 4446 anno

1904 4495 2179 4548 regressus
2219 4488 2318 4534 est.
2353 4480 2560 4535 Interea
2590 4496 2687 4550 per
2713 4482 2949 4552 quinque
2978 4497 3148 4536 annos
3177 4482 3486 4539 Tornacen-

1904 4573 1976 4626 sis
1998 4572 2253 4637 Ecclesia,
2277 4573 2470 4640 quibus
2498 4572 2750 4628 sacerdos
2771 4575 3062 4642 supervixit
3084 4575 3480 4642 invictissimus,

209 4668 344 4729 tam,
395 4664 625 4717 hostiam
677 4665 786 4718 Deo
817 4664 960 4719 Patri
1006 4667 1304 4736 placentem
1335 4671 1544 4724 obtulit,
1579 4670 1633 4725 Si
1683 4673 1802 4740 quis
1830 4657 1879 4717 D
1904 4679 1934 4717 a
1961 4665 2239 4719 catholicis
2270 4665 2398 4718 viris
2427 4665 2762 4719 sublimatur.
2811 4666 3024 4720 Interim
3055 4675 3230 4720 autem
3272 4669 3484 4722 lucreti-

212 4763 393 4808 autem
425 4755 640 4819 dixerit,
671 4757 793 4826 quia
818 4764 925 4810 tam
956 4775 1052 4827 pro
1081 4776 1140 4814 se
1167 4761 1302 4829 ipso,
1329 4778 1488 4831 quam
1520 4780 1616 4832 pro
1646 4766 1800 4819 nobis

211 4845 537 4900 sacrificium
585 4864 642 4901 se
673 4848 783 4902 Deo
817 4850 1088 4914 obtulerit,
1118 4869 1226 4906 non
1256 4863 1554 4908 extremum
1585 4857 1803 4924 elIugiet

214 4939 553 5005 supplicium,
587 4939 680 4993 sed
710 4955 894 5008 pmuas
942 4943 995 4996 in
1044 4943 1259 4996 interitu
1293 4961 1415 4999 cum
1461 4947 1636 5015 impiis
1656 4947 1802 5000 dabit

217 5036 462 5085 teternas.
482 5029 554 5084 De
580 5030 778 5099 Spiritu
799 5048 1013 5102 quoque
1037 5046 1243 5098 sancto,
1268 5052 1387 5090 cum
1406 5036 1674 5105 discipulis
1695 5039 1804 5093 suis

220 5113 450 5175 diceret:
477 5121 577 5175 Ille
595 5140 672 5176 me
693 5123 1019 5192 clariﬁcabit,
1040 5125 1162 5190 hoc,
1189 5124 1299 5189 ﬁlii,
1325 5129 1615 5183 sentientes
1638 5147 1797 5185 unum

217 5205 483 5268 Christum
502 5222 557 5267 et
572 5215 780 5277 Filium,
805 5232 912 5271 non
937 5217 1080 5272 velut
1102 5219 1322 5274 alterius
1340 5220 1508 5288 gloria
1531 5231 1795 5290 egentem,

216 5302 544 5359 conﬁtemini
572 5306 794 5374 gloriam
849 5325 878 5361 a
923 5308 1124 5378 Spiritu
1172 5321 1360 5366 sancto
1399 5324 1746 5370 consecutum
1781 5336 1792 5370 :

218 5393 337 5477 quia
362 5397 600 5464 ejusdem
617 5398 844 5466 Spiritus
861 5417 948 5455 me
965 5403 1229 5471 superior,
1248 5419 1332 5461 me
1349 5406 1538 5462 melior
1558 5408 1675 5477 ipso
1693 5417 1794 5464 est.

219 5476 366 5539 Licet
395 5504 536 5550 vero,
555 5489 607 5542 in
655 5489 954 5546 substantia
982 5509 1076 5548 sua
1107 5495 1334 5565 Spiritus
1361 5498 1477 5568 ejus
1499 5476 1586 5564 sit,
1630 5507 1686 5554 et
1711 5501 1792 5555 in-

222 5574 489 5662 telligatur
517 5581 570 5636 in
615 5597 842 5652 persona
875 5587 1196 5654 proprietas,
1244 5593 1534 5646 secundum
1579 5594 1628 5646 id
1657 5595 1800 5662 quod

223 5660 450 5733 Spiritus
476 5674 590 5740 ejus
613 5683 717 5740 est,
740 5683 795 5730 et
819 5675 1003 5743 Filius,
1029 5686 1202 5733 tamen
1225 5683 1292 5734 ab
1318 5684 1408 5737 illo
1439 5695 1643 5740 nonest
1671 5660 1801 5742 alie-

223 5770 340 5811 nns.
375 5762 682 5834 Appellatus
704 5768 846 5822 enim
867 5776 949 5825 est
975 5767 1205 5838 Spiritus
1235 5777 1470 5832 veritatis
1488 5817 1502 5841 ,
1529 5788 1583 5832 et
1606 5783 1800 5837 veritas

228 5846 468 5912 Christus
498 5868 596 5914 est.
649 5857 814 5931 Igitur
843 5877 872 5916 a
904 5860 1039 5920 Filio
1087 5863 1366 5931 similiter,
1403 5868 1538 5924 sicut
1569 5888 1598 5924 a
1634 5870 1791 5929 Patre

1904 4769 2087 4808 corum
2137 4771 2262 4824 pars
2296 4754 2656 4808 confunditur.
2703 4755 2838 4821 Quid
2885 4755 3158 4812 facerent?
3187 4757 3481 4814 Consilium

1904 4848 2156 4910 inierunt,
2179 4848 2307 4917 quid
2329 4849 2393 4903 de
2416 4850 2506 4904 illo
2531 4849 2682 4904 ﬁeret
2707 4851 3092 4920 exquisierunt,
3121 4860 3175 4906 et
3199 4854 3476 4906 dicebant:

1903 4939 1956 4992 Si
1981 4941 2052 4993 ita
2076 4941 2412 5010 prtevaluerit
2440 4941 2579 5010 apud
2603 4957 2720 5006 nos,
2738 4943 2846 4995 vita
2871 4951 3051 4996 nostra
3079 4952 3478 5007 contemnetur;

1904 5034 1948 5087 si
1977 5043 2154 5088 autem
2178 5033 2632 5104 pricvaluerimus,
2664 5035 2941 5089 victoriam
2978 5035 3147 5089 laudis
3175 5034 3350 5102 adepti
3378 5034 3482 5087 eri-

1905 5141 2036 5179 mus.
2068 5125 2157 5179 Sic
2188 5127 2288 5179 illis
2317 5126 2367 5178 iu
2401 5142 2502 5179 una
2527 5127 3194 5196 dierumcolloquentibus,
3220 5142 3345 5178 ecce
3361 5126 3485 5180 bea-

1903 5227 1989 5272 tus
2006 5218 2237 5287 pontifex
2259 5260 2272 5281 ,
2295 5236 2414 5273 cum
2433 5220 2725 5275 Atlnn:asio
2749 5220 2977 5275 diacono
2998 5229 3050 5274 ct
3066 5217 3322 5272 Audocno
3340 5203 3480 5274 ﬁdeli
3571 5219 3577 5224 ’

1900 5310 2160 5381 discipulo
2191 5312 2257 5364 ab
2299 5312 2525 5368 ecclesia
2551 5313 2719 5367 beata:
2749 5313 2926 5368 Maria:
2957 5311 3306 5365 Tornacensis
3326 5326 3480 5381 egre-

1899 5407 2174 5472 diebatur;
2221 5423 2379 5476 quem
2427 5407 2669 5464 videntes
2697 5410 2931 5464 hmretici
2961 5414 3082 5475 post
3109 5407 3359 5473 angulum
3389 5423 3474 5462 oc-

1907 5503 2093 5557 cultati
2114 5503 2316 5569 (multis
2336 5504 2477 5558 enim
2507 5503 2678 5558 modis
2709 5503 3088 5557 insidiabantur
3108 5499 3179 5570 ei)
3202 5500 3480 5555 dicebant:

1909 5594 2044 5650 Ecce
2066 5596 2368 5651 destructor
2396 5597 2526 5664 legis
2555 5605 2768 5657 nostrae,
2801 5592 2976 5646 venite
2998 5592 3302 5647 occidamus
3331 5607 3476 5648 eum.

1909 5687 2070 5754 Igitur
2113 5690 2337 5745 fustibus
2385 5693 2611 5747 arrectis
2643 5692 2842 5746 duriter
2886 5689 3195 5746 ceciderunt
3241 5704 3386 5752 eum,
3426 5696 3484 5742 et

1908 5780 2094 5835 relicto
2121 5785 2380 5836 semivivo
2410 5793 2532 5837 ante
2571 5782 2866 5850 ecclesiam,
2901 5785 3068 5854 plagis
3100 5784 3361 5853 impositis
3389 5798 3482 5837 oc-

1909 5875 2048 5951 culte
2105 5879 2367 5934 abierunt.
2418 5879 2666 5950 Discipuli
2715 5879 2980 5947 similiter,
3030 5881 3217 5936 relicto
3269 5888 3487 5952 pastore
