4124 6462
607 448 674 510 91
1568 453 1626 509 s.
1657 449 2068 506 ELEUTHERII
2109 448 2581 506 TOBNACENSIS
2619 451 2926 510 EPlSCOPl
3323 502 3341 516 ,
3808 463 3878 514 92

607 584 730 635 suo,
761 567 1026 636 fugerunt.
1059 566 1209 634 Quod
1238 568 1457 625 audiens
1487 567 1811 623 Censorinus
1835 565 2030 630 Cassar,
2075 579 2190 619 om-
2218 569 2262 625 Α
2294 547 2427 628 buit,
2473 566 2790 635 sapientiam
2833 568 3097 635 obtinuit,
3146 578 3202 624 et
3229 571 3480 627 virtutem
3527 589 3635 628 non
3675 575 3872 630 amisit.

609 677 706 716 nes
727 661 966 730 patibulo
989 660 1160 715 crucis
1187 661 1460 727 aflixisset,
1488 662 1585 715 nisi
1613 662 1787 715 oratio
1811 659 1910 713 viri
1934 659 2025 712 Dei
2055 674 2190 727 pra:-

609 753 899 808 valuisset:
933 751 989 804 ﬁt
1034 767 1130 821 per
1174 753 1358 806 urbem
1400 753 1654 806 tumultus
1700 751 1909 822 populi,
1955 751 2191 805 clamant

525 869 540 918 ξ
603 841 846 911 juvenes,
892 842 1073 908 lugent
1103 851 1381 905 matronzc,
1432 851 1486 894 et
1517 842 1750 909 virgines
1777 842 1958 894 cinere
2003 855 2188 908 asper-

608 941 823 995 gnntur,
848 946 1008 984 senes
1035 931 1311 1000 pmsulem
1342 931 1656 984 semivivum
1683 931 1866 984 videre
1892 939 2182 992 certantes,

607 1023 723 1092 ipse
757 1030 933 1076 autem
983 1021 1244 1076 exanimis
1279 1020 1512 1090 jacebat,
1565 1029 1620 1075 et
1654 1029 1894 1076 asancto
1942 1019 2184 1089 ejusdem

605 1115 815 1184 capite,
867 1120 921 1166 et
961 1121 1017 1166 ut
1046 1113 1113 1167 ab
1158 1121 1385 1180 utroque
1434 1112 1602 1167 latere
1632 1113 1846 1180 sanguis
1875 1110 2180 1166 emanabat.

605 1205 755 1261 Tunc
782 1223 812 1260 a
833 1206 1036 1260 civibus
1065 1205 1208 1259 urbis
1235 1214 1442 1274 parato,
1475 1213 1532 1258 ut
1557 1206 1667 1274 ipse
1691 1213 1990 1273 rogaverat,
2014 1213 2184 1257 stratu

604 1299 839 1364 cilicino,
864 1299 998 1352 intra
1021 1297 1235 1350 domum
1267 1314 1420 1351 suam
1447 1296 1654 1350 delatus
1682 1306 1798 1353 est:
1830 1296 1919 1364 qui
1947 1297 2184 1364 quinque

603 1398 789 1460 postea
821 1389 1002 1440 vivens
1035 1402 1129 1455 per
1170 1386 1554 1450 hebdomadas,
1609 1388 1659 1440 in
1707 1387 1822 1456 ipsa
1872 1387 2184 1440 inlirmitate

601 1496 798 1535 (meum
846 1479 1184 1546 illuminavit,
1238 1488 1291 1532 et
1335 1479 1619 1534 nonnullos
1669 1479 1907 1532 inﬁrmos
1952 1479 2178 1532 curavit.

597 1571 764 1641 Igitur
795 1571 912 1626 ﬁnis
937 1571 1142 1625 dierum
1172 1572 1467 1625 beatissimi
1499 1569 1791 1625 Eleutherii
1823 1569 2178 1638 appropiavit,

599 1664 790 1716 fratres
818 1678 944 1717 suos
972 1670 1027 1715 et
1050 1677 1185 1715 vera:
1213 1662 1484 1728 religionis
1512 1661 1746 1716 cultores
1776 1660 2082 1722 advocavit,
2127 1667 2181 1712 et

597 1755 773 1826 palam
789 1769 984 1822 corpus
1008 1760 1061 1807 et
1084 1753 1395 1819 sanguinem
1413 1751 1608 1805 Christi
1633 1751 1888 1821 percepit,
1906 1766 1964 1804 se
1986 1749 2176 1803 eadem

597 1842 933 1899 hebdomada
958 1859 988 1897 e
1010 1858 1226 1898 carcere
1243 1858 1508 1913 corporeo
1533 1843 2028 1909 transmigraturum
2052 1857 2181 1910 pras-

2293 651 2524 710 Verbum
2558 659 2838 728 perhibent
2862 657 3049 716 Patres
3077 661 3326 717 catholici
3358 662 3453 718 Dei
3483 664 3875 735 fortitudinem,

2289 744 2383 800 Dei
2409 749 2747 817 sapientiam,
2780 765 2938 818 quam
2965 765 3178 821 semper
3203 750 3365 808 fuisse
3404 770 3512 809 non
3545 755 3870 815 dubitamus.

2290 834 2359 890 Ut
2405 847 2582 893 autem
2613 841 2813 894 certius
2856 841 2924 896 ab
2966 841 3117 897 initio
3148 843 3316 912 ipsam
3347 845 3508 899 fuisse
3552 848 3870 916 sapientiam

2287 928 2591 992 credamus,
2622 931 2748 999 quid
2786 931 2928 986 dicat
2956 942 3161 1002 aperte,
3201 934 3477 990 audiamus
3502 953 3514 989 :
3547 935 3660 1008 Ego
3689 954 3755 991 ea:
3781 957 3872 994 ore

2287 1017 2542 1071 Altissimi
2591 1021 2745 1074 exivi.
2807 1019 2933 1074 Cum
2967 1023 3104 1075 enim
3149 1023 3445 1078 Altissimus
3490 1026 3869 1092 ﬁrmamentum

2284 1106 2556 1172 stabiliret,
2605 1110 2839 1178 ﬁrmaret
2881 1120 3090 1176 terram,
3121 1121 3171 1165 et
3200 1115 3316 1184 fons
3348 1131 3494 1186 aqua:
3521 1115 3584 1168 de
3611 1119 3878 1187 profundo

2285 1198 2458 1268 abyssi
2497 1211 2805 1271 erumperet,
2849 1220 2941 1273 ego
2981 1205 3035 1257 in
3078 1204 3340 1260 altissimis
3369 1223 3483 1260 cum
3513 1206 3673 1262 Patre
3702 1226 3865 1272 erant,

2285 1305 2398 1341 cum
2430 1292 2541 1360 ipso
2569 1293 2742 1344 omnia
2778 1292 3074 1362 disponens.
3108 1292 3174 1346 Et
3205 1296 3394 1350 iterum
3421 1297 3615 1352 dicitur
3646 1317 3658 1352 :
3687 1296 3870 1356 Omnis

2284 1380 2540 1447 sapientia
2569 1397 2601 1432 a
2624 1379 2847 1435 Domino
2885 1381 2994 1436 Deo
3021 1392 3116 1448 est,
3160 1393 3209 1437 et
3230 1401 3344 1438 cum
3386 1386 3497 1456 ipso
3527 1388 3625 1456 fuit
3646 1404 3868 1458 semper,

2283 1478 2331 1522 et
2359 1479 2434 1523 est
2462 1483 2583 1524 ante
2626 1488 2807 1544 cavum.
2853 1471 2922 1527 Ut
2950 1475 3110 1528 etiam
3144 1475 3256 1544 ipse
3284 1474 3444 1530 Pater
3471 1477 3777 1534 ostenderet
3800 1479 3881 1535 ab

2283 1560 2438 1614 initio
2481 1561 2714 1616 Verbum
2757 1563 2949 1630 fuisse,
3005 1565 3244 1632 apertius
3284 1567 3589 1634 pronuntiat
3637 1567 3866 1624 dicens:

2281 1649 2550 1704 Eructavit
2589 1670 2679 1706 cor
2724 1670 2890 1707 meum
2934 1653 3152 1708 Verbum
3183 1656 3369 1710 bonum
3411 1656 3581 1727 (Psal.
3613 1675 3753 1724 κων,
3787 1660 3864 1732 1).

2280 1739 2561 1797 Credimus
2590 1743 2735 1796 illum
2763 1745 2842 1798 sic
2869 1760 2987 1800 esse
3018 1745 3206 1813 Deum,
3238 1757 3295 1800 ut
3327 1745 3483 1802 Pater
3511 1764 3724 1820 semper
3744 1767 3870 1822 per-

2283 1842 2500 1887 maneat
2535 1852 2548 1886 :
2591 1837 2845 1902 quoniam
2887 1835 3140 1901 Verbum,
3191 1838 3464 1908 Sapientia
3506 1848 3564 1896 et
3588 1840 3882 1900 Fortitudo

593 1937 748 1992 dixit.
789 1934 925 2002 Quid
955 1934 1230 1990 facerent?
1261 1933 1472 1988 Patrem
1519 1949 1671 1988 suum
1701 1933 1939 1987 caelestia
1967 1930 2180 1986 deside-
2215 1939 2258 1996 Β
2285 1925 2400 1993 eius
2445 1935 2528 1981 est
2573 1927 2754 1982 Filius.
2807 1927 3079 1999 Siquidem
3111 1932 3179 1986 de
3221 1942 3378 2002 partu
3419 1931 3597 1988 Maria:
3637 1932 3874 2002 Virginis

593 2042 714 2081 rare
743 2026 1020 2087 videbant,
1072 2026 1350 2094 ipsumque
1395 2025 1506 2094 jam
1558 2024 1807 2078 deserere
1844 2020 2180 2075 Christianos

593 2113 885 2183 deﬂebant,
913 2130 1048 2184 quos
1078 2113 1272 2168 blande
1298 2113 1561 2167 allocutus
1583 2112 1696 2181 ipse
1719 2111 1794 2164 ait
1819 2128 1831 2162 :
1858 2107 2042 2162 Finem
2064 2110 2182 2161 uni-

591 2221 751 2259 verses
767 2203 938 2257 carnis
958 2205 1299 2274 ingressurus,
1331 2219 1362 2254 a
1389 2199 1606 2255 Domino
1636 2201 1891 2272 promissa
1911 2197 2035 2251 mihi
2061 2214 2182 2267 gau-

592 2297 683 2352 dia
711 2305 907 2350 (eterna
937 2303 1287 2365 percepturus,
1338 2294 1516 2347 hortor
1541 2310 1646 2360 ros,
1697 2291 2005 2350 cltarissimi.
2055 2289 2178 2344 odia

592 2387 775 2458 fugite,
798 2385 1127 2440 concordiam
1151 2387 1420 2450 seminate,
1451 2384 1734 2438 schismata
1771 2383 2037 2452 dissipate,
2071 2382 2177 2435 vir-

593 2487 746 2530 tutem
775 2475 1150 2545 exsequamini,
1171 2476 1311 2529 mala
1337 2484 1668 2544 temporanea
1689 2491 1781 2542 pro
1813 2473 1989 2546 judice
2015 2482 2179 2528 vestro

589 2567 886 2638 patiamini,
916 2576 1168 2636 quatenus
1197 2566 1409 2635 dignum
1431 2566 1744 2634 paenitentiae
1787 2566 2006 2635 fructum
2031 2563 2180 2617 Chri-

588 2669 670 2711 sto
695 2657 934 2710 exhibere
975 2658 1292 2710 mereamini.
1349 2655 1531 2710 Omnis
1573 2658 1760 2709 etenim
1803 2655 1953 2710 homo
1981 2657 2176 2725 fenum,

588 2764 711 2801 caro
742 2757 912 2800 autem
952 2747 1064 2816 ejts
1090 2754 1145 2798 ut
1184 2746 1376 2815 stipula
1419 2747 1554 2816 agri.
1603 2743 1664 2797 In
1710 2745 1964 2798 matutino
2009 2746 2177 2797 virens

587 2839 838 2906 ﬂorescit,
884 2839 938 2891 in
966 2853 1169 2907 vespere
1198 2835 1350 2889 arida
1378 2835 1568 2889 labitur
1590 2845 1640 2889 et
1668 2836 1879 2888 vilescit.
1914 2833 2176 2888 Patientes

587 2937 766 2993 estote,
801 2929 931 2980 casti
972 2934 1290 2998 permanete,
1334 2923 1612 2978 Dominum
1642 2927 1832 2989 timete,
1864 2926 1916 2978 in
1940 2922 2177 2978 omnibus

587 3021 736 3074 bonis
762 3027 1100 3091 perseverate.
1136 3019 1364 3072 Audistis
1390 3019 1525 3072 enim
1552 3017 1718 3071 David
1745 3018 1997 3083 dicentem
2021 3035 2038 3071 :
2064 3016 2177 3072 Ho-

585 3127 669 3162 mo
699 3110 913 3163 vanitati
939 3109 1124 3163 similis
1149 3109 1317 3180 factus
1345 3116 1440 3161 est.
1491 3109 1515 3160 l
1525 3118 1672 3179 taque
1701 3108 1864 3177 pulvis
1893 3124 2088 3173 sumus,
2119 3109 2175 3162 in

577 3203 777 3273 judicio
815 3218 1136 3272 resurgemus
1176 3211 1298 3255 ante
1341 3200 1565 3254 tribunal
1595 3199 1805 3257 Christi,
1845 3207 1983 3252 teste
2029 3198 2175 3253 Scri-

2283 2017 2558 2087 propheta:
2586 2028 2710 2073 sunt
2738 2023 3065 2090 prteconiati.
3101 2022 3174 2077 De
3205 2024 3481 2078 nativitate
3505 2025 3646 2079 enim
3670 2023 3871 2082 Christi

2280 2107 2443 2164 Isaias
2471 2111 2732 2180 propheta
2761 2112 3026 2180 perhibet,
3057 2114 3240 2168 dicens
3264 2131 3276 2166 :
3304 2113 3437 2168 Ecce
3464 2116 3607 2185 virgo
3635 2117 3690 2168 in
3721 2126 3877 2172 utero

2281 2200 2553 2268 concipiet,
2601 2208 2648 2252 et
2696 2201 2863 2269 pariet
2900 2200 3088 2271 ﬁlium,
3131 2211 3181 2255 et
3219 2201 3479 2256 vocabitur
3517 2203 3872 2272 consiliarius,

2282 2287 2421 2341 Deus
2453 2291 2635 2360 fortis;
2667 2291 2812 2361 cujus
2839 2300 3065 2361 potestas
3093 2303 3141 2345 et
3161 2293 3434 2362 imperium
3469 2295 3784 2364 permanebit
3811 2297 3872 2351 in

2281 2385 2647 2454 sempiternum
2701 2383 2854 2454 (lsai.
2888 2401 2964 2453 Ix,
2997 2384 3072 2455 7).
3125 2383 3437 2454 Unigenitus
3483 2387 3662 2456 itaque
3692 2387 3868 2463 Patris

2281 2471 2504 2542 iugeniti
2533 2471 2779 2528 Christus
2806 2474 3099 2529 secundum
3129 2489 3342 2530 carnem
3371 2484 3438 2530 ex
3461 2477 3666 2532 semine
3699 2475 3866 2533 David

2282 2573 2440 2621 natus
2467 2574 2567 2629 est,
2600 2563 2770 2619 factus
2799 2565 2962 2620 homo
2993 2565 3232 2627 visibilis,
3265 2566 3415 2634 cujus
3441 2565 3602 2620 Pater
3623 2566 3762 2622 Deus
3784 2577 3868 2625 est

2280 2657 2579 2710 invisibilis.
2612 2655 2982 2710 Necessarium
3011 2657 3224 2726 quidem
3249 2667 3367 2712 erat
3393 2659 3630 2713 humano
3657 2660 3868 2728 generi,

2281 2755 2339 2801 ut
2366 2762 2524 2815 quem
2555 2745 2714 2801 Pater
2741 2747 2808 2801 ab
2839 2748 2990 2802 initio
3027 2747 3346 2803 invisibilem
3389 2759 3663 2816 genuerat,
3718 2751 3866 2819 virgo

2279 2839 2608 2907 conciperet,
2639 2838 2790 2906 virgo
2813 2838 2966 2894 nobis
2986 2838 3248 2892 visibilem
3279 2839 3614 2908 produceret,
3641 2849 3696 2894 et
3715 2842 3865 2910 virgo

2278 2937 2402 3000 post
2443 2939 2652 2998 partum
2693 2938 3050 2998 permaneret,
3105 2937 3353 2997 essetque
3399 2932 3454 2983 in
3495 2929 3605 2984 Deo
3645 2931 3805 3003 (forte
3833 2949 3864 2985 α

2279 3019 2412 3088 Deo)
2442 3020 2688 3074 Christus
2717 3029 2843 3074 ante
2872 3021 3049 3074 omnia
3073 3021 3264 3074 Saecula
3292 3023 3502 3090 genitus
3531 3024 3646 3077 sine
3675 3025 3862 3078 mulie-

2278 3113 2360 3167 bri
2390 3112 2774 3166 coneubitu‘ex
2797 3111 3000 3165 cmlesti
3023 3109 3183 3166 Patre
3208 3129 3220 3163 :
3247 3121 3301 3166 et
3323 3113 3588 3181 perfectus
3614 3114 3770 3166 homo
3792 3128 3859 3166 ex

2277 3217 2432 3263 utero
2463 3207 2703 3276 virginali
2733 3215 3062 3271 nasceretur,
3095 3205 3296 3275 absque
3336 3208 3536 3262 carnali
3575 3215 3740 3276 patre.
3774 3203 3860 3259 ln-

585 3305 761 3364 ptnra,
787 3309 974 3348 omnes
999 3295 1314 3348 astabimus.
1342 3291 1434 3346 His
1461 3292 1638 3358 dictis,
1673 3301 1816 3344 tanta
1843 3291 2058 3346 claritas
2080 3307 2177 3360 op-
2203 3306 2249 3370 ρ
2279 3301 2526 3370 grediens
2553 3314 2784 3369 namque
2826 3306 3042 3353 sanctus
3073 3298 3304 3368 spirans
3333 3299 3624 3368 virgineam
3653 3299 3861 3368 pujici-

583 3387 838 3457 pidanum
886 3387 1080 3450 Ineunt,
1112 3385 1164 3438 in
1194 3399 1304 3454 quo
1328 3393 1485 3437 natus
1511 3392 1649 3450 erat,
1700 3382 1892 3436 affulsit
1913 3424 1928 3447 _.
1973 3391 2029 3435 ut
2058 3398 2174 3435 om-

583 3495 679 3532 nes
704 3477 794 3546 qui
826 3476 892 3530 ad
921 3477 1202 3544 exsequias
1234 3475 1366 3528 tanti
1390 3471 1562 3528 Patris
1584 3485 1842 3527 venerant
1868 3473 1992 3528 facti
2015 3472 2170 3542 quasi

583 3569 635 3622 in
664 3580 886 3620 excessu
915 3565 1110 3618 mentis
1147 3563 1393 3634 spiritum
1423 3561 1536 3630 ejus
1565 3567 1631 3616 ab
1661 3562 1851 3630 angelo
1892 3561 2088 3615 elevari
2119 3561 2171 3614 in

580 3659 723 3711 nube
749 3655 1014 3721 viderent,
1043 3665 1097 3710 et
1120 3671 1242 3710 cum
1271 3655 1513 3708 claritate
1540 3655 1697 3708 nubis
1721 3653 1886 3708 caelos
1917 3662 2168 3722 penetra-

579 3762 659 3806 re.
710 3753 766 3800 et
816 3746 1115 3800 claritatem
1171 3759 1293 3799 cum
1349 3745 1466 3813 ipso
1513 3744 1815 3808 volantem,
1868 3742 2170 3797 nullatenus

577 3849 860 3904 apparere.
911 3833 1000 3890 Sic
1049 3833 1190 3888 unda
1237 3833 1376 3888 sacri
1421 3833 1697 3900 sanguinis
1747 3832 1958 3901 perfusa
2009 3847 2170 3888 verus

577 3935 781 3997 martyr
825 3933 881 3980 et
924 3926 1202 3981 confessor
1231 3924 1284 3978 in
1323 3939 1453 3994 pace
1493 3923 1642 3977 abiit.
1695 3922 1869 3977 Pridie
1912 3922 2168 3978 kalendas

574 4017 722 4074 Julii.

648 4112 771 4167 llzec
799 4119 917 4166 acta
953 4119 1078 4165 sunt
1123 4111 1190 4164 ab
1236 4109 1500 4164 haereticis
1539 4109 1769 4178 septimo
1815 4107 2164 4162 calendarum

573 4201 717 4255 Junii
755 4211 809 4256 et
838 4203 888 4254 in
931 4201 1047 4271 ipso
1087 4215 1230 4253 anno
1258 4200 1449 4253 beatus
1476 4197 1816 4254 Eleutherius
1843 4198 2167 4252 obdormivit

575 4297 628 4349 in
659 4310 810 4364 pace,
860 4302 1117 4362 regnante
1161 4292 1387 4346 Domino
1431 4301 1616 4346 nostro
1645 4290 1773 4346 Jesu
1802 4291 2037 4355 Christo,
2078 4293 2163 4346 cui

572 4390 655 4443 est
685 4389 857 4442 honor
897 4396 950 4441 et
979 4395 1218 4457 potestas
1261 4402 1358 4456 per
1384 4385 1566 4440 omnia
1595 4386 1788 4440 saecula
1818 4385 2158 4440 saeculorum.

573 4477 768 4530 Amen.

765 4586 998 4642 SEMIO
1033 4586 1119 4641 DE
1159 4586 1663 4642 INCARNATIONE
1703 4586 1958 4644 DOMINI.

644 4701 870 4757 Paterna
897 4702 1186 4757 auctoritas
1215 4701 1502 4756 fraternam
1542 4702 1860 4792 charitateqt
1901 4702 2156 4756 cohorta-

571 4810 658 4852 tur
684 4806 740 4850 ut
767 4796 969 4860 credat,
1017 4805 1070 4850 et
1118 4804 1175 4848 ut
1203 4811 1232 4848 a
1265 4795 1417 4848 malis
1465 4803 1640 4849 cesset
1668 4796 1961 4848 clementer
1990 4809 2158 4862 expo-

569 4894 752 4944 stulat.
785 4889 1109 4950 Clamatnus,
1143 4902 1300 4941 nemo
1334 4886 1576 4942 mortalis
1605 4885 1846 4940 obaudit.
1880 4885 2155 4940 Christum

571 4981 902 5039 invocamus,
949 4976 1189 5032 Christus
1219 4977 1452 5031 caelestis
1487 4977 1722 5032 exaudit.
1767 4977 2155 5032 Verumtamen

570 5071 811 5124 inﬁdeles
835 5069 1055 5123 ﬁdeliter
1084 5069 1324 5133 audiant,
1353 5070 1666 5140 insipientes
1694 5072 1966 5138 sapienter
1995 5069 2154 5122 intel-

476 5198 484 5206 -
570 5164 753 5229 ligant.
785 5160 1060 5215 Credimus
1093 5163 1253 5215 Deum
1288 5161 1499 5215 Patrem
1531 5164 1955 5231 omnipotentem
1977 5202 1991 5226 ,
2023 5163 2153 5217 visi-

568 5252 753 5305 bilium
775 5261 829 5304 et
852 5251 1187 5306 invisibilimn
1213 5261 1534 5306 creatorem.
1556 5252 1858 5306 Adoramus
1881 5252 2154 5305 Christum

567 5343 861 5414 perfectum
894 5347 1108 5413 perleeti
1141 5346 1324 5399 tilium.
1359 5345 1689 5399 Venerantur
1731 5344 2054 5398 Paraclitum
2086 5347 2153 5400 a‘b

569 5447 796 5504 utroque
823 5435 1198 5504 procedentem
1229 5436 1508 5504 Spiritum.
1554 5436 2014 5500 Quemadmodum
2050 5435 2151 5487 Pa-

568 5536 650 5578 ter
679 5527 876 5596 absque
925 5527 1074 5580 initio
1116 5537 1223 5590 est,
1274 5527 1351 5581 sic
1381 5528 1540 5581 etiam
1573 5526 1756 5590 Filius,
1808 5525 1958 5593 cujus
1992 5525 2152 5578 Pater

568 5616 706 5671 Deus
737 5628 834 5681 est,
886 5619 1000 5671 sine
1033 5617 1291 5686 principio
1341 5626 1638 5686 permanet.
1677 5615 1988 5683 Unigenitus
2027 5631 2151 5669 eum

566 5710 633 5760 ah
667 5710 902 5777 ingenito
929 5707 1278 5770 descendens,
1327 5725 1540 5777 semper
1567 5707 1707 5760 Deus
1739 5708 1851 5770 fuit,
1885 5708 1975 5774 qui
2005 5722 2149 5761 sem-

565 5815 662 5868 per
693 5800 849 5858 Illius,
880 5799 1030 5865 cujus
1062 5797 1272 5852 Patrem
1305 5796 1468 5851 Deum
1499 5814 1617 5854 esse
1645 5797 1982 5862 conﬁtemur,
2023 5812 2149 5866 per-

565 5892 779 5946 inan-it.
833 5891 1129 5950 Antequam
1159 5889 1386 5944 mundus
1415 5889 1564 5948 ﬁeret
1607 5891 1838 5945 Verbum
1872 5889 2030 5945 Pater
2058 5891 2150 5946 ha-

2277 3394 2363 3447 tim
2392 3392 2586 3457 aulam,
2641 3391 2800 3445 talem
2829 3389 3120 3456 Christum,
3165 3391 3438 3445 hominem
3481 3390 3676 3447 factum
3706 3407 3769 3446 ex
3795 3406 3860 3446 ea

2274 3482 2401 3537 fecit
2429 3483 2742 3552 procedere,
2783 3481 2873 3551 qui
2904 3481 3111 3550 perdita
3141 3490 3488 3544 restauraret,
3535 3490 3588 3534 et
3617 3483 3864 3536 omnium

2274 3575 2466 3630 delicta
2484 3575 2767 3637 relaxaret,
2794 3574 2885 3644 qui
2906 3573 3164 3628 innocens
3186 3574 3521 3627 innocentem
3543 3573 3867 3639 sanguinem

2273 3683 2426 3724 suum
2458 3683 2556 3736 pro
2586 3664 2959 3736 redemptione
2988 3667 3230 3719 humanae
3269 3663 3566 3731 fragilitatis
3612 3663 3863 3720 eﬁunde-

2273 3767 2376 3820 ret,
2409 3767 2464 3812 et
2492 3773 2588 3827 per
2608 3757 2876 3812 hominem
2908 3757 3170 3811 visibilem
3201 3755 3341 3810 Deus
3369 3755 3644 3810 invisibilis
3673 3757 3859 3824 unige-

2272 3850 2440 3902 nitum
2471 3863 2626 3904 suum
2659 3847 2918 3902 visibilem
2939 3848 3245 3902 hominibus
3277 3855 3638 3917 prtesentaret.
3673 3845 3856 3917 Itaque

2270 3939 2424 3993 Jesus
2453 3937 2696 3994 Christus
2721 3937 3013 3992 secundum
3043 3952 3262 3991 carnem
3292 3945 3446 3990 natus
3473 3944 3528 3990 et
3557 3945 3742 3990 octava
3770 3936 3856 3990 die

2269 4031 2614 4086 circumcisus
2659 4038 2758 4083 est.
2785 4029 2842 4082 In
2863 4028 3014 4098 cujus
3034 4027 3438 4082 circumcisione
3459 4029 3656 4093 carnis,
3677 4043 3862 4097 quem-

2269 4121 2555 4176 admodum
2582 4119 2916 4175 circumcisio
2939 4118 3096 4171 tinem
3129 4117 3295 4181 dedit,
3307 4116 3394 4193 jta
3418 4132 3517 4187 per
3536 4117 3853 4186 baptismum

2270 4213 2468 4269 Christi
2519 4211 2856 4266 consecratio
2909 4208 3245 4279 baptismatis
3311 4209 3588 4263 exordium
3644 4207 3850 4262 habuit.

2267 4307 2444 4376 Ipsum
2467 4305 2610 4360 enim
2641 4318 2776 4372 aqua
2803 4301 3053 4357 Jordanis
3073 4300 3337 4356 abluendo
3354 4316 3462 4355 non
3481 4300 3856 4364 sanctitlcavit,

2266 4400 2358 4453 sc.l
2389 4398 2605 4453 easdem
2637 4411 2803 4465 aquas
2833 4395 2998 4450 Filius
3025 4394 3120 4451 Dei
3150 4392 3500 4464 ingrediendo
3529 4389 3853 4462 puriﬁcavit.

2266 4490 2433 4558 Igitur
2459 4497 2516 4542 ut
2545 4485 2705 4542 Pater
2727 4501 2824 4557 per
2852 4486 3141 4557 prophetas
3169 4500 3294 4540 suos
3324 4484 3660 4554 praedixerat,
3701 4484 3854 4551 virgo

2266 4582 2537 4653 wncepit,
2588 4590 2643 4636 et
2687 4590 2934 4635 creatura
2965 4587 3264 4634 creatorem
3294 4593 3448 4633 suum
3477 4577 3634 4632 terris
3661 4576 3853 4631 edidit.

2194 4685 2245 4745 υ
2270 4675 2444 4745 Ipsum
2477 4675 2631 4728 tertia
2662 4673 2748 4728 die
2773 4681 2894 4742 post
2925 4673 3226 4742 passionem
3269 4671 3645 4734 resnrrexisse,
3697 4678 3753 4724 et
3799 4670 3854 4723 in

2262 4769 2428 4823 caelos
2451 4767 2774 4830 ascendisse,
2807 4765 3106 4819 videntibus
3135 4764 3411 4833 apostolis,
3438 4764 3743 4832 perhibens.
3775 4761 3856 4817 De

2261 4866 2413 4930 cujus
2440 4862 2671 4929 gloriosa
2715 4860 2962 4928 passione
2993 4856 3188 4911 Paulus
3235 4857 3510 4925 apostolus
3549 4856 3616 4910 ad
3645 4856 3854 4925 Philip-

2259 4969 2454 5023 penses
2480 4952 2720 5006 scribens
2750 4952 2827 5003 ait
2852 4969 2863 5002 :
2892 4947 2990 5012 Qui
3021 4965 3134 5001 cum
3163 4949 3216 5001 in
3248 4949 3416 5020 forma
3441 4945 3536 4999 Dei
3564 4957 3716 5010 esset,
3747 4963 3854 4999 non

2258 5046 2500 5114 rapinam
2527 5041 2808 5095 arbitratus
2829 5049 2904 5093 est
2929 5057 3039 5094 esse
3061 5057 3116 5092 se
3142 5040 3391 5109 aequalem
3411 5037 3535 5099 Deo,
3558 5036 3650 5089 sed
3677 5047 3862 5089 semet-

2259 5137 2426 5205 ipsum
2455 5135 2739 5188 exinanivit
2768 5138 2992 5205 formam
3043 5134 3173 5185 servi
3201 5133 3477 5201 accipiens,
3520 5132 3572 5182 in
3605 5130 3852 5182 similitu-

2258 5229 2431 5281 dinem
2460 5227 2720 5279 hominum
2762 5228 2949 5295 factus,
2999 5231 3050 5276 et
3096 5222 3268 5275 habitu
3299 5224 3533 5276 inventus
3571 5232 3627 5273 ut
3656 5221 3848 5274 homo:

2259 5317 2545 5371 humiliavit
2570 5317 2899 5383 semetipsum
2921 5314 3162 5368 obediens
3190 5330 3348 5384 usque
3372 5313 3440 5364 ad
3461 5322 3695 5376 mortem,
3721 5327 3859 5364 mor-

2257 5417 2358 5460 tem
2373 5417 2542 5459 autem
2558 5407 2723 5457 crucis
2737 5403 2958 5471 (Philip.
2977 5403 3036 5468 ι).
3061 5402 3168 5456 Nos
3185 5417 3314 5470 ergo
3329 5403 3394 5456 de
3416 5402 3526 5455 Deo
3546 5402 3594 5454 id
3621 5401 3858 5455 sentien-

2240 5507 2340 5550 tes
2362 5513 2464 5549 non
2488 5495 2714 5548 dicimus
2731 5509 2921 5562 purum
2941 5493 3234 5553 hominem,
3254 5495 3342 5560 qui
3364 5492 3431 5546 de
3451 5491 3666 5560 Virgine
3683 5490 3852 5544 Maria

2257 5593 2414 5639 natus
2435 5594 2536 5646 est,
2556 5599 2654 5637 nec
2675 5585 2962 5652 separatim
2996 5583 3222 5636 alterum
3257 5584 3420 5636 liliutn
3444 5584 3694 5647 hominTs,
3723 5582 3854 5634 alte-

2255 5705 2372 5745 rum
2389 5687 2575 5741 Filium
2594 5686 2684 5739 Dei
2703 5686 3068 5755 prasdicamus,
3085 5701 3152 5739 ne
3169 5685 3325 5737 aliam
3345 5700 3629 5753 personam
3647 5683 3848 5746 carnis,

2256 5789 2416 5842 aliam
2450 5786 2669 5838 Deitatis
2691 5785 2968 5853 faciamus,
2991 5785 3084 5840 sed
3115 5786 3166 5840 in
3191 5784 3369 5840 Verbo
3391 5783 3484 5840 Dei
3516 5793 3572 5839 et
3603 5785 3653 5838 in
3683 5797 3847 5838 carne

2256 5904 2419 5943 unum
2444 5886 2714 5943 Christum
2745 5885 3062 5957 proﬁtemur
3077 5895 3132 5942 et
3153 5885 3441 5952 credimus,
3457 5885 3713 5942 etFilium
3737 5881 3851 5937 uni-
