4124 6524
342 486 415 559 93
1793 495 2155 553 summm-.3
3543 503 3615 561 9s

338 615 580 686 genitum
602 611 893 668 secundum
917 619 1162 667 naturam
1183 626 1301 667 esse
1324 620 1583 668 testamur
1602 619 1657 668 et
1677 612 1922 667 colimus.
1955 616 2006 674 Α
2029 609 2239 664 dixerat
2267 622 2326 663 se
2352 607 2583 666 similem
2607 598 2903 679 Altissimo,
2926 627 3023 682 per
3043 613 3348 684 superbiam
3374 615 3612 687 elapsus,

336 709 399 764 Id
420 708 583 764 etiam
605 706 781 777 palam
804 706 1095 776 aperimus,
1124 705 1371 760 similiter
1388 704 1479 759 Dei
1501 704 1736 761 Verbum
1759 705 1935 760 carnis

337 806 399 852 et
423 796 700 865 sanguinis
739 795 1019 850 exordium
1068 795 1341 863 habuisse,
1380 804 1437 851 et
1463 804 1705 851 nostrum
1736 810 1934 867 corpus

336 907 496 945 suum
537 878 1072 961 specialiter'l'ecisse,
1122 896 1178 942 et
1221 886 1516 958 perlectum
1555 888 1829 943 hominem
1861 887 1930 943 de

338 981 546 1050 virgine
574 979 922 1051 processisse,
970 994 1077 1033 non
1108 986 1284 1033 tamen
1332 978 1541 1047 ahjecta
1570 979 1773 1033 cmlesti
1804 978 1933 1035 Dci-

339 1081 473 1134 tate,
507 1080 564 1125 ut
590 1072 734 1126 illam
760 1070 1159 1140 generationem
1201 1069 1470 1125 amitteret
1497 1084 1658 1140 quam
1700 1069 1933 1124 habebat

337 1177 406 1215 ex
434 1169 639 1216 aeterno
680 1158 859 1214 Patre.
912 1157 1026 1214 Hoc
1070 1158 1255 1228 utique
1297 1158 1437 1214 ratio
1483 1157 1761 1213 catholica:
1809 1157 1933 1214 ﬁdei

336 1259 590 1306 testatur.
622 1250 679 1305 In
700 1251 803 1306 hac
825 1250 1087 1318 religione
1113 1257 1329 1305 sanctos
1351 1248 1560 1316 Patres,
1607 1257 1663 1304 et
1692 1248 1786 1304 Dei
1815 1250 1929 1305 ele-

336 1355 458 1401 ctos
487 1343 684 1399 milites
713 1357 978 1412 verosque
1006 1343 1279 1411 agonistas
1306 1341 1467 1398 fuisse
1495 1341 1796 1405 didicimus,
1838 1341 1932 1410 qui

335 1436 609 1494 veraciter
654 1445 883 1492 matrem
910 1435 1119 1490 Domini
1162 1434 1332 1489 nostri
1377 1433 1504 1491 Iesu
1532 1434 1732 1490 Christi
1761 1435 1929 1503 virgi-

337 1543 467 1583 nem
507 1526 851 1584 crediderunt
875 1542 888 1576 :
914 1540 1022 1581 non
1060 1524 1185 1595 quia
1216 1524 1398 1579 Deitas
1438 1531 1739 1593 naturaque
1770 1523 1929 1580 Verbi

340 1619 395 1672 in
430 1619 546 1688 ipsa
573 1615 854 1672 exordium
881 1615 1170 1686 acceperit,
1200 1615 1294 1671 sed
1320 1616 1463 1685 quod
1493 1616 1669 1670 anima
1691 1615 1929 1670 rationa-

339 1711 433 1765 bili
462 1726 530 1765 ex
558 1708 798 1778 ejusdem
828 1708 1048 1776 virginis
1078 1707 1363 1778 impolluta
1401 1707 1523 1762 alvo
1570 1707 1701 1762 illud
1749 1721 1932 1762 sacra-

340 1803 606 1857 tissimum
628 1817 824 1871 corpus
852 1799 1049 1856 Christi
1081 1800 1376 1871 animatum
1401 1808 1586 1854 natum
1609 1800 1698 1865 sit,
1726 1800 1814 1855 cui
1836 1794 1928 1854 Dei

342 1890 574 1947 Verbum
604 1890 895 1945 adunatum
925 1889 1349 1945 subslantialiter
1372 1890 1570 1946 scimus
1598 1903 1717 1945 esse
1746 1897 1930 1944 natum

2036 700 2253 768 rugiens
2281 709 2341 755 ut
2366 700 2475 769 leo,
2496 702 2687 771 quaerit
2712 716 2873 773 quem
2901 701 3145 760 devoret.
3176 705 3293 761 Non
3317 709 3510 776 quaerit
3530 709 3563 764 h

2036 725 2253 768 rugiens
2282 725 2341 755 ιιι
2366 725 2475 769 seu,
2496 725 2687 771 quam".
2712 725 2873 773 quem
2901 725 3145 760 πνοι-ει.
3176 725 3293 761 non
3317 725 3510 776 quaerit
3530 725 3563 764 li

2035 788 2236 843 minem
2265 786 2556 858 inﬁdelem,
2588 806 2695 847 non
2718 792 3051 859 iracundum,
3085 810 3192 851 non
3221 796 3343 851 illos
3369 797 3462 867 qui
3491 725 3637 877 {ora

2034 885 2180 943 sunt,
2212 877 2304 933 sed
2334 880 2525 950 quaerit
2554 881 2830 948 humilem,
2861 882 3189 951 modestum,
3221 887 3620 959 rationabilem,

2034 967 2119 1023 vel
2149 969 2381 1038 aliquem
2410 971 2477 1026 de
2501 970 2744 1029 Ecclesia
2771 973 2975 1030 Christi
2998 977 3231 1047 dejicere
3259 980 3465 1036 nititur.
3513 980 3622 1041 Iste

2033 1062 2245 1117 invidus
2281 1062 2553 1119 hominem
2597 1064 2664 1120 de
2700 1066 2951 1137 paradiso
2980 1066 3074 1123 Dei
3111 1069 3342 1139 ejectum
3387 1073 3439 1126 in
3482 1073 3622 1129 hanc

2030 1156 2307 1210 miseriam
2336 1163 2392 1212 et
2417 1158 2718 1214 convallem
2747 1159 3105 1232 lacrymarum
3131 1163 3296 1230 misit,
3329 1172 3384 1219 et
3404 1165 3622 1221 beatum

2032 1245 2135 1302 Job
2160 1262 2192 1301 a
2222 1245 2333 1302 Deo
2370 1247 2528 1316 longe
2557 1247 2737 1304 facere
2760 1251 2951 1319 voluit,
2974 1267 3076 1307 nec
3097 1254 3294 1322 potuit.
3343 1254 3449 1325 Ipsi
3477 1257 3622 1311 enim

2033 1336 2377 1392 immaculato
2423 1346 2479 1394 et
2524 1339 2757 1409 simplici
2795 1342 2912 1397 viro
2957 1343 3192 1399 dicitur:
3225 1343 3399 1401 Virtus
3426 1348 3537 1418 ejus
3566 1349 3622 1402 in

2032 1429 2218 1484 lumbis
2257 1429 2390 1500 ejus,
2439 1439 2489 1485 et
2515 1440 2743 1501 potestas
2768 1434 2823 1487 in
2858 1434 3100 1490 umbilico
3127 1437 3261 1508 ejus.
3310 1436 3477 1507 Igitur
3524 1453 3623 1509 per

2034 1520 2190 1591 primi
2226 1520 2460 1576 hominis
2503 1521 2945 1591 inobedientiam,
2995 1525 3050 1579 in
3095 1527 3355 1582 mundum
3402 1528 3624 1585 intravit

2032 1628 2179 1669 mors
2198 1622 2252 1670 et
2281 1614 2496 1670 miseria
2521 1635 2533 1669 :
2558 1630 2657 1686 per
2697 1617 2931 1673 natalem
2960 1635 3092 1676 vero
3137 1622 3357 1676 secundi
3386 1622 3622 1680 hominis

2033 1706 2273 1776 ingressa
2297 1714 2380 1761 est
2408 1706 2552 1762 salus
2577 1716 2631 1762 et
2659 1707 2864 1763 lmtitia.
2893 1708 3060 1764 Stella
3089 1711 3259 1766 solem
3288 1712 3434 1768 dedit
3457 1732 3469 1767 :
3495 1714 3620 1771 Vir-

2033 1810 2102 1865 go
2147 1797 2320 1852 Deum
2366 1798 2640 1855 hominem
2684 1800 2888 1869 absque
2936 1802 3183 1866 homine;
3234 1803 3382 1873 virga
3431 1804 3619 1866 liorem

2034 1888 2338 1959 parturivit.
2367 1888 2423 1944 Si
2449 1888 2613 1945 Maria
2641 1891 2790 1962 virgo
2820 1908 2927 1948 non
2956 1896 3357 1964 permansisset,
3386 1913 3493 1954 non
3516 1900 3622 1955 uti-

340 1983 649 2037 carnaliter.
698 1982 835 2037 Hinc
860 1981 929 2037 de
969 1996 1036 2036 eo
1064 1980 1261 2036 Paulus
1289 1981 1566 2071 apostolus
1593 1980 1661 2071 ad
1698 1979 1930 2036 Thessa-
1961 2012 2003 2071 Β
2033 1994 2140 2048 que
2167 1978 2357 2071 Filium
2386 1978 2482 2034 Dei
2509 1985 2801 2049 genuisset.
2850 1980 2894 2036 0
2920 1999 3079 2054 quam
3109 1985 3370 2042 laudanda
3400 1990 3621 2059 virgini-

340 2068 644 2127 Ionicenses
687 2070 928 2127 scribens
973 2070 1086 2124 ait:
1116 2068 1227 2141 Ipsi
1271 2071 1406 2124 enim
1435 2070 1498 2125 de
1545 2069 1685 2126 vobis
1714 2086 1925 2125 annun-

341 2165 494 2229 tiant,
519 2164 720 2236 qualem
748 2164 1018 2218 introitum
1046 2163 1371 2219 habuerimus
1393 2163 1533 2235 apud
1574 2181 1683 2234 vos,
1722 2175 1773 2220 et
1799 2182 1929 2237 quo-

340 2254 495 2308 modo
520 2255 752 2309 conversi
770 2255 891 2308 estis
917 2253 984 2306 ad
1004 2251 1172 2307 Deum
1201 2270 1234 2306 a
1261 2254 1575 2318 simulacris,
1605 2257 1797 2310 servire
1818 2254 1930 2311 Deo

340 2345 449 2399 uiro
479 2352 528 2398 et
553 2360 694 2413 vero,
742 2353 792 2398 et
822 2351 1119 2414 exspectare
1138 2342 1339 2398 Filium
1365 2344 1478 2415 ejus
1515 2344 1580 2399 de
1604 2345 1759 2409 oculis,
1782 2362 1931 2418 quem

337 2436 629 2501 suscitavit,
675 2434 875 2502 Iesum,
922 2436 1008 2509 qui
1045 2435 1237 2506 eripuit
1261 2451 1355 2489 nos
1378 2452 1411 2488 a
1437 2444 1649 2490 uentura
1687 2437 1790 2491 ira.
1822 2435 1933 2493 Nos

338 2539 472 2595 ergo
501 2533 701 2581 sauctze
733 2527 891 2597 hujus
921 2525 1043 2581 lidei
1070 2525 1326 2591 cultores,
1353 2541 1417 2581 ac
1444 2526 1761 2582 Christiana:
1801 2526 1933 2597 legis

339 2623 640 2671 sectatores
663 2614 975 2686 profitemur
993 2616 1287 2671 secundum
1308 2616 1659 2671 substantiam
1683 2617 1774 2671 Dei
1800 2614 1933 2672 Ver-

340 2706 471 2759 bum
493 2706 641 2761 carni
688 2707 912 2771 unitum,
958 2721 1231 2775 unumque
1261 2705 1530 2762 Christum
1556 2705 1749 2776 Deum,
1777 2723 1930 2763 eum-

344 2797 583 2864 demque
620 2796 895 2851 hominem
940 2812 1062 2851 cum
1108 2796 1325 2867 propria
1370 2812 1531 2852 carne
1577 2797 1928 2854 adorandum.

350 2885 636 2941 Testamur
656 2903 786 2942 vero
816 2890 997 2955 corde,
1023 2890 1364 2960 perhibemus
1388 2906 1517 2961 pura
1547 2899 1750 2958 mente,
1768 2889 1935 2946 conﬁ-

352 2985 531 3031 temur
570 2976 816 3032 modesto
864 2994 976 3044 ore,
1025 2979 1213 3034 Filium
1254 2979 1349 3036 Dei
1388 2981 1699 3036 cruciﬁxum
1746 2997 1931 3048 carne,

344 3073 583 3121 mortem
609 3068 894 3137 p‘értulisse
923 3084 1101 3135 carne,
1142 3069 1449 3139 laetumque
1476 3085 1541 3125 ex
1572 3072 1797 3143 mortuis
1824 3072 1935 3141 prio

341 3157 700 3224 snogenitum,
753 3158 1043 3213 secundum
1087 3160 1232 3229 quod
1261 3160 1313 3213 in
1343 3161 1461 3230 ipso
1501 3168 1780 3231 permanet
1808 3177 1932 3232 per-

340 3246 486 3305 lecta
515 3248 623 3303 vita
659 3248 1009 3317 credentium,
1057 3251 1149 3321 qui
1179 3260 1237 3305 ut
1267 3251 1429 3319 Deus,
1479 3252 1717 3306 omnium
1760 3249 1934 3319 viviﬁ:

342 3347 503 3393 calor
529 3348 612 3395 est
633 3337 888 3396 ﬁdelium.

419 3427 564 3493 Haec,
596 3428 947 3495 dilectissimi,
977 3433 1178 3501 scribo,
1211 3441 1269 3489 ut
1298 3450 1406 3506 pax
1427 3444 1484 3490 et
1509 3435 1800 3491 concordia
1829 3433 1933 3491 Ec-

344 3518 635 3575 clesiarum
655 3531 1020 3590 conservetur,
1049 3532 1105 3579 et
1130 3525 1501 3583 indissolubile
1520 3526 1797 3582 charitatis
1817 3527 1934 3581 vin-

345 3608 528 3665 culum
576 3622 927 3682 permaneat,
988 3613 1237 3684 donaque
1282 3615 1477 3671 divina:
1524 3617 1786 3687 largitatis
1823 3634 1933 3673 non

345 3700 676 3757 minuantur.
725 3700 1043 3760 Trinitatem
1072 3705 1124 3760 in
1156 3706 1361 3763 unitate
1388 3723 1710 3763 veneramur
1735 3719 1791 3765 et
1817 3726 1935 3766 cre—

349 3789 524 3846 dimus
544 3789 757 3847 Patrem
786 3792 1087 3865 Filiumque
1116 3797 1193 3852 sic
1222 3796 1375 3853 initio
1404 3795 1590 3864 fuisse,
1641 3808 1700 3855 ut
1740 3817 1933 3872 proce-

350 3881 565 3936 dentem
611 3884 679 3939 ab
726 3892 957 3953 utroque
985 3884 1321 3943 Paracletum
1351 3890 1673 3946 confitemur
1699 3900 1756 3948 et
1800 3893 1934 3948 coli-

347 3990 505 4043 mus,
538 3992 643 4031 non
672 3985 786 4032 tres
808 3976 959 4044 deos,
1008 3978 1103 4032 sed
1134 3995 1297 4033 unum
1330 3983 1702 4038 tantummodo
1723 3982 1889 4038 Deum
1917 4002 1931 4038 :

340 4068 436 4121 cui
478 4067 708 4123 lidcliter
735 4068 1106 4139 persolvamus
1134 4070 1333 4137 debita,
1385 4080 1445 4126 ut
1490 4072 1646 4127 nobis
1688 4073 1936 4129 relaxare

338 4164 534 4209 nostra
579 4172 685 4211 non
723 4157 1040 4226 dedignetur
1060 4159 1283 4215 crimina
1314 4160 1570 4216 Dominus
1606 4141 1669 4218 ac
1695 4161 1931 4219 Redem-

335 4254 473 4315 ptor
499 4253 700 4311 noster,
752 4247 844 4315 qui
876 4256 1020 4301 tanta
1051 4248 1102 4302 in
1133 4251 1303 4306 servis
1329 4252 1441 4306 suis
1485 4253 1744 4309 miracula
1775 4254 1936 4310 mira-

335 4336 469 4390 bilis
488 4346 763 4407 operatar,
788 4346 842 4393 et
865 4338 1068 4407 majora
1092 4341 1281 4395 horum
1305 4342 1622 4411 videbimus,
1647 4345 1935 4416 adjuvante

336 4428 439 4482 illo
487 4427 642 4497 cujus
680 4429 929 4497 majestas
971 4439 1025 4486 et
1072 4434 1432 4502 pulchritudo,
1479 4437 1937 4503 immarcescibilis

335 4518 539 4589 gloria,
587 4520 758 4574 virtus
796 4528 852 4575 et
902 4521 1078 4576 honor
1118 4524 1505 4582 inaestimabilis
1543 4539 1827 4599 permanet
1880 4531 1935 4586 in

336 4608 544 4664 saecula
570 4609 906 4663 seculorum.
942 4609 1133 4666 Amen.

670 4733 898 4790 SERMO
932 4736 1018 4790 DF.
1056 4731 1306 4795 NATALI
1349 4739 1601 4799 DOMINI.

417 4842 556 4901 Ecce
586 4861 725 4901 nunc
757 4854 968 4915 tempus
997 4849 1349 4917 accept-abile,
1379 4866 1506 4906 ecce
1534 4868 1677 4908 nunc
1703 4854 1820 4909 dies
1848 4869 1938 4910 sa-

335 4936 491 4989 lutis.
538 4933 679 4991 Ecce
726 4935 779 4988 in
827 4934 908 4988 his
936 4935 1124 4991 diebus
1170 4939 1447 5009 impletum
1494 4945 1763 4999 cernimus
1788 4946 1935 5016 quod

336 5040 482 5080 voce
519 5023 671 5080 Isaiae
698 5026 973 5096 propheta:
1012 5028 1207 5082 dicitur
1230 5049 1243 5083 :
1270 5030 1404 5084 Ecce
1434 5035 1573 5102 virgo
1604 5038 1857 5107 concipiet
1886 5049 1937 5093 et

335 5114 513 5186 pariet
539 5114 729 5182 ﬁliam,
746 5106 794 5167 et
819 5115 1079 5170 vocabitur
1102 5136 1287 5174 nomen
1317 5123 1426 5191 ejus
1444 5106 1768 5180 Emmanuel.
1796 5126 1937 5184 Ecce

336 5207 500 5275 virgo
528 5207 781 5276 concepit
804 5209 1006 5278 absque
1036 5212 1175 5266 virili
1203 5215 1429 5278 semine,
1473 5217 1626 5285 virgo
1653 5220 1940 5288 parturivit

339 5296 555 5365 absque
581 5297 757 5367 aliqua
788 5302 966 5354 carnis
996 5302 1356 5360 infestatione.
1390 5305 1640 5376 Ejusdem
1671 5311 1815 5365 enim
1841 5312 1935 5367 lilii

341 5388 633 5442 nativitatc
663 5391 911 5446 humana:
939 5393 1109 5462 plebis
1136 5396 1316 5452 hctitia
1348 5410 1724 5467 augmentatur
1751 5423 1763 5456 :
1787 5404 1939 5474 cujus

343 5489 473 5534 ortu
496 5480 744 5535 inimicus
766 5492 965 5539 nostra:
987 5488 1297 5543 substantia:
1317 5507 1551 5548 mmrore
1572 5496 1935 5553 confunditur.

344 5569 443 5626 Ille
465 5574 665 5627 etenim
694 5575 1033 5633 adversarius
1055 5590 1254 5649 noster,
1278 5586 1368 5653 qui
1393 5586 1624 5642 diluculo
1648 5598 1706 5643 ut
1727 5588 1940 5646 Luciler

346 5664 647 5729 oriebatur,
676 5668 766 5733 qui
799 5668 852 5720 in
882 5669 1131 5737 paradiso
1160 5673 1254 5729 Dei
1283 5677 1592 5733 deliciarum
1630 5681 1763 5735 cibis
1783 5680 1934 5737 dele-

346 5755 621 5823 ctabatur,
651 5758 847 5811 cecidit
868 5758 936 5813 de
963 5761 1103 5817 cmlo
1131 5772 1188 5817 et
1213 5767 1398 5821 audire
1427 5771 1725 5838 promeruit
1750 5789 1762 5824 :
1789 5770 1853 5826 Si
1881 5780 1937 5826 ut

346 5845 528 5913 aquila
554 5848 812 5903 uallatus
843 5852 1022 5921 fueris,
1045 5853 1230 5911 indea
1276 5855 1498 5914 Domino
1529 5862 1744 5933 turpiter
1769 5862 1936 5917 detra-

356 5935 514 5990 ‘ieris.
550 5937 643 5993 Ille
672 5941 888 6010 quidem
917 5943 931 5996 i
976 5944 1165 6001 imicus
1192 5947 1435 6003 humanae
1465 5951 1794 6021 substantiae,
1841 5954 1931 6023 qui

1960 3376 2007 3439 C

1965 4747 2015 4807 D

2032 2070 2143 2127 tas!
2173 2069 2261 2124 Ait
2287 2070 2627 2127 beatissimus
2658 2071 2820 2129 Isaias
2845 2091 2859 2127 :
2884 2073 3032 2129 Emiit
3060 2078 3203 2148 virgo
3227 2078 3291 2132 de
3312 2079 3487 2134 radice
3508 2080 3621 2138 les-

2029 2176 2104 2228 se,
2136 2168 2186 2214 et
2211 2161 2312 2231 flos
2336 2160 2402 2214 de
2430 2160 2606 2215 radice
2632 2163 2744 2234 ejus
2773 2163 3014 2217 ascendet
3043 2162 3202 2234 (Isai.
3234 2179 3309 2231 ιι,
3350 2167 3425 2239 I).
3458 2168 3621 2239 Virgo

2029 2261 2205 2307 mater
2230 2259 2316 2307 est
2344 2251 2566 2320 Christi,
2615 2253 2868 2324 simplex,
2898 2254 3115 2311 humilis
3156 2264 3212 2312 et
3258 2259 3620 2327 immaculata,

2030 2340 2180 2394 nullo
2208 2340 2447 2409 germine
2475 2342 2813 2399 extrinsecus
2839 2344 3165 2412 cohaerente,
3196 2356 3252 2403 et
3279 2348 3347 2404 ad
3376 2348 3469 2404 Dei
3494 2350 3623 2406 ima-

2030 2431 2211 2501 ginem
2252 2430 2482 2488 t‘ecunda
2505 2434 2726 2489 unione.
2758 2434 3130 2493 Necessarium
3156 2454 3347 2496 revera
3372 2448 3490 2497 erat
3516 2442 3620 2500 ho-

2033 2523 2289 2589 minibus,
2317 2531 2375 2579 ut
2400 2524 2552 2594 virgo
2574 2524 2668 2580 Dei
2699 2524 2892 2582 Filium
2914 2529 3245 2599 conciperet,
3276 2529 3489 2587 Satanae
3508 2534 3621 2603 qui-

2033 2610 2155 2667 dem
2186 2612 2496 2680 molestum,
2518 2614 2674 2670 nobis
2693 2622 2873 2671 autem
2904 2614 3254 2674 fructuosum.
3281 2620 3356 2676 De
3378 2621 3469 2677 illo
3488 2619 3624 2682 (lore

2032 2717 2195 2772 quem
2242 2704 2391 2772 virga
2436 2702 2587 2760 Iesse
2629 2706 2873 2776 protulit.
2921 2709 3181 2778 scriptum
3225 2710 3483 2784 estzEgo
3522 2714 3622 2783 [los

2034 2795 2205 2863 campi
2232 2803 2281 2847 et
2309 2793 2475 2848 lilium
2503 2795 2832 2851 convallium.
2882 2796 2939 2852 Si
2986 2799 3266 2867 virginitas
3291 2802 3484 2871 virgini
3513 2820 3622 2861 non

2033 2880 2337 2950 prodesset,
2363 2884 2626 2952 propheta
2656 2883 2928 2955 Virginem
2959 2886 3030 2943 de
3050 2887 3268 2959 Virgine
3292 2893 3621 2953 nasciturum

2034 2973 2554 3041 nonsignilicasset.
2599 2972 2810 3045 Optima
2852 2986 3033 3033 tamen
3061 2987 3145 3035 est
3178 2983 3510 3040 continentia
3537 2986 3622 3042 vi-

2036 3060 2231 3129 dualis,
2258 3063 2449 3118 melior
2469 3073 2648 3119 autem
2672 3068 2892 3122 castitas
2921 3068 3214 3137 virginalis.
3241 3073 3411 3129 Aliter
3440 3085 3622 3132 autem

2035 3150 2124 3206 lex
2154 3151 2321 3225 Moysi
2365 3154 2489 3207 data
2519 3162 2656 3209 erat.
2687 3153 2956 3226 Scriptum
2993 3167 3077 3213 est
3105 3161 3249 3216 enim
3277 3180 3290 3216 :
3316 3162 3509 3219 Beatus
3537 3184 3623 3239 qui

2037 3241 2190 3296 habet
2216 3260 2385 3297 semen
2426 3245 2488 3297 in
2519 3244 2671 3299 Sion.
2718 3244 2788 3303 Et
2814 3244 3100 3303 Maledicta
3145 3252 3337 3306 sterilis
3376 3269 3491 3325 qua:
3517 3272 3623 3311 non

2037 3335 2280 3405 parturit.
2314 3333 2378 3388 Et
2405 3336 2531 3389 alibi
2559 3353 2570 3388 :
2599 3334 2721 3390 Non
2750 3347 2863 3391 erat
2892 3338 2945 3392 in
2974 3337 3204 3395 tribubus
3250 3359 3426 3398 eorum
3466 3345 3624 3415 inﬁr-

2035 3439 2169 3478 mus.
2194 3423 2250 3477 In
2281 3423 2399 3492 lege
2426 3437 2555 3479 vero
2585 3422 2797 3480 Domini
2821 3427 2991 3482 nostri
3015 3425 3142 3483 Iesu
3163 3426 3362 3485 Christi
3385 3429 3619 3488 dicitur:

2035 3511 2244 3568 Laetare
2282 3514 2471 3569 sterilis
2512 3532 2529 3569 :
2575 3529 2674 3571 nec
2729 3524 2783 3572 te
2828 3517 3028 3586 lignum
3073 3519 3352 3577 arbitreris
3393 3522 3621 3579 aridum.

2034 3605 2270 3662 Habebis
2314 3607 2490 3663 locum
2521 3624 2621 3678 pro
2651 3608 2772 3664 liliis
2799 3618 2857 3665 et
2885 3608 3091 3666 ﬁliabus
3118 3612 3224 3668 tuis
3256 3613 3309 3667 in
3337 3623 3620 3671 internum.

2032 3698 2185 3755 Nunc
2211 3699 2373 3754 etiam
2399 3700 2490 3769 qui
2517 3698 2756 3756 infernus
2776 3711 2878 3764 est,
2904 3700 3095 3758 fortior
3118 3702 3366 3770 efﬁcitur,
3395 3714 3626 3763 testante

2034 3789 2317 3861 Apostolo,
2348 3793 2439 3860 qui
2466 3792 2540 3845 ait
2565 3809 2577 3845 :
2602 3789 2843 3848 Libenter
2870 3793 3133 3866 gloriabor
3156 3795 3210 3850 in
3232 3796 3624 3867 inﬁrmitatibus

2037 3884 2185 3948 meis,
2225 3893 2281 3937 ut
2318 3881 2567 3937 inhabitet
2614 3884 2666 3937 in
2716 3900 2796 3938 me
2841 3885 3000 3939 virtus
3027 3884 3238 3941 Christi.
3291 3886 3457 3956 Igitur
3498 3888 3625 3958 quia

2033 3974 2280 4032 Christus
2304 3983 2431 4031 ante
2457 3976 2636 4030 omnia
2667 3975 2880 4040 saecula,
2911 3992 2977 4031 ex
3006 3983 3211 4032 tetcr‘no
3235 3977 3395 4032 Patre
3414 3980 3628 4048 genitus

2036 4074 2142 4132 est,
2158 4066 2352 4121 divinae.
2374 4065 2586 4120 virtutis
2615 4065 2882 4119 inell'abile
2905 4075 3297 4120 sacramentum
3320 4064 3436 4121 fuit.
3452 4065 3624 4133 Quam

2035 4172 2167 4214 vero
2195 4172 2265 4212 ex
2290 4156 2496 4225 virgine
2531 4155 2687 4210 nobis
2732 4155 2976 4219 visibilis,
3028 4161 3084 4209 ut
3114 4155 3297 4221 homo,
3349 4156 3625 4225 apparuit,

2036 4246 2289 4302 humana:
2329 4244 2501 4315 gratia
2540 4244 2731 4300 salutis
2774 4244 3003 4300 exstitit.
3051 4244 3197 4300 Mors
3239 4244 3495 4301 mundum
3540 4247 3626 4303 in-

2038 4353 2222 4410 gressa
2267 4346 2350 4395 est
2386 4353 2484 4409 per
2515 4336 2708 4403 Evam;
2749 4338 2855 4393 vita
2886 4352 3017 4392 vero
3045 4336 3253 4407 perdita
3292 4346 3628 4396 restauratur

2039 4442 2135 4498 per
2160 4426 2403 4481 Mariam.
2433 4424 2725 4495 Postquam
2756 4441 2881 4482 eum
2906 4424 3071 4494 Virgo
3096 4426 3147 4480 in
3175 4434 3330 4483 utero
3353 4424 3626 4499 concepit,

2039 4516 2201 4585 Virgo
2223 4516 2401 4572 lumen
2425 4516 2566 4587 quod
2591 4516 2856 4571 illuminat
2876 4532 3093 4572 omnem
3117 4517 3387 4573 hominem
3409 4520 3627 4575 venien-

2039 4615 2147 4662 tcm
2179 4608 2230 4661 in
2259 4607 2403 4664 hunc
2449 4608 2703 4661 mundum
2736 4609 3018 4677 parturivit
3060 4626 3073 4662 :
3115 4607 3277 4680 Cujus
3304 4612 3628 4682 principatus

2040 4715 2192 4769 super
2220 4698 2481 4751 humerum
2506 4702 2635 4768 ejus,
2677 4698 2763 4771 qui
2799 4709 2875 4753 est
2893 4698 3034 4753 Deus
3075 4702 3245 4770 fortis,
3275 4709 3425 4770 pater
3463 4703 3626 4773 futuri

2040 4787 2215 4841 διεσαιὶ
2245 4785 2399 4856 (Isai.
2434 4803 2507 4851 ix,
2538 4786 2615 4855 7).
2644 4785 2945 4842 Maledictio
2974 4788 3230 4844 adversus
3266 4806 3427 4846 omne
3455 4805 3627 4860 genus

2043 4878 2331 4931 humanum
2363 4876 2571 4947 prolata
2601 4876 2773 4931 soluta
2806 4875 2921 4931 fuit.
2968 4878 3098 4946 Quis
3122 4888 3301 4935 autem
3330 4880 3434 4938 hoc
3460 4882 3625 4938 divini

2042 4964 2251 5020 consilii
2296 4972 2480 5034 posset
2525 4965 2792 5020 aestimare
2839 4977 3129 5034 secretum,
3181 4970 3323 5041 quod
3368 4970 3531 5039 Virgo
3573 4971 3627 5027 in

2040 5064 2194 5109 utero
2243 5054 2544 5124 acciperet,
2595 5054 2757 5123 Virgo
2806 5055 2973 5111 Deum
3020 5068 3146 5115 ante
3195 5061 3374 5116 omnia
3404 5076 3433 5113 a
3465 5059 3625 5117 Patre

2043 5145 2279 5214 genitum
2319 5145 2436 5201 sine
2486 5153 2658 5200 matre
2703 5147 3027 5216 parturiret?
3056 5150 3302 5219 Deusque
3351 5151 3630 5208 invisibilis

2040 5253 2139 5309 per
2168 5238 2441 5293 hominem
2467 5238 2728 5293 visibilem
2753 5253 3054 5310 appareret,
3106 5252 3161 5298 et
3189 5241 3496 5297 conditione
3527 5244 3626 5299 hu-

2042 5343 2214 5381 mana:
2243 5328 2582 5384 mortalitatis
2611 5338 2839 5384 mortem
2886 5333 3201 5401 suscipiens,
3254 5330 3395 5383 nulla
3425 5347 3623 5403 corpo-

2041 5433 2148 5472 rea:
2175 5419 2538 5486 generationis
2575 5419 2691 5488 lege
2720 5430 3013 5491 conceptus
3060 5420 3126 5475 de
3174 5420 3418 5487 originali
3470 5431 3625 5477 utero

2043 5509 2275 5563 humana
2304 5509 2402 5565 sub
2453 5511 2569 5579 lege
2598 5512 2858 5580 prodiret,
2910 5513 3130 5582 ipsaque
3175 5511 3413 5580 ejusdem
3457 5513 3627 5569 Mater

2045 5601 2194 5669 virgo
2216 5601 2522 5672 incorrupta
2546 5606 2920 5673 permaneret?
2951 5603 3132 5674 ltaque
3154 5605 3398 5661 Christus
3425 5608 3626 5676 absque

2044 5698 2217 5746 matre
2246 5699 2371 5747 ante
2398 5694 2589 5748 saecula
2624 5702 2780 5749 natus
2803 5694 2870 5747 de
2902 5695 3147 5749 invisibili
3172 5705 3343 5765 patre,
3373 5713 3471 5751 nec
3499 5697 3622 5765 sibi,

2043 5781 2136 5836 sed
2166 5781 2405 5837 humano
2432 5784 2613 5850 generi
2662 5785 3038 5851 necessarium,
3082 5787 3198 5841 sine
3225 5788 3423 5842 carnali
3473 5795 3625 5857 patre

2042 5871 2279 5928 secundo
2308 5875 2546 5930 nascitur
2566 5890 2632 5929 ex
2663 5876 2853 5931 visibili
2877 5887 3067 5933 matre.
3099 5876 3163 5932 Et
3190 5880 3313 5948 quia
3351 5879 3625 5949 periclita~

2045 5965 2232 6018 bamur
2262 5980 2357 6035 per
2385 5965 2568 6035 prima:
2598 5969 2834 6026 mulieris
2866 5969 3296 6035 inobcdicntiam,
3341 5968 3628 6040 oportebat
