4124 6490
506 450 605 507 ·95
1490 445 1546 502 S.
1589 443 1951 500 LEUTHERII
1989 442 2456 499 TORNACENSlS
2493 443 2795 500 EPISCOPl
3718 444 3804 497 96;

535 570 593 616 ut
619 560 947 617 salvaremur
993 564 1087 627 per
1115 556 1382 610 feminam.
1435 553 1673 609 Gaudeat
1716 567 1882 622 genus
1917 552 2105 605 huma-
2133 556 2181 613 Α
2211 553 2396 621 possit,
2424 569 2685 624 pauperes
2709 554 2926 618 nutriat,
2959 554 3376 623 hospitalitatem
3397 561 3654 621 sectetur,
3684 571 3785 609 nu-

534 670 685 719 num,
713 652 957 706 Christus
987 650 1129 705 enim
1160 648 1415 713 nascitur,
1446 656 1502 702 et
1528 645 1718 701 vilibus
1746 645 1937 715 pannis
1965 643 2108 698 obsi-

486 768 503 785 ν
533 754 620 801 tus
667 745 718 798 in
765 744 988 814 praesepi
1029 741 1337 796 animalium
1378 740 1613 809 ponitur.
1659 736 1846 792 Vilitas
1892 736 2105 807 quidem

488 872 494 880 -
531 820 831 908 pannorum
854 849 1100 904 magnum
1131 840 1185 887 et
1212 830 1568 887 inenarrabile
1589 837 1676 911 est
1690 834 2102 884 sacramentum.

532 926 625 980 Illa
654 926 794 978 enim
826 924 999 978 vilitas
1024 936 1323 992 pannorum
1354 936 1383 973 a
1413 919 1582 987 magis
1601 919 1876 982 aduratur,
1903 919 2108 989 ipsique

532 1033 701 1088 puero
731 1017 783 1070 in
813 1016 1076 1086 praesepio
1101 1014 1323 1088 jacen‘ti,
1364 1020 1418 1066 et
1445 1027 1607 1082 super
1635 1011 1924 1078 angelicam
1952 1025 2105 1065 crea-

531 1082 707 1164 turam
727 1082 1208 1177 reginanti,'aurum,
1225 1082 1340 1182 titus
1359 1113 1408 1158 et
1418 1104 1631 1175 myrrha
1652 1101 1889 1158 offertur.
1906 1101 2108 1156 Aurum

531 1204 687 1258 decet
732 1215 942 1269 regem,
985 1198 1158 1255 thuris
1196 1197 1399 1254 oblatio
1445 1210 1699 1266 magnum
1736 1193 2103 1257 sacerdotem,

531 1295 746 1365 myrrha
772 1307 901 1348 vero
930 1299 1262 1345 mortuorum
1288 1289 1635 1359 sepulturam.
1662 1288 1862 1342 Aurum
1889 1276 2108 1355 quidem

531 1385 794 1455 signiﬁcat
823 1383 1014 1437 Filium
1041 1382 1228 1437 Deiex
1256 1378 1476 1450 Virgine
1503 1387 1706 1444 natum,
1738 1377 1855 1447 jam
1884 1379 1937 1433 in
1967 1385 2110 1433 terra

531 1490 772 1543 regnare.
791 1474 935 1528 Thus
954 1488 1084 1528 vero
1104 1486 1373 1527 summum
1401 1469 1737 1525 sacerdotem
1767 1484 1826 1524 se
1842 1484 1939 1539 pro
1955 1469 2110 1524 nobis

529 1567 761 1622 hostiam
790 1565 935 1619 Patri
961 1563 1167 1619 coalesti
1196 1562 1408 1619 oti‘erre.
1459 1562 1672 1634 Myrrha
1700 1577 1831 1617 vero
1860 1560 2108 1617 eumdem

516 1657 760 1725 Virginis
790 1655 979 1710 Filium
1011 1671 1108 1726 pro
1134 1654 1305 1710 salute
1340 1653 1556 1707 humani
1581 1653 1793 1721 generis
1816 1651 2029 1721 sepeliri
2056 1660 2110 1707 et

528 1761 835 1816 resurgere.
845 1747 1014 1801 Panni
1028 1760 1155 1814 ergo
1170 1746 1362 1816 quibus
1372 1745 1532 1813 Virgo
1548 1753 1721 1798 mater
1743 1742 1997 1798 infantem
2013 1744 2111 1798 cir-

529 1840 805 1909 cumligat,
829 1848 1011 1893 nostra
1038 1838 1235 1891 scimus
1264 1851 1382 1890 esse
1410 1835 1969 1905 peccamina,dicenle
1982 1850 2109 1904 pro-

2207 643 2333 698 dum
2389 645 2470 699 vel
2527 645 2620 698 vili
2678 646 3001 699 vestimento
3059 645 3354 715 cooperiat.
3423 643 3556 700 Cum
3605 653 3784 699 autem

2206 733 2450 789 Christus
2476 734 2546 789 de
2574 735 2731 789 terris
2755 735 2822 789 ad
2849 734 3015 790 caelos
3042 735 3353 800 ascendere,
3384 735 3451 791 de
3480 734 3688 791 inferno
3717 736 3786 790 ad

2207 827 2486 897 superiora
2511 827 2740 882 transire
2767 827 2948 894 vellet,
2981 835 3040 882 ut
3058 827 3330 898 discipulis
3350 828 3461 882 suis
3482 828 3638 896 longe
3662 836 3789 883 ante

2209 917 2564 986 praedixerat,
2598 925 2824 973 mortem
2845 918 3067 987 pertulit
3088 961 3104 986 ,
3128 923 3187 972 ut
3211 927 3452 973 mortuos
3480 926 3702 989 peccato
3724 918 3789 972 li-

2206 1008 2439 1061 beraret.
2468 1006 2802 1077 Prmdicavit,
2824 1016 2882 1062 ut
2902 1008 3044 1063 viam
3067 1008 3254 1064 salutis
3275 1008 3430 1063 nobis
3451 1008 3783 1064 ostenderet.

2209 1094 2524 1152 Resurrexit
2549 1139 2564 1164 ,
2637 1106 2699 1153 ut
2744 1097 3042 1154 vivificatos
3090 1099 3269 1154 vivere
3314 1098 3535 1154 faceret.
3600 1099 3786 1168 Cujus,

2209 1188 2509 1252 carissimi,
2563 1205 2663 1245 nos
2713 1198 3002 1260 sequentes
3047 1190 3293 1261 vestigia
3326 1207 3435 1245 non
3484 1192 3790 1262 placeamus

2198 1278 2608 1349 nobismetipsis
2628 1320 2644 1348 ,
2676 1280 2770 1336 sed
2794 1281 2908 1336 Deo
2947 1287 3002 1335 et
3030 1281 3298 1353 proximo.
3338 1281 3429 1336 Sic
3464 1282 3604 1334 enim
3634 1280 3791 1337 Iesus

2209 1383 2330 1424 cum
2342 1383 2540 1439 pacem
2567 1372 2917 1427 annuntiaret
2932 1372 3133 1445 popuio
3157 1414 3173 1439 ,
3215 1371 3490 1442 discipulis
3518 1373 3630 1448 ait:
3666 1370 3789 1426 Non

2207 1462 2320 1516 veni
2362 1463 2531 1534 facere
2572 1463 2881 1520 voluntatem
2922 1483 3086 1521 meam
3112 1510 3128 1536 ,
3188 1466 3282 1520 sed
3327 1466 3472 1520 illius
3519 1467 3604 1536 qui
3653 1466 3793 1519 misit

2209 1568 2309 1606 me.
2345 1550 2478 1607 Cum
2506 1554 2647 1608 enim
2677 1554 2843 1611 Filius
2872 1557 3104 1612 hominis
3136 1558 3468 1613 voluntatem
3498 1556 3593 1611 Dei
3623 1557 3791 1611 adim-

2202 1642 2382 1726 ‘pleret
2402 1686 2417 1710 ,
2449 1643 2615 1700 Judmi
2644 1642 2892 1701 dicebant
2932 1648 3080 1702 illum
3132 1663 3360 1719 peccare
3389 1648 3439 1702 in
3472 1646 3671 1712 Deum,
3701 1646 3792 1714 qui

2211 1735 2390 1803 potius
2420 1734 2610 1789 Filium
2640 1752 2747 1791 non
2777 1739 3085 1808 recipiendo
3115 1754 3273 1809 quem
3307 1740 3545 1804 miserat,
3576 1739 3791 1793 Patrem

2210 1824 2701 1895 exprobraverunt,
2751 1839 2805 1885 et
2846 1831 2966 1887 ideo
2996 1831 3186 1886 Filium
3217 1832 3308 1885 Dei
3340 1833 3430 1901 qui
3462 1832 3531 1885 nil
3560 1832 3787 1888 'commia

528 1920 731 2000 pheta:
790 1927 916 1980 Vere
956 1927 1284 1996 inﬁrmitates
1337 1933 1543 1979 nostras
1585 1926 1702 1979 tulit
1737 1965 1751 1990 ,
1803 1934 1854 1978 et
1897 1933 2107 1988 peccata
2143 1913 2183 1972 Β
2209 1925 2373 1980 serat,
2397 1919 2571 1973 crucis
2607 1920 2847 1989 patibulo
2873 1922 2989 1976 sine
3024 1938 3184 1977 causa
3214 1922 3516 1977 aﬂixerunt.
3560 1920 3797 1977 Peccata

515 2030 705 2075 nostra
731 2022 841 2091 ipse
870 2020 1108 2091 portavit.
1140 2016 1245 2071 Per
1271 2017 1369 2072 hos
1390 2016 1522 2071 viles
1542 2031 1748 2086 pannos
1768 2014 2131 2093 manifestum

524 2121 612 2167 est
642 2112 813 2180 ipsum
843 2096 1024 2164 nostra
1050 2107 1346 2176 suscepisse
1371 2106 1584 2161 delicta.
1626 2105 1780 2172 Quod
1810 2114 1985 2159 autem
2013 2120 2108 2175 po-

530 2203 677 2256 nitur
706 2201 758 2254 in
785 2199 963 2254 medio
985 2198 1211 2252 duorum
1235 2196 1544 2250 animalium
1562 2238 1577 2263 ,
1630 2195 2003 2250 imestimabile
2029 2203 2110 2249 est

531 2292 627 2346 Dei
656 2282 983 2361 mysterium.
1027 2286 1164 2342 Ecce
1193 2288 1468 2357 impletum
1509 2294 1591 2342 est
1618 2286 1764 2356 quod
1796 2302 1926 2342 voce
1970 2287 2111 2342 Aba-

529 2397 629 2438 cuc
650 2380 924 2451 propheta:
944 2378 1136 2434 dicitur
1159 2396 1172 2431 ε
1210 2377 1426 2432 Domine
1445 2417 1460 2442 ,
1494 2377 1667 2431 audivi
1695 2377 1926 2431 auditum
1949 2387 2106 2443 tuum,

532 2481 585 2543 et
610 2474 795 2537 timui;
847 2470 1166 2526 considerahi
1206 2486 1360 2540 opera
1389 2480 1475 2522 tua
1502 2478 1549 2522 et
1577 2469 1759 2549 expari
1780 2485 1798 2522 :
1845 2470 1898 2523 in
1942 2468 2110 2522 medio

532 2548 749 2619 duorum
777 2566 1097 2617 animalium.
1140 2562 1285 2617 Bene
1311 2569 1490 2617 autem
1520 2560 1683 2615 Filius
1712 2548 1946 2615 hominis
1974 2562 2114 2616 inter

524 2654 657 2711 'vilia
689 2655 903 2725 ponitur
929 2654 1198 2708 animalia.
1241 2651 1360 2723 lpse
1389 2660 1471 2707 est
1498 2652 1641 2706 enim
1674 2651 1779 2705 vita
1810 2651 2109 2715 hominum,

533 2754 722 2817 pastus
746 2745 1078 2814 angelorum,
1104 2752 1159 2799 et
1178 2744 1434 2815 pabulum
1458 2742 1846 2812 iumentorum.
1887 2743 2114 2813 Oporte-

534 2837 629 2893 bat
651 2850 781 2904 ergo
810 2844 869 2889 ut
897 2836 986 2890 ille
1014 2835 1105 2904 qui
1130 2842 1248 2889 erat
1270 2833 1424 2905 panis
1456 2833 1629 2902 vivus,
1677 2834 1817 2887 inter
1847 2833 1953 2887 duo
1995 2832 2113 2886 ani-

532 2928 694 2983 malia
724 2929 776 2982 in
801 2928 953 2983 cunis
981 2928 1201 2996 vagiens
1231 2927 1553 2982 mitteretur.
1594 2925 1711 2996 Ipse
1740 2935 1822 2981 est
1850 2925 1992 2984 enim
2022 2927 2114 2996 qui

539 3021 619 3075 ait
642 3039 654 3073 :
688 3020 797 3092 Ego
825 3037 938 3074 sum
965 3020 1117 3091 panis
1142 3020 1311 3086 vivus,
1354 3020 1439 3090 qui
1468 3019 1533 3073 de
1559 3020 1681 3074 caelo
1705 3019 1966 3074 descendi.
2000 3018 2116 3089 Ipse

442 3156 443 3159 η
536 3119 620 3168 est
648 3111 828 3179 Agnus
855 3109 1082 3165 mundus
1099 3150 1114 3176 ,
1145 3109 1299 3179 cujus
1326 3109 1588 3164 illibatum
1615 3124 1811 3179 corpus
1832 3117 2116 3178 postquam

538 3217 569 3256 a
597 3202 878 3259 sacerdote
908 3201 1066 3256 fuerit
1096 3209 1459 3265 attrectatum,
1492 3209 1547 3256 et
1573 3203 1641 3257 ab
1668 3203 1814 3256 omni
1853 3200 1993 3255 ﬁdeli
2022 3217 2122 3271 po-

532 3295 666 3366 pulo
694 3302 1012 3360 comestum,
1042 3301 1322 3363 pemianct
1350 3293 1569 3348 illaesum
1590 3303 1645 3348 et
1666 3294 2117 3364 inconsumptum.
2146 3272 2192 3333 ο

540 3388 828 3455 Postquam
858 3397 986 3451 ergo
1014 3384 1290 3454 impletum
1321 3392 1402 3439 est
1425 3384 1569 3453 quod
1598 3383 1665 3439 de
1700 3394 1858 3454 partu
1886 3384 2121 3453 Virginis

539 3474 817 3545 propheta:
838 3472 1209 3543 prodiderunt,
1243 3480 1297 3527 et
1322 3472 1641 3542 patriarchm
1669 3475 1955 3543 pneconati
1977 3484 2115 3542 sunt,

539 3563 827 3631 omniaque
870 3563 1137 3632 completa
1166 3577 1285 3631 quzc
1315 3579 1409 3634 per
1443 3550 1749 3619 Gabrielem
1775 3565 2023 3634 angelum
2053 3566 2119 3622 de

540 3652 759 3709 Christo
801 3654 1086 3724 oportebat
1126 3651 1281 3721 ﬁeri,
1332 3663 1649 3724 competens
1701 3656 1799 3709 fuit
1848 3664 1905 3710 ut
1952 3672 2122 3713 novus

537 3744 703 3800 homo
731 3744 1027 3815 procedens
1047 3744 1114 3799 de
1136 3745 1352 3800 homine
1381 3745 1627 3811 mundus,
1660 3747 1806 3814 virgo
1834 3756 2027 3802 exutus
2054 3748 2120 3804 de

540 3835 748 3905 virgine
770 3875 785 3897 ,
829 3849 1021 3889 novam
1052 3835 1152 3889 sibi
1182 3835 1486 3903 acquireret
1513 3834 1767 3890 familiam
1794 3854 1806 3890 :
1859 3844 1917 3891 ut
1944 3838 2035 3907 qui
2065 3840 2119 3893 in

541 3927 681 3983 casio
708 3926 1035 3981 adorabatur
1057 3926 1124 3980 ab
1153 3926 1373 3994 angelis,
1406 3926 1625 3993 angelos
1654 3927 1817 3981 etiam
1847 3927 1947 3981 sibi
1970 3928 2121 3982 insti-

540 4025 720 4072 tueret
768 4017 819 4070 in
864 4017 1040 4071 terris.
1104 4014 1303 4070 Deinde
1350 4015 1609 4085 baptizari
1637 4016 1860 4072 voluita
1892 4017 2118 4086 Joanne,

540 4128 639 4168 rex
679 4129 709 4167 a
751 4113 919 4167 milite
943 4154 958 4178 ,
987 4110 1269 4167 'Dominus
1311 4128 1339 4165 a
1369 4127 1546 4167 servo.
1589 4096 1705 4168 Non
1740 4114 1897 4184 quod
1942 4114 2119 4185 aliqua

543 4204 902 4269 commisisset
950 4201 1186 4257 facinora
1214 4242 1229 4266 ,
1291 4202 1383 4256 sed
1432 4210 1491 4256 ut
1530 4211 1714 4257 nostra
1756 4219 1852 4273 per
1883 4203 1998 4271 ejus
2020 4205 2118 4258 ba-

542 4296 794 4366 ptismum
816 4292 1123 4349 delerentur
1143 4294 1471 4363 peccamina.
1497 4292 1671 4363 Ipsum
1694 4295 1834 4348 enim
1856 4310 1990 4364 aqua
2014 4311 2120 4349 non

543 4384 842 4449 mundavit,
890 4384 984 4438 sed
1025 4398 1141 4438 eam
1173 4384 1413 4451 ingressu
1442 4399 1563 4452 suo,
1615 4384 1705 4454 qui
1736 4384 2039 4453 baptizabat
2066 4385 2119 4439 in

545 4476 749 4546 Spiritu
774 4484 828 4529 et
850 4476 1093 4540 veritate,
1127 4474 1419 4529 benedixit.
1463 4474 1663 4530 Deinde
1684 4475 1882 4546 populo
1907 4492 2119 4530 annun-

547 4569 685 4621 tians
713 4565 930 4621 verbu.n
970 4566 1093 4619 vita:
1116 4572 1170 4619 et
1205 4566 1447 4619 veritatis
1475 4564 1733 4635 quosdam
1766 4563 1866 4619 fert
1895 4581 2014 4620 esse
2040 4564 2120 4619 di-

547 4657 781 4728 scipulos
803 4698 818 4723 ,
868 4656 1006 4711 alios
1032 4664 1209 4710 autem
1238 4655 1613 4724 evangelistas.
1654 4654 2124 4723 Gemininamque
2154 4643 2204 4703 Β

546 4752 762 4817 fratres,
793 4748 843 4802 id
870 4757 950 4802 est
977 4746 1208 4802 Jacobus
1234 4745 1545 4813 etJoannes
1565 4789 1581 4813 ,
1631 4748 1819 4803 relicto
1847 4755 1999 4817 patre
2028 4742 2125 4801 suo

548 4840 808 4895 Zebedteo
833 4847 888 4892 et
916 4837 1057 4903 navi,
1080 4836 1413 4893 Salvatorem
1444 4846 1731 4908 sequentes
1759 4852 1942 4892 curam
1972 4835 2125 4890 fami-

546 4932 631 4987 lia:
675 4938 730 4999 et
768 4929 1015 4984 alfectnm
1063 4931 1356 4999 sanguinis,
1385 4932 1710 4986 unanimiter
1741 4936 2126 4999 postponentes

546 5022 900 5091 reliquerunt.
946 5018 1074 5075 Post
1100 5020 1215 5075 haec
1245 5021 1397 5074 multi
1421 5020 1509 5074 alii
1535 5019 1818 5089 discipuli,
1867 5020 2062 5089 quibus
2094 5034 2135 5081 a,

546 5115 774 5170 Domino
802 5114 924 5170 Jesu
950 5114 1148 5169 dictum
1186 5122 1267 5168 est
1293 5132 1306 5167 :
1349 5113 1411 5169 Si
1437 5115 1547 5185 quis
1578 5114 1680 5167 vult
1709 5122 1823 5183 post
1848 5130 1927 5167 me
1958 5115 2128 5167 venire

546 5207 760 5278 abneget
779 5208 1125 5277 semetipsum,
1152 5214 1201 5258 et
1225 5204 1374 5258 tollat
1394 5220 1591 5258 crucem
1616 5220 1780 5266 suam,
1812 5212 1859 5256 et
1883 5213 2128 5274 sequatur

546 5312 644 5349 me.
685 5294 775 5349 Sic
804 5284 945 5349 enim
973 5295 1248 5363 Scriptura
1276 5294 1518 5348 continet
1538 5293 1737 5347 divina.
1781 5291 1949 5347 Nemo
1974 5292 2125 5348 miles

547 5382 667 5438 eum
701 5400 866 5439 uxore
897 5386 1069 5455 pergit
1097 5385 1161 5437 ad
1186 5384 1444 5454 pnclium.
1485 5382 1540 5437 Si
1569 5382 1690 5451 quis
1716 5382 1826 5436 vult
1854 5383 2005 5451 sequi
2037 5398 2127 5437 ve-

548 5478 702 5545 stigia
733 5476 1146 5548 Redemptoris,
1198 5478 1378 5531 omnia
1427 5476 1731 5545 relinquat,
1788 5491 1959 5545 neque
2006 5486 2126 5546 post

552 5564 755 5638 tergum
773 5610 789 5634 ,
820 5569 1267 5639 quemadmodum
1294 5585 1430 5623 uxor
1458 5567 1595 5624 Loth
1622 5570 1929 5639 perspexit,
1958 5570 2127 5639 respi—

550 5661 656 5715 ciat
680 5678 692 5714 :
716 5658 885 5715 Nemo
908 5661 1042 5714 enim
1067 5660 1270 5713 mittens
1310 5675 1518 5713 manum
1562 5658 1630 5711 ad
1674 5668 1939 5725 aratrum,
1972 5670 2019 5713 et
2048 5678 2127 5714 re—

549 5754 768 5822 spiciens
796 5762 931 5806 retro
952 5795 965 5817 ,
1005 5760 1152 5821 aptus
1185 5761 1259 5805 est
1288 5769 1444 5824 regno
1478 5751 1591 5806 Dei.
1635 5752 1690 5806 Si
1721 5753 1840 5821 quis
1872 5770 1997 5808 vero
2028 5756 2126 5808 ha-

548 5843 638 5898 bet
689 5842 826 5897 unde
872 5842 1102 5897 animam
1146 5857 1295 5897 suam
1344 5859 1372 5897 a
1405 5842 1587 5898 fraude
1627 5845 1820 5899 inimici
1867 5845 2127 5901 redimere

2210 2014 2338 2075 ergo
2365 2010 2700 2077 peccantium
2729 2012 3039 2066 ceciderunt
3067 2028 3228 2083 super
3253 2012 3521 2067 Christum
3547 2054 3560 2079 ,
3593 2013 3683 2080 qui
3719 2012 3795 2065 in-

2211 2110 2413 2153 nocens
2436 2100 2682 2155 inventus
2701 2094 2853 2171 qu'asi
2882 2102 3224 2173 blasphemus
3251 2104 3462 2158 occisus
3487 2110 3585 2157 est.
3629 2101 3793 2157 Dein-

2210 2190 2276 2245 de
2303 2192 2476 2246 victor
2492 2192 2749 2249 Dominus
2768 2194 2923 2252 Iesus
2943 2196 3252 2267 exspolians
3276 2198 3392 2253 loca
3418 2198 3797 2263 tenebrarum,

2211 2284 2368 2338 tertia
2399 2286 2486 2340 die
2515 2272 2848 2353 resurrexit,
2880 2298 2937 2344 et
2972 2289 3026 2344 in
3058 2290 3225 2345 caelos
3272 2289 3411 2345 unde
3440 2289 3793 2344 descenderat

2212 2372 2438 2431 feliciter
2465 2378 2724 2457 ascendit.
2766 2379 3256 2458 Quomodo_autem
3287 2382 3589 2436 humanitas
3612 2396 3793 2458 ascenf

2214 2466 2294 2521 dit
2320 2508 2336 2531 ,
2393 2468 2494 2522 nisi
2524 2451 2665 2537 quia
2706 2470 2885 2526 Deitas
2926 2451 3074 2541 priu’s
3112 2472 3388 2528 descendit
3427 2472 3483 2526 in
3514 2454 3794 2526 inferiores

2212 2559 2392 2628 partes
2421 2568 2595 2625 teme,
2628 2569 2684 2614 ut
2714 2562 2958 2617 humanae
2980 2564 3218 2618 uniretur
3249 2565 3485 2618 naturae?
3510 2563 3793 2618 Descendit

2213 2650 2354 2702 enim
2383 2649 2615 2704 cmlestis
2640 2650 2838 2719 Deitas,
2863 2661 2921 2705 ut
2949 2653 3259 2707 ascenderet
3291 2653 3662 2724 Redemptoris
3689 2654 3792 2708 liu-

2214 2741 2464 2795 manitas.
2518 2741 2636 2811 Ipse
2665 2751 2748 2797 est
2784 2760 2887 2798 una
2916 2745 3210 2814 eaquue
3258 2760 3507 2817 persona.
3568 2746 3793 2818 Semper

2214 2832 2357 2886 enim
2379 2833 2432 2886 in
2459 2834 2632 2896 Patre,
2664 2849 2879 2905 semper
2898 2851 2946 2905 a,
2969 2835 3036 2890 ud
3065 2836 3298 2903 Patrem,
3322 2852 3536 2907 semper
3554 2836 3652 2891 fuit
3675 2852 3797 2892 cum

2215 2920 2394 2978 Patre.
2438 2924 2566 2979 Post
2595 2927 2963 2981 ascensionem
3001 2942 3214 2997 quoque
3242 2927 3592 2982 humanitatis
3628 2927 3807 2998 Spiri--

2216 3009 2328 3068 tum
2355 3023 2602 3069 sanctum
2633 3016 2685 3070 in
2726 3016 2895 3083 igneis
2933 3014 3125 3085 linguis
3151 3025 3498 3087 apparentem
3525 3005 3809 3086 discipulis.

2216 3106 2377 3160 misit.
2435 3105 2665 3176 Spiritus
2704 3107 2921 3178 quidem
2952 3107 3071 3162 Filii
3106 3109 3275 3163 virtus
3304 3118 3423 3175 est,
3456 3124 3570 3178 quae
3595 3107 3660 3162 de
3698 3108 3790 3161 illo

2218 3197 2420 3262 exibat,
2450 3207 2506 3252 et
2530 3199 2755 3253 sanabat
2778 3214 2983 3254 omnes.
3027 3199 3229 3255 Dicitur
3250 3209 3428 3254 tamen
3451 3215 3480 3255 a
3506 3200 3659 3254 Patre
3679 3214 3798 3268 pro-

2223 3287 2435 3352 cedere,
2459 3296 2513 3343 et
2533 3289 2599 3342 ad
2623 3290 2793 3360 ipsum
2822 3291 3008 3344 referri
3036 3291 3217 3369 solet:
3244 3289 3311 3345 de
3333 3307 3441 3360 quo
3469 3300 3525 3348 et
3553 3292 3666 3361 ipse
3689 3298 3795 3353 est,

2222 3388 2278 3434 et
2314 3380 2455 3449 quod
2497 3381 2662 3449 ipsius
2698 3389 2798 3438 est.
2839 3381 2959 3452 lpse
2986 3398 3218 3452 namque
3243 3380 3487 3437 Christus
3528 3381 3799 3452 perhibet,

2221 3468 2404 3527 dicens
2427 3490 2441 3528 :
2485 3472 2604 3526 Mea
2633 3474 2868 3528 doctrina
2896 3472 3106 3528 nonest
3134 3491 3268 3542 mea,
3296 3473 3384 3528 sed
3410 3475 3521 3544 ejus
3542 3475 3627 3540 qui
3656 3475 3800 3526 misit

2221 3581 2321 3618 me.
2347 3563 2389 3618 A
2413 3564 2568 3620 Patre
2589 3565 2730 3620 enim
2752 3564 3087 3621 habetFilius
3112 3574 3168 3620 ut
3187 3565 3421 3621 sitDeus.
3445 3561 3538 3617 Est
3558 3563 3699 3617 enim
3726 3563 3795 3616 de

2222 3654 2352 3723 Deo,
2379 3657 2536 3712 Deus.
2563 3657 2643 3713 Ab
2665 3658 2755 3713 illo
2777 3658 2938 3713 habet
2966 3666 3025 3725 ut
3043 3658 3109 3713 de
3131 3659 3249 3728 ipso
3281 3656 3535 3727 procedat
3559 3653 3797 3724 Spiritus

2220 3758 2456 3806 sanctus.
2488 3749 2679 3821 Igitur,
2709 3749 2899 3806 fratres
2924 3752 3210 3816 carissimi,
3242 3751 3421 3807 debita
3453 3750 3801 3805 veneratione
3837 3734 3859 3738 ”

2221 3841 2622 3912 frequentemus
2650 3843 2935 3898 adventum
2969 3842 3179 3898 Domini
3215 3843 3386 3897 nostri
3421 3841 3547 3897 Jesu
3576 3840 3802 3896 Christi.

2221 3931 2508 4000 Fugiamus
2536 3932 2870 4002 superbiam,
2900 3948 2966 3988 ne
2996 3934 3048 3988 in
3080 3933 3342 3989 infernum
3370 3935 3662 3988 obruamur
3683 3973 3698 3999 ,
3744 3942 3803 3987 ut

2222 4021 2347 4076 mali
2377 4021 2571 4090 angeli.
2633 4020 2893 4091 Superbia
2922 4022 3064 4077 enim
3095 4021 3256 4078 homo
3286 4021 3504 4077 inflatur
3526 4064 3541 4089 ,
3575 4022 3797 4077 avaritia

2222 4114 2500 4181 quatitur,
2558 4112 2852 4167 ambitione
2881 4112 3195 4169 delectatur.
3266 4114 3444 4169 Nolite
3485 4114 3554 4169 de
3599 4113 3804 4169 divitiis

2221 4202 2559 4257 saecularibus
2585 4202 2804 4271 gloriari
2829 4220 2843 4270 ;
2875 4203 3042 4260 nolite
3069 4204 3188 4260 aliis
3215 4204 3471 4276 pratferri,
3496 4221 3564 4260 ne
3592 4205 3800 4273 cogita-

2221 4293 2296 4347 tio
2325 4293 2463 4347 mala
2486 4293 2774 4365 subrepat;
2828 4304 2882 4350 et
2908 4296 2999 4366 qui
3041 4311 3184 4352 nunc
3208 4306 3425 4351 auratas
3466 4306 3639 4351 vestes
3666 4311 3800 4350 con-

2221 4383 2491 4453 cupiscitis
2519 4383 2778 4439 hactenus
2797 4385 2985 4441 sedere
3015 4387 3067 4440 in
3094 4385 3340 4442 sordibus
3361 4387 3607 4457 placeat,
3660 4393 3718 4440 ut
3746 4393 3809 4440 et

2221 4488 2317 4527 vos
2344 4471 2557 4528 Christo
2586 4474 2841 4544 placeatis
2868 4494 2880 4529 :
2908 4477 2994 4531 cui
3024 4484 3105 4531 est
3134 4477 3308 4532 honor
3334 4492 3456 4532 cum
3485 4478 3642 4531 Patre
3664 4477 3805 4531 invi~

2221 4563 2361 4618 sibili
2388 4579 2485 4633 per
2509 4565 2690 4619 omnia
2714 4567 2905 4621 saecula
2926 4567 3263 4622 saeculorum.
3300 4568 3489 4623 Amen.

2369 4655 2598 4711 SERMO
2633 4656 2701 4712 ΙΝ
2740 4657 3310 4713 ANNUNTIATIONIS
3351 4658 3645 4713 FESTUM.

2300 4747 2376 4802 De
2405 4749 2672 4818 tripartita
2711 4750 3054 4805 solemnitate
3087 4751 3409 4806 beatissima;
3431 4750 3662 4819 Virginis
3690 4750 3804 4804 Ma-

2229 4839 2320 4893 ria:
2345 4879 2361 4906 ,
2409 4838 2598 4903 fratres
2634 4841 2937 4907 carissimi,
2988 4840 3041 4893 in
3080 4856 3187 4910 qua
3239 4841 3460 4911 angelus
3500 4842 3801 4903 annuntiat,

2228 4928 2391 4997 Virgo
2413 4931 2664 5000 concipit,
2698 4931 3001 5000 unigenitus
3016 4932 3237 5001 ingeniti
3262 4931 3428 4986 Filius
3447 4946 3612 4987 carne
3637 4934 3805 4986 vesti-

2229 5029 2332 5086 tur,
2365 5036 2536 5089 pauca
2563 5021 2788 5076 dicenda
2809 5031 2935 5076 sunt
2956 5062 2974 5087 ,
3017 5023 3265 5091 quamvis
3291 5021 3605 5077 multimoda
3649 5021 3815 5076 laude

2228 5111 2419 5180 dignus
2446 5115 2515 5169 sit
2544 5114 2633 5182 qui
2662 5115 2891 5178 nuntiat,
2913 5114 3126 5183 dignior
3146 5130 3264 5183 qum
3286 5129 3385 5184 per
3405 5129 3590 5169 aurem
3622 5114 3807 5168 conci-

2228 5203 2308 5273 pit
2334 5221 2344 5255 :
2377 5203 2720 5273 dignissimus
2744 5212 2923 5259 autem
2954 5206 3043 5272 qui
3073 5205 3298 5268 nuntiat,
3328 5205 3540 5272 dignior
3569 5219 3689 5274 quae
3712 5219 3811 5273 per

2229 5308 2412 5347 aurem
2441 5295 2675 5364 concipit
2700 5312 2715 5359 ;
2755 5295 3096 5364 dignissimus
3124 5305 3311 5350 autem
3341 5296 3429 5350 ille
3454 5296 3545 5364 qui
3573 5296 3813 5367 concipi-

2226 5393 2335 5440 tur.
2368 5384 2490 5441 Hmc
2512 5396 2587 5442 est
2611 5387 2727 5442 dies
2747 5387 3043 5451 salutifera,
3071 5388 3251 5442 debita
3279 5388 3627 5442 veneratione
3646 5403 3676 5441 a
3707 5401 3809 5440 no-

2228 5476 2312 5531 bis
2337 5478 2696 5542 celebranda,
2745 5494 2863 5547 qua:
2912 5490 3122 5534 terrena
3167 5481 3476 5536 cmlestibus
3520 5479 3814 5539 conciliat;

2233 5569 2286 5624 in
2314 5584 2421 5639 qua
2443 5570 2509 5625 ad
2537 5587 2636 5625 nos
2664 5569 3038 5640 Redemptoris
3067 5571 3319 5625 divinitas
3346 5570 3642 5637 descendit,
3671 5578 3729 5624 ut
3749 5570 3819 5623 ad

2235 5660 2411 5730 caelos
2437 5670 2616 5716 nostra
2654 5660 3037 5716 conscenderet
3065 5661 3386 5715 humanitas.
3440 5659 3564 5715 Haec
3607 5667 3689 5713 est
3728 5658 3819 5712 illa

2234 5751 2490 5809 solemnis
2519 5751 2634 5806 dies
2673 5766 2792 5819 qua:
2822 5751 2889 5805 ab
2919 5752 3111 5820 angelo
3142 5751 3306 5805 sumit
3331 5751 3613 5806 exordium
3632 5792 3647 5815 ,
3683 5764 3821 5817 qua~

2238 5844 2356 5899 liter
2388 5843 2654 5912 Virginem
2680 5842 2744 5898 de
2769 5841 2984 5911 Virgine
3008 5842 3334 5897 nasciturum
3377 5842 3659 5908 nuntiavit,
3688 5855 3819 5909 qua-
