4074 6468
236 427 308 483 97
1680 424 2059 484 SERMONES.
3418 425 3489 483 98

222 543 364 596 .liter
393 540 663 607 Virginem
688 539 857 595 virtus
881 540 1136 597 Altissimi
1172 542 1509 599 obumbravit
1530 583 1545 609 ,
1589 543 1818 614 qualiter
1847 543 1897 601 Α
1922 542 2012 595 tris
2034 543 2127 595 tui.
2158 541 2203 595 0
2231 555 2417 597 vocem
2446 541 2738 610 angelicam
2769 540 2982 610 plenam
3010 539 3288 595 suavitatis
3311 547 3368 595 et
3396 539 3489 593 ke-

237 631 697 688 incontrectabilis
734 631 876 687 Deus
916 633 1165 701 dignatus
1190 643 1274 690 est
1303 634 1666 699 contrectari,
1723 634 1815 702 qui

222 734 326 779 .est
342 733 604 779 aeternum
631 723 806 778 lumen
835 723 978 793 quod
1016 725 1278 779 illuminat
1303 739 1517 780 omnem
1546 725 1815 779 hominem

240 814 548 869 venientem
578 814 630 868 in
671 814 811 869 hunc
843 812 1119 869 mundum.
1166 813 1291 870 Haec
1315 823 1399 870 est
1424 816 1540 870 dies
1565 814 1818 870 solemnis

239 920 361 973 qua:
400 919 500 958 nos
528 903 595 957 de
622 904 775 957 terris
802 902 872 957 ad
897 919 1123 973 superna
1169 904 1378 960 extollit
1419 913 1477 960 et
1510 905 1702 969 elevat,
1754 918 1818 959 ac

240 1009 405 1065 super
432 993 599 1048 caelos
625 993 884 1049 cmlorum
906 992 1202 1050 honorifice
1225 995 1480 1050 sublimat
1502 1035 1519 1062 ,
1581 1003 1643 1050 nt
1665 993 1819 1049 vobis

240 1098 478 1154 praesens
515 1097 693 1137 sermo
733 1082 1048 1139 declarabit.
1113 1082 1300 1153 Ejecto
1338 1084 1601 1154 siquidem
1643 1084 1818 1154 primo

242 1176 465 1231 homine
509 1190 608 1244 per
650 1176 849 1243 lignum
890 1175 1127 1231 scientiae
1168 1191 1201 1229 a
1230 1175 1456 1251 Domino
1499 1177 1721 1231 vetitum
1763 1185 1820 1232 et

228 1268 536 1335 incongrue
565 1274 853 1333 gustatum,
884 1266 1089 1320 fallacia
1119 1266 1420 1321 daemonum
1452 1268 1698 1322 homines
1724 1281 1821 1337 per

243 1359 527 1414 illecebras
550 1357 801 1410 vitiorum
830 1367 1076 1411 errantes
1101 1356 1347 1427 decepit,
1391 1357 1708 1427 decipieudo
1736 1373 1820 1413 ca-

244 1448 488 1519 ptivavit,
514 1454 568 1502 et
597 1446 919 1516 captivando
946 1448 998 1501 in
1026 1447 1275 1502 tenebras
1292 1450 1590 1503 exteriores
1607 1447 1819 1502 demer~

243 1541 329 1596 sit.
384 1539 461 1595 lhi
498 1540 656 1593 fletus
695 1546 750 1593 et
789 1533 988 1594 stridor
1016 1538 1255 1594 dentium
1284 1540 1498 1595 auditur
1520 1581 1536 1608 ,
1585 1548 1818 1595 testante

246 1630 493 1684 Domino.
558 1627 692 1683 Cum
727 1628 869 1683 enim
897 1629 1065 1697 gloria
1096 1628 1293 1684 diaboli
1335 1631 1622 1686 excitasset
1657 1631 1821 1684 ambi-

249 1723 471 1789 tionem,
499 1720 721 1775 ambitio
749 1730 1094 1790 provocasset
1122 1720 1371 1775 invidiam
1391 1762 1405 1786 ,
1436 1734 1602 1789 genus
1628 1721 1819 1775 huma-

254 1829 376 1866 num
400 1810 470 1866 de
496 1811 649 1866 terris
677 1810 743 1864 ad
772 1811 938 1866 caelos
964 1811 1237 1866 transferri
1264 1811 1503 1867 dolebat.
1532 1813 1665 1867 Nam
1692 1813 1816 1882 quia

1916 634 2045 687 tilia:
2070 635 2083 686 !
2133 633 2267 690 Cum
2297 635 2438 690 enim
2461 634 2627 699 dixit,
2659 635 2761 688 Are
2782 675 2796 697 ,
2848 633 3022 687 Maria
3048 670 3063 695 ,
3111 633 3490 688 salutationem

1915 724 2189 777 cmlestem
2217 723 2421 792 Virgini
2447 724 2706 779 exhibuit.
2744 723 2877 778 Cum
2911 731 3089 777 autem
3121 721 3272 783 dixit,
3305 719 3492 775 Gratia

1915 815 2066 886 plena
2084 854 2098 877 ,
2131 815 2363 871 ost-endit
2392 817 2661 871 exclusam
2684 824 2807 871 esse
2833 815 2983 870 illam
3002 813 3325 869 sententiam
3345 851 3360 875 ,
3392 828 3492 883 per

1917 919 2077 974 quam
2105 906 2259 975 primi
2291 915 2539 977 parentes
2564 908 2721 975 longe
2748 921 2778 960 a
2801 907 2911 961 Deo
2936 905 3063 961 facti
3090 912 3231 971 sunt,
3255 912 3312 960 et
3330 904 3493 959 resti-

1917 1002 2089 1048 tutam
2130 1010 2375 1066 superna:
2405 997 2794 1052 benedictionis
2821 996 3078 1066 gratiam,
3119 1011 3218 1065 per
3239 1010 3398 1064 quam
3428 995 3492 1048 li-

1917 1083 2093 1138 berati
2128 1100 2158 1138 a
2202 1087 2461 1141 servitute
2500 1087 2637 1141 intra
2676 1086 2981 1156 paradisum
3022 1084 3309 1141 introducti
3345 1093 3488 1140 sunt.

1917 1171 2057 1233 Cum
2087 1182 2266 1228 autem
2305 1176 2565 1244 protulit:
2620 1175 2894 1231 Benedicta
2920 1177 3051 1231 tuin
3079 1176 3374 1231 mulieribus
3398 1214 3411 1237 ,
3443 1182 3494 1237 et

1918 1262 2208 1318 benedictus
2250 1268 2444 1336 fructus
2484 1269 2672 1320 ventris
2714 1267 2824 1331 tui,
2874 1280 2981 1322 non
3031 1276 3233 1322 tantum
3263 1267 3493 1322 fructum

1921 1354 2122 1407 ventris
2149 1353 2263 1422 ejus
2291 1355 2628 1410 benedictum
2657 1350 2941 1426 expressit,
2973 1357 3068 1412 sed
3089 1357 3327 1411 omnium
3357 1372 3496 1426 qua:-

1919 1456 2132 1510 cunque
2176 1452 2462 1513 sequentes
2503 1445 2724 1500 Mariam
2765 1446 3039 1516 Virginem
3083 1448 3137 1500 in
3186 1447 3496 1515 virginitate

1919 1536 2329 1603 permanserint.
2363 1533 2406 1589 0
2434 1535 2595 1606 Virgo
2631 1538 2910 1593 benedicta
2932 1580 2947 1605 ,
2978 1553 3012 1592 ο
3040 1537 3202 1609 Virgo
3230 1554 3260 1591 a
3290 1537 3497 1596 κοπιᾱί-

1923 1632 2039 1678 tore
2069 1625 2250 1678 mundi
2278 1627 2546 1695 perelecta
2572 1627 2584 1679 l
2629 1627 2779 1681 illum
2814 1628 2906 1697 qui
2935 1636 3059 1682 ante
3085 1628 3263 1683 omnia
3303 1628 3497 1683 stecnla

1918 1713 2131 1782 genitus
2158 1722 2259 1777 est,
2284 1716 2484 1784 absque
2506 1724 2674 1771 matre
2694 1718 2763 1772 ab
2781 1726 2983 1773 mterno
3005 1719 3180 1781 Patre,
3203 1718 3493 1786 concipies.

1924 1813 2099 1860 mater
2141 1804 2330 1861 etl‘ecta
2370 1807 2571 1877 absque
2609 1808 2834 1877 alicujus
2869 1809 2968 1863 viri
3008 1809 3369 1879 copulatione.
3410 1795 3498 1862 'lhi

251 1902 618 1958 miserabiliter
643 1901 960 1967 deciderat,
1010 1903 1262 1958 solatium
1303 1919 1411 1959 sua:
1452 1905 1679 1960 miserim
1718 1905 1819 1959 sibi
1850 1891 1897 1951 Β
1926 1902 2068 1956 enim
2098 1902 2336 1956 auricula
2369 1919 2503 1958 uxor
2524 1902 2646 1966 fuit.
2681 1903 2951 1972 angelicas
2986 1912 3162 1958 autem
3189 1917 3366 1958 sermo
3393 1917 3502 1955 mar

247 2007 344 2062 per
369 1992 475 2046 hoc
501 1989 783 2045 inferebat.
813 1990 1170 2047 Considerans
1200 1993 1362 2061 igitur
1383 1993 1543 2048 Pater
1562 1993 1821 2063 perditio-

243 2096 363 2137 nem
384 2081 605 2136 humani
626 2082 835 2150 generis
854 2097 951 2152 per
969 2082 1234 2152 serpentis
1254 2082 1534 2146 fallaciam,
1567 2084 1822 2138 mundum

242 2170 473 2227 liberare
505 2170 754 2240 dignatus
778 2181 862 2227 est
892 2187 989 2241 per
1012 2174 1268 2241 unigeniti
1298 2173 1416 2228 Filii
1445 2173 1527 2229 sui
1572 2174 1822 2229 incarna-

241 2260 471 2329 tionem,
500 2270 558 2315 ut
576 2262 828 2330 quoniam
850 2261 1044 2317 femina
1065 2279 1159 2333 per
1178 2264 1608 2321 exhortationem
1622 2265 1824 2320 daemo-

241 2350 321 2405 nis
347 2351 529 2420 ejecta
554 2359 671 2406 erat
698 2352 763 2406 de
790 2352 1003 2409 sedibus
1028 2354 1289 2423 paradisi,
1319 2370 1416 2425 per
1444 2356 1823 2411 salutationem

237 2443 410 2510 angeli
464 2442 688 2511 gloriam
731 2452 1031 2498 mereretur
1074 2445 1323 2515 excipere
1384 2447 1818 2502 immortalitatis.

237 2531 468 2602 Decepit
490 2530 654 2585 Evam
682 2533 984 2589 exhortatio
1004 2534 1225 2599 inimici,
1257 2518 1578 2593 confortavit
1599 2537 1823 2593 Mariam

236 2624 499 2679 salutatio
544 2624 827 2680 Gabrielis.
878 2625 1099 2682 Nuntiat
1140 2629 1358 2695 angelus
1397 2637 1457 2683 ut
1483 2628 1687 2686 fallacia
1717 2632 1827 2686 dia-

236 2713 343 2770 boli
373 2715 698 2793 destruatur
721 2733 732 2767 :
762 2715 1111 2772 obumbratur
1138 2717 1299 2788 Virgo
1327 2720 1521 2775 virtute
1544 2721 1821 2789 Altissimi,

237 2806 528 2859 nuntiante
554 2805 747 2873 angelo
774 2845 790 2870 ,
834 2816 894 2861 ut
936 2807 1130 2861 femina
1174 2818 1453 2877 reparetur
1489 2808 1600 2877 jam
1629 2810 1825 2865 dudum

236 2895 473 2966 decepta
502 2911 532 2949 a
556 2895 767 2949 Satanae
798 2898 1003 2951 nuntio.
1046 2897 1467 2969 lncorruptibilis
1497 2899 1637 2955 Deus
1666 2917 1827 2957 carne

241 3001 330 3040 ves
356 2988 475 3041 itur
523 2994 576 3038 et
604 2985 882 3040 descendit
907 3027 921 3052 ,
965 2993 1023 3040 ut
1051 3002 1148 3057 per
1175 2987 1311 3042 hanc
1339 2989 1628 3043 secundum
1658 2990 1828 3044 homi-

240 3092 362 3132 nem
376 3077 567 3131 Jesnm
583 3076 898 3131 ascenderet
912 3086 1063 3132 vetus
1091 3078 1274 3146 homo,
1297 3079 1406 3147 qui,
1437 3080 1612 3136 fructu
1642 3079 1828 3136 incon-

238 3178 369 3235 grue
398 3175 621 3236 gustato
644 3205 659 3230 ,
690 3170 756 3220 ad
786 3167 923 3222 hanc
950 3168 1219 3223 miseriam
1247 3177 1302 3225 et
1328 3170 1628 3225 convallem
1658 3171 1827 3243 lacry-

1923 1989 2058 2045 ritus
2085 1992 2307 2045 exstitit.
2350 1991 2513 2059 Virgo
2541 1992 2809 2061 concipies
2832 2030 2846 2055 ,
2879 2003 2935 2047 et
2961 2000 3083 2062 post
3110 1999 3319 2062 partum
3348 1992 3500 2058 virgo

1923 2082 2266 2152 permanchis
2291 2123 2304 2148 ,
2353 2091 2408 2138 et
2436 2082 2600 2138 Filius
2636 2083 2730 2138 Dei
2765 2082 2816 2137 in
2852 2091 2904 2137 te
2940 2082 3271 2150 descendet,
3321 2082 3501 2150 utqui

1925 2191 2241 2231 ascensurus
2269 2185 2385 2231 erat
2408 2192 2530 2232 cum
2561 2176 2904 2231 sublimitatis
2932 2175 3172 2245 potentia
3200 2183 3254 2230 et
3281 2174 3500 2229 clarita-

1924 2266 1993 2322 tis
2022 2282 2132 2322 sute
2159 2267 2327 2335 gloria
2355 2267 2421 2321 ad
2451 2264 2722 2322 Orientem
2740 2306 2755 2329 ,
2787 2275 3065 2322 convertat
3092 2267 3314 2335 gratiam
3344 2256 3503 2333 maje-

1924 2357 2078 2411 statis
2098 2372 2207 2412 suae
2235 2356 2301 2411 ad
2329 2353 2690 2412 Occidentem.
2732 2356 2846 2410 Non
2876 2365 2928 2410 te
2959 2355 3247 2411 confundat
3268 2356 3501 2422 auditus,

1927 2463 2033 2502 non
2055 2449 2330 2517 perturbet
2351 2456 2661 2523 conceptus.
2686 2447 2800 2501 Non
2821 2456 2901 2513 est
2921 2448 3062 2501 enim
3089 2447 3504 2516 iste-conceptus

1926 2539 2238 2603 necessitas,
2270 2538 2363 2592 sed
2386 2537 2480 2593 Dei
2511 2538 2896 2592 inzestimabilis
2926 2546 3182 2607 potestas.
3233 2537 3503 2606 vestietur

1926 2644 2107 2693 carne,
2138 2636 2195 2683 et
2220 2630 2272 2682 in
2302 2637 2394 2683 tuo
2422 2629 2663 2696 virginali
2693 2637 2848 2682 utero
2877 2644 2935 2683 se
2956 2628 3229 2694 recondet,
3257 2637 3311 2683 et
3338 2627 3504 2682 Filius

1926 2718 2020 2773 Dei
2054 2718 2190 2772 illius
2217 2719 2449 2773 hominis
2477 2732 2595 2773 esse
2640 2719 2882 2788 incipiet,
2930 2733 3252 2789 permanens
3291 2733 3504 2788 semper

1925 2807 2068 2877 quod
2097 2816 2233 2861 erat.
2275 2806 2764 2862 lncommutahilem
2796 2822 3022 2876 namque
3044 2809 3190 2863 illum
3212 2809 3501 2871 credimus,

1925 2897 2021 2953 sed
2047 2898 2464 2952 misericorditer
2493 2911 2770 2952 assumens
2796 2898 2939 2968 quod
2970 2912 3075 2955 non
3102 2908 3213 2952 erat
3231 2937 3245 2959 ,
3280 2907 3337 2951 ut
3369 2898 3420 2951 in
3450 2906 3506 2952 te

1926 2989 2307 3059 comprehendi
2336 2989 2543 3058 possit,
2590 3002 2749 3057 quem
2780 2983 2923 3044 totus
2958 2991 3102 3044 orbis
3130 2990 3367 3057 bajulare
3395 3003 3507 3044 non

1927 3081 2122 3152 potuit.
2172 3078 2273 3135 Per
2294 3079 2439 3134 hunc
2461 3088 2779 3150 conceptum
2818 3095 2923 3135 non
2957 3079 3311 3133 minorahitur
3340 3080 3505 3147 virgi-

1929 3174 2064 3228 nalis
2092 3172 2310 3228 castitas
2332 3211 2346 3237 ,
2389 3171 2482 3225 sed
2510 3171 2679 3238 magis
2707 3171 2759 3224 in
2795 3179 2848 3225 te
2875 3172 3215 3240 ampliahitur
3242 3170 3503 3225 castitatis

240 3272 456 3312 marum
501 3256 733 3313 devenit.
776 3256 990 3326 Legitur
1030 3274 1261 3329 namque
1299 3262 1443 3331 quod
1471 3278 1592 3317 cum
1631 3263 1822 3318 mulier
1849 3253 1893 3316 C
1927 3264 2224 3332 integritas.
2251 3261 2423 3349 Mater;
2452 3260 2758 3316 Conditoris
2783 3261 2921 3316 facta
2950 3277 3027 3326 es,
3057 3277 3177 3316 cum
3217 3261 3329 3331 ipse
3362 3269 3505 3316 esset

242 3346 550 3416 decepisset
579 3347 749 3401 virum
777 3363 961 3413 suum,
990 3347 1189 3403 dictum
1211 3350 1281 3406 sit
1308 3350 1357 3405 ei
1386 3366 1415 3404 a
1442 3350 1706 3407 Domino,-
1756 3351 1823 3406 In

245 3438 425 3520 dolore
445 3438 613 3507 paries
642 3438 798 3507 ﬁlios,
832 3450 878 3492 et
907 3438 976 3491 ad
1002 3440 1165 3493 virum
1197 3434 1460 3495 codversio
1482 3450 1569 3495 tua
1594 3482 1609 3508 ,
1638 3452 1699 3497 et
1718 3444 1826 3512 ipse

247 3528 599 3583 dominabimr
645 3530 736 3583 tui.
802 3529 927 3585 llaec
986 3531 1086 3585 tria
1145 3531 1484 3588 incommoda
1528 3533 1823 3603 patiuntur,

245 3632 583 3688 quaecunque
604 3617 781 3672 Mariae
810 3620 1168 3686 virginitatem
1196 3637 1302 3675 non
1330 3622 1640 3677 imitantur:
1684 3639 1747 3679 ac
1781 3623 1828 3678 si

247 3709 300 3762 ei
331 3707 590 3761 Dominus
611 3707 839 3761 diceret:
873 3706 1099 3773 Quando
1128 3710 1196 3763 ad
1226 3711 1395 3764 virum
1424 3714 1704 3767 conversio
1735 3722 1827 3767 tua

246 3800 373 3864 erit,
408 3800 648 3853 servituti
678 3800 817 3853 illius
840 3800 1159 3867 subjicieris;
1190 3817 1313 3873 cum
1342 3812 1520 3858 autem
1541 3807 1826 3873 parturies,

244 3888 455 3954 doloris
484 3897 538 3944 et
566 3890 794 3944 tristitiae
818 3890 1156 3944 detrimenta
1184 3871 1421 3961 patieris.
1473 3871 1597 3949 Hinc
1646 3871 1828 3949 autem

247 3981 349 4035 tria
381 3981 739 4037 excluduntur
759 3998 789 4037 a
826 3983 1080 4039 felicitate
1104 3982 1338 4053 Virginis
1362 3983 1542 4040 Maria:
1566 4026 1582 4051 ,
1632 3995 1689 4041 et
1722 4002 1828 4044 non

244 4079 457 4127 tantum
493 4073 562 4128 ah
592 4073 706 4143 ipsa
735 4073 954 4144 Virgine
971 4116 987 4141 ,
1013 4074 1106 4132 sed
1132 4076 1201 4130 ab
1226 4076 1474 4132 omnibus
1499 4091 1832 4146 qumcunque

246 4178 402 4218 suam
435 4163 649 4218 Christo
676 4163 986 4221 devoverint
1013 4166 1393 4235 virginitatem.
1424 4166 1616 4223 Venite
1643 4169 1826 4237 igitur,

248 4253 520 4321 virgines,
562 4269 683 4325 quae
719 4254 922 4324 Virgini
949 4256 1310 4325 virginitatem
1345 4258 1592 4321 vovetis,
1636 4268 1828 4314 vovete

251 4341 455 4412 Virgini
476 4346 720 4414 corporis
743 4346 1100 4414 integritatem
1119 4388 1134 4413 ,
1164 4363 1284 4417 quae
1313 4348 1539 4404 Domino
1567 4349 1824 4405 illibatam

247 4434 494 4490 exhibuit
520 4436 840 4491 castitatem.
874 4436 1069 4503 Quanti
1092 4453 1219 4506 ergo
1245 4440 1419 4494 meriti
1448 4442 1639 4495 eadem
1667 4441 1829 4511 Virgo

1928 3354 2067 3424 apud
2094 3353 2305 3409 Patrem
2333 3362 2428 3408 :et
2454 3369 2576 3408 cum
2603 3362 2915 3408 nasceretur
2946 3368 3011 3406 ex
3035 3362 3088 3407 te
3114 3351 3282 3406 Matre
3310 3352 3507 3405 mansit

1929 3447 2068 3516 apud
2103 3448 2329 3501 l‘atrem.
2370 3432 2596 3516 Semper
2622 3448 2762 3501 enim
2788 3462 2907 3501 cum
2939 3446 3113 3511 Patre,
3146 3448 3268 3514 quia
3301 3447 3505 3514 absque

1927 3537 2227 3607 principio,
2289 3552 2395 3590 non
2434 3532 2596 3591 habet
2645 3537 2852 3591 initium
2903 3538 3219 3606 temporale.
3281 3530 3507 3606 semper

1930 3630 2074 3683 enim
2103 3642 2221 3683 cum
2251 3627 2432 3695 Patre,
2461 3629 2551 3697 qni
2575 3630 3083 3699 permanet'ahsque
3113 3624 3263 3683 initio
3293 3636 3349 3683 et
3377 3629 3502 3683 line.

1930 3716 2098 3773 Facta
2142 3733 2201 3773 es
2239 3717 2382 3772 scala
2429 3717 2700 3781 cmlestis,
2752 3717 2899 3786 virga
2930 3716 3107 3772 Aaron
3154 3732 3262 3786 pne
3296 3712 3507 3772 ueteris

1927 3806 2154 3862 ﬂoruisti
2177 3846 2192 3870 ,
2237 3805 2289 3861 id
2317 3814 2401 3861 est
2429 3822 2537 3875 prie
2565 3807 2772 3861 ueteris
2800 3806 3113 3874 virginitate.
3134 3806 3294 3873 digna
3323 3806 3506 3876 splen-

1929 3896 2110 3951 duisti.
2155 3896 2316 3952 Facta
2345 3911 2404 3951 es
2447 3897 2590 3951 scala
2635 3897 2687 3950 in
2731 3911 2890 3965 quam
2919 3897 3087 3965 gloria
3127 3896 3361 3952 caelestis
3402 3896 3504 3952 de—

1920 3985 2137 4042 scendit
2162 3986 2232 4040 ad
2258 3986 2528 4050 inferiora,
2552 3994 2817 4056 quatenus
2838 3986 3111 4040 humilitas
3136 3985 3203 4040 ad
3228 3986 3347 4040 omli
3375 3985 3507 4041 sub-

1924 4078 2218 4133 veheretur
2254 4076 2466 4131 altiora.
2514 4074 2558 4129 0
2597 4091 2735 4131 nova
2777 4084 2833 4130 et
2872 4075 3107 4131 inaudita
3154 4074 3501 4144 conjunctio!

1930 4167 1975 4222 Ο
2002 4166 2286 4241 inelfabilis
2309 4166 2633 4223 etmiranda
2662 4167 2939 4239 permistio
2965 4168 2979 4221 ι
3028 4166 3129 4235 Qui
3158 4168 3301 4223 enim
3325 4168 3507 4223 omnia

1930 4276 1999 4316 ex
2028 4261 2196 4316 nihilo
2219 4269 2498 4316 creaverat
2522 4302 2538 4328 ,
2568 4270 2818 4326 creatur;
2867 4261 2957 4329 qui
2987 4260 3106 4330 capi
3135 4274 3240 4315 non
3272 4265 3505 4335 poterat,

1929 4350 2437 4421 comprehenditur;
2474 4352 2562 4421 qui
2593 4366 2780 4406 omnes
2814 4350 3015 4405 divitiis
3050 4347 3328 4404 afﬂuentes
3359 4347 3505 4415 facit,

1929 4457 2136 4512 pauper
2164 4440 2435 4506 efficitur;
2481 4442 2726 4497 Christus
2748 4481 2764 4506 ,
2813 4442 2904 4511 qui
2933 4441 3199 4511 perfectus
3231 4448 3314 4496 est
3336 4481 3350 4504 ,
3382 4455 3510 4495 eva-

248 4523 434 4593 luerit,
474 4526 675 4582 audite.
720 4526 837 4583 Non
866 4529 1008 4583 enim
1041 4537 1247 4584 tantum
1283 4532 1477 4586 meruit
1505 4533 1851 4595 allocutione:
1914 4533 2081 4593 :cuari
2119 4533 2389 4602 dignatur.
2447 4532 2652 4588 Dicitur
2678 4532 2821 4587 enim
2860 4546 2919 4586 se
2945 4546 3237 4588 evacuasse
3266 4547 3295 4585 a
3337 4532 3509 4585 forma

248 4618 492 4684 angelica
524 4618 724 4672 visitari
748 4659 764 4684 ,
816 4618 910 4673 sed
944 4619 1084 4673 intra
1121 4621 1351 4675 claustra
1392 4623 1664 4706 virginalis
1693 4604 1910 4679 uter”)
1936 4624 2159 4679 Deitatis
2194 4625 2245 4678 in
2278 4633 2519 4694 tempore
2545 4666 2558 4691 ,
2609 4631 2667 4677 ut
2694 4623 2990 4678 ditaremur
3033 4623 3272 4691 ejusdem
3303 4624 3509 4679 cmlesti

238 4709 399 4775 illum
446 4710 902 4780 comprehendere
934 4713 1025 4781 qui
1071 4713 1219 4766 nullo
1248 4714 1408 4769 modo
1436 4722 1651 4785 poterat
1675 4728 1826 4772 com-

246 4802 529 4869 prehendi.
573 4801 741 4857 Mater
767 4811 949 4857 nostra
973 4802 1083 4857 Eva
1116 4803 1282 4858 tribus
1306 4806 1462 4862 malis
1489 4816 1825 4874 aggravetur,

242 4892 403 4965 beata
438 4908 566 4947 vero
594 4893 760 4970 Maria
791 4893 859 4947 ab
888 4892 972 4946 his
1000 4893 1331 4959 excluditur,
1371 4903 1427 4949 et
1453 4897 1716 4966 tripartita
1746 4897 1828 4954 fe-

252 4983 454 5040 licitate
483 4986 711 5038 lmtatur.
744 4983 1080 5039 Salutatione
1114 4985 1312 5039 etenim
1342 4986 1580 5053 angelica
1609 4984 1829 5042 confor-

251 5082 393 5143 tatur
422 5118 436 5141 ,
471 5060 769 5155 confortata
794 5074 1128 5129 henedicitur
1150 5116 1165 5140 ,
1198 5085 1252 5129 et
1281 5075 1610 5145 plenitudine
1647 5078 1831 5146 gratia:

250 5156 479 5244 lfecunda
500 5152 619 5223 eSse
647 5152 943 5222 nuntiatur.
974 5165 1065 5222 Sic
1090 5168 1230 5221 enim
1257 5167 1514 5238 scriptum
1538 5178 1619 5224 est
1644 5187 1655 5222 :
1700 5170 1831 5225 Mis-

248 5273 338 5337 sus
360 5248 437 5314 est
462 5260 675 5332 angelus
701 5261 773 5314 ad
790 5261 1056 5331 virginem.
1100 5258 1247 5315 lianc
1270 5275 1391 5316 esse
1412 5261 1673 5329 virginem
1701 5277 1830 5317 con-

255 5344 483 5415 fitemur,
516 5350 583 5404 de
603 5364 708 5418 qua
738 5350 789 5404 in
818 5349 953 5405 Isaia
976 5351 1166 5419 legitur
1190 5370 1202 5404 :
1237 5350 1391 5404 Exiet
1411 5353 1551 5422 virga
1573 5352 1636 5407 de
1659 5354 1834 5409 radice

256 5440 397 5518 Iesse
442 5443 532 5517 (id
569 5452 651 5499 est
671 5484 687 5510 ,
739 5442 900 5511 Virgo
934 5442 1171 5514 Maria),
1221 5454 1270 5498 et
1297 5445 1395 5512 ﬂos
1422 5428 1487 5498 de
1515 5445 1692 5499 radice
1719 5447 1831 5516 ejus

258 5536 512 5601 ascendet,
539 5535 590 5589 id
618 5543 700 5588 est
728 5532 990 5589 Christus.
1017 5533 1135 5604 Ipse
1163 5522 1307 5590 enim
1339 5535 1392 5589 in
1426 5535 1661 5590 Cauticis
1692 5535 1830 5590 Can-

250 5620 483 5688 ticorum
513 5626 756 5697 perhibet
781 5624 999 5680 dicens:
1034 5624 1145 5695 Ego
1178 5627 1274 5694 ﬂos
1303 5628 1492 5698 campi.
1533 5625 1604 5680 Et
1642 5629 1835 5698 ingres-

259 5728 342 5766 sus
366 5717 433 5769 ad
461 5735 573 5771 eam
605 5718 778 5772 dixit:
807 5716 930 5781 Ave,
965 5718 1134 5786 gratia
1157 5717 1332 5785 plena,
1361 5716 1609 5773 Dominus
1645 5728 1826 5773 tecum.

250 5803 317 5877 β.
333 5810 481 5868 nedio
503 5830 533 5867 σι
549 5820 609 5869 .tu
638 5811 688 5864 in
719 5808 1014 5864 mulieribus
1038 5850 1054 5877 ,
1097 5818 1145 5862 et
1172 5809 1460 5863 benedictus
1493 5811 1689 5881 fructus
1714 5826 1828 5865 ren-

1928 4714 2280 4787 perfectione.
2323 4714 2496 4784 Ergo,
2522 4714 2713 4769 fratres
2753 4714 3050 4778 carissimi,
3100 4715 3371 4783 Virginem
3414 4713 3511 4771 de-

1932 4822 2216 4877 precemur
2255 4814 2314 4860 ut
2348 4805 2655 4860 hominibus
2692 4804 2859 4859 Deum
2890 4804 3178 4873 conciliet,
3214 4814 3268 4860 et
3299 4813 3508 4859 terrena

1930 4898 2236 4955 cmlestihus
2263 4896 2573 4952 concordet.
2610 4894 2933 4951 Interveniat
2954 4911 3052 4967 pro
3081 4898 3391 4965 pneteritis,
3423 4912 3513 4951 ex-

1930 5008 2092 5048 orans
2118 4990 2308 5045 Filium
2337 5003 2438 5058 pro
2465 4988 2674 5043 futuris.
2705 4989 2750 5043 0
2771 4988 2955 5055 Virgo,
2983 4988 3048 5041 da
3076 5003 3181 5041 non
3206 4995 3407 5040 tantum
3433 4987 3510 5041 ci-

1932 5081 2062 5136 bum
2083 5078 2543 5149 corporalem,sed
2564 5078 2872 5146 angelorum
2895 5093 3087 5148 panem
3114 5078 3248 5131 intra
3279 5077 3355 5130 tui
3372 5076 3512 5132 uteri

1935 5172 2165 5227 claustra
2189 5169 2603 5226 descendentem
2623 5208 2637 5232 ,
2663 5169 2747 5224 fac
2776 5177 2834 5223 ut
2862 5169 3141 5223 timeamus
3173 5168 3362 5221 Filium
3390 5165 3506 5223 Dei.

1938 5259 2155 5315 Initium
2192 5262 2330 5315 enim
2360 5262 2629 5331 sapientia?
2668 5262 2819 5314 timor
2856 5257 3087 5313 Domini.
3132 5256 3190 5312 Si
3218 5258 3359 5312 enim
3389 5261 3511 5329 quis

1937 5356 2090 5411 timet
2126 5356 2407 5411 Dominum
2429 5395 2447 5421 ,
2484 5355 2737 5410 mandata
2776 5355 2941 5424 ipsius
2968 5351 3271 5406 custodiet:
3318 5352 3511 5409 deinde

1938 5445 2168 5501 carnalis
2192 5447 2439 5516 purgatio
2477 5453 2733 5515 sequetur
2752 5483 2768 5508 ,
2816 5450 2876 5497 ut
2899 5440 3062 5496 divini
3090 5440 3305 5499 luminis
3331 5443 3511 5497 radios

1938 5534 2280 5591 considerare
2306 5536 2600 5591 valeamus.
2640 5533 2930 5601 Postquam
2957 5530 3098 5585 enim
3124 5532 3355 5587 carnalis
3381 5547 3511 5602 pur-

1936 5627 2082 5695 gatio
2124 5628 2277 5683 nobis
2318 5627 2565 5692 dabitur,
2629 5622 2947 5680 illuminatio
2995 5625 3172 5680 cordis
3211 5624 3380 5679 nostri
3408 5638 3511 5678 vse-

1938 5727 2151 5790 quetur.
2200 5717 2337 5772 Audi
2383 5718 2598 5785 itaque,
2650 5722 2704 5770 et
2746 5714 2939 5769 inclina
2984 5729 3166 5769 aurem
3215 5714 3281 5767 ad
3324 5727 3512 5782 preces

1937 5816 2168 5877 nostras.
2201 5804 2246 5861 Ο
2267 5805 2449 5875 Virgo,
2480 5821 2599 5874 qua!
2629 5805 2819 5860 merito
2848 5820 2878 5859 a
2908 5804 3062 5859 nobis
3087 5803 3322 5859 laudaris
3344 5842 3361 5866 ,
3390 5814 3513 5870 qua
