  <div class='ocr_page' id='page_1' title='image "/cluster/home/n/w/nwhite01/storage/ocr_20150623/65/hvd.32044015469315/057.png"; bbox 0 0 4074 6472; ppageno 0'>
   <div class='ocr_carea' id='block_1_1' title="bbox 605 382 2922 451">
    <p class='ocr_par' dir='ltr' id='par_1_1' title="bbox 605 382 2922 451">
     <span class='ocr_line' id='line_1_1' title="bbox 605 382 2922 451; baseline 0.001 -5"><span class='ocrx_word' id='word_1_1' title='bbox 605 394 673 446; x_wconf 84' lang='lat'><strong>99</strong></span> <span class='ocrx_word' id='word_1_2' title='bbox 1557 394 1614 449; x_wconf 86' lang='lat' dir='ltr'><strong>S.</strong></span> <span class='ocrx_word' id='word_1_3' title='bbox 1654 382 2076 448; x_wconf 78' lang='lat' dir='ltr'><strong>ELEUTH-ERII</strong></span> <span class='ocrx_word' id='word_1_4' title='bbox 2117 389 2582 447; x_wconf 66' lang='lat' dir='ltr'><strong>TORNACENSIS</strong></span> <span class='ocrx_word' id='word_1_5' title='bbox 2619 393 2922 451; x_wconf 75' lang='lat' dir='ltr'><strong>EPISCOPI</strong></span> 
     </span>
    </p>
   </div>
   <div class='ocr_carea' id='block_1_2' title="bbox 3763 412 3862 468">
    <p class='ocr_par' dir='ltr' id='par_1_2' title="bbox 3763 412 3862 468">
     <span class='ocr_line' id='line_1_2' title="bbox 3763 412 3862 468; baseline 0.04 -4"><span class='ocrx_word' id='word_1_6' title='bbox 3763 412 3862 468; x_wconf 84' lang='lat' dir='ltr'><strong>I00</strong></span> 
     </span>
    </p>
   </div>
   <div class='ocr_carea' id='block_1_3' title="bbox 603 508 3862 585">
    <p class='ocr_par' dir='ltr' id='par_1_3' title="bbox 603 508 3862 585">
     <span class='ocr_line' id='line_1_3' title="bbox 603 508 3862 585; baseline 0.005 -20"><span class='ocrx_word' id='word_1_7' title='bbox 603 522 725 584; x_wconf 86' lang='lat' dir='ltr'><strong>post</strong></span> <span class='ocrx_word' id='word_1_8' title='bbox 753 519 962 582; x_wconf 90' lang='lat' dir='ltr'><strong>partum</strong></span> <span class='ocrx_word' id='word_1_9' title='bbox 985 509 1134 578; x_wconf 87' lang='lat' dir='ltr'><strong>virgo</strong></span> <span class='ocrx_word' id='word_1_10' title='bbox 1159 523 1478 579; x_wconf 86' lang='lat' dir='ltr'><strong>permanens</strong></span> <span class='ocrx_word' id='word_1_11' title='bbox 1506 525 1537 563; x_wconf 92' lang='lat' dir='ltr'><strong>a</strong></span> <span class='ocrx_word' id='word_1_12' title='bbox 1567 511 1720 564; x_wconf 88' lang='lat' dir='ltr'><strong>nobis</strong></span> <span class='ocrx_word' id='word_1_13' title='bbox 1756 511 2046 574; x_wconf 83' lang='lat' dir='ltr'><strong>veneraris,</strong></span> <span class='ocrx_word' id='word_1_14' title='bbox 2081 523 2176 562; x_wconf 91' lang='lat' dir='ltr'><strong>ora</strong></span> <span class='ocrx_word' id='word_1_15' title='bbox 2207 509 2254 567; x_wconf 83' lang='lat' dir='ltr'><strong>A</strong></span> <span class='ocrx_word' id='word_1_16' title='bbox 2281 508 2368 576; x_wconf 90' lang='lat' dir='ltr'><strong>qui</strong></span> <span class='ocrx_word' id='word_1_17' title='bbox 2408 519 2628 579; x_wconf 78' lang='lat' dir='ltr'><strong>propter</strong></span> <span class='ocrx_word' id='word_1_18' title='bbox 2672 513 2895 569; x_wconf 86' lang='lat' dir='ltr'><strong>salutem</strong></span> <span class='ocrx_word' id='word_1_19' title='bbox 2926 515 3170 570; x_wconf 73' lang='lat' dir='ltr'><strong>humana:</strong></span> <span class='ocrx_word' id='word_1_20' title='bbox 3200 518 3510 585; x_wconf 73' lang='lat' dir='ltr'><strong>fragilitatis</strong></span> <span class='ocrx_word' id='word_1_21' title='bbox 3524 522 3588 575; x_wconf 89' lang='lat' dir='ltr'><strong>ad</strong></span> <span class='ocrx_word' id='word_1_22' title='bbox 3615 526 3862 582; x_wconf 70' lang='lat' dir='ltr'><strong>exinani.</strong></span> 
     </span>
    </p>
   </div>
   <div class='ocr_carea' id='block_1_4' title="bbox 604 601 2178 676">
    <p class='ocr_par' dir='ltr' id='par_1_4' title="bbox 604 601 2178 676">
     <span class='ocr_line' id='line_1_4' title="bbox 604 601 2178 676; baseline -0.003 -17"><span class='ocrx_word' id='word_1_23' title='bbox 604 621 703 676; x_wconf 87' lang='lat' dir='ltr'><strong>pro</strong></span> <span class='ocrx_word' id='word_1_24' title='bbox 734 604 886 659; x_wconf 83' lang='lat' dir='ltr'><strong>nobis</strong></span> <span class='ocrx_word' id='word_1_25' title='bbox 913 602 1079 657; x_wconf 88' lang='lat' dir='ltr'><strong>Deum</strong></span> <span class='ocrx_word' id='word_1_26' title='bbox 1103 642 1118 665; x_wconf 89' lang='lat'><strong>,</strong></span> <span class='ocrx_word' id='word_1_27' title='bbox 1153 611 1209 654; x_wconf 92' lang='lat' dir='ltr'><strong>ut</strong></span> <span class='ocrx_word' id='word_1_28' title='bbox 1236 602 1470 671; x_wconf 53' lang='lat' dir='ltr'><strong>praebeat</strong></span> <span class='ocrx_word' id='word_1_29' title='bbox 1493 603 1846 655; x_wconf 90' lang='lat' dir='ltr'><strong>constantiam</strong></span> <span class='ocrx_word' id='word_1_30' title='bbox 1875 642 1890 668; x_wconf 95' lang='lat'><strong>,</strong></span> <span class='ocrx_word' id='word_1_31' title='bbox 1922 601 2178 668; x_wconf 88' lang='lat' dir='ltr'><strong>largiatur</strong></span> 
     </span>
    </p>
   </div>
   <div class='ocr_carea' id='block_1_5' title="bbox 603 693 2179 765">
    <p class='ocr_par' dir='ltr' id='par_1_5' title="bbox 603 693 2179 765">
     <span class='ocr_line' id='line_1_5' title="bbox 603 693 2179 765; baseline -0.003 -15"><span class='ocrx_word' id='word_1_32' title='bbox 603 695 914 765; x_wconf 87' lang='lat' dir='ltr'><strong>patientiam</strong></span> <span class='ocrx_word' id='word_1_33' title='bbox 939 712 953 747; x_wconf 88' lang='lat'><strong>:</strong></span> <span class='ocrx_word' id='word_1_34' title='bbox 988 704 1042 748; x_wconf 88' lang='lat' dir='ltr'><strong>ut</strong></span> <span class='ocrx_word' id='word_1_35' title='bbox 1064 693 1348 748; x_wconf 86' lang='lat' dir='ltr'><strong>concordia</strong></span> <span class='ocrx_word' id='word_1_36' title='bbox 1381 693 1645 755; x_wconf 89' lang='lat' dir='ltr'><strong>lirmetur,</strong></span> <span class='ocrx_word' id='word_1_37' title='bbox 1674 695 1954 746; x_wconf 77' lang='lat' dir='ltr'><strong>tolerantia</strong></span> <span class='ocrx_word' id='word_1_38' title='bbox 1982 708 2179 761; x_wconf 87' lang='lat' dir='ltr'><strong>augea-</strong></span> 
     </span>
    </p>
   </div>
   <div class='ocr_carea' id='block_1_6' title="bbox 602 783 2177 849">
    <p class='ocr_par' dir='ltr' id='par_1_6' title="bbox 602 783 2177 849">
     <span class='ocr_line' id='line_1_6' title="bbox 602 783 2177 849; baseline -0.003 -9"><span class='ocrx_word' id='word_1_39' title='bbox 602 794 712 849; x_wconf 88' lang='lat' dir='ltr'><strong>tur,</strong></span> <span class='ocrx_word' id='word_1_40' title='bbox 745 792 802 838; x_wconf 95' lang='lat' dir='ltr'><strong>ut</strong></span> <span class='ocrx_word' id='word_1_41' title='bbox 831 799 951 838; x_wconf 90' lang='lat' dir='ltr'><strong>cum</strong></span> <span class='ocrx_word' id='word_1_42' title='bbox 982 784 1189 837; x_wconf 83' lang='lat' dir='ltr'><strong>venerit</strong></span> <span class='ocrx_word' id='word_1_43' title='bbox 1216 783 1372 837; x_wconf 91' lang='lat' dir='ltr'><strong>dolor</strong></span> <span class='ocrx_word' id='word_1_44' title='bbox 1391 785 1633 837; x_wconf 79' lang='lat' dir='ltr'><strong>mceroris</strong></span> <span class='ocrx_word' id='word_1_45' title='bbox 1661 792 1716 837; x_wconf 87' lang='lat' dir='ltr'><strong>et</strong></span> <span class='ocrx_word' id='word_1_46' title='bbox 1738 784 1993 844; x_wconf 68' lang='lat' dir='ltr'><strong>miseriae,</strong></span> <span class='ocrx_word' id='word_1_47' title='bbox 2029 784 2177 837; x_wconf 87' lang='lat' dir='ltr'><strong>cala-</strong></span> 
     </span>
    </p>
   </div>
   <div class='ocr_carea' id='block_1_7' title="bbox 601 874 2175 941">
    <p class='ocr_par' dir='ltr' id='par_1_7' title="bbox 601 874 2175 941">
     <span class='ocr_line' id='line_1_7' title="bbox 601 874 2175 941; baseline -0.001 -11"><span class='ocrx_word' id='word_1_48' title='bbox 601 876 802 932; x_wconf 90' lang='lat' dir='ltr'><strong>mitatis</strong></span> <span class='ocrx_word' id='word_1_49' title='bbox 838 885 894 930; x_wconf 91' lang='lat' dir='ltr'><strong>et</strong></span> <span class='ocrx_word' id='word_1_50' title='bbox 929 875 1155 929; x_wconf 74' lang='lat' dir='ltr'><strong>tristitia:</strong></span> <span class='ocrx_word' id='word_1_51' title='bbox 1173 914 1190 940; x_wconf 97' lang='lat'><strong>,</strong></span> <span class='ocrx_word' id='word_1_52' title='bbox 1240 891 1336 928; x_wconf 89' lang='lat' dir='ltr'><strong>nos</strong></span> <span class='ocrx_word' id='word_1_53' title='bbox 1364 874 1497 928; x_wconf 87' lang='lat' dir='ltr'><strong>Filio</strong></span> <span class='ocrx_word' id='word_1_54' title='bbox 1525 885 1615 930; x_wconf 92' lang='lat' dir='ltr'><strong>tuo</strong></span> <span class='ocrx_word' id='word_1_55' title='bbox 1639 875 1912 941; x_wconf 88' lang='lat' dir='ltr'><strong>unigenito</strong></span> <span class='ocrx_word' id='word_1_56' title='bbox 1940 874 2175 940; x_wconf 79' lang='lat' dir='ltr'><strong>digneris</strong></span> 
     </span>
    </p>
   </div>
   <div class='ocr_carea' id='block_1_8' title="bbox 599 964 2169 1036">
    <p class='ocr_par' dir='ltr' id='par_1_8' title="bbox 599 964 2169 1036">
     <span class='ocr_line' id='line_1_8' title="bbox 599 964 2169 1036; baseline -0.004 -15"><span class='ocrx_word' id='word_1_57' title='bbox 599 975 922 1036; x_wconf 74' lang='lat' dir='ltr'><strong>przesentare</strong></span> <span class='ocrx_word' id='word_1_58' title='bbox 946 1007 960 1030; x_wconf 88' lang='lat'><strong>,</strong></span> <span class='ocrx_word' id='word_1_59' title='bbox 991 966 1082 1034; x_wconf 91' lang='lat' dir='ltr'><strong>qui</strong></span> <span class='ocrx_word' id='word_1_60' title='bbox 1107 973 1188 1019; x_wconf 83' lang='lat' dir='ltr'><strong>est</strong></span> <span class='ocrx_word' id='word_1_61' title='bbox 1218 981 1353 1019; x_wconf 91' lang='lat' dir='ltr'><strong>unus</strong></span> <span class='ocrx_word' id='word_1_62' title='bbox 1382 965 1521 1018; x_wconf 90' lang='lat' dir='ltr'><strong>Deus</strong></span> <span class='ocrx_word' id='word_1_63' title='bbox 1546 982 1558 1016; x_wconf 92' lang='lat'><strong>:</strong></span> <span class='ocrx_word' id='word_1_64' title='bbox 1609 980 1766 1033; x_wconf 84' lang='lat' dir='ltr'><strong>quem</strong></span> <span class='ocrx_word' id='word_1_65' title='bbox 1791 965 1842 1017; x_wconf 94' lang='lat' dir='ltr'><strong>in</strong></span> <span class='ocrx_word' id='word_1_66' title='bbox 1872 964 2169 1018; x_wconf 79' lang='lat' dir='ltr'><strong>substantia</strong></span> 
     </span>
    </p>
   </div>
   <div class='ocr_carea' id='block_1_9' title="bbox 599 1053 2172 1127">
    <p class='ocr_par' dir='ltr' id='par_1_9' title="bbox 599 1053 2172 1127">
     <span class='ocr_line' id='line_1_9' title="bbox 599 1053 2172 1127; baseline -0.004 -15"><span class='ocrx_word' id='word_1_67' title='bbox 599 1075 783 1122; x_wconf 90' lang='lat' dir='ltr'><strong>unum,</strong></span> <span class='ocrx_word' id='word_1_68' title='bbox 815 1059 866 1110; x_wconf 90' lang='lat' dir='ltr'><strong>in</strong></span> <span class='ocrx_word' id='word_1_69' title='bbox 898 1059 1138 1127; x_wconf 89' lang='lat' dir='ltr'><strong>personis</strong></span> <span class='ocrx_word' id='word_1_70' title='bbox 1166 1057 1358 1108; x_wconf 91' lang='lat' dir='ltr'><strong>trinum</strong></span> <span class='ocrx_word' id='word_1_71' title='bbox 1382 1053 1699 1108; x_wconf 69' lang='lat' dir='ltr'><strong>confitemur</strong></span> <span class='ocrx_word' id='word_1_72' title='bbox 1723 1072 1736 1117; x_wconf 90' lang='lat'><strong>;</strong></span> <span class='ocrx_word' id='word_1_73' title='bbox 1765 1054 1854 1122; x_wconf 88' lang='lat' dir='ltr'><strong>qui</strong></span> <span class='ocrx_word' id='word_1_74' title='bbox 1881 1054 1933 1107; x_wconf 91' lang='lat' dir='ltr'><strong>in</strong></span> <span class='ocrx_word' id='word_1_75' title='bbox 1964 1069 2172 1117; x_wconf 89' lang='lat' dir='ltr'><strong>omnes,</strong></span> 
     </span>
    </p>
   </div>
   <div class='ocr_carea' id='block_1_10' title="bbox 598 1144 2172 1219">
    <p class='ocr_par' dir='ltr' id='par_1_10' title="bbox 598 1144 2172 1219">
     <span class='ocr_line' id='line_1_10' title="bbox 598 1144 2172 1219; baseline -0.005 -16"><span class='ocrx_word' id='word_1_76' title='bbox 598 1159 653 1204; x_wconf 87' lang='lat' dir='ltr'><strong>et</strong></span> <span class='ocrx_word' id='word_1_77' title='bbox 680 1165 840 1219; x_wconf 89' lang='lat' dir='ltr'><strong>super</strong></span> <span class='ocrx_word' id='word_1_78' title='bbox 869 1163 1054 1202; x_wconf 90' lang='lat' dir='ltr'><strong>omnes</strong></span> <span class='ocrx_word' id='word_1_79' title='bbox 1077 1186 1091 1210; x_wconf 90' lang='lat'><strong>,</strong></span> <span class='ocrx_word' id='word_1_80' title='bbox 1121 1156 1175 1200; x_wconf 91' lang='lat' dir='ltr'><strong>et</strong></span> <span class='ocrx_word' id='word_1_81' title='bbox 1214 1148 1266 1200; x_wconf 92' lang='lat' dir='ltr'><strong>in</strong></span> <span class='ocrx_word' id='word_1_82' title='bbox 1296 1146 1542 1200; x_wconf 89' lang='lat' dir='ltr'><strong>omnibus</strong></span> <span class='ocrx_word' id='word_1_83' title='bbox 1567 1144 1752 1206; x_wconf 87' lang='lat' dir='ltr'><strong>nobis;</strong></span> <span class='ocrx_word' id='word_1_84' title='bbox 1802 1144 1893 1212; x_wconf 93' lang='lat' dir='ltr'><strong>qui</strong></span> <span class='ocrx_word' id='word_1_85' title='bbox 1921 1160 1988 1197; x_wconf 83' lang='lat' dir='ltr'><strong>ex</strong></span> <span class='ocrx_word' id='word_1_86' title='bbox 2021 1153 2172 1212; x_wconf 90' lang='lat' dir='ltr'><strong>parte</strong></span> 
     </span>
    </p>
   </div>
   <div class='ocr_carea' id='block_1_11' title="bbox 597 1231 2175 1307">
    <p class='ocr_par' dir='ltr' id='par_1_11' title="bbox 597 1231 2175 1307">
     <span class='ocr_line' id='line_1_11' title="bbox 597 1231 2175 1307; baseline -0.005 -17"><span class='ocrx_word' id='word_1_87' title='bbox 597 1238 914 1307; x_wconf 81' lang='lat' dir='ltr'><strong>exquiritur,</strong></span> <span class='ocrx_word' id='word_1_88' title='bbox 941 1251 1004 1290; x_wconf 88' lang='lat' dir='ltr'><strong>ex</strong></span> <span class='ocrx_word' id='word_1_89' title='bbox 1031 1244 1180 1305; x_wconf 89' lang='lat' dir='ltr'><strong>parte</strong></span> <span class='ocrx_word' id='word_1_90' title='bbox 1201 1243 1378 1288; x_wconf 87' lang='lat' dir='ltr'><strong>autem</strong></span> <span class='ocrx_word' id='word_1_91' title='bbox 1408 1233 1748 1300; x_wconf 68' lang='lat' dir='ltr'><strong>cognosdtur</strong></span> <span class='ocrx_word' id='word_1_92' title='bbox 1773 1250 1784 1283; x_wconf 89' lang='lat'><strong>:</strong></span> <span class='ocrx_word' id='word_1_93' title='bbox 1810 1232 1896 1300; x_wconf 91' lang='lat' dir='ltr'><strong>qui</strong></span> <span class='ocrx_word' id='word_1_94' title='bbox 1926 1247 2030 1285; x_wconf 91' lang='lat' dir='ltr'><strong>non</strong></span> <span class='ocrx_word' id='word_1_95' title='bbox 2063 1231 2175 1283; x_wconf 95' lang='lat' dir='ltr'><strong>vult</strong></span> 
     </span>
    </p>
   </div>
   <div class='ocr_carea' id='block_1_12' title="bbox 598 1323 2172 1396">
    <p class='ocr_par' dir='ltr' id='par_1_12' title="bbox 598 1323 2172 1396">
     <span class='ocr_line' id='line_1_12' title="bbox 598 1323 2172 1396; baseline -0.003 -15"><span class='ocrx_word' id='word_1_96' title='bbox 598 1338 826 1382; x_wconf 91' lang='lat' dir='ltr'><strong>mortem</strong></span> <span class='ocrx_word' id='word_1_97' title='bbox 855 1327 1180 1396; x_wconf 87' lang='lat' dir='ltr'><strong>peccatoris,</strong></span> <span class='ocrx_word' id='word_1_98' title='bbox 1213 1325 1308 1380; x_wconf 91' lang='lat' dir='ltr'><strong>sed</strong></span> <span class='ocrx_word' id='word_1_99' title='bbox 1340 1334 1397 1377; x_wconf 94' lang='lat' dir='ltr'><strong>ut</strong></span> <span class='ocrx_word' id='word_1_100' title='bbox 1426 1341 1454 1377; x_wconf 90' lang='lat' dir='ltr'><strong>a</strong></span> <span class='ocrx_word' id='word_1_101' title='bbox 1482 1325 1563 1377; x_wconf 86' lang='lat' dir='ltr'><strong>via</strong></span> <span class='ocrx_word' id='word_1_102' title='bbox 1592 1341 1685 1376; x_wconf 91' lang='lat' dir='ltr'><strong>sua</strong></span> <span class='ocrx_word' id='word_1_103' title='bbox 1713 1323 1854 1377; x_wconf 89' lang='lat' dir='ltr'><strong>mala</strong></span> <span class='ocrx_word' id='word_1_104' title='bbox 1885 1332 2172 1377; x_wconf 89' lang='lat' dir='ltr'><strong>converta-</strong></span> 
     </span>
    </p>
   </div>
   <div class='ocr_carea' id='block_1_13' title="bbox 599 1415 2172 1488">
    <p class='ocr_par' dir='ltr' id='par_1_13' title="bbox 599 1415 2172 1488">
     <span class='ocr_line' id='line_1_13' title="bbox 599 1415 2172 1488; baseline -0.001 -18"><span class='ocrx_word' id='word_1_105' title='bbox 599 1428 704 1473; x_wconf 91' lang='lat' dir='ltr'><strong>tur.</strong></span> <span class='ocrx_word' id='word_1_106' title='bbox 742 1418 867 1485; x_wconf 84' lang='lat' dir='ltr'><strong>Ora,</strong></span> <span class='ocrx_word' id='word_1_107' title='bbox 904 1426 960 1471; x_wconf 93' lang='lat' dir='ltr'><strong>ut</strong></span> <span class='ocrx_word' id='word_1_108' title='bbox 989 1417 1283 1488; x_wconf 84' lang='lat' dir='ltr'><strong>perfectum</strong></span> <span class='ocrx_word' id='word_1_109' title='bbox 1316 1418 1491 1471; x_wconf 88' lang='lat' dir='ltr'><strong>lumen</strong></span> <span class='ocrx_word' id='word_1_110' title='bbox 1517 1415 1848 1480; x_wconf 73' lang='lat' dir='ltr'><strong>efﬁciamur;</strong></span> <span class='ocrx_word' id='word_1_111' title='bbox 1883 1426 1939 1469; x_wconf 92' lang='lat' dir='ltr'><strong>ut</strong></span> <span class='ocrx_word' id='word_1_112' title='bbox 1969 1417 2172 1469; x_wconf 87' lang='lat' dir='ltr'><strong>collau-</strong></span> 
     </span>
    </p>
   </div>
   <div class='ocr_carea' id='block_1_14' title="bbox 597 1507 2174 1576">
    <p class='ocr_par' dir='ltr' id='par_1_14' title="bbox 597 1507 2174 1576">
     <span class='ocr_line' id='line_1_14' title="bbox 597 1507 2174 1576; baseline -0.001 -14"><span class='ocrx_word' id='word_1_113' title='bbox 597 1508 790 1564; x_wconf 88' lang='lat' dir='ltr'><strong>demus</strong></span> <span class='ocrx_word' id='word_1_114' title='bbox 835 1519 886 1561; x_wconf 93' lang='lat' dir='ltr'><strong>te</strong></span> <span class='ocrx_word' id='word_1_115' title='bbox 935 1509 985 1561; x_wconf 91' lang='lat' dir='ltr'><strong>in</strong></span> <span class='ocrx_word' id='word_1_116' title='bbox 1034 1509 1201 1576; x_wconf 78' lang='lat' dir='ltr'><strong>gloria</strong></span> <span class='ocrx_word' id='word_1_117' title='bbox 1234 1507 1350 1560; x_wconf 87' lang='lat' dir='ltr'><strong>Filii</strong></span> <span class='ocrx_word' id='word_1_118' title='bbox 1401 1508 1512 1560; x_wconf 89' lang='lat' dir='ltr'><strong>tui:</strong></span> <span class='ocrx_word' id='word_1_119' title='bbox 1557 1508 1643 1561; x_wconf 92' lang='lat' dir='ltr'><strong>cui</strong></span> <span class='ocrx_word' id='word_1_120' title='bbox 1685 1517 1766 1560; x_wconf 90' lang='lat' dir='ltr'><strong>est</strong></span> <span class='ocrx_word' id='word_1_121' title='bbox 1795 1508 1966 1560; x_wconf 88' lang='lat' dir='ltr'><strong>honor</strong></span> <span class='ocrx_word' id='word_1_122' title='bbox 1998 1515 2053 1560; x_wconf 91' lang='lat' dir='ltr'><strong>et</strong></span> <span class='ocrx_word' id='word_1_123' title='bbox 2079 1521 2174 1576; x_wconf 86' lang='lat' dir='ltr'><strong>po-</strong></span> 
     </span>
    </p>
   </div>
   <div class='ocr_carea' id='block_1_15' title="bbox 595 1598 1920 1669">
    <p class='ocr_par' dir='ltr' id='par_1_15' title="bbox 595 1598 1920 1669">
     <span class='ocr_line' id='line_1_15' title="bbox 595 1598 1920 1669; baseline -0.001 -17"><span class='ocrx_word' id='word_1_124' title='bbox 595 1606 782 1665; x_wconf 88' lang='lat' dir='ltr'><strong>testas,</strong></span> <span class='ocrx_word' id='word_1_125' title='bbox 817 1615 910 1669; x_wconf 87' lang='lat' dir='ltr'><strong>per</strong></span> <span class='ocrx_word' id='word_1_126' title='bbox 937 1600 1115 1653; x_wconf 81' lang='lat' dir='ltr'><strong>oinnia</strong></span> <span class='ocrx_word' id='word_1_127' title='bbox 1138 1600 1329 1654; x_wconf 64' lang='lat' dir='ltr'><strong>szccula</strong></span> <span class='ocrx_word' id='word_1_128' title='bbox 1359 1601 1692 1653; x_wconf 62' lang='lat' dir='ltr'><strong>saeculorum.</strong></span> <span class='ocrx_word' id='word_1_129' title='bbox 1729 1598 1920 1652; x_wconf 79' lang='lat' dir='ltr'><strong>Amen.</strong></span> 
     </span>
    </p>
   </div>
   <div class='ocr_carea' id='block_1_16' title="bbox 910 1707 1849 1764">
    <p class='ocr_par' dir='ltr' id='par_1_16' title="bbox 910 1707 1849 1764">
     <span class='ocr_line' id='line_1_16' title="bbox 910 1707 1849 1764; baseline -0.002 0"><span class='ocrx_word' id='word_1_130' title='bbox 910 1709 1161 1764; x_wconf 73' lang='lat' dir='ltr'><strong>ORATIO</strong></span> <span class='ocrx_word' id='word_1_131' title='bbox 1201 1709 1398 1762; x_wconf 84' lang='grc' dir='ltr'><strong>ΒΕΑΤΙ</strong></span> <span class='ocrx_word' id='word_1_132' title='bbox 1437 1707 1849 1762; x_wconf 80' lang='lat' dir='ltr'><strong>ELEUTHERII</strong></span> 
     </span>
    </p>
   </div>
   <div class='ocr_carea' id='block_1_17' title="bbox 711 1815 2070 1856">
    <p class='ocr_par' dir='ltr' id='par_1_17' title="bbox 711 1815 2070 1856">
     <span class='ocr_line' id='line_1_17' title="bbox 711 1815 2070 1856; baseline -0.001 0"><span class='ocrx_word' id='word_1_133' title='bbox 711 1819 910 1856; x_wconf 65' lang='lat' dir='ltr'><strong>ANINAM</strong></span> <span class='ocrx_word' id='word_1_134' title='bbox 941 1817 1160 1856; x_wconf 74' lang='lat' dir='ltr'><strong>AGEN&#39;I&#39;IS</strong></span> <span class='ocrx_word' id='word_1_135' title='bbox 1188 1817 1255 1853; x_wconf 77' lang='lat' dir='ltr'><strong>AD</strong></span> <span class='ocrx_word' id='word_1_136' title='bbox 1285 1815 1424 1853; x_wconf 78' lang='grc' dir='ltr'><strong>υεωι</strong></span> <span class='ocrx_word' id='word_1_137' title='bbox 1449 1815 1546 1854; x_wconf 75' lang='lat' dir='ltr'><strong>PRO</strong></span> <span class='ocrx_word' id='word_1_138' title='bbox 1574 1817 1693 1854; x_wconf 77' lang='lat' dir='ltr'><strong>FIDE</strong></span> <span class='ocrx_word' id='word_1_139' title='bbox 1725 1817 1792 1854; x_wconf 82' lang='grc' dir='ltr'><strong>ΕΤ</strong></span> <span class='ocrx_word' id='word_1_140' title='bbox 1822 1816 2070 1855; x_wconf 63' lang='lat' dir='ltr'><strong>ECCLI‘ISIA</strong></span> 
     </span>
    </p>
   </div>
   <div class='ocr_carea' id='block_1_18' title="bbox 1204 1886 1551 1926">
    <p class='ocr_par' dir='ltr' id='par_1_18' title="bbox 1204 1886 1551 1926">
     <span class='ocr_line' id='line_1_18' title="bbox 1204 1886 1551 1926; baseline -0.006 -2"><span class='ocrx_word' id='word_1_141' title='bbox 1204 1886 1551 1926; x_wconf 72' lang='lat' dir='ltr'><strong>TOBNACENSI.</strong></span> 
     </span>
    </p>
   </div>
   <div class='ocr_carea' id='block_1_19' title="bbox 666 1960 2165 2029">
    <p class='ocr_par' dir='ltr' id='par_1_19' title="bbox 666 1960 2165 2029">
     <span class='ocr_line' id='line_1_19' title="bbox 666 1960 2165 2029; baseline -0.002 -11"><span class='ocrx_word' id='word_1_142' title='bbox 666 1962 940 2018; x_wconf 85' lang='lat' dir='ltr'><strong>Catholica</strong></span> <span class='ocrx_word' id='word_1_143' title='bbox 993 1961 1121 2016; x_wconf 87' lang='lat' dir='ltr'><strong>lides</strong></span> <span class='ocrx_word' id='word_1_144' title='bbox 1166 1978 1270 2015; x_wconf 91' lang='lat' dir='ltr'><strong>non</strong></span> <span class='ocrx_word' id='word_1_145' title='bbox 1323 1970 1431 2015; x_wconf 89' lang='lat' dir='ltr'><strong>tres</strong></span> <span class='ocrx_word' id='word_1_146' title='bbox 1469 1961 1622 2029; x_wconf 87' lang='lat' dir='ltr'><strong>deos,</strong></span> <span class='ocrx_word' id='word_1_147' title='bbox 1665 1960 1759 2016; x_wconf 89' lang='lat' dir='ltr'><strong>sed</strong></span> <span class='ocrx_word' id='word_1_148' title='bbox 1807 1977 1969 2015; x_wconf 92' lang='lat' dir='ltr'><strong>unum</strong></span> <span class='ocrx_word' id='word_1_149' title='bbox 2001 1962 2165 2016; x_wconf 88' lang='lat' dir='ltr'><strong>Deum</strong></span> 
     </span>
    </p>
   </div>
   <div class='ocr_carea' id='block_1_20' title="bbox 593 2050 2170 2114">
    <p class='ocr_par' dir='ltr' id='par_1_20' title="bbox 593 2050 2170 2114">
     <span class='ocr_line' id='line_1_20' title="bbox 593 2050 2170 2114; baseline -0.003 -5"><span class='ocrx_word' id='word_1_150' title='bbox 593 2053 767 2109; x_wconf 77' lang='lat' dir='ltr'><strong>credit</strong></span> <span class='ocrx_word' id='word_1_151' title='bbox 812 2062 867 2107; x_wconf 90' lang='lat' dir='ltr'><strong>et</strong></span> <span class='ocrx_word' id='word_1_152' title='bbox 905 2052 1218 2114; x_wconf 81' lang='lat' dir='ltr'><strong>confitetur,</strong></span> <span class='ocrx_word' id='word_1_153' title='bbox 1267 2051 1455 2106; x_wconf 90' lang='lat' dir='ltr'><strong>adorat</strong></span> <span class='ocrx_word' id='word_1_154' title='bbox 1515 2059 1569 2104; x_wconf 91' lang='lat' dir='ltr'><strong>et</strong></span> <span class='ocrx_word' id='word_1_155' title='bbox 1628 2059 1931 2105; x_wconf 89' lang='lat' dir='ltr'><strong>veneratur.</strong></span> <span class='ocrx_word' id='word_1_156' title='bbox 1985 2050 2170 2106; x_wconf 87' lang='lat' dir='ltr'><strong>Unitas</strong></span> 
     </span>
    </p>
   </div>
   <div class='ocr_carea' id='block_1_21' title="bbox 592 2143 2170 2217">
    <p class='ocr_par' dir='ltr' id='par_1_21' title="bbox 592 2143 2170 2217">
     <span class='ocr_line' id='line_1_21' title="bbox 592 2143 2170 2217; baseline -0.002 -18"><span class='ocrx_word' id='word_1_157' title='bbox 592 2153 873 2217; x_wconf 89' lang='lat' dir='ltr'><strong>permanet</strong></span> <span class='ocrx_word' id='word_1_158' title='bbox 901 2146 953 2198; x_wconf 93' lang='lat' dir='ltr'><strong>in</strong></span> <span class='ocrx_word' id='word_1_159' title='bbox 984 2143 1246 2198; x_wconf 90' lang='lat' dir='ltr'><strong>Trinitate</strong></span> <span class='ocrx_word' id='word_1_160' title='bbox 1277 2161 1290 2196; x_wconf 93' lang='lat'><strong>:</strong></span> <span class='ocrx_word' id='word_1_161' title='bbox 1320 2143 1556 2212; x_wconf 85' lang='lat' dir='ltr'><strong>perfecta</strong></span> <span class='ocrx_word' id='word_1_162' title='bbox 1588 2143 1816 2197; x_wconf 89' lang='lat' dir='ltr'><strong>Trinitas</strong></span> <span class='ocrx_word' id='word_1_163' title='bbox 1845 2143 2088 2198; x_wconf 82' lang='lat' dir='ltr'><strong>consistit</strong></span> <span class='ocrx_word' id='word_1_164' title='bbox 2117 2145 2170 2197; x_wconf 92' lang='lat' dir='ltr'><strong>in</strong></span> 
     </span>
    </p>
   </div>
   <div class='ocr_carea' id='block_1_22' title="bbox 594 2234 2167 2302">
    <p class='ocr_par' dir='ltr' id='par_1_22' title="bbox 594 2234 2167 2302">
     <span class='ocr_line' id='line_1_22' title="bbox 594 2234 2167 2302; baseline -0.004 -8"><span class='ocrx_word' id='word_1_165' title='bbox 594 2238 818 2294; x_wconf 88' lang='lat' dir='ltr'><strong>unitate.</strong></span> <span class='ocrx_word' id='word_1_166' title='bbox 867 2237 1008 2292; x_wconf 88' lang='lat' dir='ltr'><strong>Deus</strong></span> <span class='ocrx_word' id='word_1_167' title='bbox 1057 2252 1252 2301; x_wconf 87' lang='lat' dir='ltr'><strong>verus,</strong></span> <span class='ocrx_word' id='word_1_168' title='bbox 1304 2236 1443 2289; x_wconf 86' lang='lat' dir='ltr'><strong>idem</strong></span> <span class='ocrx_word' id='word_1_169' title='bbox 1499 2235 1560 2288; x_wconf 92' lang='grc' dir='ltr'><strong>Ι).</strong></span> <span class='ocrx_word' id='word_1_170' title='bbox 1601 2235 1662 2288; x_wconf 84' lang='grc' dir='ltr'><strong>Ν.</strong></span> <span class='ocrx_word' id='word_1_171' title='bbox 1695 2234 1850 2289; x_wconf 86' lang='lat' dir='ltr'><strong>Jesus</strong></span> <span class='ocrx_word' id='word_1_172' title='bbox 1903 2236 2167 2302; x_wconf 68' lang='lat' dir='ltr'><strong>L’hristus,</strong></span> 
     </span>
    </p>
   </div>
   <div class='ocr_carea' id='block_1_23' title="bbox 592 2326 2168 2394">
    <p class='ocr_par' dir='ltr' id='par_1_23' title="bbox 592 2326 2168 2394">
     <span class='ocr_line' id='line_1_23' title="bbox 592 2326 2168 2394; baseline 0 -12"><span class='ocrx_word' id='word_1_173' title='bbox 592 2329 661 2383; x_wconf 91' lang='lat' dir='ltr'><strong>de</strong></span> <span class='ocrx_word' id='word_1_174' title='bbox 707 2327 865 2382; x_wconf 84' lang='lat' dir='ltr'><strong>Patre</strong></span> <span class='ocrx_word' id='word_1_175' title='bbox 921 2342 1050 2382; x_wconf 90' lang='lat' dir='ltr'><strong>vero</strong></span> <span class='ocrx_word' id='word_1_176' title='bbox 1101 2327 1392 2381; x_wconf 88' lang='lat' dir='ltr'><strong>secundum</strong></span> <span class='ocrx_word' id='word_1_177' title='bbox 1452 2326 1782 2380; x_wconf 83' lang='lat' dir='ltr'><strong>divinitatem</strong></span> <span class='ocrx_word' id='word_1_178' title='bbox 1844 2335 2000 2382; x_wconf 88' lang='lat' dir='ltr'><strong>natus</strong></span> <span class='ocrx_word' id='word_1_179' title='bbox 2048 2336 2168 2394; x_wconf 90' lang='lat' dir='ltr'><strong>est;</strong></span> 
     </span>
    </p>
   </div>
   <div class='ocr_carea' id='block_1_24' title="bbox 590 2416 2174 2489">
    <p class='ocr_par' dir='ltr' id='par_1_24' title="bbox 590 2416 2174 2489">
     <span class='ocr_line' id='line_1_24' title="bbox 590 2416 2174 2489; baseline 0 -17"><span class='ocrx_word' id='word_1_180' title='bbox 590 2419 743 2489; x_wconf 88' lang='lat' dir='ltr'><strong>juxta</strong></span> <span class='ocrx_word' id='word_1_181' title='bbox 781 2419 1167 2472; x_wconf 87' lang='lat' dir='ltr'><strong>humanitatem</strong></span> <span class='ocrx_word' id='word_1_182' title='bbox 1199 2433 1327 2471; x_wconf 86' lang='lat' dir='ltr'><strong>vero</strong></span> <span class='ocrx_word' id='word_1_183' title='bbox 1371 2416 1437 2471; x_wconf 89' lang='lat' dir='ltr'><strong>de</strong></span> <span class='ocrx_word' id='word_1_184' title='bbox 1481 2418 1682 2484; x_wconf 80' lang='lat' dir='ltr'><strong>virgine</strong></span> <span class='ocrx_word' id='word_1_185' title='bbox 1723 2417 1922 2471; x_wconf 85' lang='lat' dir='ltr'><strong>illibata</strong></span> <span class='ocrx_word' id='word_1_186' title='bbox 1961 2419 2174 2486; x_wconf 87' lang='lat' dir='ltr'><strong>genitus</strong></span> 
     </span>
    </p>
   </div>
   <div class='ocr_carea' id='block_1_25' title="bbox 594 2508 2175 2578">
    <p class='ocr_par' dir='ltr' id='par_1_25' title="bbox 594 2508 2175 2578">
     <span class='ocr_line' id='line_1_25' title="bbox 594 2508 2175 2578; baseline 0 -16"><span class='ocrx_word' id='word_1_187' title='bbox 594 2518 700 2562; x_wconf 88' lang='lat' dir='ltr'><strong>est.</strong></span> <span class='ocrx_word' id='word_1_188' title='bbox 741 2508 821 2562; x_wconf 82' lang='lat' dir='ltr'><strong>Ab</strong></span> <span class='ocrx_word' id='word_1_189' title='bbox 852 2518 1077 2578; x_wconf 91' lang='lat' dir='ltr'><strong>utroque</strong></span> <span class='ocrx_word' id='word_1_190' title='bbox 1106 2508 1334 2578; x_wconf 83' lang='lat' dir='ltr'><strong>Spiritus</strong></span> <span class='ocrx_word' id='word_1_191' title='bbox 1361 2516 1597 2572; x_wconf 88' lang='lat' dir='ltr'><strong>sanctus,</strong></span> <span class='ocrx_word' id='word_1_192' title='bbox 1626 2508 1718 2576; x_wconf 89' lang='lat' dir='ltr'><strong>qui</strong></span> <span class='ocrx_word' id='word_1_193' title='bbox 1745 2508 1908 2562; x_wconf 90' lang='lat' dir='ltr'><strong>corda</strong></span> <span class='ocrx_word' id='word_1_194' title='bbox 1934 2509 2175 2563; x_wconf 90' lang='lat' dir='ltr'><strong>incredu-</strong></span> 
     </span>
    </p>
   </div>
   <div class='ocr_carea' id='block_1_26' title="bbox 592 2579 2168 2670">
    <p class='ocr_par' dir='ltr' id='par_1_26' title="bbox 592 2579 2168 2670">
     <span class='ocr_line' id='line_1_26' title="bbox 592 2579 2168 2670; baseline 0.001 -18"><span class='ocrx_word' id='word_1_195' title='bbox 592 2598 767 2652; x_wconf 89' lang='lat' dir='ltr'><strong>Iorum</strong></span> <span class='ocrx_word' id='word_1_196' title='bbox 789 2579 851 2652; x_wconf 77' lang='lat' dir='ltr'><strong>ad</strong></span> <span class='ocrx_word' id='word_1_197' title='bbox 869 2598 1192 2666; x_wconf 89' lang='lat' dir='ltr'><strong>agnitionem</strong></span> <span class='ocrx_word' id='word_1_198' title='bbox 1206 2599 1444 2653; x_wconf 86' lang='lat' dir='ltr'><strong>veritatis</strong></span> <span class='ocrx_word' id='word_1_199' title='bbox 1455 2600 1692 2653; x_wconf 89' lang='lat' dir='ltr'><strong>converti</strong></span> <span class='ocrx_word' id='word_1_200' title='bbox 1707 2597 1884 2665; x_wconf 81' lang='lat' dir='ltr'><strong>faciat,</strong></span> <span class='ocrx_word' id='word_1_201' title='bbox 1907 2600 2168 2670; x_wconf 89' lang='lat' dir='ltr'><strong>procedit.</strong></span> 
     </span>
    </p>
   </div>
   <div class='ocr_carea' id='block_1_27' title="bbox 594 2689 2174 2761">
    <p class='ocr_par' dir='ltr' id='par_1_27' title="bbox 594 2689 2174 2761">
     <span class='ocr_line' id='line_1_27' title="bbox 594 2689 2174 2761; baseline 0.003 -17"><span class='ocrx_word' id='word_1_202' title='bbox 594 2689 760 2753; x_wconf 84' lang='lat' dir='ltr'><strong>Filius</strong></span> <span class='ocrx_word' id='word_1_203' title='bbox 781 2706 876 2760; x_wconf 87' lang='lat' dir='ltr'><strong>par</strong></span> <span class='ocrx_word' id='word_1_204' title='bbox 893 2689 1034 2745; x_wconf 86' lang='lat' dir='ltr'><strong>Patri</strong></span> <span class='ocrx_word' id='word_1_205' title='bbox 1055 2691 1313 2760; x_wconf 92' lang='lat' dir='ltr'><strong>ingenito,</strong></span> <span class='ocrx_word' id='word_1_206' title='bbox 1325 2690 1556 2760; x_wconf 90' lang='lat' dir='ltr'><strong>Spiritus</strong></span> <span class='ocrx_word' id='word_1_207' title='bbox 1573 2701 1790 2746; x_wconf 88' lang='lat' dir='ltr'><strong>sanctus</strong></span> <span class='ocrx_word' id='word_1_208' title='bbox 1803 2691 2019 2761; x_wconf 80' lang='lat' dir='ltr'><strong>:equalis</strong></span> <span class='ocrx_word' id='word_1_209' title='bbox 2041 2692 2174 2748; x_wconf 84' lang='lat' dir='ltr'><strong>Filio</strong></span> 
     </span>
    </p>
   </div>
   <div class='ocr_carea' id='block_1_28' title="bbox 591 2778 2174 2850">
    <p class='ocr_par' dir='ltr' id='par_1_28' title="bbox 591 2778 2174 2850">
     <span class='ocr_line' id='line_1_28' title="bbox 591 2778 2174 2850; baseline 0.001 -14"><span class='ocrx_word' id='word_1_210' title='bbox 591 2778 834 2850; x_wconf 85' lang='lat' dir='ltr'><strong>ejusdem</strong></span> <span class='ocrx_word' id='word_1_211' title='bbox 853 2780 1123 2850; x_wconf 82' lang='lat' dir='ltr'><strong>unigenito</strong></span> <span class='ocrx_word' id='word_1_212' title='bbox 1147 2798 1162 2846; x_wconf 87' lang='lat'><strong>;</strong></span> <span class='ocrx_word' id='word_1_213' title='bbox 1185 2779 1348 2836; x_wconf 83' lang='lat' dir='ltr'><strong>Filius</strong></span> <span class='ocrx_word' id='word_1_214' title='bbox 1383 2789 1642 2835; x_wconf 67' lang='lat' dir='ltr'><strong>mternum</strong></span> <span class='ocrx_word' id='word_1_215' title='bbox 1680 2781 1862 2835; x_wconf 90' lang='lat' dir='ltr'><strong>lumen</strong></span> <span class='ocrx_word' id='word_1_216' title='bbox 1888 2781 1954 2835; x_wconf 91' lang='lat' dir='ltr'><strong>de</strong></span> <span class='ocrx_word' id='word_1_217' title='bbox 1973 2792 2174 2837; x_wconf 71' lang='lat' dir='ltr'><strong>mterno</strong></span> 
     </span>
    </p>
   </div>
   <div class='ocr_carea' id='block_1_29' title="bbox 593 2870 2173 2940">
    <p class='ocr_par' dir='ltr' id='par_1_29' title="bbox 593 2870 2173 2940">
     <span class='ocr_line' id='line_1_29' title="bbox 593 2870 2173 2940; baseline 0.001 -15"><span class='ocrx_word' id='word_1_218' title='bbox 593 2870 793 2928; x_wconf 89' lang='lat' dir='ltr'><strong>lumine</strong></span> <span class='ocrx_word' id='word_1_219' title='bbox 813 2873 1102 2940; x_wconf 92' lang='lat' dir='ltr'><strong>processit:</strong></span> <span class='ocrx_word' id='word_1_220' title='bbox 1137 2873 1353 2927; x_wconf 88' lang='lat' dir='ltr'><strong>lucerna</strong></span> <span class='ocrx_word' id='word_1_221' title='bbox 1381 2872 1691 2926; x_wconf 88' lang='lat' dir='ltr'><strong>indeliciens</strong></span> <span class='ocrx_word' id='word_1_222' title='bbox 1711 2873 1777 2926; x_wconf 84' lang='lat' dir='ltr'><strong>ab</strong></span> <span class='ocrx_word' id='word_1_223' title='bbox 1807 2873 1896 2926; x_wconf 89' lang='lat' dir='ltr'><strong>illa</strong></span> <span class='ocrx_word' id='word_1_224' title='bbox 1926 2873 2173 2927; x_wconf 87' lang='lat' dir='ltr'><strong>invisibili</strong></span> 
     </span>
    </p>
   </div>
   <div class='ocr_carea' id='block_1_30' title="bbox 593 2961 2173 3033">
    <p class='ocr_par' dir='ltr' id='par_1_30' title="bbox 593 2961 2173 3033">
     <span class='ocr_line' id='line_1_30' title="bbox 593 2961 2173 3033; baseline -0.001 -14"><span class='ocrx_word' id='word_1_225' title='bbox 593 2961 840 3019; x_wconf 81' lang='lat' dir='ltr'><strong>claritate</strong></span> <span class='ocrx_word' id='word_1_226' title='bbox 862 2961 1074 3027; x_wconf 70' lang='lat' dir='ltr'><strong>elfulsit,</strong></span> <span class='ocrx_word' id='word_1_227' title='bbox 1102 2978 1222 3018; x_wconf 92' lang='lat' dir='ltr'><strong>cum</strong></span> <span class='ocrx_word' id='word_1_228' title='bbox 1251 2962 1413 3030; x_wconf 84' lang='lat' dir='ltr'><strong>Virgo</strong></span> <span class='ocrx_word' id='word_1_229' title='bbox 1442 2961 1606 3016; x_wconf 81' lang='lat' dir='ltr'><strong>Maria</strong></span> <span class='ocrx_word' id='word_1_230' title='bbox 1622 2963 1806 3033; x_wconf 66' lang='lat' dir='ltr'><strong>aiterni</strong></span> <span class='ocrx_word' id='word_1_231' title='bbox 1835 2962 2037 3018; x_wconf 85' lang='lat' dir='ltr'><strong>Judicis</strong></span> <span class='ocrx_word' id='word_1_232' title='bbox 2059 2963 2173 3017; x_wconf 73' lang='lat' dir='ltr'><strong>Illa-</strong></span> 
     </span>
    </p>
   </div>
   <div class='ocr_carea' id='block_1_31' title="bbox 594 3054 2173 3125">
    <p class='ocr_par' dir='ltr' id='par_1_31' title="bbox 594 3054 2173 3125">
     <span class='ocr_line' id='line_1_31' title="bbox 594 3054 2173 3125; baseline 0.001 -17"><span class='ocrx_word' id='word_1_233' title='bbox 594 3062 680 3110; x_wconf 91' lang='lat' dir='ltr'><strong>ter</strong></span> <span class='ocrx_word' id='word_1_234' title='bbox 705 3055 1055 3124; x_wconf 72' lang='lat' dir='ltr'><strong>prtenuntiata</strong></span> <span class='ocrx_word' id='word_1_235' title='bbox 1084 3057 1150 3109; x_wconf 89' lang='lat' dir='ltr'><strong>de</strong></span> <span class='ocrx_word' id='word_1_236' title='bbox 1178 3054 1381 3124; x_wconf 89' lang='lat' dir='ltr'><strong>Spiritu</strong></span> <span class='ocrx_word' id='word_1_237' title='bbox 1415 3063 1602 3110; x_wconf 90' lang='lat' dir='ltr'><strong>sancto</strong></span> <span class='ocrx_word' id='word_1_238' title='bbox 1631 3057 1895 3125; x_wconf 86' lang='lat' dir='ltr'><strong>concepit,</strong></span> <span class='ocrx_word' id='word_1_239' title='bbox 1929 3065 1984 3110; x_wconf 91' lang='lat' dir='ltr'><strong>et</strong></span> <span class='ocrx_word' id='word_1_240' title='bbox 2011 3056 2173 3124; x_wconf 86' lang='lat' dir='ltr'><strong>Virgo</strong></span> 
     </span>
    </p>
   </div>
   <div class='ocr_carea' id='block_1_32' title="bbox 594 3145 2172 3215">
    <p class='ocr_par' dir='ltr' id='par_1_32' title="bbox 594 3145 2172 3215">
     <span class='ocr_line' id='line_1_32' title="bbox 594 3145 2172 3215; baseline 0.001 -16"><span class='ocrx_word' id='word_1_241' title='bbox 594 3146 650 3200; x_wconf 87' lang='lat' dir='ltr'><strong>in</strong></span> <span class='ocrx_word' id='word_1_242' title='bbox 675 3147 922 3200; x_wconf 88' lang='lat' dir='ltr'><strong>castitate</strong></span> <span class='ocrx_word' id='word_1_243' title='bbox 950 3160 1271 3215; x_wconf 90' lang='lat' dir='ltr'><strong>permanens</strong></span> <span class='ocrx_word' id='word_1_244' title='bbox 1300 3145 1392 3200; x_wconf 88' lang='lat' dir='ltr'><strong>Dei</strong></span> <span class='ocrx_word' id='word_1_245' title='bbox 1435 3145 1624 3200; x_wconf 87' lang='lat' dir='ltr'><strong>Filium</strong></span> <span class='ocrx_word' id='word_1_246' title='bbox 1655 3147 1816 3201; x_wconf 90' lang='lat' dir='ltr'><strong>terris</strong></span> <span class='ocrx_word' id='word_1_247' title='bbox 1864 3147 2027 3201; x_wconf 88' lang='lat' dir='ltr'><strong>edidit</strong></span> <span class='ocrx_word' id='word_1_248' title='bbox 2054 3189 2068 3213; x_wconf 88' lang='lat'><strong>,</strong></span> <span class='ocrx_word' id='word_1_249' title='bbox 2116 3155 2172 3201; x_wconf 92' lang='lat' dir='ltr'><strong>et</strong></span> 
     </span>
    </p>
   </div>
   <div class='ocr_carea' id='block_1_33' title="bbox 594 3237 2169 3306">
    <p class='ocr_par' dir='ltr' id='par_1_33' title="bbox 594 3237 2169 3306">
     <span class='ocr_line' id='line_1_33' title="bbox 594 3237 2169 3306; baseline 0.001 -16"><span class='ocrx_word' id='word_1_250' title='bbox 594 3245 718 3306; x_wconf 90' lang='lat' dir='ltr'><strong>post</strong></span> <span class='ocrx_word' id='word_1_251' title='bbox 756 3237 1120 3290; x_wconf 89' lang='lat' dir='ltr'><strong>admirabilem</strong></span> <span class='ocrx_word' id='word_1_252' title='bbox 1160 3247 1368 3305; x_wconf 88' lang='lat' dir='ltr'><strong>partum</strong></span> <span class='ocrx_word' id='word_1_253' title='bbox 1415 3238 1468 3290; x_wconf 91' lang='lat' dir='ltr'><strong>in</strong></span> <span class='ocrx_word' id='word_1_254' title='bbox 1518 3239 1822 3306; x_wconf 81' lang='lat' dir='ltr'><strong>virginitate</strong></span> <span class='ocrx_word' id='word_1_255' title='bbox 1868 3239 2169 3293; x_wconf 54' lang='lat' dir='ltr'><strong>consistens</strong></span> 
     </span>
    </p>
   </div>
   <div class='ocr_carea' id='block_1_34' title="bbox 595 3302 2168 3385">
    <p class='ocr_par' dir='ltr' id='par_1_34' title="bbox 595 3302 2168 3385">
     <span class='ocr_line' id='line_1_34' title="bbox 595 3302 2168 3385; baseline 0.001 -2"><span class='ocrx_word' id='word_1_256' title='bbox 595 3302 866 3385; x_wconf 64' lang='lat' dir='ltr'><strong>Christum</strong></span> <span class='ocrx_word' id='word_1_257' title='bbox 898 3326 1081 3382; x_wconf 84' lang='lat' dir='ltr'><strong>Jesum</strong></span> <span class='ocrx_word' id='word_1_258' title='bbox 1105 3327 1287 3382; x_wconf 92' lang='lat' dir='ltr'><strong>divino</strong></span> <span class='ocrx_word' id='word_1_259' title='bbox 1326 3328 1464 3382; x_wconf 90' lang='lat' dir='ltr'><strong>lacte</strong></span> <span class='ocrx_word' id='word_1_260' title='bbox 1494 3302 1732 3383; x_wconf 68' lang='lat' dir='ltr'><strong>nutrivit.</strong></span> <span class='ocrx_word' id='word_1_261' title='bbox 1791 3331 1836 3383; x_wconf 88' lang='grc'>0</span> <span class='ocrx_word' id='word_1_262' title='bbox 1863 3339 2046 3384; x_wconf 88' lang='lat' dir='ltr'><strong>sancta</strong></span> <span class='ocrx_word' id='word_1_263' title='bbox 2079 3331 2168 3383; x_wconf 86' lang='lat' dir='ltr'><strong>illa</strong></span> 
     </span>
    </p>
   </div>
   <div class='ocr_carea' id='block_1_35' title="bbox 596 3405 2170 3490">
    <p class='ocr_par' dir='ltr' id='par_1_35' title="bbox 596 3405 2170 3490">
     <span class='ocr_line' id='line_1_35' title="bbox 596 3405 2170 3490; baseline 0.002 -17"><span class='ocrx_word' id='word_1_264' title='bbox 596 3421 962 3490; x_wconf 91' lang='lat' dir='ltr'><strong>pronuntiatio</strong></span> <span class='ocrx_word' id='word_1_265' title='bbox 1009 3405 1286 3488; x_wconf 82' lang='lat' dir='ltr'><strong>angelica!</strong></span> <span class='ocrx_word' id='word_1_266' title='bbox 1334 3419 1561 3476; x_wconf 84' lang='lat' dir='ltr'><strong>Mittitur</strong></span> <span class='ocrx_word' id='word_1_267' title='bbox 1601 3423 1822 3489; x_wconf 87' lang='lat' dir='ltr'><strong>angelus</strong></span> <span class='ocrx_word' id='word_1_268' title='bbox 1849 3422 2063 3478; x_wconf 86' lang='lat' dir='ltr'><strong>Gabriel</strong></span> <span class='ocrx_word' id='word_1_269' title='bbox 2103 3422 2170 3477; x_wconf 90' lang='lat' dir='ltr'><strong>ad</strong></span> 
     </span>
    </p>
   </div>
   <div class='ocr_carea' id='block_1_36' title="bbox 597 3508 2168 3582">
    <p class='ocr_par' dir='ltr' id='par_1_36' title="bbox 597 3508 2168 3582">
     <span class='ocr_line' id='line_1_36' title="bbox 597 3508 2168 3582; baseline 0.004 -21"><span class='ocrx_word' id='word_1_270' title='bbox 597 3508 868 3575; x_wconf 85' lang='lat' dir='ltr'><strong>Virginem</strong></span> <span class='ocrx_word' id='word_1_271' title='bbox 897 3509 1132 3579; x_wconf 77' lang='lat' dir='ltr'><strong>mysticae</strong></span> <span class='ocrx_word' id='word_1_272' title='bbox 1163 3509 1238 3562; x_wconf 89' lang='lat' dir='ltr'><strong>rei</strong></span> <span class='ocrx_word' id='word_1_273' title='bbox 1270 3509 1525 3564; x_wconf 79' lang='lat' dir='ltr'><strong>nesciam.</strong></span> <span class='ocrx_word' id='word_1_274' title='bbox 1579 3510 1749 3565; x_wconf 87' lang='lat' dir='ltr'><strong>Mater</strong></span> <span class='ocrx_word' id='word_1_275' title='bbox 1791 3512 2168 3582; x_wconf 81' lang='lat' dir='ltr'><strong>Redemptoris</strong></span> 
     </span>
    </p>
   </div>
   <div class='ocr_carea' id='block_1_37' title="bbox 598 3599 2168 3677">
    <p class='ocr_par' dir='ltr' id='par_1_37' title="bbox 598 3599 2168 3677">
     <span class='ocr_line' id='line_1_37' title="bbox 598 3599 2168 3677; baseline 0.006 -24"><span class='ocrx_word' id='word_1_276' title='bbox 598 3599 805 3656; x_wconf 72' lang='lat' dir='ltr'><strong>ancilla:</strong></span> <span class='ocrx_word' id='word_1_277' title='bbox 833 3602 1175 3666; x_wconf 90' lang='lat' dir='ltr'><strong>assimilatur,</strong></span> <span class='ocrx_word' id='word_1_278' title='bbox 1207 3617 1327 3657; x_wconf 91' lang='lat' dir='ltr'><strong>cum</strong></span> <span class='ocrx_word' id='word_1_279' title='bbox 1350 3603 1416 3657; x_wconf 92' lang='lat' dir='ltr'><strong>ab</strong></span> <span class='ocrx_word' id='word_1_280' title='bbox 1443 3605 1530 3658; x_wconf 90' lang='lat' dir='ltr'><strong>illa</strong></span> <span class='ocrx_word' id='word_1_281' title='bbox 1560 3607 1750 3673; x_wconf 77' lang='lat' dir='ltr'><strong>angelo</strong></span> <span class='ocrx_word' id='word_1_282' title='bbox 1779 3608 2168 3677; x_wconf 85' lang='lat' dir='ltr'><strong>respondetur;</strong></span> 
     </span>
    </p>
   </div>
   <div class='ocr_carea' id='block_1_38' title="bbox 599 3693 2171 3770">
    <p class='ocr_par' dir='ltr' id='par_1_38' title="bbox 599 3693 2171 3770">
     <span class='ocr_line' id='line_1_38' title="bbox 599 3693 2171 3770; baseline 0.007 -25"><span class='ocrx_word' id='word_1_283' title='bbox 599 3693 678 3746; x_wconf 89' lang='lat' dir='ltr'><strong>ait</strong></span> <span class='ocrx_word' id='word_1_284' title='bbox 705 3693 885 3746; x_wconf 82' lang='lat' dir='ltr'><strong>enim:</strong></span> <span class='ocrx_word' id='word_1_285' title='bbox 932 3693 1068 3747; x_wconf 80' lang='lat' dir='ltr'><strong>Ecce</strong></span> <span class='ocrx_word' id='word_1_286' title='bbox 1105 3695 1297 3749; x_wconf 81' lang='lat' dir='ltr'><strong>ancilla</strong></span> <span class='ocrx_word' id='word_1_287' title='bbox 1331 3695 1575 3763; x_wconf 85' lang='lat' dir='ltr'><strong>Domini,</strong></span> <span class='ocrx_word' id='word_1_288' title='bbox 1619 3701 1716 3770; x_wconf 79' lang='lat' dir='ltr'><strong>ﬁat</strong></span> <span class='ocrx_word' id='word_1_289' title='bbox 1742 3703 1863 3755; x_wconf 80' lang='lat' dir='ltr'><strong>mihi</strong></span> <span class='ocrx_word' id='word_1_290' title='bbox 1894 3704 2171 3757; x_wconf 76' lang='lat' dir='ltr'><strong>secundum</strong></span> 
     </span>
    </p>
   </div>
   <div class='ocr_carea' id='block_1_39' title="bbox 599 3783 2172 3856">
    <p class='ocr_par' dir='ltr' id='par_1_39' title="bbox 599 3783 2172 3856">
     <span class='ocr_line' id='line_1_39' title="bbox 599 3783 2172 3856; baseline 0.004 -18"><span class='ocrx_word' id='word_1_291' title='bbox 599 3783 802 3838; x_wconf 75' lang='lat' dir='ltr'><strong>uerbum</strong></span> <span class='ocrx_word' id='word_1_292' title='bbox 829 3793 989 3839; x_wconf 83' lang='lat' dir='ltr'><strong>tuum.</strong></span> <span class='ocrx_word' id='word_1_293' title='bbox 1028 3785 1192 3852; x_wconf 86' lang='lat' dir='ltr'><strong>Igitur</strong></span> <span class='ocrx_word' id='word_1_294' title='bbox 1215 3785 1379 3842; x_wconf 86' lang='lat' dir='ltr'><strong>Filius</strong></span> <span class='ocrx_word' id='word_1_295' title='bbox 1407 3788 1498 3843; x_wconf 91' lang='lat' dir='ltr'><strong>Dei</strong></span> <span class='ocrx_word' id='word_1_296' title='bbox 1528 3805 1655 3844; x_wconf 84' lang='lat' dir='ltr'><strong>caro</strong></span> <span class='ocrx_word' id='word_1_297' title='bbox 1679 3792 1880 3856; x_wconf 76' lang='lat' dir='ltr'><strong>factus,</strong></span> <span class='ocrx_word' id='word_1_298' title='bbox 1913 3802 1969 3846; x_wconf 91' lang='lat' dir='ltr'><strong>ut</strong></span> <span class='ocrx_word' id='word_1_299' title='bbox 1995 3809 2172 3846; x_wconf 89' lang='lat' dir='ltr'><strong>sermo</strong></span> 
     </span>
    </p>
   </div>
   <div class='ocr_carea' id='block_1_40' title="bbox 597 3876 2174 3952">
    <p class='ocr_par' dir='ltr' id='par_1_40' title="bbox 597 3876 2174 3952">
     <span class='ocr_line' id='line_1_40' title="bbox 597 3876 2174 3952; baseline 0.006 -22"><span class='ocrx_word' id='word_1_300' title='bbox 597 3876 774 3944; x_wconf 91' lang='lat' dir='ltr'><strong>angeli</strong></span> <span class='ocrx_word' id='word_1_301' title='bbox 821 3877 1238 3948; x_wconf 91' lang='lat' dir='ltr'><strong>adimpleretur,</strong></span> <span class='ocrx_word' id='word_1_302' title='bbox 1285 3878 1352 3936; x_wconf 89' lang='lat' dir='ltr'><strong>de</strong></span> <span class='ocrx_word' id='word_1_303' title='bbox 1400 3881 1629 3950; x_wconf 90' lang='lat' dir='ltr'><strong>gloriosa</strong></span> <span class='ocrx_word' id='word_1_304' title='bbox 1676 3883 1889 3952; x_wconf 88' lang='lat' dir='ltr'><strong>V.rgine</strong></span> <span class='ocrx_word' id='word_1_305' title='bbox 1937 3889 2174 3940; x_wconf 88' lang='lat' dir='ltr'><strong>nascitur</strong></span> 
     </span>
    </p>
   </div>
   <div class='ocr_carea' id='block_1_41' title="bbox 598 3965 2174 4046">
    <p class='ocr_par' dir='ltr' id='par_1_41' title="bbox 598 3965 2174 4046">
     <span class='ocr_line' id='line_1_41' title="bbox 598 3965 2174 4046; baseline 0.007 -26"><span class='ocrx_word' id='word_1_306' title='bbox 598 3965 776 4022; x_wconf 89' lang='lat' dir='ltr'><strong>divina</strong></span> <span class='ocrx_word' id='word_1_307' title='bbox 807 3968 1192 4038; x_wconf 88' lang='lat' dir='ltr'><strong>inspiratione:</strong></span> <span class='ocrx_word' id='word_1_308' title='bbox 1238 3971 1289 4023; x_wconf 93' lang='lat' dir='ltr'><strong>in</strong></span> <span class='ocrx_word' id='word_1_309' title='bbox 1321 3987 1559 4042; x_wconf 82' lang='lat' dir='ltr'><strong>praesepe</strong></span> <span class='ocrx_word' id='word_1_310' title='bbox 1583 3972 1808 4040; x_wconf 89' lang='lat' dir='ltr'><strong>jacitur,</strong></span> <span class='ocrx_word' id='word_1_311' title='bbox 1856 3974 2052 4030; x_wconf 90' lang='lat' dir='ltr'><strong>deinde</strong></span> <span class='ocrx_word' id='word_1_312' title='bbox 2082 3993 2174 4046; x_wconf 92' lang='lat' dir='ltr'><strong>pa-</strong></span> 
     </span>
    </p>
   </div>
   <div class='ocr_carea' id='block_1_42' title="bbox 595 4058 2174 4134">
    <p class='ocr_par' dir='ltr' id='par_1_42' title="bbox 595 4058 2174 4134">
     <span class='ocr_line' id='line_1_42' title="bbox 595 4058 2174 4134; baseline 0.006 -23"><span class='ocrx_word' id='word_1_313' title='bbox 595 4058 832 4114; x_wconf 87' lang='lat' dir='ltr'><strong>storibus</strong></span> <span class='ocrx_word' id='word_1_314' title='bbox 869 4059 935 4113; x_wconf 90' lang='lat' dir='ltr'><strong>ab</strong></span> <span class='ocrx_word' id='word_1_315' title='bbox 973 4060 1162 4128; x_wconf 86' lang='lat' dir='ltr'><strong>angelo</strong></span> <span class='ocrx_word' id='word_1_316' title='bbox 1210 4063 1500 4116; x_wconf 86' lang='lat' dir='ltr'><strong>nuntiatur.</strong></span> <span class='ocrx_word' id='word_1_317' title='bbox 1559 4061 1747 4116; x_wconf 89' lang='lat' dir='ltr'><strong>Omnia</strong></span> <span class='ocrx_word' id='word_1_318' title='bbox 1777 4065 1917 4133; x_wconf 88' lang='lat' dir='ltr'><strong>regit</strong></span> <span class='ocrx_word' id='word_1_319' title='bbox 1944 4080 2174 4134; x_wconf 82' lang='lat' dir='ltr'><strong>regnans</strong></span> 
     </span>
    </p>
   </div>
   <div class='ocr_carea' id='block_1_43' title="bbox 599 4149 2167 4226">
    <p class='ocr_par' dir='ltr' id='par_1_43' title="bbox 599 4149 2167 4226">
     <span class='ocr_line' id='line_1_43' title="bbox 599 4149 2167 4226; baseline 0.005 -24"><span class='ocrx_word' id='word_1_320' title='bbox 599 4149 652 4202; x_wconf 90' lang='lat' dir='ltr'><strong>in</strong></span> <span class='ocrx_word' id='word_1_321' title='bbox 682 4149 820 4203; x_wconf 66' lang='lat' dir='ltr'><strong>caalo</strong></span> <span class='ocrx_word' id='word_1_322' title='bbox 844 4189 858 4214; x_wconf 93' lang='lat'><strong>,</strong></span> <span class='ocrx_word' id='word_1_323' title='bbox 908 4151 1266 4220; x_wconf 87' lang='lat' dir='ltr'><strong>parvulusque</strong></span> <span class='ocrx_word' id='word_1_324' title='bbox 1295 4150 1388 4206; x_wconf 92' lang='lat' dir='ltr'><strong>Dei</strong></span> <span class='ocrx_word' id='word_1_325' title='bbox 1419 4151 1584 4207; x_wconf 87' lang='lat' dir='ltr'><strong>Filius</strong></span> <span class='ocrx_word' id='word_1_326' title='bbox 1617 4153 1762 4222; x_wconf 86' lang='lat' dir='ltr'><strong>jacet</strong></span> <span class='ocrx_word' id='word_1_327' title='bbox 1803 4156 1855 4208; x_wconf 92' lang='lat' dir='ltr'><strong>in</strong></span> <span class='ocrx_word' id='word_1_328' title='bbox 1884 4159 2167 4226; x_wconf 67' lang='lat' dir='ltr'><strong>praesepio.</strong></span> 
     </span>
    </p>
   </div>
   <div class='ocr_carea' id='block_1_44' title="bbox 599 4237 2173 4310">
    <p class='ocr_par' dir='ltr' id='par_1_44' title="bbox 599 4237 2173 4310">
     <span class='ocr_line' id='line_1_44' title="bbox 599 4237 2173 4310; baseline 0.01 -22"><span class='ocrx_word' id='word_1_329' title='bbox 599 4237 644 4288; x_wconf 84' lang='lat' dir='ltr'><strong>A</strong></span> <span class='ocrx_word' id='word_1_330' title='bbox 671 4247 838 4291; x_wconf 91' lang='lat' dir='ltr'><strong>matre</strong></span> <span class='ocrx_word' id='word_1_331' title='bbox 867 4238 1069 4305; x_wconf 86' lang='lat' dir='ltr'><strong>virgine</strong></span> <span class='ocrx_word' id='word_1_332' title='bbox 1096 4241 1345 4305; x_wconf 90' lang='lat' dir='ltr'><strong>nutritur,</strong></span> <span class='ocrx_word' id='word_1_333' title='bbox 1379 4251 1434 4296; x_wconf 92' lang='lat' dir='ltr'><strong>et</strong></span> <span class='ocrx_word' id='word_1_334' title='bbox 1462 4258 1491 4296; x_wconf 88' lang='lat' dir='ltr'><strong>a</strong></span> <span class='ocrx_word' id='word_1_335' title='bbox 1517 4245 1685 4310; x_wconf 86' lang='lat' dir='ltr'><strong>magis</strong></span> <span class='ocrx_word' id='word_1_336' title='bbox 1713 4261 1832 4299; x_wconf 93' lang='lat' dir='ltr'><strong>cum</strong></span> <span class='ocrx_word' id='word_1_337' title='bbox 1863 4249 2173 4304; x_wconf 84' lang='lat' dir='ltr'><strong>muneribus</strong></span> 
     </span>
    </p>
   </div>
   <div class='ocr_carea' id='block_1_45' title="bbox 598 4327 2177 4408">
    <p class='ocr_par' dir='ltr' id='par_1_45' title="bbox 598 4327 2177 4408">
     <span class='ocr_line' id='line_1_45' title="bbox 598 4327 2177 4408; baseline 0.006 -28"><span class='ocrx_word' id='word_1_338' title='bbox 598 4327 872 4382; x_wconf 86' lang='lat' dir='ltr'><strong>aduratur.</strong></span> <span class='ocrx_word' id='word_1_339' title='bbox 923 4327 1022 4394; x_wconf 92' lang='lat' dir='ltr'><strong>Qui</strong></span> <span class='ocrx_word' id='word_1_340' title='bbox 1054 4338 1113 4383; x_wconf 94' lang='lat' dir='ltr'><strong>ut</strong></span> <span class='ocrx_word' id='word_1_341' title='bbox 1138 4330 1489 4385; x_wconf 85' lang='lat' dir='ltr'><strong>humilitatem</strong></span> <span class='ocrx_word' id='word_1_342' title='bbox 1520 4335 1771 4402; x_wconf 70' lang='lat' dir='ltr'><strong>potentia:</strong></span> <span class='ocrx_word' id='word_1_343' title='bbox 1795 4377 1810 4401; x_wconf 96' lang='lat'><strong>,</strong></span> <span class='ocrx_word' id='word_1_344' title='bbox 1860 4345 1915 4392; x_wconf 92' lang='lat' dir='ltr'><strong>et</strong></span> <span class='ocrx_word' id='word_1_345' title='bbox 1941 4339 2177 4408; x_wconf 75' lang='lat' dir='ltr'><strong>magnifi-</strong></span> 
     </span>
    </p>
   </div>
   <div class='ocr_carea' id='block_1_46' title="bbox 597 4419 2175 4496">
    <p class='ocr_par' dir='ltr' id='par_1_46' title="bbox 597 4419 2175 4496">
     <span class='ocr_line' id='line_1_46' title="bbox 597 4419 2175 4496; baseline 0.011 -24"><span class='ocrx_word' id='word_1_346' title='bbox 597 4419 828 4472; x_wconf 88' lang='lat' dir='ltr'><strong>centiam</strong></span> <span class='ocrx_word' id='word_1_347' title='bbox 857 4419 1148 4475; x_wconf 87' lang='lat' dir='ltr'><strong>divinitatis</strong></span> <span class='ocrx_word' id='word_1_348' title='bbox 1177 4438 1286 4477; x_wconf 75' lang='lat' dir='ltr'><strong>sua:</strong></span> <span class='ocrx_word' id='word_1_349' title='bbox 1317 4425 1471 4478; x_wconf 91' lang='lat' dir='ltr'><strong>nobis</strong></span> <span class='ocrx_word' id='word_1_350' title='bbox 1500 4429 1831 4496; x_wconf 88' lang='lat' dir='ltr'><strong>ostenderet,</strong></span> <span class='ocrx_word' id='word_1_351' title='bbox 1863 4434 2041 4488; x_wconf 91' lang='lat' dir='ltr'><strong>omnia</strong></span> <span class='ocrx_word' id='word_1_352' title='bbox 2065 4474 2078 4488; x_wconf 94' lang='lat'><strong>.</strong></span> <span class='ocrx_word' id='word_1_353' title='bbox 2119 4445 2175 4490; x_wconf 92' lang='lat' dir='ltr'><strong>ut</strong></span> 
     </span>
    </p>
   </div>
   <div class='ocr_carea' id='block_1_47' title="bbox 599 4506 2170 4589">
    <p class='ocr_par' dir='ltr' id='par_1_47' title="bbox 599 4506 2170 4589">
     <span class='ocr_line' id='line_1_47' title="bbox 599 4506 2170 4589; baseline 0.013 -29"><span class='ocrx_word' id='word_1_354' title='bbox 599 4506 762 4562; x_wconf 88' lang='lat' dir='ltr'><strong>homo</strong></span> <span class='ocrx_word' id='word_1_355' title='bbox 791 4509 990 4578; x_wconf 85' lang='lat' dir='ltr'><strong>absque</strong></span> <span class='ocrx_word' id='word_1_356' title='bbox 1018 4512 1272 4577; x_wconf 90' lang='lat' dir='ltr'><strong>crimine,</strong></span> <span class='ocrx_word' id='word_1_357' title='bbox 1314 4513 1560 4582; x_wconf 88' lang='lat' dir='ltr'><strong>dignatus</strong></span> <span class='ocrx_word' id='word_1_358' title='bbox 1587 4527 1670 4571; x_wconf 83' lang='lat' dir='ltr'><strong>est</strong></span> <span class='ocrx_word' id='word_1_359' title='bbox 1698 4522 1989 4589; x_wconf 86' lang='lat' dir='ltr'><strong>possidere.</strong></span> <span class='ocrx_word' id='word_1_360' title='bbox 2039 4525 2170 4581; x_wconf 85' lang='lat' dir='ltr'><strong>Pec-</strong></span> 
     </span>
    </p>
   </div>
   <div class='ocr_carea' id='block_1_48' title="bbox 599 4586 2515 4676">
    <p class='ocr_par' dir='ltr' id='par_1_48' title="bbox 599 4586 2515 4676">
     <span class='ocr_line' id='line_1_48' title="bbox 599 4586 2515 4676; baseline 0.009 -25"><span class='ocrx_word' id='word_1_361' title='bbox 599 4608 775 4653; x_wconf 88' lang='lat' dir='ltr'><strong>catum</strong></span> <span class='ocrx_word' id='word_1_362' title='bbox 806 4617 913 4655; x_wconf 91' lang='lat' dir='ltr'><strong>non</strong></span> <span class='ocrx_word' id='word_1_363' title='bbox 942 4601 1160 4670; x_wconf 89' lang='lat' dir='ltr'><strong>habuit,</strong></span> <span class='ocrx_word' id='word_1_364' title='bbox 1191 4613 1420 4659; x_wconf 89' lang='lat' dir='ltr'><strong>mortem</strong></span> <span class='ocrx_word' id='word_1_365' title='bbox 1451 4586 1786 4676; x_wconf 28' lang='lat' dir='ltr'><strong>pertulit,vet</strong></span> <span class='ocrx_word' id='word_1_366' title='bbox 1816 4614 1970 4669; x_wconf 90' lang='lat' dir='ltr'><strong>nobis</strong></span> <span class='ocrx_word' id='word_1_367' title='bbox 2000 4629 2170 4672; x_wconf 90' lang='lat' dir='ltr'><strong>morte</strong></span> <span class='ocrx_word' id='word_1_368' title='bbox 2201 4586 2252 4648; x_wconf 66' lang='grc' dir='ltr'><strong>θ</strong></span> <span class='ocrx_word' id='word_1_369' title='bbox 2277 4616 2515 4670; x_wconf 83' lang='lat' dir='ltr'><strong>exhibuit</strong></span> 
     </span>
    </p>
   </div>
   <div class='ocr_carea' id='block_1_49' title="bbox 599 4691 2171 4772">
    <p class='ocr_par' dir='ltr' id='par_1_49' title="bbox 599 4691 2171 4772">
     <span class='ocr_line' id='line_1_49' title="bbox 599 4691 2171 4772; baseline 0.012 -29"><span class='ocrx_word' id='word_1_370' title='bbox 599 4703 696 4743; x_wconf 86' lang='lat' dir='ltr'><strong>sua</strong></span> <span class='ocrx_word' id='word_1_371' title='bbox 728 4691 886 4744; x_wconf 86' lang='lat' dir='ltr'><strong>vitam</strong></span> <span class='ocrx_word' id='word_1_372' title='bbox 917 4693 1230 4749; x_wconf 86' lang='lat' dir='ltr'><strong>immortalis</strong></span> <span class='ocrx_word' id='word_1_373' title='bbox 1259 4695 1520 4751; x_wconf 83' lang='lat' dir='ltr'><strong>exhibuit.</strong></span> <span class='ocrx_word' id='word_1_374' title='bbox 1559 4696 1602 4751; x_wconf 93' lang='grc' dir='ltr'><strong>Ο</strong></span> <span class='ocrx_word' id='word_1_375' title='bbox 1629 4702 1760 4756; x_wconf 89' lang='lat' dir='ltr'><strong>mira</strong></span> <span class='ocrx_word' id='word_1_376' title='bbox 1791 4704 2045 4772; x_wconf 90' lang='lat' dir='ltr'><strong>unigeniti</strong></span> <span class='ocrx_word' id='word_1_377' title='bbox 2077 4707 2171 4762; x_wconf 89' lang='lat' dir='ltr'><strong>Dei</strong></span> 
     </span>
    </p>
   </div>
   <div class='ocr_carea' id='block_1_50' title="bbox 602 4781 2170 4862">
    <p class='ocr_par' dir='ltr' id='par_1_50' title="bbox 602 4781 2170 4862">
     <span class='ocr_line' id='line_1_50' title="bbox 602 4781 2170 4862; baseline 0.012 -29"><span class='ocrx_word' id='word_1_378' title='bbox 602 4781 885 4836; x_wconf 91' lang='lat' dir='ltr'><strong>nativitas!</strong></span> <span class='ocrx_word' id='word_1_379' title='bbox 920 4782 963 4836; x_wconf 95' lang='grc' dir='ltr'><strong>Ο</strong></span> <span class='ocrx_word' id='word_1_380' title='bbox 993 4785 1232 4839; x_wconf 85' lang='lat' dir='ltr'><strong>miranda</strong></span> <span class='ocrx_word' id='word_1_381' title='bbox 1265 4786 1354 4840; x_wconf 86' lang='lat' dir='ltr'><strong>lilii</strong></span> <span class='ocrx_word' id='word_1_382' title='bbox 1385 4787 1616 4845; x_wconf 89' lang='lat' dir='ltr'><strong>hominis</strong></span> <span class='ocrx_word' id='word_1_383' title='bbox 1638 4796 1995 4862; x_wconf 62' lang='lat' dir='ltr'><strong>praedicatiol</strong></span> <span class='ocrx_word' id='word_1_384' title='bbox 2017 4799 2061 4852; x_wconf 92' lang='grc' dir='ltr'>Ο</span> <span class='ocrx_word' id='word_1_385' title='bbox 2091 4801 2170 4852; x_wconf 85' lang='lat' dir='ltr'><strong>in-</strong></span> 
     </span>
    </p>
   </div>
   <div class='ocr_carea' id='block_1_51' title="bbox 599 4872 2169 4960">
    <p class='ocr_par' dir='ltr' id='par_1_51' title="bbox 599 4872 2169 4960">
     <span class='ocr_line' id='line_1_51' title="bbox 599 4872 2169 4960; baseline 0.013 -37"><span class='ocrx_word' id='word_1_386' title='bbox 599 4872 780 4924; x_wconf 87' lang='lat' dir='ltr'><strong>audita</strong></span> <span class='ocrx_word' id='word_1_387' title='bbox 811 4875 940 4926; x_wconf 91' lang='lat' dir='ltr'><strong>tanti</strong></span> <span class='ocrx_word' id='word_1_388' title='bbox 966 4873 1177 4942; x_wconf 86' lang='lat' dir='ltr'><strong>juvenis</strong></span> <span class='ocrx_word' id='word_1_389' title='bbox 1209 4878 1505 4946; x_wconf 86' lang='lat' dir='ltr'><strong>sapientia!</strong></span> <span class='ocrx_word' id='word_1_390' title='bbox 1551 4879 1828 4939; x_wconf 89' lang='lat' dir='ltr'><strong>Prodierat</strong></span> <span class='ocrx_word' id='word_1_391' title='bbox 1858 4889 1908 4940; x_wconf 93' lang='lat' dir='ltr'><strong>in</strong></span> <span class='ocrx_word' id='word_1_392' title='bbox 1938 4905 2169 4960; x_wconf 74' lang='lat' dir='ltr'><strong>synago—</strong></span> 
     </span>
    </p>
   </div>
   <div class='ocr_carea' id='block_1_52' title="bbox 599 4961 2170 5043">
    <p class='ocr_par' dir='ltr' id='par_1_52' title="bbox 599 4961 2170 5043">
     <span class='ocr_line' id='line_1_52' title="bbox 599 4961 2170 5043; baseline 0.014 -31"><span class='ocrx_word' id='word_1_393' title='bbox 599 4961 678 5026; x_wconf 88' lang='lat' dir='ltr'><strong>gis</strong></span> <span class='ocrx_word' id='word_1_394' title='bbox 717 4961 883 5016; x_wconf 86' lang='lat' dir='ltr'><strong>Filius</strong></span> <span class='ocrx_word' id='word_1_395' title='bbox 911 4962 1043 5026; x_wconf 89' lang='lat' dir='ltr'><strong>Dei,</strong></span> <span class='ocrx_word' id='word_1_396' title='bbox 1096 4980 1392 5034; x_wconf 89' lang='lat' dir='ltr'><strong>omnesque</strong></span> <span class='ocrx_word' id='word_1_397' title='bbox 1423 4971 1626 5026; x_wconf 84' lang='lat' dir='ltr'><strong>scribas</strong></span> <span class='ocrx_word' id='word_1_398' title='bbox 1668 4985 1721 5028; x_wconf 89' lang='lat' dir='ltr'><strong>et</strong></span> <span class='ocrx_word' id='word_1_399' title='bbox 1753 4975 1884 5043; x_wconf 89' lang='lat' dir='ltr'><strong>legis</strong></span> <span class='ocrx_word' id='word_1_400' title='bbox 1919 4979 2170 5034; x_wconf 78' lang='lat' dir='ltr'><strong>doctores</strong></span> 
     </span>
    </p>
   </div>
   <div class='ocr_carea' id='block_1_53' title="bbox 599 5051 2167 5125">
    <p class='ocr_par' dir='ltr' id='par_1_53' title="bbox 599 5051 2167 5125">
     <span class='ocr_line' id='line_1_53' title="bbox 599 5051 2167 5125; baseline 0.015 -22"><span class='ocrx_word' id='word_1_401' title='bbox 599 5067 694 5119; x_wconf 88' lang='lat' dir='ltr'><strong>per</strong></span> <span class='ocrx_word' id='word_1_402' title='bbox 721 5051 974 5121; x_wconf 85' lang='lat' dir='ltr'><strong>Spiritum</strong></span> <span class='ocrx_word' id='word_1_403' title='bbox 1000 5065 1242 5110; x_wconf 89' lang='lat' dir='ltr'><strong>sanctum</strong></span> <span class='ocrx_word' id='word_1_404' title='bbox 1281 5063 1546 5117; x_wconf 87' lang='lat' dir='ltr'><strong>convincit</strong></span> <span class='ocrx_word' id='word_1_405' title='bbox 1573 5083 1584 5117; x_wconf 90' lang='lat'><strong>:</strong></span> <span class='ocrx_word' id='word_1_406' title='bbox 1631 5083 1739 5121; x_wconf 92' lang='lat' dir='ltr'><strong>non</strong></span> <span class='ocrx_word' id='word_1_407' title='bbox 1782 5076 1959 5124; x_wconf 91' lang='lat' dir='ltr'><strong>tamen</strong></span> <span class='ocrx_word' id='word_1_408' title='bbox 1989 5071 2038 5124; x_wconf 92' lang='lat' dir='ltr'><strong>ei</strong></span> <span class='ocrx_word' id='word_1_409' title='bbox 2067 5074 2167 5125; x_wconf 86' lang='lat' dir='ltr'><strong>ali-</strong></span> 
     </span>
    </p>
   </div>
   <div class='ocr_carea' id='block_1_54' title="bbox 597 5145 2166 5231">
    <p class='ocr_par' dir='ltr' id='par_1_54' title="bbox 597 5145 2166 5231">
     <span class='ocr_line' id='line_1_54' title="bbox 597 5145 2166 5231; baseline 0.013 -34"><span class='ocrx_word' id='word_1_410' title='bbox 597 5158 759 5231; x_wconf 84' lang='lat' dir='ltr'><strong>quam</strong></span> <span class='ocrx_word' id='word_1_411' title='bbox 789 5145 1079 5200; x_wconf 89' lang='lat' dir='ltr'><strong>secundum</strong></span> <span class='ocrx_word' id='word_1_412' title='bbox 1107 5150 1248 5216; x_wconf 83' lang='lat' dir='ltr'><strong>quod</strong></span> <span class='ocrx_word' id='word_1_413' title='bbox 1284 5152 1443 5207; x_wconf 70' lang='lat' dir='ltr'><strong>Filius</strong></span> <span class='ocrx_word' id='word_1_414' title='bbox 1476 5155 1564 5209; x_wconf 90' lang='lat' dir='ltr'><strong>Dei</strong></span> <span class='ocrx_word' id='word_1_415' title='bbox 1596 5165 1709 5222; x_wconf 91' lang='lat' dir='ltr'><strong>est,</strong></span> <span class='ocrx_word' id='word_1_416' title='bbox 1749 5160 1938 5214; x_wconf 85' lang='lat' dir='ltr'><strong>eodem</strong></span> <span class='ocrx_word' id='word_1_417' title='bbox 1964 5161 2166 5231; x_wconf 92' lang='lat' dir='ltr'><strong>Spiritu</strong></span> 
     </span>
    </p>
   </div>
   <div class='ocr_carea' id='block_1_55' title="bbox 598 5230 2161 5320">
    <p class='ocr_par' dir='ltr' id='par_1_55' title="bbox 598 5230 2161 5320">
     <span class='ocr_line' id='line_1_55' title="bbox 598 5230 2161 5320; baseline 0.015 -36"><span class='ocrx_word' id='word_1_418' title='bbox 598 5230 859 5288; x_wconf 88' lang='lat' dir='ltr'><strong>inferente</strong></span> <span class='ocrx_word' id='word_1_419' title='bbox 905 5235 1176 5292; x_wconf 89' lang='lat' dir='ltr'><strong>virtutem.</strong></span> <span class='ocrx_word' id='word_1_420' title='bbox 1232 5241 1390 5300; x_wconf 82' lang='lat' dir='ltr'><strong>Filius</strong></span> <span class='ocrx_word' id='word_1_421' title='bbox 1437 5248 1577 5301; x_wconf 84' lang='lat' dir='ltr'><strong>enim</strong></span> <span class='ocrx_word' id='word_1_422' title='bbox 1623 5251 1714 5320; x_wconf 88' lang='lat' dir='ltr'><strong>qui</strong></span> <span class='ocrx_word' id='word_1_423' title='bbox 1761 5261 1967 5308; x_wconf 78' lang='lat' dir='ltr'><strong>:eterno</strong></span> <span class='ocrx_word' id='word_1_424' title='bbox 2007 5230 2161 5308; x_wconf 86' lang='lat' dir='ltr'><strong>Patri</strong></span> 
     </span>
    </p>
   </div>
   <div class='ocr_carea' id='block_1_56' title="bbox 595 5333 2162 5414">
    <p class='ocr_par' dir='ltr' id='par_1_56' title="bbox 595 5333 2162 5414">
     <span class='ocr_line' id='line_1_56' title="bbox 595 5333 2162 5414; baseline 0.016 -40"><span class='ocrx_word' id='word_1_425' title='bbox 595 5333 893 5379; x_wconf 72' lang='lat' dir='ltr'><strong>comternus</strong></span> <span class='ocrx_word' id='word_1_426' title='bbox 912 5335 994 5380; x_wconf 91' lang='lat' dir='ltr'><strong>est</strong></span> <span class='ocrx_word' id='word_1_427' title='bbox 1014 5368 1028 5392; x_wconf 91' lang='lat'><strong>,</strong></span> <span class='ocrx_word' id='word_1_428' title='bbox 1060 5344 1328 5399; x_wconf 89' lang='lat' dir='ltr'><strong>nunquam</strong></span> <span class='ocrx_word' id='word_1_429' title='bbox 1357 5336 1575 5392; x_wconf 82' lang='lat' dir='ltr'><strong>alterius</strong></span> <span class='ocrx_word' id='word_1_430' title='bbox 1603 5342 1803 5396; x_wconf 85' lang='lat' dir='ltr'><strong>auxilio</strong></span> <span class='ocrx_word' id='word_1_431' title='bbox 1831 5345 2010 5410; x_wconf 89' lang='lat' dir='ltr'><strong>eguit,</strong></span> <span class='ocrx_word' id='word_1_432' title='bbox 2038 5347 2162 5414; x_wconf 82' lang='lat' dir='ltr'><strong>quia</strong></span> 
     </span>
    </p>
   </div>
   <div class='ocr_carea' id='block_1_57' title="bbox 596 5413 2155 5490">
    <p class='ocr_par' dir='ltr' id='par_1_57' title="bbox 596 5413 2155 5490">
     <span class='ocr_line' id='line_1_57' title="bbox 596 5413 2155 5490; baseline 0.017 -26"><span class='ocrx_word' id='word_1_433' title='bbox 596 5413 859 5480; x_wconf 83' lang='lat' dir='ltr'><strong>perfectus</strong></span> <span class='ocrx_word' id='word_1_434' title='bbox 883 5427 1004 5484; x_wconf 89' lang='lat' dir='ltr'><strong>est,</strong></span> <span class='ocrx_word' id='word_1_435' title='bbox 1052 5430 1107 5474; x_wconf 90' lang='lat' dir='ltr'><strong>et</strong></span> <span class='ocrx_word' id='word_1_436' title='bbox 1152 5423 1204 5475; x_wconf 91' lang='lat' dir='ltr'><strong>iu</strong></span> <span class='ocrx_word' id='word_1_437' title='bbox 1243 5426 1436 5480; x_wconf 73' lang='lat' dir='ltr'><strong>szecula</strong></span> <span class='ocrx_word' id='word_1_438' title='bbox 1479 5429 1794 5485; x_wconf 66' lang='lat' dir='ltr'><strong>smeulorum</strong></span> <span class='ocrx_word' id='word_1_439' title='bbox 1823 5413 2155 5490; x_wconf 85' lang='lat' dir='ltr'><strong>benedictus.</strong></span> 
     </span>
    </p>
   </div>
   <div class='ocr_carea' id='block_1_58' title="bbox 593 5499 2154 5578">
    <p class='ocr_par' dir='ltr' id='par_1_58' title="bbox 593 5499 2154 5578">
     <span class='ocr_line' id='line_1_58' title="bbox 593 5499 2154 5578; baseline 0.015 -24"><span class='ocrx_word' id='word_1_440' title='bbox 593 5499 874 5571; x_wconf 82' lang='lat' dir='ltr'><strong>Sapientes</strong></span> <span class='ocrx_word' id='word_1_441' title='bbox 900 5509 1213 5577; x_wconf 87' lang='lat' dir='ltr'><strong>sapientiam</strong></span> <span class='ocrx_word' id='word_1_442' title='bbox 1244 5514 1442 5568; x_wconf 86' lang='lat' dir='ltr'><strong>mundo</strong></span> <span class='ocrx_word' id='word_1_443' title='bbox 1482 5516 1771 5573; x_wconf 87' lang='lat' dir='ltr'><strong>inauditam</strong></span> <span class='ocrx_word' id='word_1_444' title='bbox 1803 5521 2154 5578; x_wconf 87' lang='lat' dir='ltr'><strong>admirantur.</strong></span> 
     </span>
    </p>
   </div>
   <div class='ocr_carea' id='block_1_59' title="bbox 595 5589 2167 5675">
    <p class='ocr_par' dir='ltr' id='par_1_59' title="bbox 595 5589 2167 5675">
     <span class='ocr_line' id='line_1_59' title="bbox 595 5589 2167 5675; baseline 0.015 -29"><span class='ocrx_word' id='word_1_445' title='bbox 595 5589 765 5657; x_wconf 89' lang='lat' dir='ltr'><strong>Quam</strong></span> <span class='ocrx_word' id='word_1_446' title='bbox 813 5597 882 5651; x_wconf 88' lang='lat' dir='ltr'><strong>ob</strong></span> <span class='ocrx_word' id='word_1_447' title='bbox 926 5615 1138 5654; x_wconf 91' lang='lat' dir='ltr'><strong>causam</strong></span> <span class='ocrx_word' id='word_1_448' title='bbox 1166 5601 1609 5675; x_wconf 56' lang='lat' dir='ltr'><strong>Filiumjhominis</strong></span> <span class='ocrx_word' id='word_1_449' title='bbox 1637 5607 1803 5665; x_wconf 74' lang='lat' dir='ltr'><strong>Judcei</strong></span> <span class='ocrx_word' id='word_1_450' title='bbox 1834 5627 1861 5665; x_wconf 91' lang='lat' dir='ltr'><strong>a</strong></span> <span class='ocrx_word' id='word_1_451' title='bbox 1904 5611 2036 5667; x_wconf 85' lang='lat' dir='ltr'><strong>Juda</strong></span> <span class='ocrx_word' id='word_1_452' title='bbox 2067 5615 2167 5669; x_wconf 83' lang='lat' dir='ltr'><strong>ini-</strong></span> 
     </span>
    </p>
   </div>
   <div class='ocr_carea' id='block_1_60' title="bbox 595 5684 2159 5772">
    <p class='ocr_par' dir='ltr' id='par_1_60' title="bbox 595 5684 2159 5772">
     <span class='ocr_line' id='line_1_60' title="bbox 595 5684 2159 5772; baseline 0.015 -35"><span class='ocrx_word' id='word_1_453' title='bbox 595 5684 684 5752; x_wconf 94' lang='lat' dir='ltr'><strong>pio</strong></span> <span class='ocrx_word' id='word_1_454' title='bbox 711 5695 767 5740; x_wconf 89' lang='lat' dir='ltr'><strong>et</strong></span> <span class='ocrx_word' id='word_1_455' title='bbox 804 5690 1212 5748; x_wconf 87' lang='lat' dir='ltr'><strong>sceleratissimo</strong></span> <span class='ocrx_word' id='word_1_456' title='bbox 1263 5696 1519 5750; x_wconf 85' lang='lat' dir='ltr'><strong>traditore</strong></span> <span class='ocrx_word' id='word_1_457' title='bbox 1569 5700 1821 5756; x_wconf 90' lang='lat' dir='ltr'><strong>traditum</strong></span> <span class='ocrx_word' id='word_1_458' title='bbox 1868 5704 2159 5772; x_wconf 84' lang='lat' dir='ltr'><strong>ﬂagellant,</strong></span> 
     </span>
    </p>
   </div>
   <div class='ocr_carea' id='block_1_61' title="bbox 593 5780 2162 5867">
    <p class='ocr_par' dir='ltr' id='par_1_61' title="bbox 593 5780 2162 5867">
     <span class='ocr_line' id='line_1_61' title="bbox 593 5780 2162 5867; baseline 0.017 -38"><span class='ocrx_word' id='word_1_459' title='bbox 593 5784 648 5828; x_wconf 88' lang='lat' dir='ltr'><strong>et</strong></span> <span class='ocrx_word' id='word_1_460' title='bbox 689 5780 987 5847; x_wconf 78' lang='lat' dir='ltr'><strong>opprobriis</strong></span> <span class='ocrx_word' id='word_1_461' title='bbox 1033 5785 1399 5852; x_wconf 89' lang='lat' dir='ltr'><strong>insequuntur.</strong></span> <span class='ocrx_word' id='word_1_462' title='bbox 1473 5788 1654 5858; x_wconf 84' lang='lat' dir='ltr'><strong>Itaque</strong></span> <span class='ocrx_word' id='word_1_463' title='bbox 1699 5791 1942 5851; x_wconf 90' lang='lat' dir='ltr'><strong>Christus</strong></span> <span class='ocrx_word' id='word_1_464' title='bbox 1985 5795 2162 5867; x_wconf 79' lang='lat' dir='ltr'><strong>Jesus,</strong></span> 
     </span>
    </p>
   </div>
   <div class='ocr_carea' id='block_1_62' title="bbox 2283 599 3862 688">
    <p class='ocr_par' dir='ltr' id='par_1_62' title="bbox 2283 599 3862 688">
     <span class='ocr_line' id='line_1_62' title="bbox 2283 599 3862 688; baseline 0.014 -36"><span class='ocrx_word' id='word_1_465' title='bbox 2283 599 2482 654; x_wconf 87' lang='lat' dir='ltr'><strong>tionem</strong></span> <span class='ocrx_word' id='word_1_466' title='bbox 2506 612 2858 670; x_wconf 89' lang='lat' dir='ltr'><strong>spontaneam</strong></span> <span class='ocrx_word' id='word_1_467' title='bbox 2888 621 2946 659; x_wconf 83' lang='lat' dir='ltr'><strong>se</strong></span> <span class='ocrx_word' id='word_1_468' title='bbox 2970 606 3265 676; x_wconf 87' lang='lat' dir='ltr'><strong>inclinavit,</strong></span> <span class='ocrx_word' id='word_1_469' title='bbox 3288 611 3480 666; x_wconf 90' lang='lat' dir='ltr'><strong>obtulit</strong></span> <span class='ocrx_word' id='word_1_470' title='bbox 3504 615 3718 684; x_wconf 78' lang='lat' dir='ltr'><strong>quidem</strong></span> <span class='ocrx_word' id='word_1_471' title='bbox 3737 636 3862 688; x_wconf 92' lang='lat' dir='ltr'><strong>pro-</strong></span> 
     </span>
    </p>
   </div>
   <div class='ocr_carea' id='block_1_63' title="bbox 2279 689 3862 769">
    <p class='ocr_par' dir='ltr' id='par_1_63' title="bbox 2279 689 3862 769">
     <span class='ocr_line' id='line_1_63' title="bbox 2279 689 3862 769; baseline 0.014 -27"><span class='ocrx_word' id='word_1_472' title='bbox 2279 689 2454 758; x_wconf 89' lang='lat' dir='ltr'><strong>prium</strong></span> <span class='ocrx_word' id='word_1_473' title='bbox 2494 706 2691 762; x_wconf 91' lang='lat' dir='ltr'><strong>corpus</strong></span> <span class='ocrx_word' id='word_1_474' title='bbox 2714 733 2729 758; x_wconf 90' lang='lat'><strong>,</strong></span> <span class='ocrx_word' id='word_1_475' title='bbox 2781 711 2887 748; x_wconf 87' lang='lat' dir='ltr'><strong>non</strong></span> <span class='ocrx_word' id='word_1_476' title='bbox 2917 712 3017 765; x_wconf 91' lang='lat' dir='ltr'><strong>pro</strong></span> <span class='ocrx_word' id='word_1_477' title='bbox 3044 713 3101 752; x_wconf 89' lang='lat' dir='ltr'><strong>se</strong></span> <span class='ocrx_word' id='word_1_478' title='bbox 3119 739 3133 762; x_wconf 87' lang='lat'><strong>,</strong></span> <span class='ocrx_word' id='word_1_479' title='bbox 3179 700 3271 754; x_wconf 88' lang='lat' dir='ltr'><strong>sed</strong></span> <span class='ocrx_word' id='word_1_480' title='bbox 3301 717 3396 769; x_wconf 90' lang='lat' dir='ltr'><strong>pro</strong></span> <span class='ocrx_word' id='word_1_481' title='bbox 3437 714 3618 758; x_wconf 88' lang='lat' dir='ltr'><strong>nostra</strong></span> <span class='ocrx_word' id='word_1_482' title='bbox 3647 707 3862 764; x_wconf 73' lang='lat' dir='ltr'><strong>redem-</strong></span> 
     </span>
    </p>
   </div>
   <div class='ocr_carea' id='block_1_64' title="bbox 2278 782 3863 859">
    <p class='ocr_par' dir='ltr' id='par_1_64' title="bbox 2278 782 3863 859">
     <span class='ocr_line' id='line_1_64' title="bbox 2278 782 3863 859; baseline 0.013 -25"><span class='ocrx_word' id='word_1_483' title='bbox 2278 782 2462 851; x_wconf 88' lang='lat' dir='ltr'><strong>ptione</strong></span> <span class='ocrx_word' id='word_1_484' title='bbox 2483 823 2498 846; x_wconf 86' lang='lat'><strong>,</strong></span> <span class='ocrx_word' id='word_1_485' title='bbox 2542 793 2745 838; x_wconf 65' lang='lat' dir='ltr'><strong>aeterno</strong></span> <span class='ocrx_word' id='word_1_486' title='bbox 2786 785 2932 841; x_wconf 85' lang='lat' dir='ltr'><strong>Patri</strong></span> <span class='ocrx_word' id='word_1_487' title='bbox 2963 788 3192 844; x_wconf 87' lang='lat' dir='ltr'><strong>hostiam</strong></span> <span class='ocrx_word' id='word_1_488' title='bbox 3221 806 3400 846; x_wconf 86' lang='lat' dir='ltr'><strong>veram</strong></span> <span class='ocrx_word' id='word_1_489' title='bbox 3424 835 3440 859; x_wconf 96' lang='lat'><strong>,</strong></span> <span class='ocrx_word' id='word_1_490' title='bbox 3490 794 3718 850; x_wconf 89' lang='lat' dir='ltr'><strong>hostiam</strong></span> <span class='ocrx_word' id='word_1_491' title='bbox 3752 800 3863 855; x_wconf 92' lang='lat' dir='ltr'><strong>Deo</strong></span> 
     </span>
    </p>
   </div>
   <div class='ocr_carea' id='block_1_65' title="bbox 2276 868 3863 948">
    <p class='ocr_par' dir='ltr' id='par_1_65' title="bbox 2276 868 3863 948">
     <span class='ocr_line' id='line_1_65' title="bbox 2276 868 3863 948; baseline 0.013 -23"><span class='ocrx_word' id='word_1_492' title='bbox 2276 868 2578 941; x_wconf 83' lang='lat' dir='ltr'><strong>placentem</strong></span> <span class='ocrx_word' id='word_1_493' title='bbox 2612 876 2665 929; x_wconf 93' lang='lat' dir='ltr'><strong>in</strong></span> <span class='ocrx_word' id='word_1_494' title='bbox 2694 877 2912 931; x_wconf 89' lang='lat' dir='ltr'><strong>odorem</strong></span> <span class='ocrx_word' id='word_1_495' title='bbox 2943 881 3237 935; x_wconf 89' lang='lat' dir='ltr'><strong>suavitatis.</strong></span> <span class='ocrx_word' id='word_1_496' title='bbox 3281 881 3400 948; x_wconf 92' lang='lat' dir='ltr'><strong>Quo</strong></span> <span class='ocrx_word' id='word_1_497' title='bbox 3430 886 3570 938; x_wconf 90' lang='lat' dir='ltr'><strong>enim</strong></span> <span class='ocrx_word' id='word_1_498' title='bbox 3595 889 3863 946; x_wconf 82' lang='lat' dir='ltr'><strong>sacrificio</strong></span> 
     </span>
    </p>
   </div>
   <div class='ocr_carea' id='block_1_66' title="bbox 2277 963 3864 1047">
    <p class='ocr_par' dir='ltr' id='par_1_66' title="bbox 2277 963 3864 1047">
     <span class='ocr_line' id='line_1_66' title="bbox 2277 963 3864 1047; baseline 0.013 -31"><span class='ocrx_word' id='word_1_499' title='bbox 2277 963 2361 1017; x_wconf 87' lang='lat' dir='ltr'><strong>vel</strong></span> <span class='ocrx_word' id='word_1_500' title='bbox 2391 965 2664 1020; x_wconf 87' lang='lat' dir='ltr'><strong>oblatione</strong></span> <span class='ocrx_word' id='word_1_501' title='bbox 2693 978 2900 1035; x_wconf 86' lang='lat' dir='ltr'><strong>egeret,</strong></span> <span class='ocrx_word' id='word_1_502' title='bbox 2931 987 3051 1024; x_wconf 91' lang='lat' dir='ltr'><strong>cum</strong></span> <span class='ocrx_word' id='word_1_503' title='bbox 3082 972 3216 1026; x_wconf 88' lang='lat' dir='ltr'><strong>liber</strong></span> <span class='ocrx_word' id='word_1_504' title='bbox 3243 976 3310 1028; x_wconf 89' lang='lat' dir='ltr'><strong>ab</strong></span> <span class='ocrx_word' id='word_1_505' title='bbox 3339 978 3485 1030; x_wconf 92' lang='lat' dir='ltr'><strong>omni</strong></span> <span class='ocrx_word' id='word_1_506' title='bbox 3525 991 3770 1047; x_wconf 86' lang='lat' dir='ltr'><strong>peccato,</strong></span> <span class='ocrx_word' id='word_1_507' title='bbox 3805 993 3864 1037; x_wconf 89' lang='lat' dir='ltr'><strong>ut</strong></span> 
     </span>
    </p>
   </div>
   <div class='ocr_carea' id='block_1_67' title="bbox 2275 1052 3864 1143">
    <p class='ocr_par' dir='ltr' id='par_1_67' title="bbox 2275 1052 3864 1143">
     <span class='ocr_line' id='line_1_67' title="bbox 2275 1052 3864 1143; baseline 0.011 -35"><span class='ocrx_word' id='word_1_508' title='bbox 2275 1052 2438 1117; x_wconf 87' lang='lat' dir='ltr'><strong>Deus,</strong></span> <span class='ocrx_word' id='word_1_509' title='bbox 2471 1056 2744 1112; x_wconf 80' lang='lat' dir='ltr'><strong>existeret.</strong></span> <span class='ocrx_word' id='word_1_510' title='bbox 2788 1059 2941 1125; x_wconf 83' lang='lat' dir='ltr'><strong>Quod</strong></span> <span class='ocrx_word' id='word_1_511' title='bbox 2969 1063 3014 1114; x_wconf 79' lang='lat' dir='ltr'><strong>si</strong></span> <span class='ocrx_word' id='word_1_512' title='bbox 3043 1080 3218 1118; x_wconf 73' lang='lat' dir='ltr'><strong>omnes</strong></span> <span class='ocrx_word' id='word_1_513' title='bbox 3240 1078 3601 1134; x_wconf 81' lang='lat' dir='ltr'><strong>peccaverunt,</strong></span> <span class='ocrx_word' id='word_1_514' title='bbox 3635 1082 3683 1123; x_wconf 80' lang='lat' dir='ltr'><strong>et</strong></span> <span class='ocrx_word' id='word_1_515' title='bbox 3711 1085 3864 1143; x_wconf 77' lang='lat' dir='ltr'><strong>egent</strong></span> 
     </span>
    </p>
   </div>
   <div class='ocr_carea' id='block_1_68' title="bbox 2274 1145 3861 1222">
    <p class='ocr_par' dir='ltr' id='par_1_68' title="bbox 2274 1145 3861 1222">
     <span class='ocr_line' id='line_1_68' title="bbox 2274 1145 3861 1222; baseline 0.014 -26"><span class='ocrx_word' id='word_1_516' title='bbox 2274 1146 2446 1213; x_wconf 84' lang='lat' dir='ltr'><strong>gratia</strong></span> <span class='ocrx_word' id='word_1_517' title='bbox 2473 1145 2589 1211; x_wconf 85' lang='lat' dir='ltr'><strong>Dei,</strong></span> <span class='ocrx_word' id='word_1_518' title='bbox 2622 1152 2858 1216; x_wconf 85' lang='lat' dir='ltr'><strong>peccatis</strong></span> <span class='ocrx_word' id='word_1_519' title='bbox 2887 1166 3116 1222; x_wconf 88' lang='lat' dir='ltr'><strong>namque</strong></span> <span class='ocrx_word' id='word_1_520' title='bbox 3139 1163 3193 1208; x_wconf 91' lang='lat' dir='ltr'><strong>et</strong></span> <span class='ocrx_word' id='word_1_521' title='bbox 3222 1158 3377 1212; x_wconf 88' lang='lat' dir='ltr'><strong>malis</strong></span> <span class='ocrx_word' id='word_1_522' title='bbox 3399 1159 3723 1216; x_wconf 82' lang='lat' dir='ltr'><strong>facinoribus</strong></span> <span class='ocrx_word' id='word_1_523' title='bbox 3752 1163 3861 1217; x_wconf 88' lang='lat' dir='ltr'><strong>hu-</strong></span> 
     </span>
    </p>
   </div>
   <div class='ocr_carea' id='block_1_69' title="bbox 2275 1239 3860 1316">
    <p class='ocr_par' dir='ltr' id='par_1_69' title="bbox 2275 1239 3860 1316">
     <span class='ocr_line' id='line_1_69' title="bbox 2275 1239 3860 1316; baseline 0.014 -30"><span class='ocrx_word' id='word_1_524' title='bbox 2275 1250 2433 1288; x_wconf 91' lang='lat' dir='ltr'><strong>mana</strong></span> <span class='ocrx_word' id='word_1_525' title='bbox 2462 1239 2740 1304; x_wconf 67' lang='lat' dir='ltr'><strong>tegrotavit</strong></span> <span class='ocrx_word' id='word_1_526' title='bbox 2785 1249 3020 1294; x_wconf 87' lang='lat' dir='ltr'><strong>natura:</strong></span> <span class='ocrx_word' id='word_1_527' title='bbox 3072 1245 3185 1313; x_wconf 86' lang='lat' dir='ltr'><strong>ipse</strong></span> <span class='ocrx_word' id='word_1_528' title='bbox 3229 1262 3358 1300; x_wconf 92' lang='lat' dir='ltr'><strong>vero</strong></span> <span class='ocrx_word' id='word_1_529' title='bbox 3411 1264 3516 1302; x_wconf 91' lang='lat' dir='ltr'><strong>non</strong></span> <span class='ocrx_word' id='word_1_530' title='bbox 3564 1252 3674 1316; x_wconf 88' lang='lat' dir='ltr'><strong>ita,</strong></span> <span class='ocrx_word' id='word_1_531' title='bbox 3731 1254 3860 1308; x_wconf 89' lang='lat' dir='ltr'><strong>licet</strong></span> 
     </span>
    </p>
   </div>
   <div class='ocr_carea' id='block_1_70' title="bbox 2274 1326 3855 1408">
    <p class='ocr_par' dir='ltr' id='par_1_70' title="bbox 2274 1326 3855 1408">
     <span class='ocr_line' id='line_1_70' title="bbox 2274 1326 3855 1408; baseline 0.013 -30"><span class='ocrx_word' id='word_1_532' title='bbox 2274 1326 2416 1378; x_wconf 89' lang='lat' dir='ltr'><strong>servi</strong></span> <span class='ocrx_word' id='word_1_533' title='bbox 2447 1326 2729 1396; x_wconf 87' lang='lat' dir='ltr'><strong>imaginem</strong></span> <span class='ocrx_word' id='word_1_534' title='bbox 2762 1335 3057 1401; x_wconf 82' lang='lat' dir='ltr'><strong>acceperit,</strong></span> <span class='ocrx_word' id='word_1_535' title='bbox 3091 1344 3146 1390; x_wconf 91' lang='lat' dir='ltr'><strong>et</strong></span> <span class='ocrx_word' id='word_1_536' title='bbox 3175 1349 3402 1392; x_wconf 84' lang='lat' dir='ltr'><strong>mortem</strong></span> <span class='ocrx_word' id='word_1_537' title='bbox 3431 1351 3727 1408; x_wconf 82' lang='lat' dir='ltr'><strong>spontanea</strong></span> <span class='ocrx_word' id='word_1_538' title='bbox 3753 1361 3855 1399; x_wconf 85' lang='lat' dir='ltr'><strong>vo-</strong></span> 
     </span>
    </p>
   </div>
   <div class='ocr_carea' id='block_1_71' title="bbox 2275 1415 3857 1490">
    <p class='ocr_par' dir='ltr' id='par_1_71' title="bbox 2275 1415 3857 1490">
     <span class='ocr_line' id='line_1_71' title="bbox 2275 1415 3857 1490; baseline 0.015 -22"><span class='ocrx_word' id='word_1_539' title='bbox 2275 1415 2480 1471; x_wconf 91' lang='lat' dir='ltr'><strong>luntate</strong></span> <span class='ocrx_word' id='word_1_540' title='bbox 2514 1422 2830 1489; x_wconf 78' lang='lat' dir='ltr'><strong>su~ceperit.</strong></span> <span class='ocrx_word' id='word_1_541' title='bbox 2870 1424 2944 1478; x_wconf 90' lang='lat' dir='ltr'><strong>De</strong></span> <span class='ocrx_word' id='word_1_542' title='bbox 2979 1427 3135 1481; x_wconf 82' lang='lat' dir='ltr'><strong>Patre</strong></span> <span class='ocrx_word' id='word_1_543' title='bbox 3160 1428 3220 1482; x_wconf 92' lang='lat' dir='ltr'><strong>D.</strong></span> <span class='ocrx_word' id='word_1_544' title='bbox 3252 1429 3313 1484; x_wconf 88' lang='lat' dir='ltr'><strong>N.</strong></span> <span class='ocrx_word' id='word_1_545' title='bbox 3340 1428 3464 1485; x_wconf 70' lang='lat' dir='ltr'><strong>Iesu</strong></span> <span class='ocrx_word' id='word_1_546' title='bbox 3494 1431 3689 1487; x_wconf 62' lang='lat' dir='ltr'><strong>Christi</strong></span> <span class='ocrx_word' id='word_1_547' title='bbox 3728 1451 3857 1490; x_wconf 82' lang='lat' dir='ltr'><strong>sen-</strong></span> 
     </span>
    </p>
   </div>
   <div class='ocr_carea' id='block_1_72' title="bbox 2277 1505 3860 1581">
    <p class='ocr_par' dir='ltr' id='par_1_72' title="bbox 2277 1505 3860 1581">
     <span class='ocr_line' id='line_1_72' title="bbox 2277 1505 3860 1581; baseline 0.015 -25"><span class='ocrx_word' id='word_1_548' title='bbox 2277 1505 2442 1559; x_wconf 89' lang='lat' dir='ltr'><strong>tiebat</strong></span> <span class='ocrx_word' id='word_1_549' title='bbox 2471 1505 2636 1562; x_wconf 88' lang='lat' dir='ltr'><strong>David</strong></span> <span class='ocrx_word' id='word_1_550' title='bbox 2665 1512 2923 1580; x_wconf 87' lang='lat' dir='ltr'><strong>propheta</strong></span> <span class='ocrx_word' id='word_1_551' title='bbox 2949 1531 3068 1569; x_wconf 90' lang='lat' dir='ltr'><strong>cum</strong></span> <span class='ocrx_word' id='word_1_552' title='bbox 3093 1517 3337 1572; x_wconf 85' lang='lat' dir='ltr'><strong>dicebat:</strong></span> <span class='ocrx_word' id='word_1_553' title='bbox 3373 1519 3551 1575; x_wconf 81' lang='lat' dir='ltr'><strong>Redde</strong></span> <span class='ocrx_word' id='word_1_554' title='bbox 3577 1526 3702 1578; x_wconf 82' lang='lat' dir='ltr'><strong>mihi</strong></span> <span class='ocrx_word' id='word_1_555' title='bbox 3722 1526 3860 1581; x_wconf 68' lang='lat' dir='ltr'><strong>lcti-</strong></span> 
     </span>
    </p>
   </div>
   <div class='ocr_carea' id='block_1_73' title="bbox 2273 1596 3859 1683">
    <p class='ocr_par' dir='ltr' id='par_1_73' title="bbox 2273 1596 3859 1683">
     <span class='ocr_line' id='line_1_73' title="bbox 2273 1596 3859 1683; baseline 0.015 -36"><span class='ocrx_word' id='word_1_556' title='bbox 2273 1596 2400 1648; x_wconf 84' lang='lat' dir='ltr'><strong>tiam</strong></span> <span class='ocrx_word' id='word_1_557' title='bbox 2429 1598 2674 1652; x_wconf 79' lang='lat' dir='ltr'><strong>salutaris</strong></span> <span class='ocrx_word' id='word_1_558' title='bbox 2717 1601 2788 1654; x_wconf 82' lang='lat' dir='ltr'><strong>lui</strong></span> <span class='ocrx_word' id='word_1_559' title='bbox 2811 1643 2825 1666; x_wconf 92' lang='lat'><strong>,</strong></span> <span class='ocrx_word' id='word_1_560' title='bbox 2873 1616 2921 1657; x_wconf 78' lang='lat' dir='ltr'><strong>et</strong></span> <span class='ocrx_word' id='word_1_561' title='bbox 2968 1608 3151 1675; x_wconf 76' lang='lat' dir='ltr'><strong>spiritu</strong></span> <span class='ocrx_word' id='word_1_562' title='bbox 3179 1611 3452 1678; x_wconf 86' lang='lat' dir='ltr'><strong>principali</strong></span> <span class='ocrx_word' id='word_1_563' title='bbox 3496 1615 3746 1683; x_wconf 75' lang='lat' dir='ltr'><strong>conﬁrma</strong></span> <span class='ocrx_word' id='word_1_564' title='bbox 3776 1635 3859 1670; x_wconf 69' lang='lat' dir='ltr'><strong>me</strong></span> 
     </span>
    </p>
   </div>
   <div class='ocr_carea' id='block_1_74' title="bbox 2275 1686 3855 1770">
    <p class='ocr_par' dir='ltr' id='par_1_74' title="bbox 2275 1686 3855 1770">
     <span class='ocr_line' id='line_1_74' title="bbox 2275 1686 3855 1770; baseline 0.015 -32"><span class='ocrx_word' id='word_1_565' title='bbox 2275 1686 2446 1756; x_wconf 70' lang='lat' dir='ltr'><strong>(Paul.</strong></span> <span class='ocrx_word' id='word_1_566' title='bbox 2480 1689 2554 1757; x_wconf 73' lang='grc' dir='ltr'><strong>ι).</strong></span> <span class='ocrx_word' id='word_1_567' title='bbox 2605 1689 2765 1746; x_wconf 89' lang='lat' dir='ltr'><strong>Pater</strong></span> <span class='ocrx_word' id='word_1_568' title='bbox 2793 1695 2932 1748; x_wconf 90' lang='lat' dir='ltr'><strong>enim</strong></span> <span class='ocrx_word' id='word_1_569' title='bbox 2964 1698 3280 1767; x_wconf 90' lang='lat' dir='ltr'><strong>principium</strong></span> <span class='ocrx_word' id='word_1_570' title='bbox 3322 1702 3557 1756; x_wconf 91' lang='lat' dir='ltr'><strong>omnium</strong></span> <span class='ocrx_word' id='word_1_571' title='bbox 3587 1716 3688 1770; x_wconf 90' lang='lat' dir='ltr'><strong>est,</strong></span> <span class='ocrx_word' id='word_1_572' title='bbox 3732 1724 3855 1761; x_wconf 90' lang='lat' dir='ltr'><strong>cum</strong></span> 
     </span>
    </p>
   </div>
   <div class='ocr_carea' id='block_1_75' title="bbox 2272 1781 3857 1862">
    <p class='ocr_par' dir='ltr' id='par_1_75' title="bbox 2272 1781 3857 1862">
     <span class='ocr_line' id='line_1_75' title="bbox 2272 1781 3857 1862; baseline 0.015 -33"><span class='ocrx_word' id='word_1_573' title='bbox 2272 1790 2380 1844; x_wconf 88' lang='lat' dir='ltr'><strong>quo</strong></span> <span class='ocrx_word' id='word_1_574' title='bbox 2408 1781 2587 1834; x_wconf 90' lang='lat' dir='ltr'><strong>omnia</strong></span> <span class='ocrx_word' id='word_1_575' title='bbox 2620 1781 2784 1837; x_wconf 89' lang='lat' dir='ltr'><strong>Filius</strong></span> <span class='ocrx_word' id='word_1_576' title='bbox 2815 1786 2937 1839; x_wconf 87' lang='lat' dir='ltr'><strong>fecit</strong></span> <span class='ocrx_word' id='word_1_577' title='bbox 2958 1828 2971 1854; x_wconf 94' lang='lat'><strong>,</strong></span> <span class='ocrx_word' id='word_1_578' title='bbox 3016 1787 3127 1842; x_wconf 84' lang='lat' dir='ltr'><strong>Rex</strong></span> <span class='ocrx_word' id='word_1_579' title='bbox 3157 1806 3378 1860; x_wconf 89' lang='lat' dir='ltr'><strong>regum,</strong></span> <span class='ocrx_word' id='word_1_580' title='bbox 3409 1803 3562 1862; x_wconf 82' lang='lat' dir='ltr'><strong>pater</strong></span> <span class='ocrx_word' id='word_1_581' title='bbox 3590 1799 3857 1852; x_wconf 62' lang='lat' dir='ltr'><strong>universi-</strong></span> 
     </span>
    </p>
   </div>
   <div class='ocr_carea' id='block_1_76' title="bbox 2199 1870 3852 1944">
    <p class='ocr_par' dir='ltr' id='par_1_76' title="bbox 2199 1870 3852 1944">
     <span class='ocr_line' id='line_1_76' title="bbox 2199 1870 3852 1944; baseline 0.015 -25"><span class='ocrx_word' id='word_1_582' title='bbox 2199 1870 2245 1930; x_wconf 76' lang='grc' dir='ltr'><strong>Β</strong></span> <span class='ocrx_word' id='word_1_583' title='bbox 2275 1870 2418 1936; x_wconf 89' lang='lat' dir='ltr'><strong>tatis,</strong></span> <span class='ocrx_word' id='word_1_584' title='bbox 2452 1881 2506 1924; x_wconf 91' lang='lat' dir='ltr'><strong>et</strong></span> <span class='ocrx_word' id='word_1_585' title='bbox 2537 1871 2858 1930; x_wconf 82' lang='lat' dir='ltr'><strong>reformator</strong></span> <span class='ocrx_word' id='word_1_586' title='bbox 2886 1880 3064 1933; x_wconf 76' lang='lat' dir='ltr'><strong>szecnli</strong></span> <span class='ocrx_word' id='word_1_587' title='bbox 3097 1881 3340 1938; x_wconf 91' lang='lat' dir='ltr'><strong>labentis.</strong></span> <span class='ocrx_word' id='word_1_588' title='bbox 3380 1885 3524 1940; x_wconf 91' lang='lat' dir='ltr'><strong>Inter</strong></span> <span class='ocrx_word' id='word_1_589' title='bbox 3554 1888 3664 1942; x_wconf 81' lang='lat' dir='ltr'><strong>haec</strong></span> <span class='ocrx_word' id='word_1_590' title='bbox 3686 1892 3852 1944; x_wconf 87' lang='lat' dir='ltr'><strong>verba</strong></span> 
     </span>
    </p>
   </div>
   <div class='ocr_carea' id='block_1_77' title="bbox 2270 1963 3856 2048">
    <p class='ocr_par' dir='ltr' id='par_1_77' title="bbox 2270 1963 3856 2048">
     <span class='ocr_line' id='line_1_77' title="bbox 2270 1963 3856 2048; baseline 0.016 -37"><span class='ocrx_word' id='word_1_591' title='bbox 2270 1963 2442 2014; x_wconf 88' lang='lat' dir='ltr'><strong>sancti</strong></span> <span class='ocrx_word' id='word_1_592' title='bbox 2475 1963 2570 2017; x_wconf 75' lang='lat' dir='ltr'><strong>viri</strong></span> <span class='ocrx_word' id='word_1_593' title='bbox 2601 1965 2756 2019; x_wconf 91' lang='lat' dir='ltr'><strong>dolor</strong></span> <span class='ocrx_word' id='word_1_594' title='bbox 2781 1969 3061 2025; x_wconf 89' lang='lat' dir='ltr'><strong>vulnerum</strong></span> <span class='ocrx_word' id='word_1_595' title='bbox 3083 1982 3244 2042; x_wconf 88' lang='lat' dir='ltr'><strong>atque</strong></span> <span class='ocrx_word' id='word_1_596' title='bbox 3268 1977 3427 2030; x_wconf 90' lang='lat' dir='ltr'><strong>animi</strong></span> <span class='ocrx_word' id='word_1_597' title='bbox 3451 1979 3625 2048; x_wconf 91' lang='lat' dir='ltr'><strong>ipsum</strong></span> <span class='ocrx_word' id='word_1_598' title='bbox 3648 1982 3856 2038; x_wconf 86' lang='lat' dir='ltr'><strong>duriter</strong></span> 
     </span>
    </p>
   </div>
   <div class='ocr_carea' id='block_1_78' title="bbox 2270 2053 3852 2130">
    <p class='ocr_par' dir='ltr' id='par_1_78' title="bbox 2270 2053 3852 2130">
     <span class='ocr_line' id='line_1_78' title="bbox 2270 2053 3852 2130; baseline 0.017 -27"><span class='ocrx_word' id='word_1_599' title='bbox 2270 2053 2598 2108; x_wconf 80' lang='lat' dir='ltr'><strong>coarctabat.</strong></span> <span class='ocrx_word' id='word_1_600' title='bbox 2640 2056 2774 2122; x_wconf 77' lang='lat' dir='ltr'><strong>Quid</strong></span> <span class='ocrx_word' id='word_1_601' title='bbox 2804 2058 3046 2116; x_wconf 87' lang='lat' dir='ltr'><strong>faceret?</strong></span> <span class='ocrx_word' id='word_1_602' title='bbox 3081 2063 3365 2122; x_wconf 88' lang='lat' dir='ltr'><strong>Imminere</strong></span> <span class='ocrx_word' id='word_1_603' title='bbox 3389 2069 3566 2125; x_wconf 91' lang='lat' dir='ltr'><strong>obitus</strong></span> <span class='ocrx_word' id='word_1_604' title='bbox 3596 2075 3676 2127; x_wconf 91' lang='lat' dir='ltr'><strong>sui</strong></span> <span class='ocrx_word' id='word_1_605' title='bbox 3709 2075 3852 2130; x_wconf 91' lang='lat' dir='ltr'><strong>diem</strong></span> 
     </span>
    </p>
   </div>
   <div class='ocr_carea' id='block_1_79' title="bbox 2273 2141 3852 2220">
    <p class='ocr_par' dir='ltr' id='par_1_79' title="bbox 2273 2141 3852 2220">
     <span class='ocr_line' id='line_1_79' title="bbox 2273 2141 3852 2220; baseline 0.016 -26"><span class='ocrx_word' id='word_1_606' title='bbox 2273 2141 2508 2208; x_wconf 86' lang='lat' dir='ltr'><strong>videbat,</strong></span> <span class='ocrx_word' id='word_1_607' title='bbox 2541 2155 2594 2199; x_wconf 90' lang='lat' dir='ltr'><strong>et</strong></span> <span class='ocrx_word' id='word_1_608' title='bbox 2625 2149 2879 2206; x_wconf 83' lang='lat' dir='ltr'><strong>ecclesias</strong></span> <span class='ocrx_word' id='word_1_609' title='bbox 2903 2166 3036 2220; x_wconf 89' lang='lat' dir='ltr'><strong>quas</strong></span> <span class='ocrx_word' id='word_1_610' title='bbox 3074 2155 3213 2210; x_wconf 91' lang='lat' dir='ltr'><strong>intra</strong></span> <span class='ocrx_word' id='word_1_611' title='bbox 3251 2173 3433 2213; x_wconf 89' lang='lat' dir='ltr'><strong>muros</strong></span> <span class='ocrx_word' id='word_1_612' title='bbox 3471 2172 3852 2220; x_wconf 78' lang='lat' dir='ltr'><strong>construxerat</strong></span> 
     </span>
    </p>
   </div>
   <div class='ocr_carea' id='block_1_80' title="bbox 2271 2231 3866 2314">
    <p class='ocr_par' dir='ltr' id='par_1_80' title="bbox 2271 2231 3866 2314">
     <span class='ocr_line' id='line_1_80' title="bbox 2271 2231 3866 2314; baseline 0.016 -30"><span class='ocrx_word' id='word_1_613' title='bbox 2271 2231 2514 2301; x_wconf 88' lang='lat' dir='ltr'><strong>lapsuras</strong></span> <span class='ocrx_word' id='word_1_614' title='bbox 2563 2250 2683 2292; x_wconf 89' lang='lat' dir='ltr'><strong>esse</strong></span> <span class='ocrx_word' id='word_1_615' title='bbox 2723 2239 2944 2294; x_wconf 85' lang='lat' dir='ltr'><strong>sciebat.</strong></span> <span class='ocrx_word' id='word_1_616' title='bbox 3004 2243 3189 2314; x_wconf 86' lang='lat' dir='ltr'><strong>Itaque</strong></span> <span class='ocrx_word' id='word_1_617' title='bbox 3231 2261 3352 2301; x_wconf 93' lang='lat' dir='ltr'><strong>cum</strong></span> <span class='ocrx_word' id='word_1_618' title='bbox 3395 2247 3525 2304; x_wconf 89' lang='lat' dir='ltr'><strong>lletu</strong></span> <span class='ocrx_word' id='word_1_619' title='bbox 3556 2267 3866 2310; x_wconf 84' lang='lat' dir='ltr'><strong>conversus</strong></span> 
     </span>
    </p>
   </div>
   <div class='ocr_carea' id='block_1_81' title="bbox 2273 2327 2696 2384">
    <p class='ocr_par' dir='ltr' id='par_1_81' title="bbox 2273 2327 2696 2384">
     <span class='ocr_line' id='line_1_81' title="bbox 2273 2327 2696 2384; baseline 0.007 -5"><span class='ocrx_word' id='word_1_620' title='bbox 2273 2327 2448 2381; x_wconf 88' lang='lat' dir='ltr'><strong>oravit</strong></span> <span class='ocrx_word' id='word_1_621' title='bbox 2475 2327 2658 2384; x_wconf 89' lang='lat' dir='ltr'><strong>dicens</strong></span> <span class='ocrx_word' id='word_1_622' title='bbox 2684 2348 2696 2382; x_wconf 90' lang='lat'><strong>:</strong></span> 
     </span>
    </p>
   </div>
   <div class='ocr_carea' id='block_1_82' title="bbox 2343 2418 3852 2503">
    <p class='ocr_par' dir='ltr' id='par_1_82' title="bbox 2343 2418 3852 2503">
     <span class='ocr_line' id='line_1_82' title="bbox 2343 2418 3852 2503; baseline 0.014 -31"><span class='ocrx_word' id='word_1_623' title='bbox 2343 2418 2728 2490; x_wconf 85' lang='lat' dir='ltr'><strong>Omnipotens,</strong></span> <span class='ocrx_word' id='word_1_624' title='bbox 2767 2425 3182 2483; x_wconf 91' lang='lat' dir='ltr'><strong>clementissime</strong></span> <span class='ocrx_word' id='word_1_625' title='bbox 3223 2429 3397 2497; x_wconf 87' lang='lat' dir='ltr'><strong>Deus,</strong></span> <span class='ocrx_word' id='word_1_626' title='bbox 3445 2435 3535 2503; x_wconf 94' lang='lat' dir='ltr'><strong>qui</strong></span> <span class='ocrx_word' id='word_1_627' title='bbox 3587 2435 3638 2490; x_wconf 93' lang='lat' dir='ltr'><strong>in</strong></span> <span class='ocrx_word' id='word_1_628' title='bbox 3685 2437 3852 2494; x_wconf 82' lang='lat' dir='ltr'><strong>tribus</strong></span> 
     </span>
    </p>
   </div>
   <div class='ocr_carea' id='block_1_83' title="bbox 2273 2513 3852 2590">
    <p class='ocr_par' dir='ltr' id='par_1_83' title="bbox 2273 2513 3852 2590">
     <span class='ocr_line' id='line_1_83' title="bbox 2273 2513 3852 2590; baseline 0.013 -24"><span class='ocrx_word' id='word_1_629' title='bbox 2273 2513 2472 2566; x_wconf 83' lang='lat' dir='ltr'><strong>sanctis</strong></span> <span class='ocrx_word' id='word_1_630' title='bbox 2516 2515 2832 2582; x_wconf 89' lang='lat' dir='ltr'><strong>patriarchis</strong></span> <span class='ocrx_word' id='word_1_631' title='bbox 2863 2520 2982 2584; x_wconf 90' lang='lat' dir='ltr'><strong>tuis,</strong></span> <span class='ocrx_word' id='word_1_632' title='bbox 3016 2520 3282 2577; x_wconf 84' lang='lat' dir='ltr'><strong>Abraham</strong></span> <span class='ocrx_word' id='word_1_633' title='bbox 3313 2526 3587 2590; x_wconf 79' lang='lat' dir='ltr'><strong>videlicet,</strong></span> <span class='ocrx_word' id='word_1_634' title='bbox 3619 2527 3767 2585; x_wconf 85' lang='lat' dir='ltr'><strong>Isaac</strong></span> <span class='ocrx_word' id='word_1_635' title='bbox 3795 2541 3852 2587; x_wconf 91' lang='lat' dir='ltr'><strong>et</strong></span> 
     </span>
    </p>
   </div>
   <div class='ocr_carea' id='block_1_84' title="bbox 2272 2600 3848 2683">
    <p class='ocr_par' dir='ltr' id='par_1_84' title="bbox 2272 2600 3848 2683">
     <span class='ocr_line' id='line_1_84' title="bbox 2272 2600 3848 2683; baseline 0.013 -28"><span class='ocrx_word' id='word_1_636' title='bbox 2272 2600 2456 2669; x_wconf 81' lang='lat' dir='ltr'><strong>Jacob,</strong></span> <span class='ocrx_word' id='word_1_637' title='bbox 2499 2606 2712 2660; x_wconf 90' lang='lat' dir='ltr'><strong>voluisti</strong></span> <span class='ocrx_word' id='word_1_638' title='bbox 2764 2609 2902 2662; x_wconf 82' lang='lat' dir='ltr'><strong>trina</strong></span> <span class='ocrx_word' id='word_1_639' title='bbox 2949 2610 3287 2668; x_wconf 85' lang='lat' dir='ltr'><strong>invocatione</strong></span> <span class='ocrx_word' id='word_1_640' title='bbox 3333 2616 3623 2683; x_wconf 89' lang='lat' dir='ltr'><strong>gloriosum</strong></span> <span class='ocrx_word' id='word_1_641' title='bbox 3652 2636 3848 2677; x_wconf 91' lang='lat' dir='ltr'><strong>nomen</strong></span> 
     </span>
    </p>
   </div>
   <div class='ocr_carea' id='block_1_85' title="bbox 2274 2697 3850 2771">
    <p class='ocr_par' dir='ltr' id='par_1_85' title="bbox 2274 2697 3850 2771">
     <span class='ocr_line' id='line_1_85' title="bbox 2274 2697 3850 2771; baseline 0.012 -23"><span class='ocrx_word' id='word_1_642' title='bbox 2274 2702 2424 2749; x_wconf 93' lang='lat' dir='ltr'><strong>tuum</strong></span> <span class='ocrx_word' id='word_1_643' title='bbox 2455 2697 2712 2762; x_wconf 87' lang='lat' dir='ltr'><strong>invocari,</strong></span> <span class='ocrx_word' id='word_1_644' title='bbox 2735 2708 2792 2770; x_wconf 84' lang='lat' dir='ltr'><strong>ut</strong></span> <span class='ocrx_word' id='word_1_645' title='bbox 2818 2716 2915 2770; x_wconf 90' lang='lat' dir='ltr'><strong>per</strong></span> <span class='ocrx_word' id='word_1_646' title='bbox 2938 2702 3265 2771; x_wconf 88' lang='lat' dir='ltr'><strong>unigenitum</strong></span> <span class='ocrx_word' id='word_1_647' title='bbox 3284 2705 3473 2760; x_wconf 84' lang='lat' dir='ltr'><strong>Filium</strong></span> <span class='ocrx_word' id='word_1_648' title='bbox 3501 2718 3646 2763; x_wconf 92' lang='lat' dir='ltr'><strong>tuum</strong></span> <span class='ocrx_word' id='word_1_649' title='bbox 3667 2709 3850 2767; x_wconf 85' lang='lat' dir='ltr'><strong>Jesum</strong></span> 
     </span>
    </p>
   </div>
   <div class='ocr_carea' id='block_1_86' title="bbox 2274 2787 3850 2874">
    <p class='ocr_par' dir='ltr' id='par_1_86' title="bbox 2274 2787 3850 2874">
     <span class='ocr_line' id='line_1_86' title="bbox 2274 2787 3850 2874; baseline 0.013 -35"><span class='ocrx_word' id='word_1_650' title='bbox 2274 2787 2551 2842; x_wconf 77' lang='lat' dir='ltr'><strong>catholica:</strong></span> <span class='ocrx_word' id='word_1_651' title='bbox 2589 2788 2707 2844; x_wconf 90' lang='lat' dir='ltr'><strong>lidei</strong></span> <span class='ocrx_word' id='word_1_652' title='bbox 2739 2792 2972 2847; x_wconf 90' lang='lat' dir='ltr'><strong>cultores</strong></span> <span class='ocrx_word' id='word_1_653' title='bbox 3011 2795 3192 2849; x_wconf 81' lang='lat' dir='ltr'><strong>eximii</strong></span> <span class='ocrx_word' id='word_1_654' title='bbox 3237 2809 3606 2864; x_wconf 83' lang='lat' dir='ltr'><strong>agnoscerent.</strong></span> <span class='ocrx_word' id='word_1_655' title='bbox 3648 2813 3702 2856; x_wconf 88' lang='lat' dir='ltr'><strong>et</strong></span> <span class='ocrx_word' id='word_1_656' title='bbox 3727 2821 3850 2874; x_wconf 86' lang='lat' dir='ltr'><strong>per-</strong></span> 
     </span>
    </p>
   </div>
   <div class='ocr_carea' id='block_1_87' title="bbox 2273 2874 3850 2958">
    <p class='ocr_par' dir='ltr' id='par_1_87' title="bbox 2273 2874 3850 2958">
     <span class='ocr_line' id='line_1_87' title="bbox 2273 2874 3850 2958; baseline 0.015 -30"><span class='ocrx_word' id='word_1_657' title='bbox 2273 2874 2413 2931; x_wconf 85' lang='lat' dir='ltr'><strong>fecte</strong></span> <span class='ocrx_word' id='word_1_658' title='bbox 2441 2879 2747 2946; x_wconf 90' lang='lat' dir='ltr'><strong>crederent,</strong></span> <span class='ocrx_word' id='word_1_659' title='bbox 2779 2883 2920 2950; x_wconf 89' lang='lat' dir='ltr'><strong>quod</strong></span> <span class='ocrx_word' id='word_1_660' title='bbox 2968 2884 3020 2937; x_wconf 91' lang='lat' dir='ltr'><strong>in</strong></span> <span class='ocrx_word' id='word_1_661' title='bbox 3048 2884 3306 2942; x_wconf 87' lang='lat' dir='ltr'><strong>Trinitate</strong></span> <span class='ocrx_word' id='word_1_662' title='bbox 3344 2890 3579 2958; x_wconf 87' lang='lat' dir='ltr'><strong>perfecta</strong></span> <span class='ocrx_word' id='word_1_663' title='bbox 3610 2891 3751 2951; x_wconf 91' lang='lat' dir='ltr'><strong>Deus</strong></span> <span class='ocrx_word' id='word_1_664' title='bbox 3780 2896 3850 2952; x_wconf 81' lang='lat' dir='ltr'><strong>sis</strong></span> 
     </span>
    </p>
   </div>
   <div class='ocr_carea' id='block_1_88' title="bbox 2275 2965 3846 3052">
    <p class='ocr_par' dir='ltr' id='par_1_88' title="bbox 2275 2965 3846 3052">
     <span class='ocr_line' id='line_1_88' title="bbox 2275 2965 3846 3052; baseline 0.015 -33"><span class='ocrx_word' id='word_1_665' title='bbox 2275 2965 2435 3022; x_wconf 90' lang='lat' dir='ltr'><strong>Pater</strong></span> <span class='ocrx_word' id='word_1_666' title='bbox 2463 2969 2744 3036; x_wconf 87' lang='lat' dir='ltr'><strong>ingenitus,</strong></span> <span class='ocrx_word' id='word_1_667' title='bbox 2774 2975 2992 3040; x_wconf 81' lang='lat' dir='ltr'><strong>:equalis</strong></span> <span class='ocrx_word' id='word_1_668' title='bbox 3020 2974 3155 3031; x_wconf 83' lang='lat' dir='ltr'><strong>Filio</strong></span> <span class='ocrx_word' id='word_1_669' title='bbox 3186 2980 3476 3048; x_wconf 73' lang='lat' dir='ltr'><strong>unigeulto,</strong></span> <span class='ocrx_word' id='word_1_670' title='bbox 3509 2993 3670 3052; x_wconf 89' lang='lat' dir='ltr'><strong>atque</strong></span> <span class='ocrx_word' id='word_1_671' title='bbox 3700 3003 3846 3042; x_wconf 82' lang='lat' dir='ltr'><strong>cum-</strong></span> 
     </span>
    </p>
   </div>
   <div class='ocr_carea' id='block_1_89' title="bbox 2273 3059 3840 3140">
    <p class='ocr_par' dir='ltr' id='par_1_89' title="bbox 2273 3059 3840 3140">
     <span class='ocr_line' id='line_1_89' title="bbox 2273 3059 3840 3140; baseline 0.015 -30"><span class='ocrx_word' id='word_1_672' title='bbox 2273 3074 2372 3128; x_wconf 90' lang='lat' dir='ltr'><strong>par</strong></span> <span class='ocrx_word' id='word_1_673' title='bbox 2399 3059 2454 3128; x_wconf 48' lang='lat' dir='ltr'><strong>S.</strong></span> <span class='ocrx_word' id='word_1_674' title='bbox 2478 3061 2619 3115; x_wconf 90' lang='lat' dir='ltr'><strong>iritui</strong></span> <span class='ocrx_word' id='word_1_675' title='bbox 2657 3074 2848 3119; x_wconf 91' lang='lat' dir='ltr'><strong>sancto</strong></span> <span class='ocrx_word' id='word_1_676' title='bbox 2877 3083 2888 3117; x_wconf 92' lang='lat'><strong>:</strong></span> <span class='ocrx_word' id='word_1_677' title='bbox 2932 3064 3090 3122; x_wconf 89' lang='lat' dir='ltr'><strong>Pater</strong></span> <span class='ocrx_word' id='word_1_678' title='bbox 3116 3085 3293 3135; x_wconf 77' lang='lat' dir='ltr'><strong>verus,</strong></span> <span class='ocrx_word' id='word_1_679' title='bbox 3327 3072 3414 3140; x_wconf 93' lang='lat' dir='ltr'><strong>qui</strong></span> <span class='ocrx_word' id='word_1_680' title='bbox 3445 3073 3636 3129; x_wconf 84' lang='lat' dir='ltr'><strong>Filium</strong></span> <span class='ocrx_word' id='word_1_681' title='bbox 3665 3093 3840 3134; x_wconf 86' lang='lat' dir='ltr'><strong>verum</strong></span> 
     </span>
    </p>
   </div>
   <div class='ocr_carea' id='block_1_90' title="bbox 2275 3153 3837 3224">
    <p class='ocr_par' dir='ltr' id='par_1_90' title="bbox 2275 3153 3837 3224">
     <span class='ocr_line' id='line_1_90' title="bbox 2275 3153 3837 3224; baseline 0.015 -22"><span class='ocrx_word' id='word_1_682' title='bbox 2275 3160 2398 3205; x_wconf 90' lang='lat' dir='ltr'><strong>ante</strong></span> <span class='ocrx_word' id='word_1_683' title='bbox 2434 3153 2616 3207; x_wconf 90' lang='lat' dir='ltr'><strong>mundi</strong></span> <span class='ocrx_word' id='word_1_684' title='bbox 2647 3159 3082 3215; x_wconf 90' lang='lat' dir='ltr'><strong>constitutionem</strong></span> <span class='ocrx_word' id='word_1_685' title='bbox 3111 3171 3166 3216; x_wconf 91' lang='lat' dir='ltr'><strong>et</strong></span> <span class='ocrx_word' id='word_1_686' title='bbox 3214 3172 3339 3219; x_wconf 89' lang='lat' dir='ltr'><strong>ante</strong></span> <span class='ocrx_word' id='word_1_687' title='bbox 3377 3181 3554 3221; x_wconf 89' lang='lat' dir='ltr'><strong>rerum</strong></span> <span class='ocrx_word' id='word_1_688' title='bbox 3585 3171 3837 3224; x_wconf 82' lang='lat' dir='ltr'><strong>stabilita-</strong></span> 
     </span>
    </p>
   </div>
   <div class='ocr_carea' id='block_1_91' title="bbox 2197 3219 3844 3330">
    <p class='ocr_par' dir='ltr' id='par_1_91' title="bbox 2197 3219 3844 3330">
     <span class='ocr_line' id='line_1_91' title="bbox 2197 3219 3844 3330; baseline 0.015 -37"><span class='ocrx_word' id='word_1_689' title='bbox 2197 3219 2244 3283; x_wconf 64' lang='grc' dir='ltr'><strong>(ἶ</strong></span> <span class='ocrx_word' id='word_1_690' title='bbox 2275 3249 2382 3296; x_wconf 92' lang='lat' dir='ltr'><strong>tem</strong></span> <span class='ocrx_word' id='word_1_691' title='bbox 2411 3245 2656 3310; x_wconf 86' lang='lat' dir='ltr'><strong>genuisti,</strong></span> <span class='ocrx_word' id='word_1_692' title='bbox 2689 3250 2778 3317; x_wconf 92' lang='lat' dir='ltr'><strong>qui</strong></span> <span class='ocrx_word' id='word_1_693' title='bbox 2813 3249 3066 3319; x_wconf 91' lang='lat' dir='ltr'><strong>Spiritum</strong></span> <span class='ocrx_word' id='word_1_694' title='bbox 3097 3265 3339 3309; x_wconf 89' lang='lat' dir='ltr'><strong>sanctum</strong></span> <span class='ocrx_word' id='word_1_695' title='bbox 3371 3272 3437 3311; x_wconf 81' lang='lat' dir='ltr'><strong>ex</strong></span> <span class='ocrx_word' id='word_1_696' title='bbox 3470 3266 3522 3313; x_wconf 91' lang='lat' dir='ltr'><strong>te</strong></span> <span class='ocrx_word' id='word_1_697' title='bbox 3551 3262 3844 3330; x_wconf 87' lang='lat' dir='ltr'><strong>proceden-</strong></span> 
     </span>
    </p>
   </div>
   <div class='ocr_carea' id='block_1_92' title="bbox 2274 3335 3848 3415">
    <p class='ocr_par' dir='ltr' id='par_1_92' title="bbox 2274 3335 3848 3415">
     <span class='ocr_line' id='line_1_92' title="bbox 2274 3335 3848 3415; baseline 0.014 -29"><span class='ocrx_word' id='word_1_698' title='bbox 2274 3341 2381 3388; x_wconf 90' lang='lat' dir='ltr'><strong>tem</strong></span> <span class='ocrx_word' id='word_1_699' title='bbox 2411 3335 2480 3389; x_wconf 91' lang='lat' dir='ltr'><strong>de</strong></span> <span class='ocrx_word' id='word_1_700' title='bbox 2520 3337 2672 3392; x_wconf 75' lang='lat' dir='ltr'><strong>cmlis</strong></span> <span class='ocrx_word' id='word_1_701' title='bbox 2715 3347 2770 3392; x_wconf 93' lang='lat' dir='ltr'><strong>ut</strong></span> <span class='ocrx_word' id='word_1_702' title='bbox 2798 3342 2959 3415; x_wconf 83' lang='lat' dir='ltr'><strong>corda</strong></span> <span class='ocrx_word' id='word_1_703' title='bbox 3004 3343 3386 3415; x_wconf 82' lang='lat' dir='ltr'><strong>discipulorum</strong></span> <span class='ocrx_word' id='word_1_704' title='bbox 3424 3357 3637 3405; x_wconf 90' lang='lat' dir='ltr'><strong>tuorum</strong></span> <span class='ocrx_word' id='word_1_705' title='bbox 3667 3368 3848 3408; x_wconf 84' lang='lat' dir='ltr'><strong>corro-</strong></span> 
     </span>
    </p>
   </div>
   <div class='ocr_carea' id='block_1_93' title="bbox 2273 3411 3846 3511">
    <p class='ocr_par' dir='ltr' id='par_1_93' title="bbox 2273 3411 3846 3511">
     <span class='ocr_line' id='line_1_93' title="bbox 2273 3411 3846 3511; baseline 0.013 -31"><span class='ocrx_word' id='word_1_706' title='bbox 2273 3426 2519 3494; x_wconf 86' lang='lat' dir='ltr'><strong>boraret,</strong></span> <span class='ocrx_word' id='word_1_707' title='bbox 2568 3439 2622 3484; x_wconf 90' lang='lat' dir='ltr'><strong>et</strong></span> <span class='ocrx_word' id='word_1_708' title='bbox 2661 3411 2857 3487; x_wconf 67' lang='lat' dir='ltr'><strong>nomén</strong></span> <span class='ocrx_word' id='word_1_709' title='bbox 2902 3435 3096 3490; x_wconf 81' lang='lat' dir='ltr'><strong>Christi</strong></span> <span class='ocrx_word' id='word_1_710' title='bbox 3141 3438 3444 3497; x_wconf 90' lang='lat' dir='ltr'><strong>hominibus</strong></span> <span class='ocrx_word' id='word_1_711' title='bbox 3493 3443 3846 3511; x_wconf 82' lang='lat' dir='ltr'><strong>clariﬁcaret,</strong></span> 
     </span>
    </p>
   </div>
   <div class='ocr_carea' id='block_1_94' title="bbox 2275 3520 3846 3603">
    <p class='ocr_par' dir='ltr' id='par_1_94' title="bbox 2275 3520 3846 3603">
     <span class='ocr_line' id='line_1_94' title="bbox 2275 3520 3846 3603; baseline 0.011 -32"><span class='ocrx_word' id='word_1_712' title='bbox 2275 3520 2610 3577; x_wconf 80' lang='lat' dir='ltr'><strong>transmisisti</strong></span> <span class='ocrx_word' id='word_1_713' title='bbox 2640 3540 2652 3574; x_wconf 91' lang='lat'><strong>:</strong></span> <span class='ocrx_word' id='word_1_714' title='bbox 2684 3522 2834 3591; x_wconf 88' lang='lat' dir='ltr'><strong>cujus</strong></span> <span class='ocrx_word' id='word_1_715' title='bbox 2860 3541 2983 3579; x_wconf 91' lang='lat' dir='ltr'><strong>vera</strong></span> <span class='ocrx_word' id='word_1_716' title='bbox 3008 3526 3239 3584; x_wconf 88' lang='lat' dir='ltr'><strong>Trinitas</strong></span> <span class='ocrx_word' id='word_1_717' title='bbox 3275 3532 3516 3586; x_wconf 85' lang='lat' dir='ltr'><strong>consistit</strong></span> <span class='ocrx_word' id='word_1_718' title='bbox 3544 3535 3594 3586; x_wconf 90' lang='lat' dir='ltr'><strong>in</strong></span> <span class='ocrx_word' id='word_1_719' title='bbox 3619 3535 3846 3603; x_wconf 87' lang='lat' dir='ltr'><strong>unitate,</strong></span> 
     </span>
    </p>
   </div>
   <div class='ocr_carea' id='block_1_95' title="bbox 2274 3612 3854 3697">
    <p class='ocr_par' dir='ltr' id='par_1_95' title="bbox 2274 3612 3854 3697">
     <span class='ocr_line' id='line_1_95' title="bbox 2274 3612 3854 3697; baseline 0.014 -34"><span class='ocrx_word' id='word_1_720' title='bbox 2274 3625 2379 3664; x_wconf 89' lang='lat' dir='ltr'><strong>una</strong></span> <span class='ocrx_word' id='word_1_721' title='bbox 2411 3612 2588 3668; x_wconf 88' lang='lat' dir='ltr'><strong>Deitas</strong></span> <span class='ocrx_word' id='word_1_722' title='bbox 2617 3625 2896 3684; x_wconf 89' lang='lat' dir='ltr'><strong>permanet</strong></span> <span class='ocrx_word' id='word_1_723' title='bbox 2925 3621 2975 3672; x_wconf 94' lang='lat' dir='ltr'><strong>in</strong></span> <span class='ocrx_word' id='word_1_724' title='bbox 3007 3619 3288 3691; x_wconf 87' lang='lat' dir='ltr'><strong>Trinitate,</strong></span> <span class='ocrx_word' id='word_1_725' title='bbox 3324 3641 3421 3694; x_wconf 90' lang='lat' dir='ltr'><strong>par</strong></span> <span class='ocrx_word' id='word_1_726' title='bbox 3449 3625 3598 3691; x_wconf 86' lang='lat' dir='ltr'><strong>Filio,</strong></span> <span class='ocrx_word' id='word_1_727' title='bbox 3627 3629 3854 3697; x_wconf 82' lang='lat' dir='ltr'><strong>:cqualis</strong></span> 
     </span>
    </p>
   </div>
   <div class='ocr_carea' id='block_1_96' title="bbox 2275 3701 3854 3784">
    <p class='ocr_par' dir='ltr' id='par_1_96' title="bbox 2275 3701 3854 3784">
     <span class='ocr_line' id='line_1_96' title="bbox 2275 3701 3854 3784; baseline 0.013 -29"><span class='ocrx_word' id='word_1_728' title='bbox 2275 3701 2494 3772; x_wconf 89' lang='lat' dir='ltr'><strong>Spiritui</strong></span> <span class='ocrx_word' id='word_1_729' title='bbox 2525 3715 2729 3761; x_wconf 91' lang='lat' dir='ltr'><strong>sancto.</strong></span> <span class='ocrx_word' id='word_1_730' title='bbox 2763 3710 2900 3764; x_wconf 84' lang='lat' dir='ltr'><strong>Nihil</strong></span> <span class='ocrx_word' id='word_1_731' title='bbox 2923 3714 3062 3766; x_wconf 91' lang='lat' dir='ltr'><strong>enim</strong></span> <span class='ocrx_word' id='word_1_732' title='bbox 3093 3716 3264 3784; x_wconf 89' lang='lat' dir='ltr'><strong>majus</strong></span> <span class='ocrx_word' id='word_1_733' title='bbox 3287 3718 3400 3784; x_wconf 87' lang='lat' dir='ltr'><strong>tibi,</strong></span> <span class='ocrx_word' id='word_1_734' title='bbox 3431 3720 3561 3773; x_wconf 92' lang='lat' dir='ltr'><strong>nihil</strong></span> <span class='ocrx_word' id='word_1_735' title='bbox 3591 3722 3762 3776; x_wconf 88' lang='lat' dir='ltr'><strong>minus</strong></span> <span class='ocrx_word' id='word_1_736' title='bbox 3782 3725 3854 3776; x_wconf 88' lang='lat' dir='ltr'><strong>al-</strong></span> 
     </span>
    </p>
   </div>
   <div class='ocr_carea' id='block_1_97' title="bbox 2276 3795 3848 3881">
    <p class='ocr_par' dir='ltr' id='par_1_97' title="bbox 2276 3795 3848 3881">
     <span class='ocr_line' id='line_1_97' title="bbox 2276 3795 3848 3881; baseline 0.012 -33"><span class='ocrx_word' id='word_1_737' title='bbox 2276 3795 2394 3849; x_wconf 92' lang='lat' dir='ltr'><strong>teri.</strong></span> <span class='ocrx_word' id='word_1_738' title='bbox 2423 3795 2492 3850; x_wconf 86' lang='lat' dir='ltr'><strong>Es</strong></span> <span class='ocrx_word' id='word_1_739' title='bbox 2513 3799 2654 3852; x_wconf 89' lang='lat' dir='ltr'><strong>enim</strong></span> <span class='ocrx_word' id='word_1_740' title='bbox 2683 3801 2820 3855; x_wconf 79' lang='lat' dir='ltr'><strong>idem</strong></span> <span class='ocrx_word' id='word_1_741' title='bbox 2844 3804 3038 3874; x_wconf 90' lang='lat' dir='ltr'><strong>ubique</strong></span> <span class='ocrx_word' id='word_1_742' title='bbox 3058 3805 3215 3873; x_wconf 87' lang='lat' dir='ltr'><strong>Deus,</strong></span> <span class='ocrx_word' id='word_1_743' title='bbox 3240 3809 3434 3878; x_wconf 92' lang='lat' dir='ltr'><strong>ubique</strong></span> <span class='ocrx_word' id='word_1_744' title='bbox 3464 3819 3552 3864; x_wconf 89' lang='lat' dir='ltr'><strong>tua</strong></span> <span class='ocrx_word' id='word_1_745' title='bbox 3580 3811 3848 3881; x_wconf 86' lang='lat' dir='ltr'><strong>majestas,</strong></span> 
     </span>
    </p>
   </div>
   <div class='ocr_carea' id='block_1_98' title="bbox 2276 3889 3852 3966">
    <p class='ocr_par' dir='ltr' id='par_1_98' title="bbox 2276 3889 3852 3966">
     <span class='ocr_line' id='line_1_98' title="bbox 2276 3889 3852 3966; baseline 0.011 -27"><span class='ocrx_word' id='word_1_746' title='bbox 2276 3894 2422 3940; x_wconf 92' lang='lat' dir='ltr'><strong>tuum</strong></span> <span class='ocrx_word' id='word_1_747' title='bbox 2461 3889 2767 3958; x_wconf 89' lang='lat' dir='ltr'><strong>imperium,</strong></span> <span class='ocrx_word' id='word_1_748' title='bbox 2825 3903 2911 3947; x_wconf 91' lang='lat' dir='ltr'><strong>tua</strong></span> <span class='ocrx_word' id='word_1_749' title='bbox 2953 3898 3212 3964; x_wconf 89' lang='lat' dir='ltr'><strong>potentia,</strong></span> <span class='ocrx_word' id='word_1_750' title='bbox 3244 3899 3332 3966; x_wconf 91' lang='lat' dir='ltr'><strong>qui</strong></span> <span class='ocrx_word' id='word_1_751' title='bbox 3378 3903 3557 3954; x_wconf 90' lang='lat' dir='ltr'><strong>omnia</strong></span> <span class='ocrx_word' id='word_1_752' title='bbox 3589 3919 3653 3956; x_wconf 88' lang='lat' dir='ltr'><strong>ex</strong></span> <span class='ocrx_word' id='word_1_753' title='bbox 3685 3905 3852 3956; x_wconf 87' lang='lat' dir='ltr'><strong>nihilo</strong></span> 
     </span>
    </p>
   </div>
   <div class='ocr_carea' id='block_1_99' title="bbox 2276 3977 3853 4057">
    <p class='ocr_par' dir='ltr' id='par_1_99' title="bbox 2276 3977 3853 4057">
     <span class='ocr_line' id='line_1_99' title="bbox 2276 3977 3853 4057; baseline 0.011 -27"><span class='ocrx_word' id='word_1_754' title='bbox 2276 3991 2372 4046; x_wconf 90' lang='lat' dir='ltr'><strong>per</strong></span> <span class='ocrx_word' id='word_1_755' title='bbox 2391 3977 2727 4047; x_wconf 86' lang='lat' dir='ltr'><strong>Unigenitum</strong></span> <span class='ocrx_word' id='word_1_756' title='bbox 2749 3992 2893 4037; x_wconf 92' lang='lat' dir='ltr'><strong>tuum</strong></span> <span class='ocrx_word' id='word_1_757' title='bbox 2923 3985 3191 4040; x_wconf 90' lang='lat' dir='ltr'><strong>formasti:</strong></span> <span class='ocrx_word' id='word_1_758' title='bbox 3213 3990 3301 4057; x_wconf 93' lang='lat' dir='ltr'><strong>qui</strong></span> <span class='ocrx_word' id='word_1_759' title='bbox 3325 3989 3655 4045; x_wconf 87' lang='lat' dir='ltr'><strong>descendens</strong></span> <span class='ocrx_word' id='word_1_760' title='bbox 3678 3993 3727 4046; x_wconf 91' lang='lat' dir='ltr'><strong>in</strong></span> <span class='ocrx_word' id='word_1_761' title='bbox 3745 4003 3853 4048; x_wconf 86' lang='lat' dir='ltr'><strong>ule-</strong></span> 
     </span>
    </p>
   </div>
   <div class='ocr_carea' id='block_1_100' title="bbox 2276 4071 3852 4144">
    <p class='ocr_par' dir='ltr' id='par_1_100' title="bbox 2276 4071 3852 4144">
     <span class='ocr_line' id='line_1_100' title="bbox 2276 4071 3852 4144; baseline 0.01 -23"><span class='ocrx_word' id='word_1_762' title='bbox 2276 4084 2393 4123; x_wconf 92' lang='lat' dir='ltr'><strong>rum</strong></span> <span class='ocrx_word' id='word_1_763' title='bbox 2421 4071 2852 4127; x_wconf 72' lang='lat' dir='ltr'><strong>incontaminalm</strong></span> <span class='ocrx_word' id='word_1_764' title='bbox 2869 4075 3099 4144; x_wconf 81' lang='lat' dir='ltr'><strong>Virginis</strong></span> <span class='ocrx_word' id='word_1_765' title='bbox 3121 4077 3343 4134; x_wconf 84' lang='lat' dir='ltr'><strong>formam</strong></span> <span class='ocrx_word' id='word_1_766' title='bbox 3367 4083 3640 4137; x_wconf 84' lang='lat' dir='ltr'><strong>servitutis</strong></span> <span class='ocrx_word' id='word_1_767' title='bbox 3659 4095 3852 4137; x_wconf 73' lang='lat' dir='ltr'><strong>nostra:</strong></span> 
     </span>
    </p>
   </div>
   <div class='ocr_carea' id='block_1_101' title="bbox 2273 4160 3848 4242">
    <p class='ocr_par' dir='ltr' id='par_1_101' title="bbox 2273 4160 3848 4242">
     <span class='ocr_line' id='line_1_101' title="bbox 2273 4160 3848 4242; baseline 0.008 -28"><span class='ocrx_word' id='word_1_768' title='bbox 2273 4160 2522 4228; x_wconf 87' lang='lat' dir='ltr'><strong>dignatus</strong></span> <span class='ocrx_word' id='word_1_769' title='bbox 2571 4179 2630 4217; x_wconf 87' lang='lat' dir='ltr'><strong>es</strong></span> <span class='ocrx_word' id='word_1_770' title='bbox 2672 4165 2934 4233; x_wconf 91' lang='lat' dir='ltr'><strong>accipere,</strong></span> <span class='ocrx_word' id='word_1_771' title='bbox 2977 4175 3031 4221; x_wconf 90' lang='lat' dir='ltr'><strong>et</strong></span> <span class='ocrx_word' id='word_1_772' title='bbox 3061 4169 3326 4237; x_wconf 86' lang='lat' dir='ltr'><strong>perfectus</strong></span> <span class='ocrx_word' id='word_1_773' title='bbox 3371 4171 3514 4226; x_wconf 86' lang='lat' dir='ltr'><strong>Deus</strong></span> <span class='ocrx_word' id='word_1_774' title='bbox 3557 4173 3848 4242; x_wconf 79' lang='lat' dir='ltr'><strong>perfectum</strong></span> 
     </span>
    </p>
   </div>
   <div class='ocr_carea' id='block_1_102' title="bbox 2275 4251 3848 4321">
    <p class='ocr_par' dir='ltr' id='par_1_102' title="bbox 2275 4251 3848 4321">
     <span class='ocr_line' id='line_1_102' title="bbox 2275 4251 3848 4321; baseline 0.011 -18"><span class='ocrx_word' id='word_1_775' title='bbox 2275 4251 2545 4305; x_wconf 89' lang='lat' dir='ltr'><strong>hominem</strong></span> <span class='ocrx_word' id='word_1_776' title='bbox 2576 4252 2828 4318; x_wconf 90' lang='lat' dir='ltr'><strong>induere,</strong></span> <span class='ocrx_word' id='word_1_777' title='bbox 2877 4265 2933 4310; x_wconf 94' lang='lat' dir='ltr'><strong>ut</strong></span> <span class='ocrx_word' id='word_1_778' title='bbox 2981 4257 3286 4316; x_wconf 89' lang='lat' dir='ltr'><strong>hominibus</strong></span> <span class='ocrx_word' id='word_1_779' title='bbox 3323 4263 3634 4319; x_wconf 88' lang='lat' dir='ltr'><strong>subveniret</strong></span> <span class='ocrx_word' id='word_1_780' title='bbox 3683 4265 3848 4321; x_wconf 87' lang='lat' dir='ltr'><strong>factus</strong></span> 
     </span>
    </p>
   </div>
   <div class='ocr_carea' id='block_1_103' title="bbox 2275 4350 3848 4425">
    <p class='ocr_par' dir='ltr' id='par_1_103' title="bbox 2275 4350 3848 4425">
     <span class='ocr_line' id='line_1_103' title="bbox 2275 4350 3848 4425; baseline 0.01 -27"><span class='ocrx_word' id='word_1_781' title='bbox 2275 4359 2424 4409; x_wconf 86' lang='lat' dir='ltr'><strong>caro,</strong></span> <span class='ocrx_word' id='word_1_782' title='bbox 2448 4356 2501 4400; x_wconf 93' lang='lat' dir='ltr'><strong>et</strong></span> <span class='ocrx_word' id='word_1_783' title='bbox 2523 4364 2628 4401; x_wconf 91' lang='lat' dir='ltr'><strong>non</strong></span> <span class='ocrx_word' id='word_1_784' title='bbox 2659 4350 2939 4407; x_wconf 89' lang='lat' dir='ltr'><strong>credentes</strong></span> <span class='ocrx_word' id='word_1_785' title='bbox 2961 4354 3026 4406; x_wconf 89' lang='lat' dir='ltr'><strong>ad</strong></span> <span class='ocrx_word' id='word_1_786' title='bbox 3057 4357 3193 4409; x_wconf 88' lang='lat' dir='ltr'><strong>viam</strong></span> <span class='ocrx_word' id='word_1_787' title='bbox 3218 4358 3458 4413; x_wconf 88' lang='lat' dir='ltr'><strong>veritatis</strong></span> <span class='ocrx_word' id='word_1_788' title='bbox 3488 4370 3848 4425; x_wconf 86' lang='lat' dir='ltr'><strong>converteret,</strong></span> 
     </span>
    </p>
   </div>
   <div class='ocr_carea' id='block_1_104' title="bbox 2277 4435 3851 4516">
    <p class='ocr_par' dir='ltr' id='par_1_104' title="bbox 2277 4435 3851 4516">
     <span class='ocr_line' id='line_1_104' title="bbox 2277 4435 3851 4516; baseline 0.008 -27"><span class='ocrx_word' id='word_1_789' title='bbox 2277 4435 2581 4490; x_wconf 89' lang='lat' dir='ltr'><strong>incarnatus</strong></span> <span class='ocrx_word' id='word_1_790' title='bbox 2611 4437 2790 4491; x_wconf 92' lang='lat' dir='ltr'><strong>homo.</strong></span> <span class='ocrx_word' id='word_1_791' title='bbox 2823 4439 2923 4505; x_wconf 85' lang='lat' dir='ltr'><strong>Qui</strong></span> <span class='ocrx_word' id='word_1_792' title='bbox 2949 4451 3068 4511; x_wconf 90' lang='lat' dir='ltr'><strong>post</strong></span> <span class='ocrx_word' id='word_1_793' title='bbox 3095 4453 3304 4512; x_wconf 90' lang='lat' dir='ltr'><strong>partum</strong></span> <span class='ocrx_word' id='word_1_794' title='bbox 3337 4444 3564 4512; x_wconf 81' lang='lat' dir='ltr'><strong>Virginis</strong></span> <span class='ocrx_word' id='word_1_795' title='bbox 3587 4464 3718 4516; x_wconf 88' lang='lat' dir='ltr'><strong>puer</strong></span> <span class='ocrx_word' id='word_1_796' title='bbox 3739 4450 3851 4502; x_wconf 86' lang='lat' dir='ltr'><strong>eol-</strong></span> 
     </span>
    </p>
   </div>
   <div class='ocr_carea' id='block_1_105' title="bbox 2276 4526 3852 4593">
    <p class='ocr_par' dir='ltr' id='par_1_105' title="bbox 2276 4526 3852 4593">
     <span class='ocr_line' id='line_1_105' title="bbox 2276 4526 3852 4593; baseline 0.008 -13"><span class='ocrx_word' id='word_1_797' title='bbox 2276 4526 2483 4580; x_wconf 90' lang='lat' dir='ltr'><strong>locatus</strong></span> <span class='ocrx_word' id='word_1_798' title='bbox 2510 4527 2561 4580; x_wconf 91' lang='lat' dir='ltr'><strong>in</strong></span> <span class='ocrx_word' id='word_1_799' title='bbox 2601 4529 2878 4585; x_wconf 90' lang='lat' dir='ltr'><strong>cunabulis</strong></span> <span class='ocrx_word' id='word_1_800' title='bbox 2901 4531 3251 4589; x_wconf 85' lang='lat' dir='ltr'><strong>humilitatem</strong></span> <span class='ocrx_word' id='word_1_801' title='bbox 3286 4536 3611 4591; x_wconf 90' lang='lat' dir='ltr'><strong>conditionis</strong></span> <span class='ocrx_word' id='word_1_802' title='bbox 3642 4538 3852 4593; x_wconf 90' lang='lat' dir='ltr'><strong>sibimet</strong></span> 
     </span>
    </p>
   </div>
   <div class='ocr_carea' id='block_1_106' title="bbox 2563 4619 3851 4697">
    <p class='ocr_par' dir='ltr' id='par_1_106' title="bbox 2563 4619 3851 4697">
     <span class='ocr_line' id='line_1_106' title="bbox 2563 4619 3851 4697; baseline 0.009 -27"><span class='ocrx_word' id='word_1_803' title='bbox 2563 4637 2575 4669; x_wconf 90' lang='lat'><strong>:</strong></span> <span class='ocrx_word' id='word_1_804' title='bbox 2635 4619 2726 4687; x_wconf 92' lang='lat' dir='ltr'><strong>qui</strong></span> <span class='ocrx_word' id='word_1_805' title='bbox 2781 4623 3083 4688; x_wconf 87' lang='lat' dir='ltr'><strong>pastoribus</strong></span> <span class='ocrx_word' id='word_1_806' title='bbox 3138 4625 3522 4692; x_wconf 89' lang='lat' dir='ltr'><strong>vigilantibus,</strong></span> <span class='ocrx_word' id='word_1_807' title='bbox 3577 4628 3851 4697; x_wconf 83' lang='lat' dir='ltr'><strong>magisque</strong></span> 
     </span>
    </p>
   </div>
   <div class='ocr_carea' id='block_1_107' title="bbox 2280 4708 3851 4788">
    <p class='ocr_par' dir='ltr' id='par_1_107' title="bbox 2280 4708 3851 4788">
     <span class='ocr_line' id='line_1_107' title="bbox 2280 4708 3851 4788; baseline 0.006 -26"><span class='ocrx_word' id='word_1_808' title='bbox 2280 4708 2569 4780; x_wconf 63' lang='lat' dir='ltr'><strong>Aithiopia:</strong></span> <span class='ocrx_word' id='word_1_809' title='bbox 2591 4713 2740 4766; x_wconf 90' lang='lat' dir='ltr'><strong>stella</strong></span> <span class='ocrx_word' id='word_1_810' title='bbox 2766 4725 3034 4784; x_wconf 75' lang='lat' dir='ltr'><strong>pra:cunte</strong></span> <span class='ocrx_word' id='word_1_811' title='bbox 3056 4726 3303 4772; x_wconf 89' lang='lat' dir='ltr'><strong>ostensus</strong></span> <span class='ocrx_word' id='word_1_812' title='bbox 3324 4727 3405 4772; x_wconf 89' lang='lat' dir='ltr'><strong>est</strong></span> <span class='ocrx_word' id='word_1_813' title='bbox 3423 4720 3489 4774; x_wconf 89' lang='lat' dir='ltr'><strong>ab</strong></span> <span class='ocrx_word' id='word_1_814' title='bbox 3507 4721 3708 4788; x_wconf 85' lang='lat' dir='ltr'><strong>angelis</strong></span> <span class='ocrx_word' id='word_1_815' title='bbox 3729 4733 3851 4787; x_wconf 86' lang='lat' dir='ltr'><strong>gau-</strong></span> 
     </span>
    </p>
   </div>
   <div class='ocr_carea' id='block_1_108' title="bbox 2278 4800 3849 4880">
    <p class='ocr_par' dir='ltr' id='par_1_108' title="bbox 2278 4800 3849 4880">
     <span class='ocr_line' id='line_1_108' title="bbox 2278 4800 3849 4880; baseline 0.004 -26"><span class='ocrx_word' id='word_1_816' title='bbox 2278 4800 2560 4855; x_wconf 89' lang='lat' dir='ltr'><strong>dentibus:</strong></span> <span class='ocrx_word' id='word_1_817' title='bbox 2587 4803 2678 4871; x_wconf 92' lang='lat' dir='ltr'><strong>qui</strong></span> <span class='ocrx_word' id='word_1_818' title='bbox 2704 4806 3025 4859; x_wconf 90' lang='lat' dir='ltr'><strong>tentationes</strong></span> <span class='ocrx_word' id='word_1_819' title='bbox 3053 4805 3250 4861; x_wconf 90' lang='lat' dir='ltr'><strong>diaboli</strong></span> <span class='ocrx_word' id='word_1_820' title='bbox 3274 4816 3326 4862; x_wconf 91' lang='lat' dir='ltr'><strong>et</strong></span> <span class='ocrx_word' id='word_1_821' title='bbox 3352 4824 3448 4878; x_wconf 90' lang='lat' dir='ltr'><strong>pro</strong></span> <span class='ocrx_word' id='word_1_822' title='bbox 3480 4810 3633 4864; x_wconf 89' lang='lat' dir='ltr'><strong>nobis</strong></span> <span class='ocrx_word' id='word_1_823' title='bbox 3654 4826 3849 4880; x_wconf 85' lang='lat' dir='ltr'><strong>oppro—</strong></span> 
     </span>
    </p>
   </div>
   <div class='ocr_carea' id='block_1_109' title="bbox 2276 4889 3851 4971">
    <p class='ocr_par' dir='ltr' id='par_1_109' title="bbox 2276 4889 3851 4971">
     <span class='ocr_line' id='line_1_109' title="bbox 2276 4889 3851 4971; baseline 0.009 -29"><span class='ocrx_word' id='word_1_824' title='bbox 2276 4889 2389 4943; x_wconf 90' lang='lat' dir='ltr'><strong>bria</strong></span> <span class='ocrx_word' id='word_1_825' title='bbox 2414 4901 2712 4961; x_wconf 64' lang='lat' dir='ltr'><strong>ceteraque</strong></span> <span class='ocrx_word' id='word_1_826' title='bbox 2737 4903 3001 4949; x_wconf 90' lang='lat' dir='ltr'><strong>tormenta</strong></span> <span class='ocrx_word' id='word_1_827' title='bbox 3036 4897 3304 4962; x_wconf 73' lang='lat' dir='ltr'><strong>sustinuit,</strong></span> <span class='ocrx_word' id='word_1_828' title='bbox 3339 4908 3397 4952; x_wconf 92' lang='lat' dir='ltr'><strong>ut</strong></span> <span class='ocrx_word' id='word_1_829' title='bbox 3435 4917 3534 4954; x_wconf 88' lang='lat' dir='ltr'><strong>nos</strong></span> <span class='ocrx_word' id='word_1_830' title='bbox 3577 4917 3605 4954; x_wconf 93' lang='lat' dir='ltr'><strong>a</strong></span> <span class='ocrx_word' id='word_1_831' title='bbox 3649 4901 3851 4971; x_wconf 89' lang='lat' dir='ltr'><strong>laqueis</strong></span> 
     </span>
    </p>
   </div>
   <div class='ocr_carea' id='block_1_110' title="bbox 2279 4982 3848 5059">
    <p class='ocr_par' dir='ltr' id='par_1_110' title="bbox 2279 4982 3848 5059">
     <span class='ocr_line' id='line_1_110' title="bbox 2279 4982 3848 5059; baseline 0.008 -25"><span class='ocrx_word' id='word_1_832' title='bbox 2279 4982 2562 5038; x_wconf 88' lang='lat' dir='ltr'><strong>visibilium</strong></span> <span class='ocrx_word' id='word_1_833' title='bbox 2593 4995 2647 5040; x_wconf 91' lang='lat' dir='ltr'><strong>et</strong></span> <span class='ocrx_word' id='word_1_834' title='bbox 2678 4987 3014 5042; x_wconf 88' lang='lat' dir='ltr'><strong>invisibilium</strong></span> <span class='ocrx_word' id='word_1_835' title='bbox 3055 4991 3286 5044; x_wconf 87' lang='lat' dir='ltr'><strong>hostium</strong></span> <span class='ocrx_word' id='word_1_836' title='bbox 3335 4992 3605 5059; x_wconf 88' lang='lat' dir='ltr'><strong>liberaret,</strong></span> <span class='ocrx_word' id='word_1_837' title='bbox 3639 5003 3848 5048; x_wconf 89' lang='lat' dir='ltr'><strong>nostro-</strong></span> 
     </span>
    </p>
   </div>
   <div class='ocr_carea' id='block_1_111' title="bbox 2275 5080 3846 5158">
    <p class='ocr_par' dir='ltr' id='par_1_111' title="bbox 2275 5080 3846 5158">
     <span class='ocr_line' id='line_1_111' title="bbox 2275 5080 3846 5158; baseline 0.007 -29"><span class='ocrx_word' id='word_1_838' title='bbox 2275 5093 2499 5148; x_wconf 88' lang='lat' dir='ltr'><strong>rumque</strong></span> <span class='ocrx_word' id='word_1_839' title='bbox 2520 5080 2801 5134; x_wconf 92' lang='lat' dir='ltr'><strong>criminum</strong></span> <span class='ocrx_word' id='word_1_840' title='bbox 2833 5083 3068 5137; x_wconf 89' lang='lat' dir='ltr'><strong>maculas</strong></span> <span class='ocrx_word' id='word_1_841' title='bbox 3092 5085 3414 5153; x_wconf 89' lang='lat' dir='ltr'><strong>detergeret,</strong></span> <span class='ocrx_word' id='word_1_842' title='bbox 3441 5088 3617 5141; x_wconf 91' lang='lat' dir='ltr'><strong>crucis</strong></span> <span class='ocrx_word' id='word_1_843' title='bbox 3638 5089 3846 5158; x_wconf 86' lang='lat' dir='ltr'><strong>patibu-</strong></span> 
     </span>
    </p>
   </div>
   <div class='ocr_carea' id='block_1_112' title="bbox 2275 5167 3846 5248">
    <p class='ocr_par' dir='ltr' id='par_1_112' title="bbox 2275 5167 3846 5248">
     <span class='ocr_line' id='line_1_112' title="bbox 2275 5167 3846 5248; baseline 0.008 -28"><span class='ocrx_word' id='word_1_844' title='bbox 2275 5167 2384 5221; x_wconf 93' lang='lat' dir='ltr'><strong>lum</strong></span> <span class='ocrx_word' id='word_1_845' title='bbox 2416 5170 2650 5238; x_wconf 90' lang='lat' dir='ltr'><strong>pertulit,</strong></span> <span class='ocrx_word' id='word_1_846' title='bbox 2675 5180 2734 5225; x_wconf 91' lang='lat' dir='ltr'><strong>ut</strong></span> <span class='ocrx_word' id='word_1_847' title='bbox 2756 5189 2852 5228; x_wconf 93' lang='lat' dir='ltr'><strong>nos</strong></span> <span class='ocrx_word' id='word_1_848' title='bbox 2881 5173 2946 5227; x_wconf 91' lang='lat' dir='ltr'><strong>ad</strong></span> <span class='ocrx_word' id='word_1_849' title='bbox 2976 5175 3198 5242; x_wconf 87' lang='lat' dir='ltr'><strong>gloriam</strong></span> <span class='ocrx_word' id='word_1_850' title='bbox 3227 5177 3460 5232; x_wconf 75' lang='lat' dir='ltr'><strong>cmlestis</strong></span> <span class='ocrx_word' id='word_1_851' title='bbox 3488 5179 3666 5244; x_wconf 60' lang='lat' dir='ltr'><strong>curias,</strong></span> <span class='ocrx_word' id='word_1_852' title='bbox 3689 5194 3846 5248; x_wconf 87' lang='lat' dir='ltr'><strong>quam</strong></span> 
     </span>
    </p>
   </div>
   <div class='ocr_carea' id='block_1_113' title="bbox 2275 5257 3851 5333">
    <p class='ocr_par' dir='ltr' id='par_1_113' title="bbox 2275 5257 3851 5333">
     <span class='ocr_line' id='line_1_113' title="bbox 2275 5257 3851 5333; baseline 0.009 -24"><span class='ocrx_word' id='word_1_853' title='bbox 2275 5271 2372 5325; x_wconf 91' lang='lat' dir='ltr'><strong>per</strong></span> <span class='ocrx_word' id='word_1_854' title='bbox 2401 5257 2567 5313; x_wconf 83' lang='lat' dir='ltr'><strong>Adam</strong></span> <span class='ocrx_word' id='word_1_855' title='bbox 2596 5262 2946 5331; x_wconf 90' lang='lat' dir='ltr'><strong>perdidimus.</strong></span> <span class='ocrx_word' id='word_1_856' title='bbox 2994 5276 3315 5333; x_wconf 86' lang='lat' dir='ltr'><strong>renovaret;</strong></span> <span class='ocrx_word' id='word_1_857' title='bbox 3361 5276 3415 5324; x_wconf 92' lang='lat' dir='ltr'><strong>et</strong></span> <span class='ocrx_word' id='word_1_858' title='bbox 3457 5269 3592 5324; x_wconf 92' lang='lat' dir='ltr'><strong>lilius</strong></span> <span class='ocrx_word' id='word_1_859' title='bbox 3622 5271 3851 5324; x_wconf 87' lang='lat' dir='ltr'><strong>hominis</strong></span> 
     </span>
    </p>
   </div>
   <div class='ocr_carea' id='block_1_114' title="bbox 2276 5347 3852 5416">
    <p class='ocr_par' dir='ltr' id='par_1_114' title="bbox 2276 5347 3852 5416">
     <span class='ocr_line' id='line_1_114' title="bbox 2276 5347 3852 5416; baseline 0.01 -17"><span class='ocrx_word' id='word_1_860' title='bbox 2276 5347 2583 5404; x_wconf 89' lang='lat' dir='ltr'><strong>incarnatus</strong></span> <span class='ocrx_word' id='word_1_861' title='bbox 2603 5361 2703 5416; x_wconf 91' lang='lat' dir='ltr'><strong>est,</strong></span> <span class='ocrx_word' id='word_1_862' title='bbox 2731 5362 2786 5406; x_wconf 93' lang='lat' dir='ltr'><strong>ut</strong></span> <span class='ocrx_word' id='word_1_863' title='bbox 2811 5352 2945 5409; x_wconf 83' lang='lat' dir='ltr'><strong>filios</strong></span> <span class='ocrx_word' id='word_1_864' title='bbox 2968 5357 3240 5412; x_wconf 92' lang='lat' dir='ltr'><strong>hominum</strong></span> <span class='ocrx_word' id='word_1_865' title='bbox 3265 5359 3400 5414; x_wconf 85' lang='lat' dir='ltr'><strong>filios</strong></span> <span class='ocrx_word' id='word_1_866' title='bbox 3419 5360 3508 5414; x_wconf 88' lang='lat' dir='ltr'><strong>Dei</strong></span> <span class='ocrx_word' id='word_1_867' title='bbox 3533 5362 3852 5416; x_wconf 76' lang='lat' dir='ltr'><strong>cmlestium-</strong></span> 
     </span>
    </p>
   </div>
   <div class='ocr_carea' id='block_1_115' title="bbox 2275 5441 3850 5524">
    <p class='ocr_par' dir='ltr' id='par_1_115' title="bbox 2275 5441 3850 5524">
     <span class='ocr_line' id='line_1_115' title="bbox 2275 5441 3850 5524; baseline 0.008 -30"><span class='ocrx_word' id='word_1_868' title='bbox 2275 5454 2381 5507; x_wconf 88' lang='lat' dir='ltr'><strong>que</strong></span> <span class='ocrx_word' id='word_1_869' title='bbox 2423 5441 2683 5498; x_wconf 91' lang='lat' dir='ltr'><strong>bonorum</strong></span> <span class='ocrx_word' id='word_1_870' title='bbox 2732 5447 3016 5517; x_wconf 89' lang='lat' dir='ltr'><strong>participes</strong></span> <span class='ocrx_word' id='word_1_871' title='bbox 3049 5449 3245 5506; x_wconf 82' lang='lat' dir='ltr'><strong>faceret</strong></span> <span class='ocrx_word' id='word_1_872' title='bbox 3277 5470 3288 5504; x_wconf 88' lang='lat'><strong>:</strong></span> <span class='ocrx_word' id='word_1_873' title='bbox 3324 5451 3438 5507; x_wconf 90' lang='lat' dir='ltr'><strong>Tibi</strong></span> <span class='ocrx_word' id='word_1_874' title='bbox 3467 5453 3732 5523; x_wconf 89' lang='lat' dir='ltr'><strong>supplico,</strong></span> <span class='ocrx_word' id='word_1_875' title='bbox 3760 5452 3850 5524; x_wconf 91' lang='lat' dir='ltr'><strong>qui</strong></span> 
     </span>
    </p>
   </div>
   <div class='ocr_carea' id='block_1_116' title="bbox 2277 5541 3841 5608">
    <p class='ocr_par' dir='ltr' id='par_1_116' title="bbox 2277 5541 3841 5608">
     <span class='ocr_line' id='line_1_116' title="bbox 2277 5541 3841 5608; baseline 0.008 -24"><span class='ocrx_word' id='word_1_876' title='bbox 2277 5541 2464 5586; x_wconf 90' lang='lat' dir='ltr'><strong>auctor</strong></span> <span class='ocrx_word' id='word_1_877' title='bbox 2493 5544 2688 5590; x_wconf 60' lang='lat' dir='ltr'><strong>nostra:</strong></span> <span class='ocrx_word' id='word_1_878' title='bbox 2733 5541 3141 5598; x_wconf 86' lang='lat' dir='ltr'><strong>resurrectionis</strong></span> <span class='ocrx_word' id='word_1_879' title='bbox 3186 5544 3455 5608; x_wconf 85' lang='lat' dir='ltr'><strong>exstitisti,</strong></span> <span class='ocrx_word' id='word_1_880' title='bbox 3500 5552 3557 5598; x_wconf 91' lang='lat' dir='ltr'><strong>ut</strong></span> <span class='ocrx_word' id='word_1_881' title='bbox 3588 5545 3741 5600; x_wconf 89' lang='lat' dir='ltr'><strong>nobis</strong></span> <span class='ocrx_word' id='word_1_882' title='bbox 3767 5545 3841 5597; x_wconf 84' lang='lat' dir='ltr'><strong>in-</strong></span> 
     </span>
    </p>
   </div>
   <div class='ocr_carea' id='block_1_117' title="bbox 2276 5625 3849 5705">
    <p class='ocr_par' dir='ltr' id='par_1_117' title="bbox 2276 5625 3849 5705">
     <span class='ocr_line' id='line_1_117' title="bbox 2276 5625 3849 5705; baseline 0.01 -32"><span class='ocrx_word' id='word_1_883' title='bbox 2276 5625 2494 5677; x_wconf 90' lang='lat' dir='ltr'><strong>troitum</strong></span> <span class='ocrx_word' id='word_1_884' title='bbox 2523 5627 2791 5682; x_wconf 74' lang='lat' dir='ltr'><strong>cmlestem</strong></span> <span class='ocrx_word' id='word_1_885' title='bbox 2823 5632 3076 5699; x_wconf 80' lang='lat' dir='ltr'><strong>aperires,</strong></span> <span class='ocrx_word' id='word_1_886' title='bbox 3108 5643 3162 5688; x_wconf 90' lang='lat' dir='ltr'><strong>et</strong></span> <span class='ocrx_word' id='word_1_887' title='bbox 3191 5635 3470 5705; x_wconf 89' lang='lat' dir='ltr'><strong>imperium</strong></span> <span class='ocrx_word' id='word_1_888' title='bbox 3503 5637 3698 5691; x_wconf 89' lang='lat' dir='ltr'><strong>diaboli</strong></span> <span class='ocrx_word' id='word_1_889' title='bbox 3728 5652 3849 5704; x_wconf 83' lang='lat' dir='ltr'><strong>cap-</strong></span> 
     </span>
    </p>
   </div>
   <div class='ocr_carea' id='block_1_118' title="bbox 2277 5709 3847 5780">
    <p class='ocr_par' dir='ltr' id='par_1_118' title="bbox 2277 5709 3847 5780">
     <span class='ocr_line' id='line_1_118' title="bbox 2277 5709 3847 5780; baseline 0.011 -20"><span class='ocrx_word' id='word_1_890' title='bbox 2277 5709 2494 5774; x_wconf 91' lang='lat' dir='ltr'><strong>tivares,</strong></span> <span class='ocrx_word' id='word_1_891' title='bbox 2518 5721 2572 5766; x_wconf 93' lang='lat' dir='ltr'><strong>et</strong></span> <span class='ocrx_word' id='word_1_892' title='bbox 2593 5717 2886 5773; x_wconf 88' lang='lat' dir='ltr'><strong>ascendens</strong></span> <span class='ocrx_word' id='word_1_893' title='bbox 2909 5721 2958 5774; x_wconf 93' lang='lat' dir='ltr'><strong>in</strong></span> <span class='ocrx_word' id='word_1_894' title='bbox 2989 5723 3181 5777; x_wconf 77' lang='lat' dir='ltr'><strong>cmlum</strong></span> <span class='ocrx_word' id='word_1_895' title='bbox 3209 5725 3505 5780; x_wconf 85' lang='lat' dir='ltr'><strong>admirabili</strong></span> <span class='ocrx_word' id='word_1_896' title='bbox 3533 5727 3731 5780; x_wconf 87' lang='lat' dir='ltr'><strong>virtute</strong></span> <span class='ocrx_word' id='word_1_897' title='bbox 3761 5735 3847 5778; x_wconf 88' lang='lat' dir='ltr'><strong>tua</strong></span> 
     </span>
    </p>
   </div>
   <div class='ocr_carea' id='block_1_119' title="bbox 2275 5801 3849 5885">
    <p class='ocr_par' dir='ltr' id='par_1_119' title="bbox 2275 5801 3849 5885">
     <span class='ocr_line' id='line_1_119' title="bbox 2275 5801 3849 5885; baseline 0.011 -34"><span class='ocrx_word' id='word_1_898' title='bbox 2275 5801 2638 5870; x_wconf 88' lang='lat' dir='ltr'><strong>captivitatem</strong></span> <span class='ocrx_word' id='word_1_899' title='bbox 2688 5815 2922 5862; x_wconf 88' lang='lat' dir='ltr'><strong>nostram</strong></span> <span class='ocrx_word' id='word_1_900' title='bbox 2953 5811 3178 5867; x_wconf 88' lang='lat' dir='ltr'><strong>duceres</strong></span> <span class='ocrx_word' id='word_1_901' title='bbox 3209 5816 3469 5884; x_wconf 75' lang='lat' dir='ltr'><strong>captivam</strong></span> <span class='ocrx_word' id='word_1_902' title='bbox 3501 5835 3513 5869; x_wconf 95' lang='lat'><strong>:</strong></span> <span class='ocrx_word' id='word_1_903' title='bbox 3546 5817 3636 5885; x_wconf 89' lang='lat' dir='ltr'><strong>qui</strong></span> <span class='ocrx_word' id='word_1_904' title='bbox 3681 5824 3849 5870; x_wconf 78' lang='lat' dir='ltr'><strong>morte</strong></span> 
     </span>
    </p>
   </div>
  </div>
