4074 6462
263 350 365 407 101

1715 345 1991 404 SERMON
1998 345 2098 400 ES.

3453 344 3558 404 103

263 476 360 523 tua
391 463 617 520 mortuis
648 461 830 526 vitam,
862 468 919 515 et
938 459 1224 531 captivatis
1255 457 1533 513 reddidisti
1572 457 1854 512 medelam.
1895 466 1937 518 Α
1968 456 2246 510 mundavit
2265 453 2530 525 leprosos,
2563 456 2772 510 curavit
2814 456 3162 528 paralyticos,
3191 464 3434 513 mortuos
3461 474 3558 513 su-

265 558 346 614 Te
385 558 679 613 clementer
715 556 938 621 invoco,
984 562 1036 608 te
1081 552 1502 625 misericorditer
1526 551 1763 621 appello,
1797 561 1856 606 ut

263 650 638 706 Tornacenses
665 646 950 708 Ecclesias,
974 654 1232 713 quantum
1266 643 1412 714 potui
1444 659 1560 698 mea
1589 644 1855 713 parvitate

263 741 604 800 sublimatas,
633 749 688 792 et
715 737 894 791 omnia
933 736 1237 791 habitacula
1278 744 1588 790 sanctorum
1618 735 1686 789 ab
1711 737 1856 790 omni

264 829 660 900 inquietatione
687 827 990 882 dzcmonum
1029 842 1322 882 conserves
1350 835 1406 881 et
1444 825 1717 891 defendas,
1765 843 1859 882 su—

263 923 458 977 blimes
504 930 559 976 et
604 921 853 976 extollas.
897 920 1038 975 Oves
1084 936 1233 975 meas
1271 905 1526 991 pauculas
1571 928 1862 990 prmsentes

262 1022 320 1068 et
349 1013 748 1077 subsecuturas,
784 1027 950 1082 usque
990 1012 1040 1066 in
1074 1012 1316 1065 ultimam
1337 1011 1742 1080 generationem
1766 1027 1861 1066 cu-

264 1104 470 1160 stodias
496 1122 508 1156 :
540 1112 599 1158 ut
635 1104 810 1157 sciant
836 1104 959 1172 quia
989 1104 1133 1158 mitis
1163 1119 1240 1168 es,
1268 1102 1430 1157 Pater
1475 1103 1860 1158 misericordiae

265 1207 324 1254 et
351 1197 598 1268 pietatis;
621 1195 778 1250 dator
797 1195 1034 1250 scientia:
1064 1203 1119 1249 et
1146 1194 1410 1248 veritatis.
1434 1193 1544 1249 Illis
1569 1202 1748 1248 autem
1769 1193 1860 1264 qui

264 1305 356 1345 me
385 1289 660 1357 indignum
683 1285 936 1341 famulum
960 1295 1110 1340 tuum
1135 1300 1304 1354 usque
1327 1284 1393 1338 ad
1419 1293 1649 1339 mortem
1673 1284 1862 1352 gladiis

265 1389 324 1436 et
347 1380 574 1434 fustibus
595 1378 822 1433 insecuti
842 1386 985 1442 sunt,
1008 1378 1239 1446 benigne
1262 1376 1496 1446 indulge,
1519 1392 1715 1446 meque
1739 1393 1859 1431 cum

265 1471 472 1526 sanctis
503 1470 606 1524 tuis
649 1468 701 1522 in
732 1469 986 1523 horreum
1028 1475 1178 1522 tuum
1221 1467 1460 1535 digneris
1505 1480 1856 1536 congregare.

264 1561 375 1615 Illis
404 1562 590 1628 etiam,
632 1560 871 1630 piissime
898 1559 1058 1624 Deus,
1090 1560 1183 1629 qui
1212 1559 1528 1614 memoriam
1559 1575 1735 1615 meam
1767 1560 1862 1615 de-

264 1663 396 1710 vote
422 1651 707 1716 coluerint,
741 1651 937 1720 largire
969 1651 1146 1714 ﬁdem,
1181 1649 1368 1706 confer
1394 1651 1706 1716 amicitiam,
1749 1651 1861 1706 cle-

269 1746 600 1802 mentissime
627 1745 788 1809 Deus,
811 1744 1045 1814 qualiter
1069 1759 1167 1814 pro
1201 1743 1303 1799 ﬁde
1333 1743 1622 1809 catholica,
1648 1759 1746 1813 pro
1775 1759 1860 1797 re-

1963 549 2198 611 scitavit,
2227 546 2532 618 Judaeisque
2560 547 2773 602 dicebat
2804 549 3093 604 incredulis
3118 567 3131 602 :
3162 549 3222 604 Si
3245 550 3408 604 uerbis
3431 552 3559 604 meis
3593 581 3596 584 ~

1964 657 2069 694 non
2111 641 2342 706 creditis,
2378 641 2568 693 saltem
2599 626 2889 695 virtutibus
2929 650 2983 695 et
3017 641 3292 695 miraculis
3331 641 3559 697 credere

1964 733 2192 788 debetis.
2228 732 2377 788 Unus
2408 742 2489 788 est
2529 734 2582 786 in
2612 732 2826 788 Christo
2864 731 3027 787 Filius
3059 733 3175 796 Dei,
3211 733 3301 802 qui
3342 736 3481 787 sicut
3504 733 3558 787 in

1963 825 2192 880 veritate
2216 825 2382 880 Filius
2407 826 2500 880 Dei
2533 833 2614 880 est
2638 825 2940 891 invisibilis,
2967 826 3037 877 ita
3065 825 3117 877 in
3147 825 3375 878 veritate
3403 824 3558 878 Chri-

1963 925 2079 972 stus
2105 925 2187 971 est
2212 917 2455 972 visibilis.
2489 918 2667 973 Induit
2707 920 2907 972 etenim
2947 918 3221 972 hominem
3255 917 3558 986 perfectum

1965 1003 2108 1060 Deus
2137 1007 2430 1075 perfectus,
2466 1016 2524 1062 ut
2559 1008 2842 1062 exhiberet
2870 1006 3168 1077 perfectam
3197 1007 3425 1062 salutem
3454 1007 3557 1060 ho-

1965 1097 2215 1152 minibus.
2251 1097 2318 1151 Et
2359 1099 2426 1153 de
2469 1098 2672 1169 Spiritu
2701 1109 2892 1155 sancto
2921 1092 3202 1155 audiamus
3231 1100 3556 1169 prophetam

1966 1197 2209 1243 orantem
2259 1197 2314 1242 et
2365 1189 2684 1245 dicentem:
2725 1190 2984 1260 Spiritum
3023 1201 3260 1246 sanctum
3306 1201 3447 1245 tuum
3494 1207 3559 1244 ne

1966 1281 2176 1350 auferas
2206 1298 2237 1334 a
2268 1297 2365 1334 me.
2399 1279 2744 1336 Tcmcritatis
2787 1283 3008 1351 quidem
3050 1299 3257 1352 magna:
3285 1292 3368 1338 est
3397 1299 3556 1353 sepa-

1965 1387 2085 1427 rare
2114 1372 2306 1427 Filium
2339 1390 2367 1426 a
2400 1373 2581 1440 Patre,
2612 1375 2831 1431 Patrem
2862 1394 2891 1431 a
2928 1377 3064 1432 Filio
3092 1397 3104 1430 :
3138 1378 3396 1447 Spiritum
3433 1393 3560 1432 san-

1965 1473 2108 1520 ctum
2138 1467 2290 1534 quasi
2327 1483 2433 1520 non
2480 1467 2863 1536 procedentem
2896 1471 2964 1524 ab
2993 1480 3243 1539 utroque.
3273 1469 3558 1539 lnsepara-

1963 1555 2087 1610 bilis
2113 1557 2256 1610 enim
2295 1557 2436 1612 Deus
2465 1566 2519 1612 et
2548 1559 2971 1617 inconvertibilis
2999 1570 3053 1616 et
3077 1563 3423 1632 impassibilis
3453 1571 3554 1616 est.

1966 1646 2150 1712 Filius,
2182 1657 2239 1702 ut
2276 1665 2436 1718 supra
2468 1649 2672 1704 dictum
2713 1659 2813 1715 est,
2849 1653 3071 1720 mqualis
3101 1651 3245 1707 Patri
3281 1671 3293 1706 :
3325 1652 3561 1723 Spiritus

1965 1749 2185 1795 sanctus
2233 1757 2334 1797 nec
2381 1744 2649 1812 superior,
2691 1759 2792 1798 nec
2830 1745 3022 1799 melior
3044 1745 3160 1814 ipso
3191 1755 3295 1812 est,
3339 1745 3434 1800 sed
3463 1760 3562 1816 par

273 1839 468 1907 ligione
492 1835 790 1891 Christiana
817 1835 1094 1900 delectari,
1139 1835 1424 1889 clementia
1454 1844 1544 1888 tua
1569 1849 1676 1888 non
1704 1835 1859 1902 igno-
1898 1848 1940 1906 Β
1967 1831 2133 1900 Patri,
2165 1835 2386 1904 mqualis
2408 1833 2562 1895 Filio,
2589 1835 2888 1904 procedens
2912 1837 2978 1890 ab
3009 1844 3237 1908 utroque
3263 1856 3276 1891 :
3303 1837 3560 1908 Spiritum

266 1937 373 1983 rat.
406 1926 593 1981 Omnia
623 1925 874 1997 siquidem
901 1925 1042 1979 nuda
1086 1934 1139 1979 et
1177 1933 1356 1994 aperta
1396 1931 1516 1978 sunt
1542 1925 1705 1978 oculis
1737 1925 1854 1976 tuis.

182 2079 197 2092 .
263 2015 408 2071 Ecce
447 2033 590 2071 nunc
618 2025 832 2085 tempus
875 2015 1223 2071 resolutionis
1264 2030 1398 2070 mea:
1441 2014 1857 2084 appropinquat.

261 2106 495 2164 Etcrne
523 2107 688 2173 Deus,
715 2106 844 2176 quid
873 2106 1109 2162 faciam?
1139 2107 1291 2161 Mitte
1318 2122 1405 2162 me
1443 2115 1504 2161 ut
1531 2120 1729 2174 sequar
1761 2106 1861 2160 Da-

261 2201 353 2256 vid
380 2200 648 2256 dicentem
679 2217 690 2249 :
725 2198 872 2254 Sicut
903 2216 1077 2252 cervus
1111 2199 1375 2253 desiderat
1403 2199 1474 2252 ad
1501 2201 1669 2271 fontes
1697 2216 1861 2270 aqua-

261 2308 400 2357 rum,
433 2292 508 2346 ita
547 2291 807 2344 desiderat
826 2291 1002 2344 anima
1025 2307 1139 2344 mea
1180 2290 1250 2344 ad
1280 2300 1346 2356 te,
1377 2289 1536 2345 Deus.
1572 2290 1638 2345 Et
1662 2292 1860 2346 iterum

262 2384 339 2439 ait
366 2401 378 2436 :
411 2381 584 2438 Sitivit
621 2385 799 2458 anima
833 2399 946 2436 mea
977 2383 1046 2436 ad
1075 2381 1241 2436 Deum
1281 2384 1445 2436 vivum
1477 2400 1493 2437 :
1524 2384 1730 2454 quando
1779 2401 1862 2437 re-

262 2477 427 2541 niam,
475 2484 522 2529 et
568 2474 826 2546 apparebo
858 2485 978 2528 ante
1013 2476 1199 2544 faciem
1234 2474 1328 2529 Dei
1356 2477 1379 2528 ?
1406 2474 1464 2531 Si
1507 2485 1688 2546 potest
1722 2475 1859 2533 ﬁeri.

263 2569 517 2641 permitte
554 2585 640 2623 me
669 2570 954 2624 assimilari
995 2568 1055 2622 Β.
1085 2567 1208 2637 Job,
1239 2569 1440 2624 dicenti
1468 2587 1479 2623 :
1514 2567 1860 2641 Comparatus

262 2679 377 2716 sum
422 2662 527 2715 luto
575 2670 624 2714 et
669 2662 988 2715 assimilatas
1018 2677 1130 2714 sum
1174 2661 1369 2732 favilla:
1407 2671 1456 2716 et
1503 2663 1684 2716 cineri.
1718 2662 1775 2716 In
1810 2671 1861 2717 te

263 2751 503 2817 conﬁdo,
552 2751 695 2806 Deus
724 2767 894 2814 meus,
929 2760 980 2805 te
1008 2767 1224 2820 quiem,
1277 2762 1330 2807 te
1376 2753 1558 2807 videre
1587 2752 1857 2820 desidero,

262 2860 426 2914 quem
455 2861 670 2915 semper
699 2845 751 2898 in
783 2844 942 2899 terris
972 2845 1178 2914 positus
1207 2844 1350 2899 colui
1377 2862 1388 2896 :
1415 2845 1500 2899 cui
1529 2861 1616 2900 me
1637 2854 1748 2900 tota
1780 2847 1862 2900 di-

265 2934 502 2991 lectione
520 2935 736 3003 devovi,
755 2935 920 2989 libera
945 2950 1053 3004 me,
1076 2934 1238 3004 quies
1250 2933 1568 2990 benedictus
1588 2935 1641 2990 in
1664 2937 1860 2992 smcula

265 3027 607 3082 saeculorum.

337 3119 404 3176 Et
431 3137 578 3185 mox,
598 3120 826 3177 “iterum
856 3135 1214 3191 prorumpens
1257 3120 1310 3174 in
1363 3119 1551 3176 laudes
1581 3119 1698 3183 Dei,
1745 3121 1857 3174 ait:

1965 1933 2213 1980 sanctum
2242 1925 2589 1994 omnipotens
2620 1925 2761 1980 Deus
2799 1926 2946 1980 misit
2986 1927 3039 1981 in
3071 1928 3350 1992 nmndum,
3380 1937 3438 1982 ut
3469 1926 3560 1981 Fi-

1961 2015 2096 2070 lium
2147 2033 2302 2072 suum
2351 2016 2672 2072 clariﬁcaret
2717 2018 2989 2086 ingenitus
3032 2020 3389 2088 unigenitum.
3421 2020 3560 2086 Quia

1963 2124 2096 2176 vero
2126 2107 2373 2164 Christus
2403 2108 2568 2164 Filius
2615 2109 2708 2163 Dei
2754 2110 2989 2164 humana
3017 2111 3275 2165 miracula
3306 2110 3560 2174 faciebat.

1963 2199 2212 2270 leprosos
2274 2202 2528 2266 curabat,
2580 2211 2825 2256 mortuos
2873 2202 3198 2269 suscitabat,
3259 2210 3315 2258 et
3361 2210 3563 2257 cmtera

1965 2292 2166 2347 mundo
2212 2293 2474 2360 inaudita,
2530 2301 2586 2346 et
2640 2292 2709 2347 ad
2750 2293 3272 2348 demonstrationem
3311 2292 3562 2361 Deitatis,

1963 2385 2161 2439 virtute
2209 2386 2411 2455 proprii
2453 2386 2688 2455 Spiritus
2727 2386 2998 2450 utebatur,
3023 2385 3092 2439 ab
3123 2387 3242 2456 ipso
3273 2385 3565 2456 gloriﬁcari

1966 2475 2268 2532 dicebatur.
2296 2477 2679 2532 Verumtamen
2708 2493 2815 2531 non
2861 2486 2945 2532 est
2974 2477 3230 2532 idoneum
3270 2475 3561 2543 afﬁrmare,

1964 2568 2110 2637 quod
2141 2569 2203 2623 D.
2227 2569 2288 2622 Ν.
2315 2567 2470 2623 Jesus
2493 2568 2738 2624 Christus
2763 2569 2833 2623 sit
2862 2584 2891 2623 a
2915 2567 3120 2640 Spiritu
3143 2577 3335 2624 sancto
3362 2567 3562 2648 clariﬁ-

1965 2666 2139 2721 catus,
2172 2666 2230 2712 ut
2252 2668 2381 2728 pote
2410 2659 2502 2728 qui
2529 2674 2627 2728 per
2648 2674 2770 2713 eum
2801 2660 2980 2714 aliena
3002 2660 3200 2714 virtute
3226 2657 3355 2716 us'us
3380 2661 3561 2725 fuerit,

1965 2758 2021 2803 et
2047 2765 2145 2819 per
2167 2749 2415 2804 eumdem
2447 2749 2708 2820 Spiritum
2736 2735 2987 2805 virtutem
3028 2759 3219 2806 contra
3255 2751 3564 2805 immundos

1966 2841 2186 2909 spiritus
2220 2841 2606 2910 assumpserit;
2637 2841 2731 2896 sed
2780 2842 2961 2911 potius
3006 2841 3268 2897 debemus
3315 2841 3565 2896 conﬁteri

1965 2932 2204 3001 ejusdem
2244 2933 2503 3002 Spiritum
2536 2949 2634 3003 per
2662 2949 2825 3002 quem
2859 2943 2964 2987 tam
2997 2935 3255 3003 praeclara
3299 2935 3563 2989 miracula

1966 3024 2110 3080 fecit.
2147 3022 2429 3080 Afﬁrmare
2455 3025 2621 3078 etiam
2659 3025 2918 3079 convenit
2946 3026 3092 3078 omni
3123 3024 3384 3086 credenti,
3410 3024 3563 3078 illum

1967 3122 2300 3178 oblationem
2347 3121 2434 3176 vel
2477 3117 2799 3175 sacriﬁcium
2845 3134 2950 3174 non
2993 3135 3094 3189 pro
3121 3133 3200 3183 se,
3236 3117 3331 3172 sed
3353 3132 3454 3188 pro
3477 3131 3566 3170 re-

267 3214 459 3268 Filium
502 3213 650 3268 illum
689 3229 810 3271 esse
860 3213 1111 3283 perhibet
1163 3213 1293 3268 ﬁdes
1321 3214 1615 3284 catholica,
1647 3215 1732 3270 cui
1765 3231 1862 3285 per
1891 3229 1934 3290 (ε
1965 3215 2278 3284 demptione
2307 3214 2526 3269 humani
2546 3213 2759 3284 generis
2781 3211 3042 3267 obtulisse
3072 3209 3238 3277 Patri,
3265 3226 3387 3266 cum
3418 3210 3567 3266 nulla

265 3307 586 3378 prophetam
616 3307 814 3361 clamat
843 3304 1021 3370 Pater,
1047 3316 1102 3360 et
1130 3305 1261 3361 dicit
1289 3325 1301 3359 :
1335 3305 1506 3361 Filius
1535 3323 1678 3361 meus
1708 3324 1764 3362 es
1787 3318 1858 3370 tu,

267 3416 361 3468 ego
390 3400 541 3453 hodie
579 3400 729 3470 genui
768 3396 913 3451 te.Et
945 3399 1136 3452 iterum
1169 3416 1180 3450 :
1230 3397 1418 3452 Tecum
1446 3400 1760 3469 principium
1808 3400 1860 3452 in

267 3489 353 3541 die
381 3491 578 3543 virtutis
622 3499 723 3543 tua:
763 3491 818 3542 in
847 3489 1205 3557 splendoribus
1246 3502 1576 3558 sanctorum,
1606 3508 1672 3545 ea:
1716 3501 1862 3546 utero

267 3588 391 3634 ante
419 3582 688 3650 luciferum
717 3581 869 3651 genui
895 3589 959 3634 te.
985 3579 1103 3649 Ipse
1128 3588 1211 3634 est
1232 3580 1389 3636 Jesus
1409 3581 1654 3636 Christus
1681 3581 1860 3637 Domi-

272 3679 576 3732 nusnoster
599 3670 744 3724 Patri
772 3671 993 3739 aequalis
1025 3672 1324 3739 invisibilis,
1358 3674 1656 3743 procedens
1686 3674 1753 3730 de
1778 3675 1862 3728 in-

271 3761 490 3826 visibili,
514 3760 734 3814 alterius
757 3759 824 3814 de
845 3768 1073 3828 aeterno,
1093 3762 1412 3817 immortalis
1431 3765 1500 3818 de
1531 3765 1820 3819 immortali
1847 3784 1858 3818 :

269 3852 362 3922 qui
395 3858 638 3904 naturam
670 3851 1020 3904 humanitatis
1060 3860 1257 3906 nostrae
1280 3853 1434 3921 juxta
1462 3855 1861 3909 subsistentiam

269 3944 486 3999 sibimet
508 3944 696 3996 uniens
725 3959 792 3997 ex
840 3944 953 4013 ipsa
983 3957 1246 4013 corporea
1276 3953 1331 3999 et
1355 3945 1598 4013 virginali
1625 3947 1748 4000 alvo
1774 3963 1865 4002 su—

268 4034 459 4090 stinuit
487 4035 844 4090 nativitatem.
867 4034 984 4089 Non
1007 4036 1150 4105 quod
1175 4037 1484 4092 necessario
1512 4037 1746 4106 gloriosa
1771 4039 1864 4092 illa

270 4128 554 4183 nativitate
601 4128 834 4197 eguerit,
865 4127 964 4186 sed
1005 4137 1064 4183 ut
1110 4129 1256 4199 ipsas
1306 4137 1504 4186 nostra:
1552 4131 1865 4186 substantia:

269 4219 633 4276 sanctiﬁcaret
661 4220 956 4290 primitias:
989 4229 1258 4289 quatenus
1279 4222 1442 4276 etiam
1466 4222 1591 4276 dum
1619 4221 1867 4278 Christus

267 4329 436 4369 carne
466 4313 646 4367 unitus
675 4329 704 4366 a
728 4313 1008 4369 benedicta
1035 4314 1255 4384 Virgine
1283 4313 1450 4369 Maria
1473 4316 1862 4385 processisset;

271 4407 364 4460 illa
403 4415 510 4460 tam
540 4407 736 4461 misera
782 4407 1108 4471 maledictio,
1140 4422 1260 4476 quae
1300 4407 1558 4463 adversus
1584 4419 1745 4462 omne
1774 4423 1868 4477 ge-

272 4514 372 4551 nus
402 4498 695 4553 humanum
745 4499 952 4568 prolata
1001 4497 1195 4564 fuerat,
1227 4508 1486 4561 cessaret,
1519 4515 1618 4554 nec
1644 4500 1867 4555 ulterius

269 4588 479 4640 animas
518 4594 572 4640 et
601 4587 847 4640 mortalia
877 4602 1106 4656 corpora
1138 4589 1302 4640 morti
1350 4586 1670 4651 destinaret,
1705 4596 1866 4656 atque

272 4688 330 4733 ut
354 4694 540 4734 verum
572 4693 690 4733 esse
721 4688 1065 4741 monstraret,
1089 4679 1234 4749 quod
1265 4695 1398 4734 voce
1429 4681 1707 4750 prophetae
1730 4695 1866 4750 pra:-

270 4771 516 4825 dixcrat:
550 4769 805 4840 Absorpta
835 4779 910 4823 est
933 4787 1073 4823 mors
1106 4772 1159 4823 in
1185 4771 1418 4824 victoria.
1462 4769 1530 4824 Et
1568 4770 1694 4824 alibi
1721 4789 1732 4823 :
1761 4770 1865 4823 Ab.

271 4862 417 4916 stulit
453 4861 588 4915 Deus
616 4878 818 4916 omnem
841 4861 1128 4931 lacrymam
1155 4859 1218 4914 ab
1245 4862 1384 4914 omni
1415 4862 1550 4931 facie
1579 4862 1603 4915 ε’
1640 4862 1754 4931 ipse
1783 4869 1867 4916 est

272 4953 518 5009 Christus
559 4952 696 5009 ﬁlius
735 4953 969 5022 Virginis
1013 4952 1211 5018 Marim,
1238 4954 1331 5022 qui
1373 4953 1550 5010 surdis
1598 4953 1862 5020 auditum,

275 5047 432 5101 aecis
461 5047 633 5102 visum
660 5046 922 5111 restituit;
953 5046 1110 5102 siccis
1139 5046 1365 5116 pedibus
1393 5060 1543 5101 mare
1561 5046 1867 5101 deambula-

277 5139 386 5204 vit,
426 5138 688 5194 dzcmonia
735 5137 1020 5210 eﬁ’ugavit,
1062 5147 1253 5195 ventos
1296 5145 1348 5194 et
1387 5138 1553 5194 maria
1601 5138 1863 5209 placavit,

1967 3307 2241 3363 oblatione
2261 3307 2494 3376 eguerit,
2516 3306 2607 3376 qui
2653 3312 2934 3374 peccatum
2979 3303 3435 3359 incontaminatus
3464 3317 3566 3357 ne-

1967 3399 2170 3454 scierit.
2220 3396 2516 3468 Propterea
2562 3395 2752 3451 credat
2786 3404 2841 3450 et
2873 3393 3104 3449 afﬁrmet
3136 3391 3268 3450 ﬁdes
3295 3393 3567 3449 catholica

1967 3488 2373 3545 viviﬁcatricem
2394 3498 2449 3544 et
2473 3489 2751 3558 propriam
2794 3487 2962 3556 ipsius
3002 3485 3165 3541 Verbi
3195 3501 3413 3542 carnem
3444 3500 3566 3540 esse

1964 3587 2180 3643 factam.
2215 3585 2335 3640 Vita
2360 3586 2502 3639 enim
2531 3582 2870 3648 naturaliter,
2895 3593 2954 3636 ut
2980 3564 3123 3637 Deus
3147 3581 3407 3644 existens,
3437 3580 3568 3649 quia

1966 3677 2185 3749 proprie
2205 3677 2354 3732 carni
2378 3676 2562 3730 unitns
2585 3682 2687 3742 est,
2711 3671 3110 3728 viviﬁcatricem
3140 3688 3257 3727 eam
3287 3670 3568 3742 professus

1967 3776 2068 3822 est.
2102 3767 2236 3836 Quia
2253 3782 2384 3821 vero
2405 3766 2535 3821 dicit
2560 3783 2572 3817 :
2600 3766 2763 3818 Amen
2786 3781 2934 3817 amen
2959 3764 3076 3817 dico
3100 3761 3260 3827 vobis,
3293 3764 3396 3816 nisi
3417 3778 3567 3816 man-

1968 3859 2277 3912 ducaveritis
2304 3873 2513 3910 carnem
2540 3854 2666 3909 Filii
2691 3856 2940 3919 hominis,
2965 3865 3014 3907 et
3044 3853 3270 3907 biberitis
3299 3853 3410 3924 ejus
3437 3868 3566 3906 san-

1970 3951 2198 4020 guinem,
2226 3964 2332 4002 non
2355 3947 2603 4000 habebitis
2625 3948 2780 4000 vitam
2803 3955 3049 3998 reternam
3075 3961 3091 3997 :
3116 3960 3221 3998 non
3243 3952 3420 3996 tamen
3445 3958 3567 3998 eam

1968 4047 2030 4094 ut
2060 4039 2220 4093 unius
2242 4037 2474 4092 hominis
2494 4037 2754 4092 debemus
2774 4036 3105 4090 existimare.
3135 4034 3295 4088 Juxta
3316 4042 3567 4088 naturam

1969 4128 2113 4183 enim
2166 4143 2318 4182 suam
2359 4125 2636 4196 quomodo
2665 4133 2852 4196 posset
2906 4139 3026 4180 esse
3076 4123 3396 4178 viviﬁcatrix
3435 4139 3566 4178 caro

1969 4221 2128 4278 unius
2146 4221 2418 4276 hominis?
2438 4219 2631 4289 Fugiat
2655 4217 2838 4274 infelix
2867 4217 3083 4273 JUd'JBUS
3102 4237 3114 4270 :
3136 4218 3445 4273 destruatur
3473 4219 3567 4287 qui

1970 4315 2308 4371 nativitatem
2358 4313 2558 4369 Christi
2603 4313 2838 4384 denegat
2888 4313 3193 4368 hmreticus.
3248 4311 3566 4368 Collaudant

1971 4405 2137 4463 Deum
2169 4408 2224 4462 in
2250 4407 2496 4477 personis
2526 4407 2747 4473 trinum,
2779 4407 2832 4460 in
2863 4405 3215 4461 subsistentia
3241 4420 3370 4460 vero
3400 4421 3566 4458 unum

1970 4499 2138 4554 Deum
2181 4499 2404 4554 ﬁdeles:
2436 4515 2596 4570 quem
2642 4499 2825 4553 miseri
2855 4499 2906 4552 in
2939 4499 3017 4552 ira
3047 4505 3364 4568 exspectant
3392 4498 3569 4567 ptenis

1900 4629 1946 4688 Β
1972 4591 2323 4647 infernalibus
2344 4591 2476 4656 dati,
2503 4606 2733 4660 quorum
2759 4590 3034 4645 consortio
3056 4591 3292 4656 gaudent
3315 4589 3443 4644 mali
3470 4605 3567 4644 an-

1974 4686 2240 4756 geli,justi
2271 4695 2454 4741 autem
2480 4693 2796 4756 exspectant
2816 4700 2916 4754 pro
2946 4684 3384 4738 remuneratione
3411 4683 3560 4738 labo-

1974 4794 2112 4844 rum,
2146 4793 2374 4847 quorum
2405 4778 2636 4846 collegio
2678 4777 2772 4831 Dei
2798 4777 3135 4844 gratulantur
3181 4777 3378 4846 angeli,
3410 4776 3566 4846 adju-
3609 4785 3612 4788 ’

1973 4877 2134 4923 vaute
2147 4869 2237 4922 illo
2249 4868 2401 4937 cujus
2416 4867 2673 4923 beneﬁcia
2696 4875 3020 4937 praestantur
3039 4867 3281 4931 inﬁrmis,
3298 4883 3394 4937 per
3404 4881 3567 4935 quem

1974 4959 2224 5029 gaudium
2251 4959 2409 5013 datur
2427 4958 2644 5013 afﬂictis
2673 4978 2680 5008 ;
2713 4959 2797 5012 cui
2829 4959 2898 5013 sit
2925 4959 3111 5024 decus,
3139 4959 3443 5028 imperium,
3477 4971 3566 5026 po-

1975 5052 2161 5118 tentia,
2185 5067 2306 5107 cum
2339 5050 2500 5106 Patre
2522 5051 2762 5119 ingenito
2802 5059 2856 5105 et
2877 5049 3078 5120 Spiritu
3107 5057 3295 5106 sancto
3321 5063 3418 5120 per
3446 5045 3564 5102 inﬁ-

1975 5142 2085 5196 nita
2115 5143 2308 5216 sarcula
2339 5142 2676 5198 saeculorum.
2711 5142 2900 5196 Amen.
