4074 6480
541 370 645 427 ιοδ
1241 362 1298 419 S.
1338 360 1769 418 FULGENTIUS
1808 359 2198 419 RUSPENSIS.
2242 358 2574 417 EPISTOLA
2608 356 3082 414 DEDICATORIA.
3734 345 3836 405 ιοι

2268 504 2297 508 ..
2346 504 2381 507 .-
2406 501 3525 514 _-__.__._____.______
3546 503 3559 515 _

1813 578 1980 623 ANNO
2009 576 2240 623 DOIIINI
2269 576 2556 621 υιιιιιι.

831 603 3557 917 εΑΝρΤυέἬῦἰὰΕΝΤιυδ

1585 964 2137 1045 RUSPENSIS
2188 962 2766 1043 EPISCOPUS.

2112 502 2259 509 -——.—._-+

1734 504 2109 513 _.———.————~—

1458 1201 2068 1376 @pistola
2108 1186 2921 1346 behicatorin.

629 1484 1066 1547 lilustrissimo
1107 1486 1399 1548 Ecclesiae
1422 1484 1707 1564 principi
1733 1487 1800 1546 D.
1819 1487 1892 1545 D.
1910 1487 2503 1550 CABOLOMAUBITIU
2521 1488 2607 1547 LE
2625 1488 2929 1561 Teuma,
2960 1487 3342 1548 Remensium
3369 1485 3842 1563 archiepiscopo

550 1601 624 1641 ac
646 1582 826 1649 duci.
863 1591 1091 1645 sancta:
1118 1584 1277 1644 sedis
1309 1584 1672 1678 apostolicx
1701 1584 1903 1663 legato
1942 1596 2090 1648 nato
2116 1633 2134 1663 ,
2168 1588 2439 1666 Belgicee
2470 1589 2755 1649 secundre
2779 1590 3043 1668 primati
3066 1634 3081 1661 ,
3115 1590 3322 1669 prima
3354 1587 3643 1649 Francia
3669 1583 3846 1663 pari,

553 1686 801 1765 capella:
826 1686 991 1766 regis
1014 1690 1342 1769 prie/ecta,
1377 1696 1493 1747 etc.

630 1790 714 1851 Ut
748 1790 910 1850 ratio
933 1789 1371 1868 beneﬁciorum
1399 1799 1612 1867 cesset,
1645 1807 1913 1871 quorum
1940 1788 2345 1852 nobilissima:
2371 1798 2492 1850 tute
2525 1790 2697 1868 genti
2723 1789 2967 1852 debitor
2989 1809 3146 1863 sum,
3180 1811 3248 1852 ea
3277 1796 3427 1855 sunt
3467 1790 3535 1851 in
3583 1796 3667 1860 te,
3696 1786 3848 1866 illu-

548 1895 849 1956 strissime
889 1895 1322 1974 archipreesul,
1357 1907 1621 1974 propter
1645 1915 1779 1975 quas
1807 1895 1969 1957 hanc
2000 1913 2255 1975 operum
2281 1896 2487 1955 sancti
2518 1895 2842 1973 Fulgentii
2872 1914 3095 1957 novam
3127 1895 3460 1957 editionem
3486 1893 3605 1955 tibi
3638 1888 3851 1953 dicari

553 1994 867 2072 oportuit.
894 1993 1055 2056 Nam
1084 2011 1222 2053 cum
1256 1992 1560 2055 doctrinte
1588 2003 1951 2055 sanctorum
1988 1996 2254 2054 Patrum
2298 1995 2606 2057 universe:
2637 2004 2693 2054 te
2733 1997 3042 2071 fautorem
3090 1996 3387 2056 eximium
3423 1993 3625 2053 adhuc
3675 1989 3852 2051 exhi-

463 2124 466 2128 λ
551 2090 773 2167 buisti,
811 2103 936 2153 tum
973 2094 1318 2170 praesertim
1346 2112 1556 2155 eorum
1593 2096 1851 2174 scriptis
1880 2095 2206 2173 indulgere
2248 2097 2457 2157 studio
2507 2108 2650 2172 tua,
2693 2098 3173 2178 patracinioque
3202 2098 3372 2158 visus
3401 2115 3483 2163 es,
3532 2096 3598 2155 in
3626 2092 3854 2174 quibus

551 2204 809 2255 exstant
840 2196 1194 2274 discipline:
1217 2198 1439 2257 veteris
1474 2208 1901 2258 monumenta.
1931 2198 2127 2277 quue
2151 2197 2302 2260 adeo
2326 2215 2451 2258 non
2490 2216 2759 2277 usurpas
2795 2200 2888 2260 vel
2919 2200 3239 2278 captandce
3262 2196 3721 2266 oblectationis,
3761 2195 3856 2256 vel

551 2296 764 2357 inanis
814 2295 1103 2373 gloriolae
1141 2297 1527 2375 aucupandee
1572 2298 1811 2370 studia,
1849 2308 1918 2359 ut
1954 2318 2030 2358 ex
2060 2320 2127 2361 ea
2175 2302 2459 2363 maximee
2488 2300 2799 2363 utilitates
2859 2302 2928 2361 in
2963 2300 3381 2364 Christianam
3413 2296 3856 2377 rempublicam

550 2395 994 2458 redundarint.
1034 2399 1196 2461 Nam
1225 2399 1501 2475 exemplo
1535 2408 1642 2459 tuo
1677 2411 1730 2460 et
1764 2418 2085 2462 sacrarum
2122 2404 2499 2466 Litterarum
2528 2413 2835 2464 amatores
2891 2402 3255 2464 excitaviin
3298 2400 3382 2462 ad
3431 2400 3857 2462 ecclesiastica

553 2495 954 2594 antiquitatis
1001 2498 1355 2558 memoriam
1412 2499 1832 2577 vestigandam
1888 2504 2220 2577 attentius,
2271 2513 2322 2563 et
2374 2514 2658 2582 pastores
2708 2504 3056 2564 animarum
3103 2501 3426 2563 induxisti
3454 2499 3535 2562 ad
3564 2500 3858 2581 priorum

556 2595 860 2657 Ecclesia
887 2595 1253 2687 saeculorum
1291 2599 1767 2677 consuetudines
1801 2602 2114 2663 curiosius
2140 2602 2582 2665 observandas.
2614 2603 2827 2684 Neque
2865 2604 3026 2664 enim
3052 2606 3205 2664 satis
3238 2604 3582 2682 episcopali
3612 2599 3858 2663 muneri

554 2703 770 2782 fri'isse
798 2700 1147 2763 arbitratus
1178 2724 1260 2775 es,
1282 2724 1411 2795 nec
1436 2692 1783 2784 provincia:
1813 2715 1933 2769 tute
1978 2709 2156 2784 vicis,
2185 2710 2365 2788 pagis
2389 2755 2406 2784 ,
2446 2706 2733 2784 urbibus,
2769 2709 2925 2770 locis
2962 2708 3245 2769 omnibus
3277 2709 3461 2770 toties
3496 2706 3859 2786 perlustra-

560 2802 668 2873 tis,
715 2811 769 2863 et
792 2880 795 2883 _
820 2806 1183 2882 pastoribus
1215 2807 1549 2886 avibusque
1578 2808 1660 2869 ad
1689 2810 2073 2890 exsequenda
2122 2811 2244 2872 rite
2270 2810 2661 2874 Christianas
2705 2812 2970 2890 pietatis
3001 2812 3213 2890 ofﬁcia
3256 2828 3380 2890 quo
3417 2807 3856 2870 commonendo

557 2903 861 2974 suaviter,
890 2922 1014 2984 qua
1046 2907 1419 2969 vehementer
1451 2909 1844 2971 exhortando
1877 2913 2259 2990 compulsis;
2290 2932 2399 2975 nec
2435 2914 2733 2975 instituto
2763 2912 2934 2992 apud
2952 2913 3168 2973 Remos
3198 2912 3570 2973 clericorum
3595 2911 3858 2971 semina-

558 3005 690 3079 ria,
719 3023 875 3085 quas
900 3006 1096 3068 aleres
1131 3008 1204 3069 de
1238 3018 1347 3068 tua
1375 3010 1711 3072 maximam
1735 3021 1979 3091 partem
2000 3062 2016 3088 ,
2049 3024 2104 3073 et
2139 3013 2222 3092 ad
2265 3014 2583 3076 rei-sacris
2636 3015 3052 3074 ministerium
3088 3031 3202 3092 per
3231 3014 3403 3074 viras
3446 3010 3708 3073 idoneas
3738 3030 3855 3072 cu-

557 3124 733 3167 rares
768 3108 1107 3185 informari
1132 3132 1152 3179 ;
1187 3128 1296 3171 nec
1330 3129 1653 3172 sacrarum
1686 3113 1908 3174 adium
1939 3116 2377 3185 exornatione,
2416 3116 2775 3192 refectione,
2806 3124 3133 3175 structura
3166 3134 3184 3179 :
3224 3131 3336 3174 nec
3363 3112 3684 3173 sublevate;
3706 3129 3844 3191 pas-

558 3211 677 3271 sim
726 3213 1111 3289 familiarum
1158 3215 1466 3292 egentium
1515 3213 1917 3282 calamitate;
1978 3234 2089 3277 nec
2138 3216 2448 3279 subversis
2483 3217 2919 3278 heereticorum
2965 3216 3413 3278 Sedanensium
3467 3212 3743 3287 scholis,
3799 3219 3851 3273 et

561 3311 1012 3388 magistrorum
1061 3315 1128 3374 in
1166 3316 1252 3397 eis
1286 3315 1642 3405 docentium
1678 3318 1881 3396 regali
1923 3319 2237 3396 stipendio
2265 3365 2280 3392 ,
2340 3319 2411 3381 de
2468 3322 2664 3399 ipsius
2709 3323 2873 3400 regis
2926 3320 3352 3391 concessione,
3401 3318 3476 3379 ‘in
3533 3317 3859 3380 doctorum

566 3413 1020 3477 catholicarum
1042 3418 1336 3480 alimenta
1368 3439 1708 3492 converso,-
1743 3441 1855 3482 nec
1883 3421 2143 3502 denique
2174 3423 2458 3483 omnibus
2492 3424 2715 3502 ofﬁciis
2742 3421 3292 3502 archiepiscopalis
3325 3438 3485 3481 cura
3507 3418 3862 3498 plenissime

565 3513 978 3591 tle/ungendis
1012 3516 1191 3584 :.nisi
1220 3527 1387 3579 tuam
1415 3538 1536 3601 pro
1579 3522 1897 3582 commisso
1941 3540 2123 3601 grege
2171 3522 2657 3583 sollicitudinem
2704 3524 2936 3599 faceres
2973 3519 3425 3603 quodammodo
3470 3526 3860 3599 perpetuam,

566 3628 620 3677 et
668 3617 749 3677 ad
781 3626 921 3679 tuas
948 3639 1328 3682 successores
1357 3624 1722 3685 imitandam
1760 3624 2245 3695 transmitteres,
2302 3622 2635 3701 descriptis
2659 3632 2712 3683 et
2743 3622 3081 3701 compactis
3110 3620 3178 3681 in
3207 3637 3398 3679 unum
3433 3634 3682 3694 corpus,
3727 3634 3864 3695 quae

556 3712 955 3781 ‘Remensium
984 3722 1228 3784 dioecesi
1253 3741 1330 3783 ex
1362 3723 1655 3785 instituto
1683 3725 1962 3803 apprime
1984 3724 2353 3786 Christiana
2392 3722 2674 3802 regendae
2701 3724 3044 3784 necessaria
3067 3719 3402 3801 judicasti.
3423 3718 3587 3780 Nam
3615 3724 3860 3786 cetera,

570 3835 706 3899 quee
737 3822 805 3882 in
835 3822 972 3883 luce
1002 3824 1198 3885 totius
1227 3826 1408 3904 regni
1435 3824 1715 3903 quotidie
1747 3826 2017 3904 suscipis
2068 3824 2241 3903 apud
2284 3842 2481 3902 regem
2519 3823 3149 3896 Christianissimum,
3193 3838 3305 3899 per
3346 3839 3471 3880 eam
3499 3836 3625 3897 qua
3665 3814 3864 3895 polles

568 3938 1001 4004 usquequaque
1028 3926 1236 4004 gratia
1260 3946 1279 3994 ;
1325 3924 1497 4005 apud
1522 3924 1840 3986 hominum
1868 3924 2265 3986 eruditorum
2292 3933 2658 3998 conventus,
2706 3941 2862 4004 quos
2910 3923 3246 4002 smpissime
3290 3934 3644 3984 convocas;
3697 3913 3864 3992 apud

568 4020 724 4085 cieri
751 4021 1066 4087 Gallicani
1094 4026 1348 4089 comitia
1376 4042 1495 4106 pro
1525 4024 1886 4088 divinarum
1914 4042 2126 4086 rerum
2155 4025 2383 4086 tuenda
2413 4026 2729 4105 majestate
2756 4071 2772 4097 ,
2808 4042 2926 4105 pro
2958 4022 3305 4085 asserendis
3337 4019 3631 4082 Ecclesia:
3655 4015 3866 4078 Galli-

568 4138 740 4184 conte
757 4124 1019 4203 juribus
1045 4170 1060 4195 ,
1094 4143 1214 4203 pro
1247 4125 1552 4189 doctrinm
1596 4127 1883 4205 purioris
1926 4126 2303 4208 defensione,
2351 4127 2508 4207 quid
2558 4128 2781 4188 attinet
2819 4142 3325 4195 commemorare,
3384 4138 3522 4182 cum
3549 4120 3619 4180 in
3655 4117 3860 4180 oculis

560 4225 847 4284 omnium
880 4237 1203 4287 versentur
1231 4229 1261 4286 ἵ
1312 4228 1536 4307 Itaque
1568 4227 1714 4288 dum
1749 4228 2215 4291 illustrissimus
2257 4227 2612 4291 Galliarum
2661 4228 3076 4289 cancellarius
3120 4242 3345 4305 parens
3372 4233 3517 4285 tuus
3551 4225 3616 4284 in
3652 4220 3863 4281 made-

569 4324 791 4386 randis
831 4344 946 4405 per
980 4330 1336 4389 universum
1381 4346 1638 4407 regnum
1652 4329 1922 4409 judiciis
1942 4376 1956 4402 ,
1981 4330 2270 4409 principi
2299 4349 2370 4391 ac
2400 4329 2641 4390 civibus
2674 4330 2853 4410 fidem
2879 4327 3189 4408 approbat
3226 4345 3423 4397 suam,
3454 4342 3639 4405 quam
3670 4321 3864 4383 variis

571 4428 980 4509 maximisque
998 4428 1266 4509 publica
1284 4432 1378 4491 rei
1406 4431 1768 4492 ministeriis
1796 4440 1928 4492 tota
1970 4433 2112 4493 vita:
2148 4432 2416 4492 decursu
2446 4432 2786 4492 exercitam
2815 4432 3036 4491 retinet
3064 4430 3397 4489 etiamnum
3426 4426 3649 4506 plenus
3670 4422 3864 4483 animi

571 4524 939 4607 raborisque
969 4529 1037 4588 in
1067 4536 1376 4589 senectute
1406 4548 1681 4599 summa;
1725 4531 1874 4592 dum
1921 4532 2388 4593 illustrissimus
2441 4531 2713 4594 marchio
2745 4533 2946 4611 frater
2978 4538 3122 4591 tuus
3168 4529 3311 4591 belli
3335 4528 3630 4608 pacisque
3659 4525 3866 4587 admi-

569 4627 921 4721 nistrandis
950 4628 1130 4689 rebus
1142 4639 1476 4708 paternum
1501 4630 1569 4692 in
1593 4632 1945 4711 principem
1974 4630 2330 4711 obsequium
2357 4632 2687 4696 cemulatur
2713 4677 2729 4705 ,
2781 4640 2850 4692 tu
2875 4648 3203 4693 sacrarum
3233 4627 3632 4691 continendis
3661 4627 3864 4688 ratio-

570 4728 759 4791 nibus
785 4728 1105 4807 invigilas,
1137 4748 1208 4789 ac
1234 4729 1626 4807 potissimum
1652 4731 2280 4793 institutisEcclesite
2300 4732 2382 4792 ad
2412 4732 2683 4811 antiquos
2707 4731 2961 4813 pietatis
2994 4726 3274 4808 exempla
3303 4725 3696 4788 revocandis.
3724 4724 3862 4785 Hoc

508 4852 520 4861 ο
572 4833 795 4911 agebas
825 4848 1027 4908 nuper
1054 4830 1121 4889 in
1148 4828 1478 4891 Gallicana
1510 4831 1947 4911 episcoporum
1979 4845 2286 4893 conventu
2303 4833 2464 4893 alter
2490 4851 2713 4912 preeses
2742 4832 3304 4905 canstitutus,cum
3328 4828 3610 4907 politici:
3635 4836 3864 4888 aucto-

561 4936 789 5007 .ritatis
806 4935 963 5014 jura
991 4931 1072 4993 ad
1103 4930 1527 4994 ecclesiasticis
1548 4932 1883 5011 potestatis
1912 4943 2219 4994 momenta
2242 4953 2305 4992 eo
2341 4941 2814 5011 temperamento
2850 4928 3161 5009 dirigebas
3190 4929 3588 5009 aptabasque.
3620 4936 3715 4995 ut,
3746 4926 3865 4985 ad-

571 5034 788 5097 hibitis
825 5032 1247 5106 cautionibus,
1276 5051 1430 5113 quas
1460 5053 1599 5096 cum
1627 5054 1863 5096 summa
1893 5033 2144 5096 dicendi
2169 5037 2482 5113 gravitate
2508 5033 2832 5115 a/ferebas,
2869 5045 3093 5094 neutra
3121 5032 3459 5113 quidquam
3488 5030 3678 5092 alteri
3726 5028 3864 5108 afﬁ-

576 5154 733 5212 cere,
777 5135 965 5197 ambte
999 5145 1211 5196 mutuo
1230 5145 1485 5215 possent
1514 5135 1815 5216 adjuvare
1841 5136 2368 5215 quamplurimum
2400 5161 2419 5199 :
2454 5138 2523 5198 in
2551 5154 2738 5216 eaque
2774 5143 2832 5195 et
2856 5136 2977 5214 filii
3006 5135 3342 5196 reverentis
3370 5135 3437 5194 in
3462 5131 3659 5193 sedem
3683 5147 3862 5209 pon-
3898 5180 3903 5183 .

580 5236 859 5314 tiﬁciam,
915 5244 969 5297 et
1006 5234 1246 5298 subditi
1282 5234 1666 5316 obsequentis
1701 5236 1767 5297 in
1795 5252 1995 5313 regem
2037 5238 2312 5297 animum
2352 5238 2735 5315 praestitisti.
2787 5236 2961 5297 Fave
3006 5236 3235 5314 igitur,
3287 5234 3615 5298 illustriss.
3648 5230 3863 5292 archi—

576 5337 831 5418 prtesul,
863 5339 1069 5401 labori
1102 5347 1349 5415 nostra,
1397 5349 1452 5401 et
1483 5338 1605 5399 hac
1635 5355 1820 5417 opera
1854 5340 2058 5399 sancti
2085 5338 2407 5419 Fulgentii
2453 5337 2771 5399 emendata
2804 5355 3014 5398 recens
3070 5344 3254 5416 atque
3304 5338 3372 5397 in
3423 5337 3620 5397 lucem
3657 5333 3859 5394 denuo

582 5437 959 5515 prodeuntia
988 5440 1257 5501 nominis
1286 5440 1382 5500 tui
1408 5438 1770 5517 patrocinia
1804 5445 1996 5509 tuere,
2030 5438 2148 5500 hoc
2179 5448 2291 5513 est,
2324 5456 2520 5498 assere
2550 5440 2646 5499 tui
2670 5437 3127 5518 suffragatione
3143 5436 3413 5517 judicii,
3442 5436 3573 5515 ejus
3607 5432 3862 5494 doctri-

584 5560 729 5603 nam
769 5543 1066 5621 episcopi,
1099 5542 1279 5619 cuius
1309 5539 1725 5619 apostolicum
1758 5539 2036 5603 studium
2066 5539 2405 5621 religionis
2439 5540 2768 5620 augenda,
2804 5538 3144 5618 ﬁrmandw,
3176 5537 3548 5615 excolendte,
3598 5533 3862 5614 agenda,

585 5643 1022 5724 sentiendoqne
1058 5644 1296 5706 imitari
1323 5639 1667 5702 contendis.
1926 5629 1929 5633 ’

2305 5739 2447 5802 Tibi
2483 5740 2944 5802 addictissimus
2971 5748 3023 5798 et
3056 5735 3662 5813 obsequentissimus,

2602 5842 3009 5905 Gmuamus
3045 5842 3350 5900 Dureau.
