4124 6468
231 349 338 415 105

240 450 3434 476 MM

1094 355 1150 411 S.
1183 353 1622 410 FULGENTIUS
1663 353 2062 414 RUSPENSIS.
2108 353 2640 412 PBOLEGOMENA.

1454 556 2321 631 PBOLEGOMENA.

1768 696 1989 708 -————

1657 733 2114 860 PREFATlo.

296 904 554 959 Omnibus
603 900 822 971 quidem
863 897 1088 953 Patrum
1117 897 1336 968 scriptis
1363 913 1428 951 ea
1451 897 1552 952 dos
1581 897 1743 965 inest,
1768 904 1830 952 ut
1854 900 1913 963 Α
1938 916 2036 954 nos
2059 901 2189 956 liber
2211 920 2343 957 unus
2360 904 2429 958 ad
2454 905 2628 960 decem
2655 905 2970 976 objectiones
2984 906 3156 961 decem
3177 908 3538 976 responsiones

227 1014 332 1054 non
357 996 480 1054 solo
520 1001 733 1050 mentes
758 992 1006 1048 veritatis
1033 989 1245 1058 fulgore
1301 991 1687 1060 perstringam,
1732 991 1830 1048 sed

221 1087 380 1142 simul
429 1085 675 1140 intimum
733 1082 1024 1153 quemdam
1069 1080 1290 1151 pietatis
1326 1095 1544 1135 sensum
1571 1080 1831 1137 cordibus

219 1177 516 1247 legentium
539 1177 799 1232 inserant.
830 1174 990 1231 Haud
1038 1174 1152 1229 scio
1181 1182 1361 1229 tamen
1391 1189 1462 1228 an
1502 1173 1661 1228 ullius
1700 1190 1829 1245 pro-

219 1273 342 1343 pria
374 1271 546 1341 magis
574 1270 697 1325 laus
726 1269 819 1325 illa
851 1267 1015 1324 fuerit
1033 1282 1199 1338 quam
1222 1265 1515 1338 Fulgentii,
1549 1265 1704 1337 cujus
1759 1282 1832 1322 ex

215 1364 441 1435 scriptis
465 1364 513 1419 is
541 1363 783 1419 caritatis
810 1362 983 1433 spirat
1021 1350 1222 1429 ardor,
1245 1375 1310 1415 ea
1361 1359 1583 1430 spiritus
1611 1359 1830 1415 ubertas

217 1454 486 1522 exundat,
517 1463 576 1511 ut
600 1465 791 1527 pectus
812 1454 925 1509 Deo
952 1451 1173 1524 plenum
1209 1467 1320 1508 non
1347 1451 1616 1522 intelligas
1641 1452 1828 1520 modo,

215 1548 321 1606 sed
341 1549 564 1604 sentias.

297 1639 585 1710 Augustini
614 1637 940 1710 discipulum
963 1636 1123 1703 scias,
1153 1652 1264 1691 non
1291 1636 1465 1705 magis
1491 1651 1560 1692 ex
1599 1649 1831 1692 consen-

215 1731 390 1808 sione
414 1730 726 1800 dogmatum
752 1743 917 1799 quam
947 1743 1016 1784 ex
1041 1727 1394 1784 similitudine
1416 1727 1698 1794 virtutum,
1729 1741 1829 1781 va-

216 1823 438 1894 riisque
456 1823 654 1893 ingenii
685 1838 750 1878 ac
779 1837 991 1878 morum
1011 1821 1346 1878 ornamentis
1384 1821 1582 1892 quibus
1625 1821 1718 1878 ille
1746 1829 1833 1877 to-

218 1924 351 1970 tum
373 1914 726 1985 Augustinum
748 1913 1034 1985 expressit.

302 2005 402 2062 Est
450 2005 668 2076 quidem
716 2004 999 2074 Augustini
1025 2003 1198 2076 stylus
1224 2003 1503 2074 aliquanto
1527 2003 1746 2070 cultior,
1777 2013 1836 2060 et

203 2102 263 2156 ἐι
292 2098 476 2156 saeculi
506 2099 591 2155 sui
615 2100 762 2176 vitiis
776 2099 1062 2166 .intactior,
1089 2114 1212 2155 cum
1231 2097 1516 2168 Fulgentio
1558 2113 1834 2168 nunquam

217 2205 380 2248 curae
407 2189 571 2247 fuerit
618 2190 931 2259 abstergere
979 2189 1162 2245 saeculi
1190 2189 1274 2244 sui
1307 2189 1490 2258 situm,
1522 2197 1578 2244 at
1608 2189 1751 2245 idem
1779 2189 1834 2244 in

1939 995 2234 1048 continens.
2267 996 2345 1048 Ac
2374 996 2741 1064 objectionum
2772 997 2989 1066 quidem
3017 997 3153 1052 mira
3179 1006 3290 1051 tum
3345 995 3538 1051 barba-

1937 1085 2070 1153 ries,
2100 1094 2212 1140 tum
2242 1088 2576 1155 obscuritas;
2603 1090 2984 1160 responsiones
3013 1088 3357 1143 nihilominus
3383 1086 3540 1142 lucu-

1937 1176 2120 1242 lentae,
2174 1185 2230 1232 et
2265 1178 2332 1234 ad
2361 1177 2580 1233 Patrum
2610 1181 2951 1251 superiorum
2981 1179 3283 1236 doctrinam
3312 1187 3542 1240 exactm.

1938 1271 2079 1327 Hinc
2099 1281 2183 1327 est
2201 1271 2346 1341 quod
2367 1272 2519 1327 illum
2543 1270 2834 1344 Scripturae
2864 1274 3064 1336 locum,
3095 1271 3351 1326 Dominus
3390 1285 3544 1322 crea-~

1938 1367 2012 1420 vit
2031 1383 2114 1420 me
2139 1367 2349 1420 initium
2372 1367 2574 1421 viarum
2594 1383 2828 1433 suarum,
2856 1383 2969 1422 non
2996 1366 3064 1421 de
3105 1373 3327 1428 acterna,
3353 1362 3450 1418 sed
3477 1361 3548 1417 de

1939 1459 2229 1532 temporali
2257 1458 2459 1514 Christi
2488 1458 2842 1526 generatione
2887 1455 3298 1526 intelligendum
3345 1453 3539 1518 docet;

1937 1567 2105 1621 quem
2134 1559 2315 1606 tamen
2345 1565 2455 1606 non
2476 1549 2820 1606 incommode
2840 1549 3174 1621 posteriores
3199 1547 3267 1602 ad
3286 1554 3549 1602 aeternam

1937 1644 2109 1700 ‘Verbi
2131 1643 2540 1716 generationem
2568 1641 2830 1707 referunt,
2863 1640 3084 1698 creandi
3112 1641 3283 1696 verbo
3310 1654 3420 1695 non
3446 1638 3544 1694 de-

1938 1738 2141 1807 territi,
2189 1753 2311 1794 cum
2338 1737 2564 1794 Hebraea
2585 1737 2767 1807 potius
2788 1745 2986 1793 sonent
3011 1735 3157 1808 quod
3184 1735 3349 1790 habet
3376 1734 3547 1792 editio

1936 1827 2194 1899 Vulgata,
2221 1827 2476 1882 Dominus
2500 1827 2730 1899 possedit
2757 1844 2838 1882 me
2864 1828 3070 1882 initium
3095 1828 3296 1881 viarum
3311 1843 3544 1882 suarum.

2016 1918 2155 1975 Huic
2178 1919 2318 1975 libro
2348 1919 2709 1989 subiungendi
2737 1927 2861 1976 sunt
2882 1927 2993 1975 tres
3012 1918 3080 1974 ad
3109 1917 3546 1984 Trasimundum,
3571 1973 3573 1975 .

1938 2026 2174 2081 quorum
2203 2011 2551 2066 occasionem
2604 2011 2721 2082 ipse
2748 2011 2993 2081 exponit
3044 2011 3100 2064 in
3147 2010 3354 2065 limine.
3398 2008 3550 2064 Felix

1940 2102 2166 2174 quidam
2193 2103 2338 2170 regis
2360 2101 2608 2158 minister
2630 2101 2815 2157 nescio
2855 2101 3002 2171 quod
3029 2102 3288 2172 scriptum
3327 2099 3398 2156 ad
3421 2099 3550 2155 Ful-

1914 2254 1918 2257 ,
1942 2195 2184 2265 gentium
2212 2208 2243 2248 a
2272 2207 2400 2263 rege
2424 2191 2694 2248 detulerat
2720 2191 2917 2264 raptim
2947 2207 3010 2247 ac
3032 2190 3348 2248 festinanter
3368 2191 3551 2260 legeno

219 2285 475 2355 utrisque
496 2283 696 2340 mentis
721 2282 894 2352 Vigor,
924 2281 1069 2337 idem
1095 2296 1346 2347 acumen.
1373 2280 1515 2337 idem
1535 2281 1836 2336 sententia-
1862 2279 1916 2342 Β
1943 2286 2098 2352 dum,
2140 2297 2240 2342 seu
2279 2284 2555 2341 libandum
2598 2284 2799 2354 potius,
2849 2283 3144 2354 statimque
3195 2290 3502 2339 extorserat
3531 2300 3548 2336 :

224 2393 351 2434 rum
379 2377 616 2451 pondus,
648 2376 840 2432 eadem
891 2375 1091 2446 ingenii
1115 2374 1364 2440 felicitas,
1393 2373 1585 2430 eadem
1614 2375 1670 2429 in
1695 2383 1837 2430 trac-

229 2466 411 2526 tandis
439 2467 738 2540 Scripturis
765 2467 1061 2538 diligentia,
1085 2465 1398 2531 dexteritas,
1425 2463 1719 2533 afﬂuentia,
1743 2481 1839 2520 ea-

218 2559 358 2617 dem
409 2575 628 2618 morum
675 2561 925 2632 aequitas,
980 2559 1240 2624 suavitas,
1287 2556 1662 2621 mansuetudo,
1694 2556 1838 2612 idem

217 2655 481 2710 caritatis
516 2655 679 2710 ardor
714 2670 782 2710 ex
824 2654 1040 2725 scriptis
1070 2652 1330 2720 emicans,
1356 2652 1498 2707 idem
1543 2667 1643 2722 pro
1688 2651 1835 2707 veri-

219 2755 351 2802 tate
380 2746 551 2802 zelus.
579 2745 696 2801 Nec
725 2746 966 2818 dispares
993 2745 1210 2816 utrique
1238 2745 1442 2801 hostes.
1476 2743 1612 2799 Nam
1631 2752 1687 2799 et
1728 2744 1838 2799 Au-

222 2839 458 2909 gustino
516 2837 773 2909 frequens
827 2855 949 2894 cum
993 2839 1207 2894 Arianis
1235 2838 1464 2901 luctatio
1483 2836 1604 2904 fuit,
1630 2846 1685 2892 et
1711 2837 1838 2892 Ful-

218 2929 484 2998 gentium
514 2929 631 2984 haec
658 2928 878 2985 haeresis
902 2944 1000 2999 per
1026 2937 1194 2985 totam
1224 2929 1389 2984 vitam
1411 2928 1688 2993 exercuit;
1713 2943 1838 2983 cum

217 3018 692 3088 Semipelagianis
717 3019 1014 3075 orientibus
1053 3017 1333 3075 conflictus
1362 3017 1660 3086 Augustino
1717 3017 1834 3084 fuit,

219 3126 362 3167 cum
382 3110 572 3166 iisdem
621 3111 822 3166 adultis
846 3110 1148 3181 Fulgentio,
1177 3112 1293 3183 pari
1317 3110 1602 3187 utrobique
1621 3124 1840 3166 succes-

222 3219 324 3260 su.
357 3205 404 3258 A
427 3213 621 3260 neutro
643 3206 784 3261 enim
815 3206 902 3262 hic
929 3222 1082 3262 error
1109 3208 1163 3262 in
1184 3215 1360 3262 totum
1381 3215 1836 3278 compressusest,

227 3297 322 3354 sic
347 3307 526 3353 tamen
557 3299 624 3354 ab
651 3306 880 3369 utroque
909 3300 1145 3355 revictus
1189 3307 1243 3355 et
1290 3299 1578 3370 depressus
1632 3305 1733 3365 est,
1780 3308 1841 3354 ut

230 3389 461 3461 utrique
488 3397 602 3445 tota
622 3406 683 3447 se
709 3389 1027 3448 Latinorum
1057 3391 1435 3461 theologorum
1464 3391 1664 3448 cohors
1691 3403 1836 3446 sem-

230 3497 346 3556 per
366 3481 694 3552 adiunxerit.
1806 3547 1809 3550 _

319 3573 453 3630 Eum
505 3576 669 3646 igitur
709 3591 831 3632 cum
881 3577 1023 3632 inter
1051 3575 1304 3632 Ecclesiae
1331 3577 1628 3646 scriptores
1655 3576 1836 3631 locum

1945 2377 2075 2435 huic
2096 2385 2282 2434 tamen
2303 2384 2366 2432 ut
2383 2391 2548 2446 quam
2577 2377 2809 2448 primum
2836 2391 2867 2430 a
2895 2375 3181 2444 Fulgentio
3202 2374 3548 2446 respondere-

1949 2481 2038 2528 tur
2065 2486 2164 2528 rex
2192 2470 2545 2527 nibilominus
2572 2470 2916 2542 perurgebat.
2945 2469 3229 2540 Nunquam
3256 2476 3402 2526 certe
3442 2468 3547 2523 ini-

1944 2563 2107 2633 quius
2128 2568 2442 2634 comparata
2468 2561 2806 2617 concertatio
2833 2559 2954 2616 fuit.
2979 2561 3109 2628 Quis
3137 2561 3280 2616 enim
3311 2575 3545 2630 unquam

1944 2657 2087 2712 libro
2113 2653 2446 2727 respondere
2469 2652 2653 2723 jussus
2681 2661 2766 2708 est
2793 2652 2947 2722 cujus
2972 2652 3204 2708 lectione
3231 2653 3546 2724 prohibere-

1943 2749 2069 2805 tur?
2109 2747 2307 2818 Pugnaz
2349 2755 2533 2802 tamen
2579 2745 2945 2801 conditionem
2973 2745 3184 2815 accepit
3211 2743 3546 2814 Fulgentius,

1943 2857 2038 2908 ne,
2066 2849 2124 2897 ut
2152 2842 2268 2912 ipse
2297 2840 2555 2910 loquitur,
2585 2847 2676 2893 aut
2697 2838 2909 2912 fastidio
2932 2839 3159 2893 tumidus
3176 2881 3191 2907 ,
3219 2847 3310 2892 aut
3331 2840 3548 2893 tacitur-

1945 2937 2129 2990 nitatis
2169 2935 2322 3002 culpa
2361 2931 2638 2988 obstrictus
2685 2940 2972 3003 putaretur.
3023 2930 3089 2986 Et
3117 2946 3452 3002 qumcunque
3480 2947 3548 2988 ex

1943 3027 2204 3083 subitaria
2234 3026 2325 3080 illa
2370 3025 2604 3081 lectione
2651 3023 2703 3078 in
2735 3024 3054 3080 memoriam
3081 3023 3349 3079 haeserant
3375 3023 3548 3081 tribus

1941 3122 2097 3178 libris
2148 3119 2411 3175 acerrime
2433 3116 2662 3190 repulit.

2019 3214 2131 3270 Hos
2161 3214 2381 3285 quidam
2419 3213 2743 3269 Arianorum
2788 3211 3076 3284 episcopus
3129 3211 3349 3267 nomine
3393 3209 3549 3266 Pinta

1942 3307 2194 3363 refellere
2237 3320 2506 3376 agressus,
2536 3321 2568 3360 a
2589 3304 2875 3374 Fulgentio
2903 3304 3033 3360 item
3063 3304 3280 3374 egregie
3303 3302 3550 3360 confuta-

1943 3409 2036 3455 tus
2055 3408 2158 3455 est.
2191 3398 2459 3455 Caeterum
2481 3398 2771 3470 quominus
2809 3396 2943 3452 illud
2989 3397 3248 3468 scriptum
3289 3411 3410 3452 esse
3431 3411 3550 3452 cre-

1944 3493 2071 3548 dam
2100 3491 2246 3562 quod
2276 3491 2438 3561 hujus
2461 3489 2722 3547 editionis
2750 3507 2803 3562 p.
2849 3489 2956 3544 535
2986 3490 3129 3545 hunc
3157 3489 3373 3546 titulum
3407 3504 3549 3560 pra:-

1945 3583 2052 3639 fert
2085 3603 2096 3636 :
2131 3585 2239 3638 Pro
2280 3583 2386 3654 fide
2425 3582 2682 3638 catholica
2724 3582 2972 3637 adversus
3018 3581 3237 3636 Pintam
3256 3581 3548 3649 Arianum,

235 3669 442 3724 merito
461 3666 772 3739 Fulgentius
801 3668 1064 3734 obtineat,
1116 3668 1298 3723 multis
1351 3667 1837 3724 ecclesiasticarum
1865 3665 1914 3730 C
1944 3678 2117 3734 multa
2146 3692 2235 3733 me
2264 3675 2555 3732 deducunt.
2592 3673 2831 3730 Primum
2860 3675 3004 3744 quod
3034 3675 3179 3729 nulla
3226 3675 3313 3730 hic
3358 3672 3549 3742 Pium,

238 3758 545 3814 litterarum
575 3759 883 3814 amantibus
909 3772 1052 3827 aegre
1078 3768 1198 3813 erat
1225 3758 1343 3828 ejus
1371 3774 1539 3828 opera
1595 3769 1705 3814 tam
1755 3761 1840 3814 inv

237 3847 462 3903 curiose
483 3847 660 3905 adhuc
680 3848 887 3914 habita,
906 3859 967 3903 ut
988 3848 1288 3904 alienorum
1315 3849 1496 3917 potius
1516 3851 1840 3920 scriptorum

232 3941 492 3996 accessio
511 3940 714 3997 fuerint
734 3955 894 4012 quam
925 3941 980 3994 in
1011 3939 1288 4010 proprium
1316 3939 1544 3994 collecta
1584 3941 1841 3996 volumen

231 4048 347 4089 suo
392 4031 515 4101 jure
566 4031 836 4088 steterint.
887 4029 1211 4097 Quodcum
1241 4029 1588 4085 emendatum
1617 4038 1845 4100 cuperet

236 4124 327 4179 vir
354 4123 704 4190 clarissimus,
732 4123 800 4178 de
827 4129 943 4177 tota
987 4121 1157 4177 Gallia
1186 4137 1251 4178 ac
1279 4121 1348 4177 de
1374 4120 1570 4177 litteris
1611 4137 1843 4192 praeser-

240 4217 340 4271 tim
361 4215 503 4272 bene
525 4215 768 4281 meritus,
802 4201 996 4269 novam
1027 4213 1292 4282 Fulgentii
1317 4212 1634 4280 editionem,
1662 4229 1762 4286 pro
1777 4228 1843 4269 ea

235 4323 347 4378 qua
377 4308 617 4379 pollebat
643 4308 986 4373 auctoritate,
1011 4305 1408 4376 quamprimum
1438 4306 1692 4361 adornari
1713 4321 1847 4377 prte-

233 4401 407 4472 cepit.
432 4400 557 4456 Haec
581 4400 669 4455 illa
691 4409 774 4456 est
792 4413 914 4469 quae
932 4415 1077 4454 nunc
1097 4398 1150 4452 in
1173 4399 1348 4454 lucem
1368 4397 1582 4470 prodit:
1609 4399 1662 4453 in
1680 4413 1843 4468 quam

231 4496 377 4553 mihi
427 4511 616 4551 eorum
667 4496 758 4565 qui
803 4493 1031 4553 editioni
1058 4492 1390 4564 praefuerunt
1416 4501 1609 4560 rogatu
1639 4493 1843 4562 aliquid

230 4587 534 4662 praefatum
562 4587 695 4644 nihil
716 4587 898 4658 potius
919 4586 1093 4642 visum
1116 4593 1218 4650 est,
1244 4601 1406 4656 quam
1432 4592 1493 4640 ut
1513 4599 1701 4639 eorum
1721 4598 1844 4653 quae

230 4691 537 4754 supersunt
564 4681 831 4752 Fulgentii
854 4697 1080 4752 operum
1091 4681 1315 4736 brevem
1334 4679 1626 4750 quamdam
1647 4678 1844 4733 seriem

235 4774 610 4839 instituerem,
623 4787 921 4843 eorumque
941 4773 1252 4829 occasiones
1274 4779 1330 4826 et
1351 4776 1668 4840 argumenta
1690 4769 1849 4826 stric-

235 4867 346 4922 tim
370 4878 723 4935 exponerem.

315 4955 634 5026 Fulgentius
661 4955 822 5024 igitur
847 4969 915 5010 ex
936 4955 1088 5025 regio
1116 4961 1473 5026 procuratore
1522 4953 1840 5020 monachus,

1947 3786 2051 3827 nec
2071 3770 2334 3826 librorum
2362 3767 2429 3822 ad
2451 3766 2888 3833 Trasimundum,
2913 3783 3014 3824 nec
3041 3768 3207 3830 totius
3236 3766 3394 3837 hujus
3421 3783 3550 3823 con-

1947 3861 2264 3918 certationis
2310 3859 2534 3914 mentio.
2593 3857 2796 3912 Deinde
2845 3857 2989 3926 quod
3040 3858 3128 3912 illa
3185 3872 3346 3926 quam
3395 3855 3551 3912 affert

1949 3955 2202 4024 ὁμουσὶου
2245 3947 2626 4018 interpretatio
2668 3946 2950 4015 Fulgentio
2979 3945 3163 4000 Graece
3211 3961 3316 3999 non
3359 3945 3550 3999 leviter

1947 4042 2162 4099 erudito
2191 4055 2301 4095 non
2329 4037 2464 4093 satis
2491 4037 2765 4093 convenit.
2805 4035 2991 4106 itaque
3037 4036 3195 4103 longe
3221 4032 3551 4103 probabilius

1949 4141 2067 4188 tum
2087 4130 2411 4189 Sirmundus
2441 4138 2554 4184 tum
2578 4128 2669 4183 alii
2711 4128 2817 4183 hoc
2856 4143 2991 4196 Opus
3031 4125 3313 4196 Fulgentio
3343 4123 3550 4195 abjudi-

1950 4236 2096 4295 cant,
2129 4224 2345 4281 tametsi
2374 4221 2511 4279 illud
2561 4231 2618 4278 et
2673 4221 2726 4276 in
2775 4220 2952 4276 Africa
2995 4227 3051 4274 et
3089 4217 3142 4272 in
3170 4216 3550 4290 persecutione

1949 4318 2244 4376 Vandalica
2272 4316 2532 4388 scriptum
2560 4320 2793 4370 constet.

2025 4411 2144 4470 Non
2169 4410 2341 4466 multo
2386 4417 2511 4482 post
2538 4406 2862 4463 Arianorum
2901 4403 3102 4459 invidia
3148 4403 3203 4458 in
3245 4403 3550 4463 Sardiniam

1953 4507 2151 4562 iterum
2179 4504 2398 4575 pulsus,
2429 4501 2597 4556 libr'os
2643 4499 2712 4556 ad
2766 4497 3062 4554 Monimum
3112 4509 3394 4565 aggressus
3445 4504 3552 4555 est.

1952 4597 2087 4652 Erat
2121 4597 2167 4652 is
2196 4612 2265 4652 ex
2293 4593 2581 4666 praecipuis
2609 4590 2727 4661 ejus
2775 4590 2983 4651 amicis,
3012 4589 3228 4645 virtutis
3279 4590 3444 4645 etiam
3484 4605 3550 4646 ac

1953 4690 2272 4748 eruditionis
2299 4687 2458 4743 laude
2502 4693 2784 4757 praestans.
2817 4683 2888 4738 At
2914 4699 3037 4739 cum
3067 4683 3121 4738 in
3166 4692 3340 4740 sancti
3363 4684 3549 4754 Augu-

1951 4784 2083 4842 stini
2106 4782 2349 4839 doctrina
2370 4779 2558 4836 rndior
2576 4786 2739 4844 esset,
2759 4777 2814 4834 in
2833 4792 2955 4832 eam
2969 4784 3193 4832 venerat
3214 4777 3548 4849 opinionem,

1953 4886 2014 4931 ut
2042 4874 2110 4930 ad
2137 4875 2362 4938 bonum,
2393 4872 2476 4927 sic
2510 4869 2579 4926 ad
2626 4868 2828 4924 malum
2855 4869 3102 4924 homines
3135 4885 3166 4923 a
3196 4869 3307 4926 Deo
3339 4872 3550 4942 prtede-

1952 4969 2163 5035 stinari,
2192 4968 2246 5023 in
2301 4980 2532 5036 eamque
2583 4963 2907 5020 sententiam
2962 4964 3211 5035 quaedam
3267 4967 3548 5035 Augustini

231 5063 363 5111 tum
390 5049 708 5106 monasterii
737 5049 1076 5119 praepositus,
1105 5047 1300 5104 deinde
1354 5047 1659 5119 presbyter,
1718 5063 1850 5102 mox

1955 5062 2078 5117 loca
2107 5059 2431 5130 torquebat;
2463 5055 2558 5112 sed
2606 5054 2892 5124 Fulgentio
2937 5056 3059 5126 plus
3107 5072 3268 5126 quam
3297 5059 3398 5114 sibi
3426 5075 3548 5116 cre-

236 5147 558 5219 episcopus,
586 5157 652 5198 ac
680 5142 939 5198 continuo
967 5157 1091 5198 cum
1119 5141 1240 5196 aliis
1267 5138 1465 5195 Africae
1493 5129 1766 5211 episcopis
1792 5140 1848 5196 in

1952 5152 2106 5218 dens,
2158 5165 2274 5205 rem
2307 5157 2476 5204 totam
2506 5147 2626 5218 ejus
2648 5146 2857 5216 judicio
2893 5147 3242 5217 permiserat;
3272 5149 3432 5204 enixe
3460 5167 3551 5205 ro-

233 5241 547 5301 Sardiniam
578 5239 884 5308 relegatus;
915 5247 1079 5308 atque
1109 5237 1235 5294 inde
1261 5253 1292 5292 a
1322 5235 1699 5302 Trasimundo,
1727 5251 1851 5292 nes-
1952 5257 2086 5312 gans
2114 5240 2321 5310 utquid
2349 5239 2416 5295 de
2451 5255 2517 5295 ea
2545 5254 2606 5294 re
2652 5236 2989 5294 sentiendum
3031 5244 3176 5292 esset
3202 5239 3551 5307 prtescribere

235 5337 332 5390 cio
354 5348 519 5404 quem
543 5332 846 5387 litterarum
874 5346 1126 5404 amorem
1146 5346 1258 5402 prae
1285 5346 1346 5386 se
1373 5328 1599 5396 ferente,
1636 5329 1707 5384 ob
1737 5329 1850 5385 sin-

236 5427 489 5498 gularem
520 5424 724 5494 ingenii
754 5431 810 5479 et
836 5423 1157 5479 eruditionis
1201 5424 1400 5478 famam
1453 5431 1739 5480 revocatus
1794 5422 1848 5477 in

238 5521 480 5577 Africam
506 5537 520 5575 :
552 5526 678 5590 post
697 5517 930 5589 primum
954 5517 1106 5572 illum
1132 5533 1165 5573 e
1189 5517 1437 5574 Sardinia
1463 5517 1715 5584 reditum,
1745 5531 1845 5586 pro

239 5612 504 5670 Ecclesia:
563 5619 679 5667 tum
735 5607 1080 5677 defensione,
1132 5618 1246 5666 tum
1301 5611 1641 5668 institutione
1696 5611 1844 5670 varia

239 5708 482 5778 scripsit.

319 5800 498 5856 Prima
525 5799 644 5872 ejus
671 5799 975 5855 lucubratio
997 5813 1062 5856 ea
1087 5799 1298 5855 videtur
1323 5814 1444 5855 esse
1483 5802 1636 5872 cujus
1655 5802 1707 5858 in
1741 5802 1847 5858 hac

245 5895 488 5951 editione
515 5893 606 5948 hic
635 5891 824 5946 titulus
843 5898 964 5946 est:
999 5892 1184 5949 Sancti
1206 5891 1472 5964 Fulgentii
1497 5902 1679 5950 contra
1699 5893 1848 5951 Aria-

532 5984 809 6048 Ρηιιοι..
855 5984 1050 6048 LXV.

1956 5351 2066 5391 non
2099 5344 2434 5404 gravaretur.
2469 5332 2526 5388 ld
2546 5331 2861 5402 Fulgentius
2888 5331 3063 5402 primo
3086 5329 3225 5385 libro
3251 5331 3550 5389 luculenter

1935 5426 2285 5496 exsequitur.
2326 5425 2496 5496 Negat
2547 5439 2616 5480 ex
2672 5421 2970 5490 Augustino
3009 5421 3257 5478 homines
3307 5423 3376 5478 ad
3442 5440 3550 5479 ma-

1951 5520 2064 5575 lum
2107 5519 2498 5591 przedestinari,
2555 5533 2679 5573 cum
2743 5517 2888 5574 Deus
2934 5512 3049 5570 haec
3083 5524 3290 5571 tantum
3344 5517 3550 5588 praede.

1947 5613 2116 5668 stinet
2162 5627 2284 5684 quae
2338 5614 2454 5684 ipse
2503 5611 2741 5668 facturus
2768 5612 2870 5679 sit;
2912 5627 2981 5669 ex
3036 5626 3145 5682 quo
3194 5609 3251 5666 fit
3306 5619 3367 5666 ut
3409 5612 3549 5669 sicut

1951 5704 2097 5761 mala
2144 5704 2324 5761 facere
2352 5719 2384 5760 a
2407 5704 2522 5761 Deo
2549 5705 2782 5760 alienum
2829 5712 2931 5773 est,
2959 5705 3038 5761 sic
3064 5706 3194 5760 item
3241 5703 3311 5759 ad
3347 5703 3547 5762 malum

1952 5797 2366 5870 pmdestinare;
2397 5799 2491 5854 sed
2517 5797 2644 5868 quia
2693 5797 2962 5856 malorum
2989 5815 3148 5871 pmna
3187 5799 3386 5854 malum
3439 5814 3547 5860 non

1952 5900 2055 5965 est,
2084 5893 2181 5952 sed
2205 5893 2332 5951 mali
2362 5893 2543 5950 notius
2581 5892 2868 5961 medicina,
2900 5895 2967 5952 ad
2997 5910 3213 5968 poenam
3256 5902 3408 5954 recte
3448 5895 3544 5960 ho-

2825 5985 2868 6048 ἡ.
