  <div class='ocr_page' id='page_1' title='image "/cluster/home/n/w/nwhite01/storage/ocr_20150623/65/hvd.32044015469315/061.png"; bbox 0 0 4124 6480; ppageno 0'>
   <div class='ocr_carea' id='block_1_1' title="bbox 615 330 716 387">
    <p class='ocr_par' dir='ltr' id='par_1_1' title="bbox 615 330 716 387">
     <span class='ocr_line' id='line_1_1' title="bbox 615 330 716 387; baseline -0.01 0"><span class='ocrx_word' id='word_1_1' title='bbox 615 330 716 387; x_wconf 73' lang='grc'><strong>107</strong></span> 
     </span>
    </p>
   </div>
   <div class='ocr_carea' id='block_1_2' title="bbox 1755 327 2717 393">
    <p class='ocr_par' dir='ltr' id='par_1_2' title="bbox 1755 327 2717 393">
     <span class='ocr_line' id='line_1_2' title="bbox 1755 327 2717 393; baseline -0.004 -1"><span class='ocrx_word' id='word_1_2' title='bbox 1755 333 1812 392; x_wconf 85' lang='lat' dir='ltr'><strong>S.</strong></span> <span class='ocrx_word' id='word_1_3' title='bbox 1852 328 2288 393; x_wconf 78' lang='lat' dir='ltr'><strong>FULGENTIUS</strong></span> <span class='ocrx_word' id='word_1_4' title='bbox 2324 327 2717 391; x_wconf 81' lang='lat' dir='ltr'><strong>RUSPENSIS.</strong></span> 
     </span>
    </p>
   </div>
   <div class='ocr_carea' id='block_1_3' title="bbox 3778 335 3906 395">
    <p class='ocr_par' dir='ltr' id='par_1_3' title="bbox 3778 335 3906 395">
     <span class='ocr_line' id='line_1_3' title="bbox 3778 335 3906 395; baseline 0.031 -3"><span class='ocrx_word' id='word_1_5' title='bbox 3778 335 3906 395; x_wconf 64' lang='lat'><strong>{06</strong></span> 
     </span>
    </p>
   </div>
   <div class='ocr_carea' id='block_1_4' title="bbox 609 428 3908 524">
    <p class='ocr_par' dir='ltr' id='par_1_4' title="bbox 609 428 3908 524">
     <span class='ocr_line' id='line_1_4' title="bbox 609 428 3908 524; baseline 0.001 -24"><span class='ocrx_word' id='word_1_6' title='bbox 609 444 781 501; x_wconf 83' lang='lat' dir='ltr'><strong>mines</strong></span> <span class='ocrx_word' id='word_1_7' title='bbox 809 441 914 501; x_wconf 93' lang='lat' dir='ltr'><strong>dici</strong></span> <span class='ocrx_word' id='word_1_8' title='bbox 941 442 1348 516; x_wconf 63' lang='lat' dir='ltr'><strong>prmdestinatos</strong></span> <span class='ocrx_word' id='word_1_9' title='bbox 1363 443 1539 513; x_wconf 82' lang='lat' dir='ltr'><strong>docet,</strong></span> <span class='ocrx_word' id='word_1_10' title='bbox 1567 445 1692 501; x_wconf 90' lang='lat' dir='ltr'><strong>licet</strong></span> <span class='ocrx_word' id='word_1_11' title='bbox 1719 443 1861 500; x_wconf 89' lang='lat' dir='ltr'><strong>Deus</strong></span> <span class='ocrx_word' id='word_1_12' title='bbox 1891 445 1956 500; x_wconf 90' lang='lat' dir='ltr'><strong>ad</strong></span> <span class='ocrx_word' id='word_1_13' title='bbox 1978 428 2267 515; x_wconf 60' lang='lat' dir='ltr'><strong>culpam&#39;A</strong></span> <span class='ocrx_word' id='word_1_14' title='bbox 2294 459 2397 499; x_wconf 86' lang='lat' dir='ltr'><strong>non</strong></span> <span class='ocrx_word' id='word_1_15' title='bbox 2447 447 2655 512; x_wconf 86' lang='lat' dir='ltr'><strong>teneris,</strong></span> <span class='ocrx_word' id='word_1_16' title='bbox 2701 452 2754 500; x_wconf 89' lang='lat' dir='ltr'><strong>et</strong></span> <span class='ocrx_word' id='word_1_17' title='bbox 2794 444 3041 501; x_wconf 85' lang='lat' dir='ltr'><strong>mundum</strong></span> <span class='ocrx_word' id='word_1_18' title='bbox 3085 444 3455 503; x_wconf 86' lang='lat' dir='ltr'><strong>contemnendo</strong></span> <span class='ocrx_word' id='word_1_19' title='bbox 3496 445 3686 517; x_wconf 84' lang='lat' dir='ltr'><strong>calcas,</strong></span> <span class='ocrx_word' id='word_1_20' title='bbox 3720 465 3755 503; x_wconf 87' lang='lat' dir='ltr'><strong>a</strong></span> <span class='ocrx_word' id='word_1_21' title='bbox 3781 468 3908 524; x_wconf 81' lang='lat' dir='ltr'><strong>quo</strong></span> 
     </span>
    </p>
   </div>
   <div class='ocr_carea' id='block_1_5' title="bbox 610 535 2230 607">
    <p class='ocr_par' dir='ltr' id='par_1_5' title="bbox 610 535 2230 607">
     <span class='ocr_line' id='line_1_5' title="bbox 610 535 2230 607; baseline -0.001 -18"><span class='ocrx_word' id='word_1_22' title='bbox 610 536 878 592; x_wconf 85' lang='lat' dir='ltr'><strong>neminem</strong></span> <span class='ocrx_word' id='word_1_23' title='bbox 904 535 1264 606; x_wconf 75' lang='lat' dir='ltr'><strong>praedestinet.</strong></span> <span class='ocrx_word' id='word_1_24' title='bbox 1282 535 1455 605; x_wconf 80' lang='lat' dir='ltr'><strong>Atque</strong></span> <span class='ocrx_word' id='word_1_25' title='bbox 1475 536 1579 591; x_wconf 91' lang='lat' dir='ltr'><strong>hoc</strong></span> <span class='ocrx_word' id='word_1_26' title='bbox 1597 535 1755 607; x_wconf 82' lang='lat' dir='ltr'>primi</span> <span class='ocrx_word' id='word_1_27' title='bbox 1776 535 1897 591; x_wconf 91' lang='lat' dir='ltr'><strong>libri</strong></span> <span class='ocrx_word' id='word_1_28' title='bbox 1913 549 2193 606; x_wconf 81' lang='lat' dir='ltr'><strong>argumen—</strong></span> <span class='ocrx_word' id='word_1_29' title='bbox 2218 559 2230 570; x_wconf 90' lang='lat'><strong>-</strong></span> 
     </span>
    </p>
   </div>
   <div class='ocr_carea' id='block_1_6' title="bbox 2293 536 3910 614">
    <p class='ocr_par' dir='ltr' id='par_1_6' title="bbox 2293 536 3910 614">
     <span class='ocr_line' id='line_1_6' title="bbox 2293 536 3910 614; baseline 0.004 -25"><span class='ocrx_word' id='word_1_30' title='bbox 2293 552 2407 591; x_wconf 82' lang='lat' dir='ltr'><strong>cum</strong></span> <span class='ocrx_word' id='word_1_31' title='bbox 2426 536 2668 610; x_wconf 82' lang='lat' dir='ltr'><strong>diligeres</strong></span> <span class='ocrx_word' id='word_1_32' title='bbox 2690 536 2998 591; x_wconf 89' lang='lat' dir='ltr'><strong>calcabaris.</strong></span> <span class='ocrx_word' id='word_1_33' title='bbox 3024 536 3266 604; x_wconf 78' lang='lat' dir='ltr'><strong>Quamvis</strong></span> <span class='ocrx_word' id='word_1_34' title='bbox 3280 539 3420 593; x_wconf 91' lang='lat' dir='ltr'><strong>enim</strong></span> <span class='ocrx_word' id='word_1_35' title='bbox 3447 537 3680 595; x_wconf 88' lang='lat' dir='ltr'><strong>Christus</strong></span> <span class='ocrx_word' id='word_1_36' title='bbox 3703 554 3910 614; x_wconf 66' lang='lat' dir='ltr'><strong>atqua-</strong></span> 
     </span>
    </p>
   </div>
   <div class='ocr_carea' id='block_1_7' title="bbox 609 624 3908 700">
    <p class='ocr_par' dir='ltr' id='par_1_7' title="bbox 609 624 3908 700">
     <span class='ocr_line' id='line_1_7' title="bbox 609 624 3908 700; baseline 0.002 -21"><span class='ocrx_word' id='word_1_37' title='bbox 609 633 723 679; x_wconf 93' lang='lat' dir='ltr'><strong>tum</strong></span> <span class='ocrx_word' id='word_1_38' title='bbox 749 636 847 691; x_wconf 87' lang='lat' dir='ltr'><strong>est,</strong></span> <span class='ocrx_word' id='word_1_39' title='bbox 876 640 1037 695; x_wconf 85' lang='lat' dir='ltr'><strong>quem</strong></span> <span class='ocrx_word' id='word_1_40' title='bbox 1066 625 1133 680; x_wconf 92' lang='lat' dir='ltr'><strong>de</strong></span> <span class='ocrx_word' id='word_1_41' title='bbox 1161 624 1639 681; x_wconf 64' lang='lat' dir='ltr'><strong>Pricdestinatione</strong></span> <span class='ocrx_word' id='word_1_42' title='bbox 1667 625 1860 681; x_wconf 91' lang='lat' dir='ltr'><strong>librum</strong></span> <span class='ocrx_word' id='word_1_43' title='bbox 1888 624 2076 681; x_wconf 84' lang='lat' dir='ltr'><strong>Florus</strong></span> <span class='ocrx_word' id='word_1_44' title='bbox 2097 640 2194 696; x_wconf 86' lang='lat' dir='ltr'><strong>ap-</strong></span> <span class='ocrx_word' id='word_1_45' title='bbox 2293 627 2412 681; x_wconf 87' lang='lat' dir='ltr'><strong>liter</strong></span> <span class='ocrx_word' id='word_1_46' title='bbox 2439 626 2507 680; x_wconf 97' lang='lat' dir='ltr'><strong>sit</strong></span> <span class='ocrx_word' id='word_1_47' title='bbox 2533 643 2627 696; x_wconf 85' lang='lat' dir='ltr'><strong>pro</strong></span> <span class='ocrx_word' id='word_1_48' title='bbox 2653 628 2847 681; x_wconf 88' lang='lat' dir='ltr'><strong>cunctis</strong></span> <span class='ocrx_word' id='word_1_49' title='bbox 2879 625 3118 698; x_wconf 83' lang='lat' dir='ltr'><strong>ﬁdelibus</strong></span> <span class='ocrx_word' id='word_1_50' title='bbox 3147 634 3398 697; x_wconf 87' lang='lat' dir='ltr'><strong>mortuus,</strong></span> <span class='ocrx_word' id='word_1_51' title='bbox 3428 636 3479 683; x_wconf 90' lang='lat' dir='ltr'><strong>et</strong></span> <span class='ocrx_word' id='word_1_52' title='bbox 3506 630 3704 700; x_wconf 64' lang='lat' dir='ltr'><strong>aequale</strong></span> <span class='ocrx_word' id='word_1_53' title='bbox 3722 647 3908 687; x_wconf 83' lang='lat' dir='ltr'><strong>cunc-</strong></span> 
     </span>
    </p>
   </div>
   <div class='ocr_carea' id='block_1_8' title="bbox 610 716 2195 787">
    <p class='ocr_par' dir='ltr' id='par_1_8' title="bbox 610 716 2195 787">
     <span class='ocr_line' id='line_1_8' title="bbox 610 716 2195 787; baseline 0 -16"><span class='ocrx_word' id='word_1_54' title='bbox 610 717 796 786; x_wconf 90' lang='lat' dir='ltr'><strong>pellat.</strong></span> <span class='ocrx_word' id='word_1_55' title='bbox 830 716 1081 773; x_wconf 91' lang='lat' dir='ltr'><strong>Secundo</strong></span> <span class='ocrx_word' id='word_1_56' title='bbox 1126 725 1324 787; x_wconf 66' lang='lat' dir='ltr'><strong>praeter</strong></span> <span class='ocrx_word' id='word_1_57' title='bbox 1352 718 1456 772; x_wconf 88' lang='lat' dir='ltr'><strong>alia</strong></span> <span class='ocrx_word' id='word_1_58' title='bbox 1504 717 1779 785; x_wconf 87' lang='lat' dir='ltr'><strong>nonnulla,</strong></span> <span class='ocrx_word' id='word_1_59' title='bbox 1809 717 1907 773; x_wconf 92' lang='lat' dir='ltr'><strong>toti</strong></span> <span class='ocrx_word' id='word_1_60' title='bbox 1947 716 2195 783; x_wconf 81' lang='lat' dir='ltr'><strong>Trinitati</strong></span> 
     </span>
    </p>
   </div>
   <div class='ocr_carea' id='block_1_9' title="bbox 610 806 2196 879">
    <p class='ocr_par' dir='ltr' id='par_1_9' title="bbox 610 806 2196 879">
     <span class='ocr_line' id='line_1_9' title="bbox 610 806 2196 879; baseline -0.001 -17"><span class='ocrx_word' id='word_1_61' title='bbox 610 806 938 863; x_wconf 85' lang='lat' dir='ltr'><strong>sacriﬁcium</strong></span> <span class='ocrx_word' id='word_1_62' title='bbox 965 807 1124 863; x_wconf 85' lang='lat' dir='ltr'><strong>docet</strong></span> <span class='ocrx_word' id='word_1_63' title='bbox 1150 807 1350 873; x_wconf 83' lang='lat' dir='ltr'><strong>oil‘erri,</strong></span> <span class='ocrx_word' id='word_1_64' title='bbox 1374 823 1475 864; x_wconf 92' lang='lat' dir='ltr'><strong>nec</strong></span> <span class='ocrx_word' id='word_1_65' title='bbox 1494 824 1681 863; x_wconf 89' lang='lat' dir='ltr'><strong>verum</strong></span> <span class='ocrx_word' id='word_1_66' title='bbox 1701 822 1822 865; x_wconf 87' lang='lat' dir='ltr'><strong>esse</strong></span> <span class='ocrx_word' id='word_1_67' title='bbox 1847 808 1990 879; x_wconf 86' lang='lat' dir='ltr'><strong>quod</strong></span> <span class='ocrx_word' id='word_1_68' title='bbox 2011 807 2196 862; x_wconf 86' lang='lat' dir='ltr'><strong>Ariani</strong></span> 
     </span>
    </p>
   </div>
   <div class='ocr_carea' id='block_1_10' title="bbox 610 897 2198 968">
    <p class='ocr_par' dir='ltr' id='par_1_10' title="bbox 610 897 2198 968">
     <span class='ocr_line' id='line_1_10' title="bbox 610 897 2198 968; baseline 0 -15"><span class='ocrx_word' id='word_1_69' title='bbox 610 897 1002 968; x_wconf 88' lang='lat' dir='ltr'><strong>pertendebant</strong></span> <span class='ocrx_word' id='word_1_70' title='bbox 1030 899 1133 955; x_wconf 91' lang='lat' dir='ltr'><strong>soli</strong></span> <span class='ocrx_word' id='word_1_71' title='bbox 1161 899 1311 954; x_wconf 84' lang='lat' dir='ltr'><strong>Patri</strong></span> <span class='ocrx_word' id='word_1_72' title='bbox 1352 897 1662 955; x_wconf 79' lang='lat' dir='ltr'><strong>sacriﬁcari.</strong></span> <span class='ocrx_word' id='word_1_73' title='bbox 1690 898 1876 955; x_wconf 88' lang='lat' dir='ltr'><strong>Tertio</strong></span> <span class='ocrx_word' id='word_1_74' title='bbox 1896 899 2073 954; x_wconf 90' lang='lat' dir='ltr'><strong>varias</strong></span> <span class='ocrx_word' id='word_1_75' title='bbox 2101 913 2198 953; x_wconf 65' lang='grc' dir='ltr'><strong>θον</strong></span> 
     </span>
    </p>
   </div>
   <div class='ocr_carea' id='block_1_11' title="bbox 609 991 1688 1061">
    <p class='ocr_par' dir='ltr' id='par_1_11' title="bbox 609 991 1688 1061">
     <span class='ocr_line' id='line_1_11' title="bbox 609 991 1688 1061; baseline 0 -14"><span class='ocrx_word' id='word_1_76' title='bbox 609 992 855 1049; x_wconf 89' lang='lat' dir='ltr'><strong>rumdem</strong></span> <span class='ocrx_word' id='word_1_77' title='bbox 875 992 1198 1049; x_wconf 80' lang='lat' dir='ltr'><strong>Arianorum</strong></span> <span class='ocrx_word' id='word_1_78' title='bbox 1217 991 1413 1048; x_wconf 79' lang='lat' dir='ltr'><strong>refellit</strong></span> <span class='ocrx_word' id='word_1_79' title='bbox 1431 992 1688 1061; x_wconf 78' lang='lat' dir='ltr'><strong>argutias.</strong></span> 
     </span>
    </p>
   </div>
   <div class='ocr_carea' id='block_1_12' title="bbox 683 1079 2199 1153">
    <p class='ocr_par' dir='ltr' id='par_1_12' title="bbox 683 1079 2199 1153">
     <span class='ocr_line' id='line_1_12' title="bbox 683 1079 2199 1153; baseline -0.003 -15"><span class='ocrx_word' id='word_1_80' title='bbox 683 1082 759 1138; x_wconf 86' lang='lat' dir='ltr'><strong>De</strong></span> <span class='ocrx_word' id='word_1_81' title='bbox 779 1082 1120 1139; x_wconf 85' lang='lat' dir='ltr'><strong>Remissione</strong></span> <span class='ocrx_word' id='word_1_82' title='bbox 1160 1089 1509 1153; x_wconf 84' lang='lat' dir='ltr'><strong>peccatorum</strong></span> <span class='ocrx_word' id='word_1_83' title='bbox 1535 1081 1654 1137; x_wconf 83' lang='lat' dir='ltr'><strong>libri</strong></span> <span class='ocrx_word' id='word_1_84' title='bbox 1681 1080 1812 1149; x_wconf 90' lang='lat' dir='ltr'><strong>duo,</strong></span> <span class='ocrx_word' id='word_1_85' title='bbox 1833 1080 1918 1135; x_wconf 87' lang='lat' dir='ltr'><strong>his</strong></span> <span class='ocrx_word' id='word_1_86' title='bbox 1937 1080 2002 1135; x_wconf 90' lang='lat' dir='ltr'><strong>ad</strong></span> <span class='ocrx_word' id='word_1_87' title='bbox 2033 1079 2199 1135; x_wconf 80' lang='lat' dir='ltr'><strong>Moni-</strong></span> 
     </span>
    </p>
   </div>
   <div class='ocr_carea' id='block_1_13' title="bbox 610 1171 2198 1246">
    <p class='ocr_par' dir='ltr' id='par_1_13' title="bbox 610 1171 2198 1246">
     <span class='ocr_line' id='line_1_13' title="bbox 610 1171 2198 1246; baseline -0.003 -16"><span class='ocrx_word' id='word_1_88' title='bbox 610 1189 759 1231; x_wconf 88' lang='lat' dir='ltr'><strong>mum</strong></span> <span class='ocrx_word' id='word_1_89' title='bbox 778 1173 1138 1244; x_wconf 66' lang='lat' dir='ltr'><strong>subiungendi</strong></span> <span class='ocrx_word' id='word_1_90' title='bbox 1159 1181 1303 1240; x_wconf 88' lang='lat' dir='ltr'><strong>sunt,</strong></span> <span class='ocrx_word' id='word_1_91' title='bbox 1320 1189 1457 1246; x_wconf 90' lang='lat' dir='ltr'><strong>quos</strong></span> <span class='ocrx_word' id='word_1_92' title='bbox 1480 1174 1534 1228; x_wconf 91' lang='lat' dir='ltr'><strong>in</strong></span> <span class='ocrx_word' id='word_1_93' title='bbox 1555 1172 1745 1229; x_wconf 80' lang='lat' dir='ltr'><strong>exsilio</strong></span> <span class='ocrx_word' id='word_1_94' title='bbox 1771 1172 2002 1243; x_wconf 85' lang='lat' dir='ltr'><strong>scriptos</strong></span> <span class='ocrx_word' id='word_1_95' title='bbox 2029 1171 2198 1227; x_wconf 89' lang='lat' dir='ltr'><strong>claret</strong></span> 
     </span>
    </p>
   </div>
   <div class='ocr_carea' id='block_1_14' title="bbox 611 1265 2197 1338">
    <p class='ocr_par' dir='ltr' id='par_1_14' title="bbox 611 1265 2197 1338">
     <span class='ocr_line' id='line_1_14' title="bbox 611 1265 2197 1338; baseline -0.003 -15"><span class='ocrx_word' id='word_1_96' title='bbox 611 1281 681 1323; x_wconf 78' lang='lat' dir='ltr'><strong>ex</strong></span> <span class='ocrx_word' id='word_1_97' title='bbox 708 1265 825 1338; x_wconf 83' lang='lat' dir='ltr'><strong>ejus</strong></span> <span class='ocrx_word' id='word_1_98' title='bbox 850 1265 993 1322; x_wconf 79' lang='lat' dir='ltr'><strong>Vita.</strong></span> <span class='ocrx_word' id='word_1_99' title='bbox 1021 1265 1081 1321; x_wconf 93' lang='lat' dir='ltr'><strong>ln</strong></span> <span class='ocrx_word' id='word_1_100' title='bbox 1127 1266 1211 1322; x_wconf 89' lang='lat' dir='ltr'><strong>his</strong></span> <span class='ocrx_word' id='word_1_101' title='bbox 1247 1265 1560 1337; x_wconf 85' lang='lat' dir='ltr'><strong>Fulgentius</strong></span> <span class='ocrx_word' id='word_1_102' title='bbox 1601 1266 1812 1320; x_wconf 78' lang='lat' dir='ltr'><strong>veniam</strong></span> <span class='ocrx_word' id='word_1_103' title='bbox 1852 1273 2197 1335; x_wconf 84' lang='lat' dir='ltr'><strong>peccatorum</strong></span> 
     </span>
    </p>
   </div>
   <div class='ocr_carea' id='block_1_15' title="bbox 612 1357 2197 1429">
    <p class='ocr_par' dir='ltr' id='par_1_15' title="bbox 612 1357 2197 1429">
     <span class='ocr_line' id='line_1_15' title="bbox 612 1357 2197 1429; baseline -0.001 -15"><span class='ocrx_word' id='word_1_104' title='bbox 612 1374 715 1416; x_wconf 90' lang='lat' dir='ltr'><strong>nec</strong></span> <span class='ocrx_word' id='word_1_105' title='bbox 742 1367 897 1416; x_wconf 77' lang='lat' dir='ltr'><strong>extra</strong></span> <span class='ocrx_word' id='word_1_106' title='bbox 919 1358 1216 1415; x_wconf 76' lang='lat' dir='ltr'><strong>Ecclesium</strong></span> <span class='ocrx_word' id='word_1_107' title='bbox 1244 1375 1277 1415; x_wconf 86' lang='lat' dir='ltr'><strong>a</strong></span> <span class='ocrx_word' id='word_1_108' title='bbox 1313 1360 1425 1416; x_wconf 90' lang='lat' dir='ltr'><strong>Deo</strong></span> <span class='ocrx_word' id='word_1_109' title='bbox 1452 1359 1675 1415; x_wconf 91' lang='lat' dir='ltr'><strong>concedi</strong></span> <span class='ocrx_word' id='word_1_110' title='bbox 1704 1357 1881 1423; x_wconf 87' lang='lat' dir='ltr'><strong>docet,</strong></span> <span class='ocrx_word' id='word_1_111' title='bbox 1916 1373 2018 1414; x_wconf 92' lang='lat' dir='ltr'><strong>nec</strong></span> <span class='ocrx_word' id='word_1_112' title='bbox 2043 1367 2197 1429; x_wconf 80' lang='lat' dir='ltr'><strong>extra</strong></span> 
     </span>
    </p>
   </div>
   <div class='ocr_carea' id='block_1_16' title="bbox 612 1448 2199 1522">
    <p class='ocr_par' dir='ltr' id='par_1_16' title="bbox 612 1448 2199 1522">
     <span class='ocr_line' id='line_1_16' title="bbox 612 1448 2199 1522; baseline -0.001 -16"><span class='ocrx_word' id='word_1_113' title='bbox 612 1451 808 1518; x_wconf 82' lang='lat' dir='ltr'><strong>vitam;</strong></span> <span class='ocrx_word' id='word_1_114' title='bbox 832 1450 1008 1507; x_wconf 90' lang='lat' dir='ltr'><strong>solum</strong></span> <span class='ocrx_word' id='word_1_115' title='bbox 1033 1451 1178 1506; x_wconf 87' lang='lat' dir='ltr'><strong>enim</strong></span> <span class='ocrx_word' id='word_1_116' title='bbox 1219 1451 1345 1506; x_wconf 59' lang='lat' dir='ltr'><strong>vita;</strong></span> <span class='ocrx_word' id='word_1_117' title='bbox 1368 1451 1601 1522; x_wconf 81' lang='lat' dir='ltr'><strong>spatium</strong></span> <span class='ocrx_word' id='word_1_118' title='bbox 1629 1449 1846 1520; x_wconf 76' lang='lat' dir='ltr'><strong>agendae</strong></span> <span class='ocrx_word' id='word_1_119' title='bbox 1873 1464 1996 1505; x_wconf 90' lang='lat' dir='ltr'><strong>cum</strong></span> <span class='ocrx_word' id='word_1_120' title='bbox 2022 1448 2199 1505; x_wconf 80' lang='lat' dir='ltr'><strong>fructu</strong></span> 
     </span>
    </p>
   </div>
   <div class='ocr_carea' id='block_1_17' title="bbox 611 1543 1530 1614">
    <p class='ocr_par' dir='ltr' id='par_1_17' title="bbox 611 1543 1530 1614">
     <span class='ocr_line' id='line_1_17' title="bbox 611 1543 1530 1614; baseline 0.001 -16"><span class='ocrx_word' id='word_1_121' title='bbox 611 1543 943 1612; x_wconf 72' lang='lat' dir='ltr'><strong>pmnitentite</strong></span> <span class='ocrx_word' id='word_1_122' title='bbox 963 1558 995 1599; x_wconf 86' lang='lat' dir='ltr'><strong>a</strong></span> <span class='ocrx_word' id='word_1_123' title='bbox 1021 1543 1135 1599; x_wconf 84' lang='lat' dir='ltr'><strong>Deo</strong></span> <span class='ocrx_word' id='word_1_124' title='bbox 1154 1544 1530 1614; x_wconf 65' lang='lat' dir='ltr'><strong>praestitutum.</strong></span> 
     </span>
    </p>
   </div>
   <div class='ocr_carea' id='block_1_18' title="bbox 683 1634 2200 1707">
    <p class='ocr_par' dir='ltr' id='par_1_18' title="bbox 683 1634 2200 1707">
     <span class='ocr_line' id='line_1_18' title="bbox 683 1634 2200 1707; baseline -0.001 -16"><span class='ocrx_word' id='word_1_125' title='bbox 683 1635 763 1691; x_wconf 85' lang='lat' dir='ltr'><strong>De</strong></span> <span class='ocrx_word' id='word_1_126' title='bbox 780 1650 847 1691; x_wconf 86' lang='lat' dir='ltr'><strong>ea</strong></span> <span class='ocrx_word' id='word_1_127' title='bbox 863 1643 1043 1691; x_wconf 83' lang='lat' dir='ltr'><strong>autem</strong></span> <span class='ocrx_word' id='word_1_128' title='bbox 1061 1634 1218 1691; x_wconf 73' lang='lat' dir='ltr'><strong>venia</strong></span> <span class='ocrx_word' id='word_1_129' title='bbox 1241 1635 1387 1707; x_wconf 87' lang='lat' dir='ltr'><strong>loqui</strong></span> <span class='ocrx_word' id='word_1_130' title='bbox 1408 1634 1744 1704; x_wconf 81' lang='lat' dir='ltr'><strong>Fulgentium</strong></span> <span class='ocrx_word' id='word_1_131' title='bbox 1769 1641 1922 1705; x_wconf 89' lang='lat' dir='ltr'><strong>patet</strong></span> <span class='ocrx_word' id='word_1_132' title='bbox 1945 1649 2049 1705; x_wconf 88' lang='lat' dir='ltr'><strong>qua</strong></span> <span class='ocrx_word' id='word_1_133' title='bbox 2076 1634 2200 1706; x_wconf 87' lang='lat' dir='ltr'><strong>quis</strong></span> 
     </span>
    </p>
   </div>
   <div class='ocr_carea' id='block_1_19' title="bbox 611 1724 2198 1803">
    <p class='ocr_par' dir='ltr' id='par_1_19' title="bbox 611 1724 2198 1803">
     <span class='ocr_line' id='line_1_19' title="bbox 611 1724 2198 1803; baseline 0 -22"><span class='ocrx_word' id='word_1_134' title='bbox 611 1740 681 1781; x_wconf 79' lang='lat' dir='ltr'><strong>ex</strong></span> <span class='ocrx_word' id='word_1_135' title='bbox 708 1724 911 1795; x_wconf 82' lang='lat' dir='ltr'><strong>injuste</strong></span> <span class='ocrx_word' id='word_1_136' title='bbox 933 1724 993 1780; x_wconf 77' lang='lat' dir='ltr'><strong>ﬁt</strong></span> <span class='ocrx_word' id='word_1_137' title='bbox 1015 1726 1212 1803; x_wconf 72' lang='lat' dir='ltr'><strong>justus,</strong></span> <span class='ocrx_word' id='word_1_138' title='bbox 1260 1741 1328 1781; x_wconf 84' lang='lat' dir='ltr'><strong>ex</strong></span> <span class='ocrx_word' id='word_1_139' title='bbox 1357 1727 1522 1797; x_wconf 89' lang='lat' dir='ltr'><strong>impio</strong></span> <span class='ocrx_word' id='word_1_140' title='bbox 1551 1727 1689 1797; x_wconf 91' lang='lat' dir='ltr'><strong>pius.</strong></span> <span class='ocrx_word' id='word_1_141' title='bbox 1721 1724 1988 1781; x_wconf 84' lang='lat' dir='ltr'><strong>Caeterum</strong></span> <span class='ocrx_word' id='word_1_142' title='bbox 2016 1734 2198 1781; x_wconf 89' lang='lat' dir='ltr'><strong>utrum</strong></span> 
     </span>
    </p>
   </div>
   <div class='ocr_carea' id='block_1_20' title="bbox 2298 717 3912 792">
    <p class='ocr_par' dir='ltr' id='par_1_20' title="bbox 2298 717 3912 792">
     <span class='ocr_line' id='line_1_20' title="bbox 2298 717 3912 792; baseline 0.002 -20"><span class='ocrx_word' id='word_1_143' title='bbox 2298 719 2363 775; x_wconf 89' lang='lat' dir='ltr'><strong>tis</strong></span> <span class='ocrx_word' id='word_1_144' title='bbox 2391 718 2689 790; x_wconf 77' lang='lat' dir='ltr'><strong>beneficium</strong></span> <span class='ocrx_word' id='word_1_145' title='bbox 2727 717 3091 789; x_wconf 76' lang='lat' dir='ltr'><strong>redemptionis</strong></span> <span class='ocrx_word' id='word_1_146' title='bbox 3130 718 3454 789; x_wconf 86' lang='lat' dir='ltr'><strong>impenderit,</strong></span> <span class='ocrx_word' id='word_1_147' title='bbox 3500 719 3700 775; x_wconf 83' lang='lat' dir='ltr'><strong>dicente</strong></span> <span class='ocrx_word' id='word_1_148' title='bbox 3742 723 3912 792; x_wconf 80' lang='lat' dir='ltr'><strong>Apo-</strong></span> 
     </span>
    </p>
   </div>
   <div class='ocr_carea' id='block_1_21' title="bbox 2296 805 3910 882">
    <p class='ocr_par' dir='ltr' id='par_1_21' title="bbox 2296 805 3910 882">
     <span class='ocr_line' id='line_1_21' title="bbox 2296 805 3910 882; baseline 0.003 -19"><span class='ocrx_word' id='word_1_149' title='bbox 2296 809 2449 873; x_wconf 87' lang='lat' dir='ltr'><strong>stolo,</strong></span> <span class='ocrx_word' id='word_1_150' title='bbox 2476 806 2777 882; x_wconf 82' lang='lat' dir='ltr'><strong>Quicunque</strong></span> <span class='ocrx_word' id='word_1_151' title='bbox 2801 808 2937 862; x_wconf 89' lang='lat' dir='ltr'><strong>enim</strong></span> <span class='ocrx_word' id='word_1_152' title='bbox 2958 809 3014 862; x_wconf 88' lang='lat' dir='ltr'><strong>in</strong></span> <span class='ocrx_word' id='word_1_153' title='bbox 3036 805 3240 863; x_wconf 79' lang='lat' dir='ltr'><strong>Christo</strong></span> <span class='ocrx_word' id='word_1_154' title='bbox 3280 806 3528 881; x_wconf 78' lang='lat' dir='ltr'><strong>baptizati</strong></span> <span class='ocrx_word' id='word_1_155' title='bbox 3554 812 3697 879; x_wconf 89' lang='lat' dir='ltr'><strong>estis,</strong></span> <span class='ocrx_word' id='word_1_156' title='bbox 3725 810 3910 868; x_wconf 80' lang='lat' dir='ltr'><strong>Chri-</strong></span> 
     </span>
    </p>
   </div>
   <div class='ocr_carea' id='block_1_22' title="bbox 2297 898 3914 974">
    <p class='ocr_par' dir='ltr' id='par_1_22' title="bbox 2297 898 3914 974">
     <span class='ocr_line' id='line_1_22' title="bbox 2297 898 3914 974; baseline 0.003 -21"><span class='ocrx_word' id='word_1_157' title='bbox 2297 908 2433 953; x_wconf 88' lang='lat' dir='ltr'><strong>stum</strong></span> <span class='ocrx_word' id='word_1_158' title='bbox 2460 899 2723 967; x_wconf 87' lang='lat' dir='ltr'><strong>induistis,</strong></span> <span class='ocrx_word' id='word_1_159' title='bbox 2753 915 2859 954; x_wconf 90' lang='lat' dir='ltr'><strong>non</strong></span> <span class='ocrx_word' id='word_1_160' title='bbox 2896 898 3207 955; x_wconf 71' lang='lat' dir='ltr'><strong>estJudwus</strong></span> <span class='ocrx_word' id='word_1_161' title='bbox 3235 916 3396 974; x_wconf 87' lang='lat' dir='ltr'><strong>neque</strong></span> <span class='ocrx_word' id='word_1_162' title='bbox 3417 898 3651 972; x_wconf 67' lang='lat' dir='ltr'><strong>Graecus,</strong></span> <span class='ocrx_word' id='word_1_163' title='bbox 3677 920 3788 959; x_wconf 85' lang='lat' dir='ltr'><strong>non</strong></span> <span class='ocrx_word' id='word_1_164' title='bbox 3816 912 3914 963; x_wconf 86' lang='lat' dir='ltr'><strong>est</strong></span> 
     </span>
    </p>
   </div>
   <div class='ocr_carea' id='block_1_23' title="bbox 2299 982 3913 1065">
    <p class='ocr_par' dir='ltr' id='par_1_23' title="bbox 2299 982 3913 1065">
     <span class='ocr_line' id='line_1_23' title="bbox 2299 982 3913 1065; baseline 0.004 -21"><span class='ocrx_word' id='word_1_165' title='bbox 2299 1006 2470 1045; x_wconf 87' lang='lat' dir='ltr'><strong>servus</strong></span> <span class='ocrx_word' id='word_1_166' title='bbox 2511 1006 2671 1063; x_wconf 84' lang='lat' dir='ltr'><strong>neque</strong></span> <span class='ocrx_word' id='word_1_167' title='bbox 2710 988 2857 1053; x_wconf 90' lang='lat' dir='ltr'><strong>liber,</strong></span> <span class='ocrx_word' id='word_1_168' title='bbox 2904 1005 3011 1044; x_wconf 88' lang='lat' dir='ltr'><strong>non</strong></span> <span class='ocrx_word' id='word_1_169' title='bbox 3059 999 3139 1045; x_wconf 88' lang='lat' dir='ltr'><strong>est</strong></span> <span class='ocrx_word' id='word_1_170' title='bbox 3181 982 3441 1047; x_wconf 84' lang='lat' dir='ltr'><strong>masculus</strong></span> <span class='ocrx_word' id='word_1_171' title='bbox 3469 1008 3630 1065; x_wconf 88' lang='lat' dir='ltr'><strong>neque</strong></span> <span class='ocrx_word' id='word_1_172' title='bbox 3656 996 3913 1065; x_wconf 78' lang='lat' dir='ltr'><strong>femina;</strong></span> 
     </span>
    </p>
   </div>
   <div class='ocr_carea' id='block_1_24' title="bbox 2300 1082 3913 1142">
    <p class='ocr_par' dir='ltr' id='par_1_24' title="bbox 2300 1082 3913 1142">
     <span class='ocr_line' id='line_1_24' title="bbox 2300 1082 3913 1142; baseline 0.003 -5"><span class='ocrx_word' id='word_1_173' title='bbox 2300 1099 2476 1137; x_wconf 89' lang='lat' dir='ltr'><strong>omnes</strong></span> <span class='ocrx_word' id='word_1_174' title='bbox 2501 1085 2637 1137; x_wconf 89' lang='lat' dir='ltr'><strong>enim</strong></span> <span class='ocrx_word' id='word_1_175' title='bbox 2664 1098 2753 1136; x_wconf 79' lang='lat' dir='ltr'><strong>vos</strong></span> <span class='ocrx_word' id='word_1_176' title='bbox 2792 1098 2952 1136; x_wconf 91' lang='lat' dir='ltr'><strong>unum</strong></span> <span class='ocrx_word' id='word_1_177' title='bbox 2998 1083 3122 1139; x_wconf 85' lang='lat' dir='ltr'><strong>estis</strong></span> <span class='ocrx_word' id='word_1_178' title='bbox 3159 1085 3217 1138; x_wconf 87' lang='lat' dir='ltr'><strong>in</strong></span> <span class='ocrx_word' id='word_1_179' title='bbox 3264 1082 3469 1140; x_wconf 77' lang='lat' dir='ltr'><strong>Christo</strong></span> <span class='ocrx_word' id='word_1_180' title='bbox 3515 1083 3638 1140; x_wconf 80' lang='lat' dir='ltr'><strong>Jesu</strong></span> <span class='ocrx_word' id='word_1_181' title='bbox 3662 1103 3680 1140; x_wconf 93' lang='lat'><strong><em>:</em></strong></span> <span class='ocrx_word' id='word_1_182' title='bbox 3713 1096 3913 1142; x_wconf 79' lang='lat' dir='ltr'><strong>tamen</strong></span> 
     </span>
    </p>
   </div>
   <div class='ocr_carea' id='block_1_25' title="bbox 2300 1168 3913 1251">
    <p class='ocr_par' dir='ltr' id='par_1_25' title="bbox 2300 1168 3913 1251">
     <span class='ocr_line' id='line_1_25' title="bbox 2300 1168 3913 1251; baseline 0.003 -23"><span class='ocrx_word' id='word_1_183' title='bbox 2300 1176 2558 1231; x_wconf 75' lang='lat' dir='ltr'><strong>conversio</strong></span> <span class='ocrx_word' id='word_1_184' title='bbox 2580 1176 2862 1245; x_wconf 90' lang='lat' dir='ltr'><strong>potentium</strong></span> <span class='ocrx_word' id='word_1_185' title='bbox 2882 1168 3069 1230; x_wconf 35' lang='lat' dir='ltr'><strong>seaculi.</strong></span> <span class='ocrx_word' id='word_1_186' title='bbox 3079 1180 3296 1231; x_wconf 87' lang='lat' dir='ltr'><strong>multum</strong></span> <span class='ocrx_word' id='word_1_187' title='bbox 3317 1178 3504 1231; x_wconf 88' lang='lat' dir='ltr'><strong>militat</strong></span> <span class='ocrx_word' id='word_1_188' title='bbox 3532 1179 3913 1251; x_wconf 86' lang='lat' dir='ltr'><strong>acquisitioni—</strong></span> 
     </span>
    </p>
   </div>
   <div class='ocr_carea' id='block_1_26' title="bbox 2302 1264 3909 1338">
    <p class='ocr_par' dir='ltr' id='par_1_26' title="bbox 2302 1264 3909 1338">
     <span class='ocr_line' id='line_1_26' title="bbox 2302 1264 3909 1338; baseline 0.004 -20"><span class='ocrx_word' id='word_1_189' title='bbox 2302 1264 2393 1319; x_wconf 91' lang='lat' dir='ltr'><strong>bus</strong></span> <span class='ocrx_word' id='word_1_190' title='bbox 2417 1266 2626 1319; x_wconf 78' lang='lat' dir='ltr'><strong>Christi.</strong></span> <span class='ocrx_word' id='word_1_191' title='bbox 2672 1264 2821 1320; x_wconf 86' lang='lat' dir='ltr'><strong>Sicut</strong></span> <span class='ocrx_word' id='word_1_192' title='bbox 2866 1266 3006 1319; x_wconf 88' lang='lat' dir='ltr'><strong>enim</strong></span> <span class='ocrx_word' id='word_1_193' title='bbox 3032 1266 3181 1320; x_wconf 87' lang='lat' dir='ltr'><strong>multi</strong></span> <span class='ocrx_word' id='word_1_194' title='bbox 3207 1266 3417 1338; x_wconf 80' lang='lat' dir='ltr'><strong>fratres,</strong></span> <span class='ocrx_word' id='word_1_195' title='bbox 3445 1268 3622 1335; x_wconf 80' lang='lat' dir='ltr'><strong>amici,</strong></span> <span class='ocrx_word' id='word_1_196' title='bbox 3652 1270 3909 1334; x_wconf 81' lang='lat' dir='ltr'><strong>clientes,</strong></span> 
     </span>
    </p>
   </div>
   <div class='ocr_carea' id='block_1_27' title="bbox 2301 1353 3914 1428">
    <p class='ocr_par' dir='ltr' id='par_1_27' title="bbox 2301 1353 3914 1428">
     <span class='ocr_line' id='line_1_27' title="bbox 2301 1353 3914 1428; baseline 0.006 -20"><span class='ocrx_word' id='word_1_197' title='bbox 2301 1371 2363 1408; x_wconf 87' lang='lat' dir='ltr'><strong>ac</strong></span> <span class='ocrx_word' id='word_1_198' title='bbox 2393 1353 2601 1425; x_wconf 83' lang='lat' dir='ltr'><strong>subditi,</strong></span> <span class='ocrx_word' id='word_1_199' title='bbox 2632 1357 2741 1410; x_wconf 87' lang='lat' dir='ltr'><strong>noti</strong></span> <span class='ocrx_word' id='word_1_200' title='bbox 2763 1357 2960 1427; x_wconf 88' lang='lat' dir='ltr'><strong>pariter</strong></span> <span class='ocrx_word' id='word_1_201' title='bbox 2983 1364 3033 1410; x_wconf 90' lang='lat' dir='ltr'><strong>et</strong></span> <span class='ocrx_word' id='word_1_202' title='bbox 3059 1357 3239 1428; x_wconf 85' lang='lat' dir='ltr'><strong>ignoti,</strong></span> <span class='ocrx_word' id='word_1_203' title='bbox 3273 1358 3457 1412; x_wconf 90' lang='lat' dir='ltr'><strong>talium</strong></span> <span class='ocrx_word' id='word_1_204' title='bbox 3484 1360 3799 1416; x_wconf 84' lang='lat' dir='ltr'><strong>auctoritate</strong></span> <span class='ocrx_word' id='word_1_205' title='bbox 3829 1362 3914 1417; x_wconf 80' lang='lat' dir='ltr'><strong>ad</strong></span> 
     </span>
    </p>
   </div>
   <div class='ocr_carea' id='block_1_28' title="bbox 2301 1447 3911 1525">
    <p class='ocr_par' dir='ltr' id='par_1_28' title="bbox 2301 1447 3911 1525">
     <span class='ocr_line' id='line_1_28' title="bbox 2301 1447 3911 1525; baseline 0.006 -25"><span class='ocrx_word' id='word_1_206' title='bbox 2301 1448 2581 1502; x_wconf 69' lang='lat' dir='ltr'><strong>mundana</strong></span> <span class='ocrx_word' id='word_1_207' title='bbox 2608 1447 2895 1502; x_wconf 83' lang='lat' dir='ltr'><strong>dilectionis</strong></span> <span class='ocrx_word' id='word_1_208' title='bbox 2931 1450 3225 1502; x_wconf 75' lang='lat' dir='ltr'><strong>excitantur</strong></span> <span class='ocrx_word' id='word_1_209' title='bbox 3266 1450 3524 1515; x_wconf 86' lang='lat' dir='ltr'><strong>ardorem,</strong></span> <span class='ocrx_word' id='word_1_210' title='bbox 3561 1459 3695 1508; x_wconf 86' lang='lat' dir='ltr'><strong>eteo</strong></span> <span class='ocrx_word' id='word_1_211' title='bbox 3722 1455 3911 1525; x_wconf 86' lang='lat' dir='ltr'><strong>magis</strong></span> 
     </span>
    </p>
   </div>
   <div class='ocr_carea' id='block_1_29' title="bbox 2300 1540 3912 1616">
    <p class='ocr_par' dir='ltr' id='par_1_29' title="bbox 2300 1540 3912 1616">
     <span class='ocr_line' id='line_1_29' title="bbox 2300 1540 3912 1616; baseline 0.005 -24"><span class='ocrx_word' id='word_1_212' title='bbox 2300 1540 2420 1609; x_wconf 85' lang='lat' dir='ltr'><strong>igne</strong></span> <span class='ocrx_word' id='word_1_213' title='bbox 2438 1540 2705 1594; x_wconf 75' lang='lat' dir='ltr'><strong>scecularis</strong></span> <span class='ocrx_word' id='word_1_214' title='bbox 2731 1541 3156 1611; x_wconf 67' lang='lat' dir='ltr'><strong>concupiscentia</strong></span> <span class='ocrx_word' id='word_1_215' title='bbox 3181 1541 3578 1609; x_wconf 87' lang='lat' dir='ltr'><strong>succenduntur,</strong></span> <span class='ocrx_word' id='word_1_216' title='bbox 3606 1559 3704 1616; x_wconf 89' lang='lat' dir='ltr'><strong>quo</strong></span> <span class='ocrx_word' id='word_1_217' title='bbox 3730 1546 3912 1600; x_wconf 88' lang='lat' dir='ltr'><strong>subli-</strong></span> 
     </span>
    </p>
   </div>
   <div class='ocr_carea' id='block_1_30' title="bbox 2302 1630 3909 1707">
    <p class='ocr_par' dir='ltr' id='par_1_30' title="bbox 2302 1630 3909 1707">
     <span class='ocr_line' id='line_1_30' title="bbox 2302 1630 3909 1707; baseline 0.006 -25"><span class='ocrx_word' id='word_1_218' title='bbox 2302 1644 2409 1684; x_wconf 87' lang='lat' dir='ltr'><strong>mes</strong></span> <span class='ocrx_word' id='word_1_219' title='bbox 2438 1630 2614 1685; x_wconf 72' lang='lat' dir='ltr'><strong>steculi</strong></span> <span class='ocrx_word' id='word_1_220' title='bbox 2643 1631 2914 1685; x_wconf 81' lang='lat' dir='ltr'><strong>dilectione</strong></span> <span class='ocrx_word' id='word_1_221' title='bbox 2941 1631 3209 1685; x_wconf 87' lang='lat' dir='ltr'><strong>mundana</strong></span> <span class='ocrx_word' id='word_1_222' title='bbox 3238 1631 3455 1687; x_wconf 86' lang='lat' dir='ltr'><strong>libenter</strong></span> <span class='ocrx_word' id='word_1_223' title='bbox 3481 1635 3707 1707; x_wconf 80' lang='lat' dir='ltr'><strong>captivos</strong></span> <span class='ocrx_word' id='word_1_224' title='bbox 3729 1638 3909 1691; x_wconf 83' lang='lat' dir='ltr'><strong>teneri</strong></span> 
     </span>
    </p>
   </div>
   <div class='ocr_carea' id='block_1_31' title="bbox 2305 1720 3907 1799">
    <p class='ocr_par' dir='ltr' id='par_1_31' title="bbox 2305 1720 3907 1799">
     <span class='ocr_line' id='line_1_31' title="bbox 2305 1720 3907 1799; baseline 0.006 -26"><span class='ocrx_word' id='word_1_225' title='bbox 2305 1721 2649 1791; x_wconf 85' lang='lat' dir='ltr'><strong>conspiciunt,</strong></span> <span class='ocrx_word' id='word_1_226' title='bbox 2690 1722 2761 1775; x_wconf 89' lang='lat' dir='ltr'><strong>ita</strong></span> <span class='ocrx_word' id='word_1_227' title='bbox 2789 1724 2985 1793; x_wconf 85' lang='lat' dir='ltr'><strong>quoties</strong></span> <span class='ocrx_word' id='word_1_228' title='bbox 3006 1720 3094 1776; x_wconf 82' lang='lat' dir='ltr'><strong>ille</strong></span> <span class='ocrx_word' id='word_1_229' title='bbox 3121 1723 3207 1796; x_wconf 86' lang='lat' dir='ltr'><strong>qui</strong></span> <span class='ocrx_word' id='word_1_230' title='bbox 3227 1724 3433 1796; x_wconf 84' lang='lat' dir='ltr'><strong>respicit</strong></span> <span class='ocrx_word' id='word_1_231' title='bbox 3460 1733 3667 1792; x_wconf 90' lang='lat' dir='ltr'><strong>terram,</strong></span> <span class='ocrx_word' id='word_1_232' title='bbox 3693 1736 3745 1785; x_wconf 91' lang='lat' dir='ltr'><strong>et</strong></span> <span class='ocrx_word' id='word_1_233' title='bbox 3768 1730 3907 1799; x_wconf 86' lang='lat' dir='ltr'><strong>facit</strong></span> 
     </span>
    </p>
   </div>
   <div class='ocr_carea' id='block_1_32' title="bbox 611 1811 3906 1891">
    <p class='ocr_par' dir='ltr' id='par_1_32' title="bbox 611 1811 3906 1891">
     <span class='ocr_line' id='line_1_32' title="bbox 611 1811 3906 1891; baseline -0.001 -16"><span class='ocrx_word' id='word_1_234' title='bbox 611 1820 769 1889; x_wconf 78' lang='lat' dir='ltr'><strong>iustis</strong></span> <span class='ocrx_word' id='word_1_235' title='bbox 813 1829 937 1891; x_wconf 84' lang='lat' dir='ltr'><strong>post</strong></span> <span class='ocrx_word' id='word_1_236' title='bbox 981 1820 1123 1876; x_wconf 87' lang='lat' dir='ltr'><strong>hanc</strong></span> <span class='ocrx_word' id='word_1_237' title='bbox 1147 1820 1312 1874; x_wconf 88' lang='lat' dir='ltr'><strong>vitam</strong></span> <span class='ocrx_word' id='word_1_238' title='bbox 1354 1833 1527 1889; x_wconf 74' lang='lat' dir='ltr'><strong>poema</strong></span> <span class='ocrx_word' id='word_1_239' title='bbox 1568 1819 1813 1890; x_wconf 59' lang='lat' dir='ltr'><strong>quaedam</strong></span> <span class='ocrx_word' id='word_1_240' title='bbox 1856 1819 2201 1890; x_wconf 71' lang='lat' dir='ltr'><strong>temporaria:</strong></span> <span class='ocrx_word' id='word_1_241' title='bbox 2230 1811 2281 1872; x_wconf 88' lang='lat' dir='ltr'><strong>B</strong></span> <span class='ocrx_word' id='word_1_242' title='bbox 2306 1827 2419 1865; x_wconf 85' lang='lat' dir='ltr'><strong>eam</strong></span> <span class='ocrx_word' id='word_1_243' title='bbox 2448 1821 2679 1877; x_wconf 85' lang='lat' dir='ltr'><strong>tremere,</strong></span> <span class='ocrx_word' id='word_1_244' title='bbox 2710 1814 2795 1884; x_wconf 85' lang='lat' dir='ltr'><strong>qui</strong></span> <span class='ocrx_word' id='word_1_245' title='bbox 2821 1813 2989 1884; x_wconf 84' lang='lat' dir='ltr'><strong>tangit</strong></span> <span class='ocrx_word' id='word_1_246' title='bbox 3030 1820 3247 1878; x_wconf 85' lang='lat' dir='ltr'><strong>montes,</strong></span> <span class='ocrx_word' id='word_1_247' title='bbox 3293 1822 3345 1870; x_wconf 91' lang='lat' dir='ltr'><strong>et</strong></span> <span class='ocrx_word' id='word_1_248' title='bbox 3391 1815 3736 1891; x_wconf 87' lang='lat' dir='ltr'><strong>fumigabunt,</strong></span> <span class='ocrx_word' id='word_1_249' title='bbox 3772 1819 3906 1876; x_wconf 78' lang='lat' dir='ltr'><strong>dum</strong></span> 
     </span>
    </p>
   </div>
   <div class='ocr_carea' id='block_1_33' title="bbox 612 1910 2196 1982">
    <p class='ocr_par' dir='ltr' id='par_1_33' title="bbox 612 1910 2196 1982">
     <span class='ocr_line' id='line_1_33' title="bbox 612 1910 2196 1982; baseline 0.001 -18"><span class='ocrx_word' id='word_1_250' title='bbox 612 1910 954 1967; x_wconf 64' lang='lat' dir='ltr'><strong>exsolvendi!)</strong></span> <span class='ocrx_word' id='word_1_251' title='bbox 979 1912 1265 1982; x_wconf 84' lang='lat' dir='ltr'><strong>supersint,</strong></span> <span class='ocrx_word' id='word_1_252' title='bbox 1297 1924 1523 1981; x_wconf 87' lang='lat' dir='ltr'><strong>quarum</strong></span> <span class='ocrx_word' id='word_1_253' title='bbox 1564 1910 1812 1966; x_wconf 88' lang='lat' dir='ltr'><strong>liberatio</strong></span> <span class='ocrx_word' id='word_1_254' title='bbox 1852 1911 2100 1981; x_wconf 89' lang='lat' dir='ltr'><strong>precibus</strong></span> <span class='ocrx_word' id='word_1_255' title='bbox 2138 1918 2196 1966; x_wconf 88' lang='lat' dir='ltr'><strong>et</strong></span> 
     </span>
    </p>
   </div>
   <div class='ocr_carea' id='block_1_34' title="bbox 611 1999 2198 2072">
    <p class='ocr_par' dir='ltr' id='par_1_34' title="bbox 611 1999 2198 2072">
     <span class='ocr_line' id='line_1_34' title="bbox 611 1999 2198 2072; baseline 0.001 -16"><span class='ocrx_word' id='word_1_256' title='bbox 611 1999 769 2056; x_wconf 90' lang='lat' dir='ltr'><strong>bonis</strong></span> <span class='ocrx_word' id='word_1_257' title='bbox 794 2002 1051 2071; x_wconf 90' lang='lat' dir='ltr'><strong>operibus</strong></span> <span class='ocrx_word' id='word_1_258' title='bbox 1077 2003 1411 2072; x_wconf 88' lang='lat' dir='ltr'><strong>impetretur,</strong></span> <span class='ocrx_word' id='word_1_259' title='bbox 1445 2001 1499 2056; x_wconf 90' lang='lat' dir='ltr'><strong>id</strong></span> <span class='ocrx_word' id='word_1_260' title='bbox 1526 1999 1837 2071; x_wconf 80' lang='lat' dir='ltr'><strong>Fulgentius</strong></span> <span class='ocrx_word' id='word_1_261' title='bbox 1866 2010 2115 2059; x_wconf 89' lang='lat' dir='ltr'><strong>neutram</strong></span> <span class='ocrx_word' id='word_1_262' title='bbox 2141 2003 2198 2058; x_wconf 89' lang='lat' dir='ltr'><strong>in</strong></span> 
     </span>
    </p>
   </div>
   <div class='ocr_carea' id='block_1_35' title="bbox 612 2093 1085 2161">
    <p class='ocr_par' dir='ltr' id='par_1_35' title="bbox 612 2093 1085 2161">
     <span class='ocr_line' id='line_1_35' title="bbox 612 2093 1085 2161; baseline 0.002 -16"><span class='ocrx_word' id='word_1_263' title='bbox 612 2100 824 2161; x_wconf 89' lang='lat' dir='ltr'><strong>partem</strong></span> <span class='ocrx_word' id='word_1_264' title='bbox 853 2093 1085 2161; x_wconf 86' lang='lat' dir='ltr'><strong>attingit.</strong></span> 
     </span>
    </p>
   </div>
   <div class='ocr_carea' id='block_1_36' title="bbox 684 2182 2198 2259">
    <p class='ocr_par' dir='ltr' id='par_1_36' title="bbox 684 2182 2198 2259">
     <span class='ocr_line' id='line_1_36' title="bbox 684 2182 2198 2259; baseline 0.002 -22"><span class='ocrx_word' id='word_1_265' title='bbox 684 2182 767 2238; x_wconf 84' lang='lat' dir='ltr'><strong>Ad</strong></span> <span class='ocrx_word' id='word_1_266' title='bbox 795 2183 937 2238; x_wconf 90' lang='lat' dir='ltr'><strong>idem</strong></span> <span class='ocrx_word' id='word_1_267' title='bbox 963 2185 1181 2240; x_wconf 89' lang='lat' dir='ltr'><strong>secundi</strong></span> <span class='ocrx_word' id='word_1_268' title='bbox 1208 2187 1383 2243; x_wconf 77' lang='lat' dir='ltr'><strong>exsilii</strong></span> <span class='ocrx_word' id='word_1_269' title='bbox 1409 2195 1621 2259; x_wconf 86' lang='lat' dir='ltr'><strong>tempus</strong></span> <span class='ocrx_word' id='word_1_270' title='bbox 1649 2186 1840 2244; x_wconf 81' lang='lat' dir='ltr'><strong>referri</strong></span> <span class='ocrx_word' id='word_1_271' title='bbox 1883 2186 2080 2242; x_wconf 89' lang='lat' dir='ltr'><strong>debent</strong></span> <span class='ocrx_word' id='word_1_272' title='bbox 2100 2200 2198 2240; x_wconf 86' lang='lat' dir='ltr'><strong>va-</strong></span> 
     </span>
    </p>
   </div>
   <div class='ocr_carea' id='block_1_37' title="bbox 613 2274 2017 2350">
    <p class='ocr_par' dir='ltr' id='par_1_37' title="bbox 613 2274 2017 2350">
     <span class='ocr_line' id='line_1_37' title="bbox 613 2274 2017 2350; baseline 0.002 -21"><span class='ocrx_word' id='word_1_273' title='bbox 613 2274 710 2329; x_wconf 70' lang='lat' dir='ltr'><strong>riat</strong></span> <span class='ocrx_word' id='word_1_274' title='bbox 729 2275 993 2346; x_wconf 83' lang='lat' dir='ltr'><strong>epistolae,</strong></span> <span class='ocrx_word' id='word_1_275' title='bbox 1020 2291 1141 2347; x_wconf 69' lang='lat' dir='ltr'><strong>quae</strong></span> <span class='ocrx_word' id='word_1_276' title='bbox 1157 2277 1264 2333; x_wconf 92' lang='lat' dir='ltr'><strong>hoc</strong></span> <span class='ocrx_word' id='word_1_277' title='bbox 1291 2279 1479 2335; x_wconf 85' lang='lat' dir='ltr'><strong>ordine</strong></span> <span class='ocrx_word' id='word_1_278' title='bbox 1506 2280 1718 2350; x_wconf 73' lang='lat' dir='ltr'><strong>scripta:</strong></span> <span class='ocrx_word' id='word_1_279' title='bbox 1747 2279 2017 2333; x_wconf 86' lang='lat' dir='ltr'><strong>videntur.</strong></span> 
     </span>
    </p>
   </div>
   <div class='ocr_carea' id='block_1_38' title="bbox 686 2365 2196 2442">
    <p class='ocr_par' dir='ltr' id='par_1_38' title="bbox 686 2365 2196 2442">
     <span class='ocr_line' id='line_1_38' title="bbox 686 2365 2196 2442; baseline 0.001 -20"><span class='ocrx_word' id='word_1_280' title='bbox 686 2365 867 2423; x_wconf 83' lang='lat' dir='ltr'><strong>Primo</strong></span> <span class='ocrx_word' id='word_1_281' title='bbox 913 2368 1035 2424; x_wconf 91' lang='lat' dir='ltr'><strong>loco</strong></span> <span class='ocrx_word' id='word_1_282' title='bbox 1063 2368 1380 2424; x_wconf 87' lang='lat' dir='ltr'><strong>collocanda</strong></span> <span class='ocrx_word' id='word_1_283' title='bbox 1410 2377 1495 2425; x_wconf 90' lang='lat' dir='ltr'><strong>est</strong></span> <span class='ocrx_word' id='word_1_284' title='bbox 1521 2386 1682 2442; x_wconf 86' lang='lat' dir='ltr'><strong>quam</strong></span> <span class='ocrx_word' id='word_1_285' title='bbox 1729 2371 1797 2425; x_wconf 85' lang='lat' dir='ltr'><strong>ad</strong></span> <span class='ocrx_word' id='word_1_286' title='bbox 1824 2369 2054 2425; x_wconf 90' lang='lat' dir='ltr'><strong>Probam</strong></span> <span class='ocrx_word' id='word_1_287' title='bbox 2083 2367 2196 2424; x_wconf 82' lang='lat' dir='ltr'><strong>Ro-</strong></span> 
     </span>
    </p>
   </div>
   <div class='ocr_carea' id='block_1_39' title="bbox 613 2459 2197 2530">
    <p class='ocr_par' dir='ltr' id='par_1_39' title="bbox 613 2459 2197 2530">
     <span class='ocr_line' id='line_1_39' title="bbox 613 2459 2197 2530; baseline 0.001 -16"><span class='ocrx_word' id='word_1_288' title='bbox 613 2473 831 2514; x_wconf 86' lang='lat' dir='ltr'><strong>manam</strong></span> <span class='ocrx_word' id='word_1_289' title='bbox 855 2459 1117 2529; x_wconf 84' lang='lat' dir='ltr'><strong>virginem</strong></span> <span class='ocrx_word' id='word_1_290' title='bbox 1160 2461 1327 2525; x_wconf 88' lang='lat' dir='ltr'><strong>dedit,</strong></span> <span class='ocrx_word' id='word_1_291' title='bbox 1353 2469 1408 2517; x_wconf 90' lang='lat' dir='ltr'><strong>et</strong></span> <span class='ocrx_word' id='word_1_292' title='bbox 1431 2475 1635 2530; x_wconf 88' lang='lat' dir='ltr'><strong>genere</strong></span> <span class='ocrx_word' id='word_1_293' title='bbox 1657 2470 1715 2517; x_wconf 90' lang='lat' dir='ltr'><strong>et</strong></span> <span class='ocrx_word' id='word_1_294' title='bbox 1759 2462 2041 2516; x_wconf 82' lang='lat' dir='ltr'><strong>virtutibus</strong></span> <span class='ocrx_word' id='word_1_295' title='bbox 2084 2460 2197 2516; x_wconf 86' lang='lat' dir='ltr'><strong>ela-</strong></span> 
     </span>
    </p>
   </div>
   <div class='ocr_carea' id='block_1_40' title="bbox 614 2546 2202 2621">
    <p class='ocr_par' dir='ltr' id='par_1_40' title="bbox 614 2546 2202 2621">
     <span class='ocr_line' id='line_1_40' title="bbox 614 2546 2202 2621; baseline 0.002 -18"><span class='ocrx_word' id='word_1_296' title='bbox 614 2563 751 2603; x_wconf 82' lang='lat' dir='ltr'><strong>ram.</strong></span> <span class='ocrx_word' id='word_1_297' title='bbox 781 2546 915 2604; x_wconf 86' lang='lat' dir='ltr'><strong>Erat</strong></span> <span class='ocrx_word' id='word_1_298' title='bbox 941 2549 1031 2604; x_wconf 88' lang='lat' dir='ltr'><strong>illa</strong></span> <span class='ocrx_word' id='word_1_299' title='bbox 1061 2564 1131 2605; x_wconf 77' lang='lat' dir='ltr'><strong>ex</strong></span> <span class='ocrx_word' id='word_1_300' title='bbox 1158 2549 1468 2611; x_wconf 79' lang='lat' dir='ltr'><strong>Aniciowm</strong></span> <span class='ocrx_word' id='word_1_301' title='bbox 1491 2551 1709 2617; x_wconf 77' lang='lat' dir='ltr'><strong>familia,</strong></span> <span class='ocrx_word' id='word_1_302' title='bbox 1735 2553 1788 2607; x_wconf 89' lang='lat' dir='ltr'><strong>in</strong></span> <span class='ocrx_word' id='word_1_303' title='bbox 1815 2568 1920 2621; x_wconf 88' lang='lat' dir='ltr'><strong>qua</strong></span> <span class='ocrx_word' id='word_1_304' title='bbox 1944 2560 2052 2606; x_wconf 89' lang='lat' dir='ltr'><strong>tam</strong></span> <span class='ocrx_word' id='word_1_305' title='bbox 2074 2551 2202 2606; x_wconf 88' lang='lat' dir='ltr'><strong>Pro-</strong></span> 
     </span>
    </p>
   </div>
   <div class='ocr_carea' id='block_1_41' title="bbox 613 2636 2213 2715">
    <p class='ocr_par' dir='ltr' id='par_1_41' title="bbox 613 2636 2213 2715">
     <span class='ocr_line' id='line_1_41' title="bbox 613 2636 2213 2715; baseline 0.001 -17"><span class='ocrx_word' id='word_1_306' title='bbox 613 2642 699 2698; x_wconf 66' lang='lat' dir='ltr'><strong>ba</strong></span> <span class='ocrx_word' id='word_1_307' title='bbox 737 2657 938 2700; x_wconf 88' lang='lat' dir='ltr'><strong>nomen</strong></span> <span class='ocrx_word' id='word_1_308' title='bbox 986 2643 1240 2714; x_wconf 73' lang='lat' dir='ltr'><strong>frequens</strong></span> <span class='ocrx_word' id='word_1_309' title='bbox 1276 2659 1440 2715; x_wconf 86' lang='lat' dir='ltr'><strong>quam</strong></span> <span class='ocrx_word' id='word_1_310' title='bbox 1495 2646 1804 2702; x_wconf 88' lang='lat' dir='ltr'><strong>consulatus</strong></span> <span class='ocrx_word' id='word_1_311' title='bbox 1838 2663 1851 2699; x_wconf 92' lang='lat'><strong>:</strong></span> <span class='ocrx_word' id='word_1_312' title='bbox 1895 2636 2213 2715; x_wconf 70' lang='lat' dir='ltr'><strong>spretisque</strong></span> 
     </span>
    </p>
   </div>
   <div class='ocr_carea' id='block_1_42' title="bbox 613 2734 2200 2806">
    <p class='ocr_par' dir='ltr' id='par_1_42' title="bbox 613 2734 2200 2806">
     <span class='ocr_line' id='line_1_42' title="bbox 613 2734 2200 2806; baseline 0.002 -17"><span class='ocrx_word' id='word_1_313' title='bbox 613 2734 809 2803; x_wconf 83' lang='lat' dir='ltr'><strong>quibus</strong></span> <span class='ocrx_word' id='word_1_314' title='bbox 834 2734 1093 2791; x_wconf 83' lang='lat' dir='ltr'><strong>innutrita</strong></span> <span class='ocrx_word' id='word_1_315' title='bbox 1122 2736 1295 2792; x_wconf 82' lang='lat' dir='ltr'><strong>fuerat</strong></span> <span class='ocrx_word' id='word_1_316' title='bbox 1326 2738 1551 2803; x_wconf 88' lang='lat' dir='ltr'><strong>deliciis,</strong></span> <span class='ocrx_word' id='word_1_317' title='bbox 1581 2739 1943 2806; x_wconf 81' lang='lat' dir='ltr'><strong>virginitatem</strong></span> <span class='ocrx_word' id='word_1_318' title='bbox 1972 2736 2084 2792; x_wconf 88' lang='lat' dir='ltr'><strong>Deo</strong></span> <span class='ocrx_word' id='word_1_319' title='bbox 2113 2753 2200 2792; x_wconf 87' lang='lat' dir='ltr'><strong>sa-</strong></span> 
     </span>
    </p>
   </div>
   <div class='ocr_carea' id='block_1_43' title="bbox 613 2824 2201 2900">
    <p class='ocr_par' dir='ltr' id='par_1_43' title="bbox 613 2824 2201 2900">
     <span class='ocr_line' id='line_1_43' title="bbox 613 2824 2201 2900; baseline 0.001 -19"><span class='ocrx_word' id='word_1_320' title='bbox 613 2833 812 2892; x_wconf 82' lang='lat' dir='ltr'><strong>crarat,</strong></span> <span class='ocrx_word' id='word_1_321' title='bbox 834 2824 1199 2897; x_wconf 79' lang='lat' dir='ltr'><strong>Romanisque</strong></span> <span class='ocrx_word' id='word_1_322' title='bbox 1224 2829 1417 2900; x_wconf 85' lang='lat' dir='ltr'><strong>puellis</strong></span> <span class='ocrx_word' id='word_1_323' title='bbox 1439 2845 1545 2885; x_wconf 91' lang='lat' dir='ltr'><strong>non</strong></span> <span class='ocrx_word' id='word_1_324' title='bbox 1573 2831 1834 2885; x_wconf 86' lang='lat' dir='ltr'><strong>castitatis</strong></span> <span class='ocrx_word' id='word_1_325' title='bbox 1859 2829 2020 2884; x_wconf 88' lang='lat' dir='ltr'><strong>modo</strong></span> <span class='ocrx_word' id='word_1_326' title='bbox 2042 2827 2201 2883; x_wconf 86' lang='lat' dir='ltr'><strong>laude</strong></span> 
     </span>
    </p>
   </div>
   <div class='ocr_carea' id='block_1_44' title="bbox 614 2915 2200 2991">
    <p class='ocr_par' dir='ltr' id='par_1_44' title="bbox 614 2915 2200 2991">
     <span class='ocr_line' id='line_1_44' title="bbox 614 2915 2200 2991; baseline 0.001 -20"><span class='ocrx_word' id='word_1_327' title='bbox 614 2915 961 2986; x_wconf 69' lang='lat' dir='ltr'><strong>prmlucebat,</strong></span> <span class='ocrx_word' id='word_1_328' title='bbox 991 2917 1088 2974; x_wconf 90' lang='lat' dir='ltr'><strong>sed</strong></span> <span class='ocrx_word' id='word_1_329' title='bbox 1114 2919 1277 2975; x_wconf 88' lang='lat' dir='ltr'><strong>etiam</strong></span> <span class='ocrx_word' id='word_1_330' title='bbox 1315 2920 1633 2976; x_wconf 86' lang='lat' dir='ltr'><strong>humilitatis</strong></span> <span class='ocrx_word' id='word_1_331' title='bbox 1660 2920 1930 2991; x_wconf 84' lang='lat' dir='ltr'><strong>exemplo,</strong></span> <span class='ocrx_word' id='word_1_332' title='bbox 1972 2933 2200 2989; x_wconf 87' lang='lat' dir='ltr'><strong>quarum</strong></span> 
     </span>
    </p>
   </div>
   <div class='ocr_carea' id='block_1_45' title="bbox 613 3005 2200 3080">
    <p class='ocr_par' dir='ltr' id='par_1_45' title="bbox 613 3005 2200 3080">
     <span class='ocr_line' id='line_1_45' title="bbox 613 3005 2200 3080; baseline 0.003 -20"><span class='ocrx_word' id='word_1_333' title='bbox 613 3005 874 3061; x_wconf 88' lang='lat' dir='ltr'><strong>virtutum</strong></span> <span class='ocrx_word' id='word_1_334' title='bbox 927 3008 1127 3075; x_wconf 82' lang='lat' dir='ltr'><strong>studio,</strong></span> <span class='ocrx_word' id='word_1_335' title='bbox 1179 3024 1321 3080; x_wconf 64' lang='lat' dir='ltr'><strong>saepe</strong></span> <span class='ocrx_word' id='word_1_336' title='bbox 1374 3025 1499 3068; x_wconf 90' lang='lat' dir='ltr'><strong>cum</strong></span> <span class='ocrx_word' id='word_1_337' title='bbox 1552 3010 1837 3080; x_wconf 87' lang='lat' dir='ltr'><strong>Fulgentio</strong></span> <span class='ocrx_word' id='word_1_338' title='bbox 1892 3019 2075 3079; x_wconf 90' lang='lat' dir='ltr'><strong>egerat</strong></span> <span class='ocrx_word' id='word_1_339' title='bbox 2102 3024 2200 3079; x_wconf 88' lang='lat' dir='ltr'><strong>per</strong></span> 
     </span>
    </p>
   </div>
   <div class='ocr_carea' id='block_1_46' title="bbox 614 3098 2194 3173">
    <p class='ocr_par' dir='ltr' id='par_1_46' title="bbox 614 3098 2194 3173">
     <span class='ocr_line' id='line_1_46' title="bbox 614 3098 2194 3173; baseline 0 -20"><span class='ocrx_word' id='word_1_340' title='bbox 614 3098 902 3169; x_wconf 84' lang='lat' dir='ltr'><strong>quemdam</strong></span> <span class='ocrx_word' id='word_1_341' title='bbox 928 3101 1025 3156; x_wconf 90' lang='lat' dir='ltr'><strong>Dei</strong></span> <span class='ocrx_word' id='word_1_342' title='bbox 1051 3115 1264 3158; x_wconf 90' lang='lat' dir='ltr'><strong>servum</strong></span> <span class='ocrx_word' id='word_1_343' title='bbox 1286 3110 1346 3157; x_wconf 89' lang='lat' dir='ltr'><strong>ut</strong></span> <span class='ocrx_word' id='word_1_344' title='bbox 1371 3102 1570 3173; x_wconf 89' lang='lat' dir='ltr'><strong>aliquid</strong></span> <span class='ocrx_word' id='word_1_345' title='bbox 1604 3102 1706 3159; x_wconf 85' lang='lat' dir='ltr'><strong>sibi</strong></span> <span class='ocrx_word' id='word_1_346' title='bbox 1735 3110 1849 3157; x_wconf 92' lang='lat' dir='ltr'><strong>tum</strong></span> <span class='ocrx_word' id='word_1_347' title='bbox 1876 3101 1944 3156; x_wconf 86' lang='lat' dir='ltr'><strong>de</strong></span> <span class='ocrx_word' id='word_1_348' title='bbox 1970 3100 2194 3167; x_wconf 82' lang='lat' dir='ltr'><strong>virgini-</strong></span> 
     </span>
    </p>
   </div>
   <div class='ocr_carea' id='block_1_47' title="bbox 2305 1905 3895 1984">
    <p class='ocr_par' dir='ltr' id='par_1_47' title="bbox 2305 1905 3895 1984">
     <span class='ocr_line' id='line_1_47' title="bbox 2305 1905 3895 1984; baseline 0.008 -27"><span class='ocrx_word' id='word_1_349' title='bbox 2305 1906 2523 1959; x_wconf 87' lang='lat' dir='ltr'><strong>terrenis</strong></span> <span class='ocrx_word' id='word_1_350' title='bbox 2548 1905 2697 1960; x_wconf 86' lang='lat' dir='ltr'><strong>rebus</strong></span> <span class='ocrx_word' id='word_1_351' title='bbox 2732 1908 2935 1961; x_wconf 89' lang='lat' dir='ltr'><strong>intenta</strong></span> <span class='ocrx_word' id='word_1_352' title='bbox 2971 1908 3132 1963; x_wconf 89' lang='lat' dir='ltr'><strong>corda</strong></span> <span class='ocrx_word' id='word_1_353' title='bbox 3160 1909 3565 1967; x_wconf 86' lang='lat' dir='ltr'><strong>misericorditer</strong></span> <span class='ocrx_word' id='word_1_354' title='bbox 3587 1913 3817 1984; x_wconf 83' lang='lat' dir='ltr'><strong>respicit,</strong></span> <span class='ocrx_word' id='word_1_355' title='bbox 3848 1924 3895 1969; x_wconf 89' lang='lat' dir='ltr'><strong>et</strong></span> 
     </span>
    </p>
   </div>
   <div class='ocr_carea' id='block_1_48' title="bbox 2301 1996 3898 2077">
    <p class='ocr_par' dir='ltr' id='par_1_48' title="bbox 2301 1996 3898 2077">
     <span class='ocr_line' id='line_1_48' title="bbox 2301 1996 3898 2077; baseline 0.009 -28"><span class='ocrx_word' id='word_1_356' title='bbox 2301 1996 2715 2052; x_wconf 84' lang='lat' dir='ltr'><strong>consideratione</strong></span> <span class='ocrx_word' id='word_1_357' title='bbox 2727 1999 2918 2069; x_wconf 87' lang='lat' dir='ltr'><strong>judicii</strong></span> <span class='ocrx_word' id='word_1_358' title='bbox 2945 2000 3026 2054; x_wconf 89' lang='lat' dir='ltr'><strong>sui</strong></span> <span class='ocrx_word' id='word_1_359' title='bbox 3052 2006 3268 2055; x_wconf 88' lang='lat' dir='ltr'><strong>tremere</strong></span> <span class='ocrx_word' id='word_1_360' title='bbox 3297 2003 3692 2077; x_wconf 87' lang='lat' dir='ltr'><strong>compellit......</strong></span> <span class='ocrx_word' id='word_1_361' title='bbox 3723 2006 3783 2062; x_wconf 87' lang='lat' dir='ltr'><strong>in</strong></span> <span class='ocrx_word' id='word_1_362' title='bbox 3813 2016 3898 2063; x_wconf 85' lang='lat' dir='ltr'><strong>ta-</strong></span> 
     </span>
    </p>
   </div>
   <div class='ocr_carea' id='block_1_49' title="bbox 2301 2087 3898 2162">
    <p class='ocr_par' dir='ltr' id='par_1_49' title="bbox 2301 2087 3898 2162">
     <span class='ocr_line' id='line_1_49' title="bbox 2301 2087 3898 2162; baseline 0.009 -21"><span class='ocrx_word' id='word_1_363' title='bbox 2301 2087 2428 2141; x_wconf 84' lang='lat' dir='ltr'><strong>lium</strong></span> <span class='ocrx_word' id='word_1_364' title='bbox 2457 2097 2677 2144; x_wconf 89' lang='lat' dir='ltr'><strong>tremore</strong></span> <span class='ocrx_word' id='word_1_365' title='bbox 2705 2090 2921 2160; x_wconf 87' lang='lat' dir='ltr'><strong>plurimi</strong></span> <span class='ocrx_word' id='word_1_366' title='bbox 2944 2092 3368 2162; x_wconf 83' lang='lat' dir='ltr'><strong>contremiscunt,</strong></span> <span class='ocrx_word' id='word_1_367' title='bbox 3389 2102 3439 2148; x_wconf 91' lang='lat' dir='ltr'><strong>et</strong></span> <span class='ocrx_word' id='word_1_368' title='bbox 3464 2095 3522 2149; x_wconf 87' lang='lat' dir='ltr'><strong>in</strong></span> <span class='ocrx_word' id='word_1_369' title='bbox 3551 2097 3732 2153; x_wconf 89' lang='lat' dir='ltr'><strong>talium</strong></span> <span class='ocrx_word' id='word_1_370' title='bbox 3760 2113 3898 2155; x_wconf 86' lang='lat' dir='ltr'><strong>con-</strong></span> 
     </span>
    </p>
   </div>
   <div class='ocr_carea' id='block_1_50' title="bbox 2299 2180 3898 2262">
    <p class='ocr_par' dir='ltr' id='par_1_50' title="bbox 2299 2180 3898 2262">
     <span class='ocr_line' id='line_1_50' title="bbox 2299 2180 3898 2262; baseline 0.009 -31"><span class='ocrx_word' id='word_1_371' title='bbox 2299 2180 2532 2233; x_wconf 83' lang='lat' dir='ltr'><strong>versione</strong></span> <span class='ocrx_word' id='word_1_372' title='bbox 2554 2180 2702 2234; x_wconf 89' lang='lat' dir='ltr'><strong>multi</strong></span> <span class='ocrx_word' id='word_1_373' title='bbox 2728 2181 2797 2234; x_wconf 91' lang='lat' dir='ltr'><strong>ad</strong></span> <span class='ocrx_word' id='word_1_374' title='bbox 2814 2180 3099 2237; x_wconf 84' lang='lat' dir='ltr'><strong>subsidium</strong></span> <span class='ocrx_word' id='word_1_375' title='bbox 3122 2184 3473 2241; x_wconf 88' lang='lat' dir='ltr'><strong>miserationis</strong></span> <span class='ocrx_word' id='word_1_376' title='bbox 3498 2186 3685 2244; x_wconf 75' lang='lat' dir='ltr'><strong>divina:</strong></span> <span class='ocrx_word' id='word_1_377' title='bbox 3711 2192 3898 2262; x_wconf 75' lang='lat' dir='ltr'><strong>confu-</strong></span> 
     </span>
    </p>
   </div>
   <div class='ocr_carea' id='block_1_51' title="bbox 2301 2267 3896 2353">
    <p class='ocr_par' dir='ltr' id='par_1_51' title="bbox 2301 2267 3896 2353">
     <span class='ocr_line' id='line_1_51' title="bbox 2301 2267 3896 2353; baseline 0.01 -33"><span class='ocrx_word' id='word_1_378' title='bbox 2301 2269 2466 2338; x_wconf 86' lang='lat' dir='ltr'><strong>giunt.</strong></span> <span class='ocrx_word' id='word_1_379' title='bbox 2497 2267 2585 2323; x_wconf 87' lang='lat' dir='ltr'><strong>Ita</strong></span> <span class='ocrx_word' id='word_1_380' title='bbox 2611 2270 2673 2341; x_wconf 82' lang='lat' dir='ltr'><strong>ﬁt</strong></span> <span class='ocrx_word' id='word_1_381' title='bbox 2692 2279 2749 2324; x_wconf 89' lang='lat' dir='ltr'><strong>ut</strong></span> <span class='ocrx_word' id='word_1_382' title='bbox 2771 2273 2858 2344; x_wconf 84' lang='lat' dir='ltr'><strong>qui</strong></span> <span class='ocrx_word' id='word_1_383' title='bbox 2884 2281 3005 2327; x_wconf 87' lang='lat' dir='ltr'><strong>sunt</strong></span> <span class='ocrx_word' id='word_1_384' title='bbox 3026 2274 3084 2328; x_wconf 85' lang='lat' dir='ltr'><strong>in</strong></span> <span class='ocrx_word' id='word_1_385' title='bbox 3107 2273 3328 2330; x_wconf 84' lang='lat' dir='ltr'><strong>culmine</strong></span> <span class='ocrx_word' id='word_1_386' title='bbox 3355 2277 3640 2344; x_wconf 84' lang='lat' dir='ltr'><strong>constituti,</strong></span> <span class='ocrx_word' id='word_1_387' title='bbox 3662 2290 3752 2334; x_wconf 91' lang='lat' dir='ltr'><strong>aut</strong></span> <span class='ocrx_word' id='word_1_388' title='bbox 3772 2281 3896 2353; x_wconf 82' lang='lat' dir='ltr'><strong>plu-</strong></span> 
     </span>
    </p>
   </div>
   <div class='ocr_carea' id='block_1_52' title="bbox 2301 2360 3893 2432">
    <p class='ocr_par' dir='ltr' id='par_1_52' title="bbox 2301 2360 3893 2432">
     <span class='ocr_line' id='line_1_52' title="bbox 2301 2360 3893 2432; baseline 0.009 -20"><span class='ocrx_word' id='word_1_389' title='bbox 2301 2360 2460 2413; x_wconf 87' lang='lat' dir='ltr'><strong>rimos</strong></span> <span class='ocrx_word' id='word_1_390' title='bbox 2486 2375 2658 2414; x_wconf 84' lang='lat' dir='ltr'><strong>secum</strong></span> <span class='ocrx_word' id='word_1_391' title='bbox 2682 2362 2925 2432; x_wconf 86' lang='lat' dir='ltr'><strong>perdant,</strong></span> <span class='ocrx_word' id='word_1_392' title='bbox 2965 2372 3055 2418; x_wconf 89' lang='lat' dir='ltr'><strong>aut</strong></span> <span class='ocrx_word' id='word_1_393' title='bbox 3094 2378 3266 2419; x_wconf 89' lang='lat' dir='ltr'><strong>secum</strong></span> <span class='ocrx_word' id='word_1_394' title='bbox 3299 2371 3486 2422; x_wconf 89' lang='lat' dir='ltr'><strong>multos</strong></span> <span class='ocrx_word' id='word_1_395' title='bbox 3511 2369 3568 2422; x_wconf 89' lang='lat' dir='ltr'><strong>in</strong></span> <span class='ocrx_word' id='word_1_396' title='bbox 3594 2371 3676 2423; x_wconf 82' lang='lat' dir='ltr'><strong>via</strong></span> <span class='ocrx_word' id='word_1_397' title='bbox 3702 2370 3893 2427; x_wconf 85' lang='lat' dir='ltr'><strong>salutis</strong></span> 
     </span>
    </p>
   </div>
   <div class='ocr_carea' id='block_1_53' title="bbox 2301 2451 3893 2533">
    <p class='ocr_par' dir='ltr' id='par_1_53' title="bbox 2301 2451 3893 2533">
     <span class='ocr_line' id='line_1_53' title="bbox 2301 2451 3893 2533; baseline 0.008 -30"><span class='ocrx_word' id='word_1_398' title='bbox 2301 2452 2588 2522; x_wconf 88' lang='lat' dir='ltr'><strong>acquirant.</strong></span> <span class='ocrx_word' id='word_1_399' title='bbox 2611 2451 2811 2525; x_wconf 77' lang='lat' dir='ltr'><strong>Magna</strong></span> <span class='ocrx_word' id='word_1_400' title='bbox 2840 2454 2970 2509; x_wconf 86' lang='lat' dir='ltr'><strong>tales</strong></span> <span class='ocrx_word' id='word_1_401' title='bbox 2996 2461 3072 2510; x_wconf 80' lang='lat' dir='ltr'><strong>vel</strong></span> <span class='ocrx_word' id='word_1_402' title='bbox 3096 2471 3248 2526; x_wconf 67' lang='lat' dir='ltr'><strong>plena</strong></span> <span class='ocrx_word' id='word_1_403' title='bbox 3271 2464 3465 2527; x_wconf 85' lang='lat' dir='ltr'><strong>manet,</strong></span> <span class='ocrx_word' id='word_1_404' title='bbox 3490 2461 3537 2514; x_wconf 87' lang='lat' dir='ltr'><strong>si</strong></span> <span class='ocrx_word' id='word_1_405' title='bbox 3564 2461 3738 2516; x_wconf 85' lang='lat' dir='ltr'><strong>multis</strong></span> <span class='ocrx_word' id='word_1_406' title='bbox 3757 2479 3893 2533; x_wconf 70' lang='lat' dir='ltr'><strong>pro-</strong></span> 
     </span>
    </p>
   </div>
   <div class='ocr_carea' id='block_1_54' title="bbox 2301 2543 3889 2622">
    <p class='ocr_par' dir='ltr' id='par_1_54' title="bbox 2301 2543 3889 2622">
     <span class='ocr_line' id='line_1_54' title="bbox 2301 2543 3889 2622; baseline 0.009 -26"><span class='ocrx_word' id='word_1_407' title='bbox 2301 2543 2454 2597; x_wconf 90' lang='lat' dir='ltr'><strong>beant</strong></span> <span class='ocrx_word' id='word_1_408' title='bbox 2491 2545 2643 2599; x_wconf 72' lang='lat' dir='ltr'><strong>malas</strong></span> <span class='ocrx_word' id='word_1_409' title='bbox 2670 2546 2972 2601; x_wconf 87' lang='lat' dir='ltr'><strong>imitationis</strong></span> <span class='ocrx_word' id='word_1_410' title='bbox 3017 2549 3271 2620; x_wconf 86' lang='lat' dir='ltr'><strong>laqueum,</strong></span> <span class='ocrx_word' id='word_1_411' title='bbox 3300 2558 3390 2605; x_wconf 84' lang='lat' dir='ltr'><strong>aut</strong></span> <span class='ocrx_word' id='word_1_412' title='bbox 3415 2551 3603 2622; x_wconf 86' lang='lat' dir='ltr'><strong>gloria,</strong></span> <span class='ocrx_word' id='word_1_413' title='bbox 3637 2553 3685 2608; x_wconf 89' lang='lat' dir='ltr'><strong>si</strong></span> <span class='ocrx_word' id='word_1_414' title='bbox 3710 2554 3889 2612; x_wconf 89' lang='lat' dir='ltr'><strong>multis</strong></span> 
     </span>
    </p>
   </div>
   <div class='ocr_carea' id='block_1_55' title="bbox 2301 2636 3887 2714">
    <p class='ocr_par' dir='ltr' id='par_1_55' title="bbox 2301 2636 3887 2714">
     <span class='ocr_line' id='line_1_55' title="bbox 2301 2636 3887 2714; baseline 0.009 -25"><span class='ocrx_word' id='word_1_415' title='bbox 2301 2636 2575 2690; x_wconf 87' lang='lat' dir='ltr'><strong>ostendant</strong></span> <span class='ocrx_word' id='word_1_416' title='bbox 2598 2646 2792 2692; x_wconf 75' lang='lat' dir='ltr'><strong>sancta:</strong></span> <span class='ocrx_word' id='word_1_417' title='bbox 2804 2642 3203 2696; x_wconf 80' lang='lat' dir='ltr'><strong>conversationis</strong></span> <span class='ocrx_word' id='word_1_418' title='bbox 3232 2642 3539 2714; x_wconf 77' lang='lat' dir='ltr'><strong>exemplum.</strong></span> <span class='ocrx_word' id='word_1_419' title='bbox 3571 2644 3682 2702; x_wconf 88' lang='lat' dir='ltr'><strong>Nec</strong></span> <span class='ocrx_word' id='word_1_420' title='bbox 3708 2647 3887 2704; x_wconf 85' lang='lat' dir='ltr'><strong>minus</strong></span> 
     </span>
    </p>
   </div>
   <div class='ocr_carea' id='block_1_56' title="bbox 2300 2726 3886 2806">
    <p class='ocr_par' dir='ltr' id='par_1_56' title="bbox 2300 2726 3886 2806">
     <span class='ocr_line' id='line_1_56' title="bbox 2300 2726 3886 2806; baseline 0.008 -25"><span class='ocrx_word' id='word_1_421' title='bbox 2300 2726 2597 2781; x_wconf 87' lang='lat' dir='ltr'><strong>notandum</strong></span> <span class='ocrx_word' id='word_1_422' title='bbox 2622 2727 2767 2797; x_wconf 91' lang='lat' dir='ltr'><strong>quod</strong></span> <span class='ocrx_word' id='word_1_423' title='bbox 2784 2729 2924 2784; x_wconf 91' lang='lat' dir='ltr'><strong>idem</strong></span> <span class='ocrx_word' id='word_1_424' title='bbox 2946 2730 3108 2786; x_wconf 87' lang='lat' dir='ltr'><strong>habet</strong></span> <span class='ocrx_word' id='word_1_425' title='bbox 3122 2734 3190 2788; x_wconf 88' lang='lat' dir='ltr'><strong>de</strong></span> <span class='ocrx_word' id='word_1_426' title='bbox 3203 2731 3401 2803; x_wconf 89' lang='lat' dir='ltr'><strong>duplici</strong></span> <span class='ocrx_word' id='word_1_427' title='bbox 3423 2735 3695 2806; x_wconf 89' lang='lat' dir='ltr'><strong>superbia.</strong></span> <span class='ocrx_word' id='word_1_428' title='bbox 3718 2733 3886 2793; x_wconf 84' lang='lat' dir='ltr'><strong>Dam-</strong></span> 
     </span>
    </p>
   </div>
   <div class='ocr_carea' id='block_1_57' title="bbox 2301 2819 3886 2905">
    <p class='ocr_par' dir='ltr' id='par_1_57' title="bbox 2301 2819 3886 2905">
     <span class='ocr_line' id='line_1_57' title="bbox 2301 2819 3886 2905; baseline 0.007 -31"><span class='ocrx_word' id='word_1_429' title='bbox 2301 2819 2490 2876; x_wconf 86' lang='lat' dir='ltr'><strong>nabilis</strong></span> <span class='ocrx_word' id='word_1_430' title='bbox 2519 2830 2614 2887; x_wconf 89' lang='lat' dir='ltr'><strong>est,</strong></span> <span class='ocrx_word' id='word_1_431' title='bbox 2646 2823 2838 2891; x_wconf 88' lang='lat' dir='ltr'><strong>inquit,</strong></span> <span class='ocrx_word' id='word_1_432' title='bbox 2869 2825 3041 2878; x_wconf 87' lang='lat' dir='ltr'><strong>cordis</strong></span> <span class='ocrx_word' id='word_1_433' title='bbox 3079 2825 3293 2881; x_wconf 88' lang='lat' dir='ltr'><strong>humani</strong></span> <span class='ocrx_word' id='word_1_434' title='bbox 3328 2827 3571 2899; x_wconf 86' lang='lat' dir='ltr'><strong>superbia</strong></span> <span class='ocrx_word' id='word_1_435' title='bbox 3614 2846 3716 2902; x_wconf 88' lang='lat' dir='ltr'><strong>qua</strong></span> <span class='ocrx_word' id='word_1_436' title='bbox 3756 2833 3886 2905; x_wconf 84' lang='lat' dir='ltr'><strong>facit</strong></span> 
     </span>
    </p>
   </div>
   <div class='ocr_carea' id='block_1_58' title="bbox 2302 2910 3884 2984">
    <p class='ocr_par' dir='ltr' id='par_1_58' title="bbox 2302 2910 3884 2984">
     <span class='ocr_line' id='line_1_58' title="bbox 2302 2910 3884 2984; baseline 0.009 -21"><span class='ocrx_word' id='word_1_437' title='bbox 2302 2910 2452 2965; x_wconf 88' lang='lat' dir='ltr'><strong>homo</strong></span> <span class='ocrx_word' id='word_1_438' title='bbox 2481 2911 2617 2982; x_wconf 88' lang='lat' dir='ltr'><strong>quod</strong></span> <span class='ocrx_word' id='word_1_439' title='bbox 2645 2910 2785 2967; x_wconf 89' lang='lat' dir='ltr'><strong>Deus</strong></span> <span class='ocrx_word' id='word_1_440' title='bbox 2807 2914 2865 2967; x_wconf 89' lang='lat' dir='ltr'><strong>in</strong></span> <span class='ocrx_word' id='word_1_441' title='bbox 2890 2915 3182 2969; x_wconf 88' lang='lat' dir='ltr'><strong>hominibus</strong></span> <span class='ocrx_word' id='word_1_442' title='bbox 3211 2916 3455 2984; x_wconf 85' lang='lat' dir='ltr'><strong>damnat;</strong></span> <span class='ocrx_word' id='word_1_443' title='bbox 3486 2918 3577 2974; x_wconf 87' lang='lat' dir='ltr'><strong>sed</strong></span> <span class='ocrx_word' id='word_1_444' title='bbox 3613 2920 3711 2976; x_wconf 90' lang='lat' dir='ltr'><strong>illa</strong></span> <span class='ocrx_word' id='word_1_445' title='bbox 3737 2921 3884 2977; x_wconf 85' lang='lat' dir='ltr'><strong>dete-</strong></span> 
     </span>
    </p>
   </div>
   <div class='ocr_carea' id='block_1_59' title="bbox 2301 3000 3884 3078">
    <p class='ocr_par' dir='ltr' id='par_1_59' title="bbox 2301 3000 3884 3078">
     <span class='ocr_line' id='line_1_59' title="bbox 2301 3000 3884 3078; baseline 0.009 -25"><span class='ocrx_word' id='word_1_446' title='bbox 2301 3000 2541 3056; x_wconf 84' lang='lat' dir='ltr'><strong>stabilior</strong></span> <span class='ocrx_word' id='word_1_447' title='bbox 2566 3018 2667 3071; x_wconf 86' lang='lat' dir='ltr'><strong>qua</strong></span> <span class='ocrx_word' id='word_1_448' title='bbox 2693 3003 2793 3057; x_wconf 88' lang='lat' dir='ltr'><strong>sibi</strong></span> <span class='ocrx_word' id='word_1_449' title='bbox 2823 3003 2999 3058; x_wconf 87' lang='lat' dir='ltr'><strong>tribuit</strong></span> <span class='ocrx_word' id='word_1_450' title='bbox 3040 3004 3192 3060; x_wconf 90' lang='lat' dir='ltr'><strong>homo</strong></span> <span class='ocrx_word' id='word_1_451' title='bbox 3231 3005 3366 3078; x_wconf 86' lang='lat' dir='ltr'><strong>quod</strong></span> <span class='ocrx_word' id='word_1_452' title='bbox 3414 3005 3555 3065; x_wconf 84' lang='lat' dir='ltr'><strong>Deus</strong></span> <span class='ocrx_word' id='word_1_453' title='bbox 3591 3009 3884 3067; x_wconf 80' lang='lat' dir='ltr'><strong>hominibus</strong></span> 
     </span>
    </p>
   </div>
   <div class='ocr_carea' id='block_1_60' title="bbox 2306 3093 3875 3169">
    <p class='ocr_par' dir='ltr' id='par_1_60' title="bbox 2306 3093 3875 3169">
     <span class='ocr_line' id='line_1_60' title="bbox 2306 3093 3875 3169; baseline 0.005 -23"><span class='ocrx_word' id='word_1_454' title='bbox 2306 3093 2503 3159; x_wconf 87' lang='lat' dir='ltr'><strong>donat;</strong></span> <span class='ocrx_word' id='word_1_455' title='bbox 2533 3094 2844 3150; x_wconf 86' lang='lat' dir='ltr'><strong>damnabilis</strong></span> <span class='ocrx_word' id='word_1_456' title='bbox 2873 3097 2960 3166; x_wconf 88' lang='lat' dir='ltr'><strong>qui</strong></span> <span class='ocrx_word' id='word_1_457' title='bbox 2986 3094 3279 3152; x_wconf 88' lang='lat' dir='ltr'><strong>substantia</strong></span> <span class='ocrx_word' id='word_1_458' title='bbox 3303 3100 3482 3157; x_wconf 80' lang='lat' dir='ltr'><strong>steculi</strong></span> <span class='ocrx_word' id='word_1_459' title='bbox 3518 3101 3649 3155; x_wconf 86' lang='lat' dir='ltr'><strong>male</strong></span> <span class='ocrx_word' id='word_1_460' title='bbox 3688 3102 3875 3169; x_wconf 85' lang='lat' dir='ltr'><strong>utitur,</strong></span> 
     </span>
    </p>
   </div>
   <div class='ocr_carea' id='block_1_61' title="bbox 614 3178 3881 3267">
    <p class='ocr_par' dir='ltr' id='par_1_61' title="bbox 614 3178 3881 3267">
     <span class='ocr_line' id='line_1_61' title="bbox 614 3178 3881 3267; baseline 0 -21"><span class='ocrx_word' id='word_1_461' title='bbox 614 3200 747 3259; x_wconf 88' lang='lat' dir='ltr'><strong>tate,</strong></span> <span class='ocrx_word' id='word_1_462' title='bbox 779 3201 894 3248; x_wconf 89' lang='lat' dir='ltr'><strong>tum</strong></span> <span class='ocrx_word' id='word_1_463' title='bbox 933 3193 1001 3250; x_wconf 85' lang='lat' dir='ltr'><strong>de</strong></span> <span class='ocrx_word' id='word_1_464' title='bbox 1040 3196 1345 3251; x_wconf 82' lang='lat' dir='ltr'><strong>humilitate</strong></span> <span class='ocrx_word' id='word_1_465' title='bbox 1370 3196 1608 3252; x_wconf 87' lang='lat' dir='ltr'><strong>scribere</strong></span> <span class='ocrx_word' id='word_1_466' title='bbox 1652 3195 1980 3263; x_wconf 86' lang='lat' dir='ltr'><strong>dignaretur.</strong></span> <span class='ocrx_word' id='word_1_467' title='bbox 2012 3192 2199 3248; x_wconf 88' lang='lat' dir='ltr'><strong>Paruit</strong></span> <span class='ocrx_word' id='word_1_468' title='bbox 2225 3178 2273 3242; x_wconf 88' lang='lat' dir='ltr'><strong>C</strong></span> <span class='ocrx_word' id='word_1_469' title='bbox 2303 3188 2394 3242; x_wconf 90' lang='lat' dir='ltr'><strong>sed</strong></span> <span class='ocrx_word' id='word_1_470' title='bbox 2422 3187 2770 3244; x_wconf 86' lang='lat' dir='ltr'><strong>damnabilior</strong></span> <span class='ocrx_word' id='word_1_471' title='bbox 2805 3192 2891 3261; x_wconf 85' lang='lat' dir='ltr'><strong>qui</strong></span> <span class='ocrx_word' id='word_1_472' title='bbox 2927 3190 3281 3261; x_wconf 84' lang='lat' dir='ltr'><strong>spiritualibus</strong></span> <span class='ocrx_word' id='word_1_473' title='bbox 3326 3193 3478 3248; x_wconf 87' lang='lat' dir='ltr'><strong>donis</strong></span> <span class='ocrx_word' id='word_1_474' title='bbox 3522 3192 3766 3266; x_wconf 79' lang='lat' dir='ltr'><strong>superbus</strong></span> <span class='ocrx_word' id='word_1_475' title='bbox 3802 3194 3881 3267; x_wconf 84' lang='lat' dir='ltr'><strong>ef-</strong></span> 
     </span>
    </p>
   </div>
   <div class='ocr_carea' id='block_1_62' title="bbox 615 3284 2199 3356">
    <p class='ocr_par' dir='ltr' id='par_1_62' title="bbox 615 3284 2199 3356">
     <span class='ocr_line' id='line_1_62' title="bbox 615 3284 2199 3356; baseline 0 -16"><span class='ocrx_word' id='word_1_476' title='bbox 615 3284 953 3354; x_wconf 82' lang='lat' dir='ltr'><strong>Fulgentius,</strong></span> <span class='ocrx_word' id='word_1_477' title='bbox 981 3284 1195 3342; x_wconf 89' lang='lat' dir='ltr'><strong>Christo</strong></span> <span class='ocrx_word' id='word_1_478' title='bbox 1223 3288 1277 3355; x_wconf 88' lang='lat' dir='ltr'><strong>in</strong></span> <span class='ocrx_word' id='word_1_479' title='bbox 1296 3287 1550 3344; x_wconf 68' lang='lat' dir='ltr'><strong>katribus</strong></span> <span class='ocrx_word' id='word_1_480' title='bbox 1574 3286 1797 3356; x_wconf 86' lang='lat' dir='ltr'><strong>obsequi</strong></span> <span class='ocrx_word' id='word_1_481' title='bbox 1818 3286 2026 3350; x_wconf 89' lang='lat' dir='ltr'><strong>solitus,</strong></span> <span class='ocrx_word' id='word_1_482' title='bbox 2051 3291 2107 3340; x_wconf 89' lang='lat' dir='ltr'><strong>et</strong></span> <span class='ocrx_word' id='word_1_483' title='bbox 2130 3285 2199 3340; x_wconf 85' lang='lat' dir='ltr'><strong>de</strong></span> 
     </span>
    </p>
   </div>
   <div class='ocr_carea' id='block_1_63' title="bbox 617 3378 2203 3448">
    <p class='ocr_par' dir='ltr' id='par_1_63' title="bbox 617 3378 2203 3448">
     <span class='ocr_line' id='line_1_63' title="bbox 617 3378 2203 3448; baseline 0 -16"><span class='ocrx_word' id='word_1_484' title='bbox 617 3378 723 3432; x_wconf 85' lang='lat' dir='ltr'><strong>isto</strong></span> <span class='ocrx_word' id='word_1_485' title='bbox 746 3386 1066 3448; x_wconf 81' lang='lat' dir='ltr'><strong>argumento</strong></span> <span class='ocrx_word' id='word_1_486' title='bbox 1086 3385 1371 3433; x_wconf 86' lang='lat' dir='ltr'><strong>tractatum</strong></span> <span class='ocrx_word' id='word_1_487' title='bbox 1393 3379 1459 3433; x_wconf 86' lang='lat' dir='ltr'><strong>ad</strong></span> <span class='ocrx_word' id='word_1_488' title='bbox 1483 3378 1713 3435; x_wconf 73' lang='lat' dir='ltr'><strong>Probum</strong></span> <span class='ocrx_word' id='word_1_489' title='bbox 1740 3378 1991 3446; x_wconf 89' lang='lat' dir='ltr'><strong>instituit,</strong></span> <span class='ocrx_word' id='word_1_490' title='bbox 2018 3379 2074 3433; x_wconf 91' lang='lat' dir='ltr'><strong>in</strong></span> <span class='ocrx_word' id='word_1_491' title='bbox 2094 3378 2203 3447; x_wconf 88' lang='lat' dir='ltr'><strong>epi-</strong></span> 
     </span>
    </p>
   </div>
   <div class='ocr_carea' id='block_1_64' title="bbox 617 3467 2202 3541">
    <p class='ocr_par' dir='ltr' id='par_1_64' title="bbox 617 3467 2202 3541">
     <span class='ocr_line' id='line_1_64' title="bbox 617 3467 2202 3541; baseline 0.001 -18"><span class='ocrx_word' id='word_1_492' title='bbox 617 3467 878 3523; x_wconf 83' lang='lat' dir='ltr'><strong>stolarum</strong></span> <span class='ocrx_word' id='word_1_493' title='bbox 921 3468 1137 3537; x_wconf 86' lang='lat' dir='ltr'><strong>quidem</strong></span> <span class='ocrx_word' id='word_1_494' title='bbox 1165 3484 1385 3524; x_wconf 86' lang='lat' dir='ltr'><strong>censum</strong></span> <span class='ocrx_word' id='word_1_495' title='bbox 1423 3469 1674 3539; x_wconf 83' lang='lat' dir='ltr'><strong>relatum,</strong></span> <span class='ocrx_word' id='word_1_496' title='bbox 1700 3470 1796 3525; x_wconf 87' lang='lat' dir='ltr'><strong>sed</strong></span> <span class='ocrx_word' id='word_1_497' title='bbox 1820 3484 1981 3541; x_wconf 88' lang='lat' dir='ltr'><strong>quem</strong></span> <span class='ocrx_word' id='word_1_498' title='bbox 2020 3478 2202 3525; x_wconf 87' lang='lat' dir='ltr'><strong>tamen</strong></span> 
     </span>
    </p>
   </div>
   <div class='ocr_carea' id='block_1_65' title="bbox 618 3552 1477 3632">
    <p class='ocr_par' dir='ltr' id='par_1_65' title="bbox 618 3552 1477 3632">
     <span class='ocr_line' id='line_1_65' title="bbox 618 3552 1477 3632; baseline 0 -15"><span class='ocrx_word' id='word_1_499' title='bbox 618 3560 735 3630; x_wconf 86' lang='lat' dir='ltr'><strong>ipse</strong></span> <span class='ocrx_word' id='word_1_500' title='bbox 761 3560 998 3616; x_wconf 89' lang='lat' dir='ltr'><strong>libellum</strong></span> <span class='ocrx_word' id='word_1_501' title='bbox 1025 3562 1279 3632; x_wconf 82' lang='lat' dir='ltr'><strong>appellat.</strong></span> <span class='ocrx_word' id='word_1_502' title='bbox 1474 3552 1477 3553; x_wconf 41' lang='grc'><strong><em>⁷</em></strong></span> 
     </span>
    </p>
   </div>
   <div class='ocr_carea' id='block_1_66' title="bbox 688 3672 2206 3747">
    <p class='ocr_par' dir='ltr' id='par_1_66' title="bbox 688 3672 2206 3747">
     <span class='ocr_line' id='line_1_66' title="bbox 688 3672 2206 3747; baseline 0.003 -20"><span class='ocrx_word' id='word_1_503' title='bbox 688 3672 941 3743; x_wconf 83' lang='lat' dir='ltr'><strong>Ejusdem</strong></span> <span class='ocrx_word' id='word_1_504' title='bbox 963 3673 1092 3729; x_wconf 90' lang='lat' dir='ltr'><strong>item</strong></span> <span class='ocrx_word' id='word_1_505' title='bbox 1113 3675 1332 3730; x_wconf 90' lang='lat' dir='ltr'><strong>hortatu</strong></span> <span class='ocrx_word' id='word_1_506' title='bbox 1359 3675 1495 3731; x_wconf 89' lang='lat' dir='ltr'><strong>duos</strong></span> <span class='ocrx_word' id='word_1_507' title='bbox 1522 3676 1588 3732; x_wconf 92' lang='lat' dir='ltr'><strong>de</strong></span> <span class='ocrx_word' id='word_1_508' title='bbox 1608 3674 1820 3747; x_wconf 80' lang='lat' dir='ltr'><strong>Jejunio</strong></span> <span class='ocrx_word' id='word_1_509' title='bbox 1847 3688 1903 3733; x_wconf 87' lang='lat' dir='ltr'><strong>et</strong></span> <span class='ocrx_word' id='word_1_510' title='bbox 1947 3674 2206 3731; x_wconf 88' lang='lat' dir='ltr'><strong>Oratione</strong></span> 
     </span>
    </p>
   </div>
   <div class='ocr_carea' id='block_1_67' title="bbox 620 3766 2209 3840">
    <p class='ocr_par' dir='ltr' id='par_1_67' title="bbox 620 3766 2209 3840">
     <span class='ocr_line' id='line_1_67' title="bbox 620 3766 2209 3840; baseline 0.002 -20"><span class='ocrx_word' id='word_1_511' title='bbox 620 3766 787 3821; x_wconf 85' lang='lat' dir='ltr'><strong>libros</strong></span> <span class='ocrx_word' id='word_1_512' title='bbox 812 3766 1137 3836; x_wconf 82' lang='lat' dir='ltr'><strong>scripserat:</strong></span> <span class='ocrx_word' id='word_1_513' title='bbox 1165 3781 1301 3837; x_wconf 91' lang='lat' dir='ltr'><strong>quos</strong></span> <span class='ocrx_word' id='word_1_514' title='bbox 1321 3767 1538 3837; x_wconf 89' lang='lat' dir='ltr'><strong>quidam</strong></span> <span class='ocrx_word' id='word_1_515' title='bbox 1561 3769 1692 3825; x_wconf 88' lang='lat' dir='ltr'><strong>nihil</strong></span> <span class='ocrx_word' id='word_1_516' title='bbox 1712 3769 1856 3824; x_wconf 90' lang='lat' dir='ltr'><strong>aliud</strong></span> <span class='ocrx_word' id='word_1_517' title='bbox 1871 3784 1989 3824; x_wconf 80' lang='lat' dir='ltr'><strong>esse</strong></span> <span class='ocrx_word' id='word_1_518' title='bbox 2016 3775 2209 3840; x_wconf 89' lang='lat' dir='ltr'><strong>putant</strong></span> 
     </span>
    </p>
   </div>
   <div class='ocr_carea' id='block_1_68' title="bbox 620 3858 2209 3930">
    <p class='ocr_par' dir='ltr' id='par_1_68' title="bbox 620 3858 2209 3930">
     <span class='ocr_line' id='line_1_68' title="bbox 620 3858 2209 3930; baseline 0.002 -18"><span class='ocrx_word' id='word_1_519' title='bbox 620 3874 785 3929; x_wconf 84' lang='lat' dir='ltr'><strong>quam</strong></span> <span class='ocrx_word' id='word_1_520' title='bbox 810 3866 1058 3927; x_wconf 88' lang='lat' dir='ltr'><strong>quartam</strong></span> <span class='ocrx_word' id='word_1_521' title='bbox 1091 3858 1399 3929; x_wconf 89' lang='lat' dir='ltr'><strong>epistolam,</strong></span> <span class='ocrx_word' id='word_1_522' title='bbox 1433 3875 1552 3930; x_wconf 72' lang='lat' dir='ltr'><strong>qua:</strong></span> <span class='ocrx_word' id='word_1_523' title='bbox 1582 3862 1645 3915; x_wconf 92' lang='lat' dir='ltr'><strong>de</strong></span> <span class='ocrx_word' id='word_1_524' title='bbox 1673 3860 1924 3915; x_wconf 87' lang='lat' dir='ltr'><strong>Oratione</strong></span> <span class='ocrx_word' id='word_1_525' title='bbox 1971 3868 2020 3914; x_wconf 88' lang='lat' dir='ltr'><strong>et</strong></span> <span class='ocrx_word' id='word_1_526' title='bbox 2055 3859 2209 3915; x_wconf 88' lang='lat' dir='ltr'><strong>Com-</strong></span> 
     </span>
    </p>
   </div>
   <div class='ocr_carea' id='block_1_69' title="bbox 621 3951 2209 4023">
    <p class='ocr_par' dir='ltr' id='par_1_69' title="bbox 621 3951 2209 4023">
     <span class='ocr_line' id='line_1_69' title="bbox 621 3951 2209 4023; baseline -0.001 -16"><span class='ocrx_word' id='word_1_527' title='bbox 621 3954 898 4023; x_wconf 88' lang='lat' dir='ltr'><strong>punctione</strong></span> <span class='ocrx_word' id='word_1_528' title='bbox 924 3951 1097 4008; x_wconf 87' lang='lat' dir='ltr'><strong>cordis</strong></span> <span class='ocrx_word' id='word_1_529' title='bbox 1135 3951 1208 4006; x_wconf 83' lang='lat' dir='ltr'><strong>ad</strong></span> <span class='ocrx_word' id='word_1_530' title='bbox 1236 3952 1465 4008; x_wconf 85' lang='lat' dir='ltr'><strong>Probam</strong></span> <span class='ocrx_word' id='word_1_531' title='bbox 1507 3954 1833 4010; x_wconf 87' lang='lat' dir='ltr'><strong>inscribitur.</strong></span> <span class='ocrx_word' id='word_1_532' title='bbox 1864 3955 1935 4008; x_wconf 80' lang='lat' dir='ltr'><strong>At</strong></span> <span class='ocrx_word' id='word_1_533' title='bbox 1962 3954 2051 4008; x_wconf 88' lang='lat' dir='ltr'><strong>illa</strong></span> <span class='ocrx_word' id='word_1_534' title='bbox 2085 3967 2209 4008; x_wconf 89' lang='lat' dir='ltr'><strong>cum</strong></span> 
     </span>
    </p>
   </div>
   <div class='ocr_carea' id='block_1_70' title="bbox 622 4043 2208 4115">
    <p class='ocr_par' dir='ltr' id='par_1_70' title="bbox 622 4043 2208 4115">
     <span class='ocr_line' id='line_1_70' title="bbox 622 4043 2208 4115; baseline 0.001 -17"><span class='ocrx_word' id='word_1_535' title='bbox 622 4044 678 4098; x_wconf 90' lang='lat' dir='ltr'><strong>in</strong></span> <span class='ocrx_word' id='word_1_536' title='bbox 710 4043 1026 4115; x_wconf 81' lang='lat' dir='ltr'><strong>explicanda</strong></span> <span class='ocrx_word' id='word_1_537' title='bbox 1064 4043 1265 4099; x_wconf 83' lang='lat' dir='ltr'><strong>Christi</strong></span> <span class='ocrx_word' id='word_1_538' title='bbox 1306 4045 1500 4112; x_wconf 85' lang='lat' dir='ltr'><strong>gratia,</strong></span> <span class='ocrx_word' id='word_1_539' title='bbox 1526 4046 1831 4101; x_wconf 88' lang='lat' dir='ltr'><strong>humilitate</strong></span> <span class='ocrx_word' id='word_1_540' title='bbox 1861 4055 1915 4101; x_wconf 90' lang='lat' dir='ltr'><strong>et</strong></span> <span class='ocrx_word' id='word_1_541' title='bbox 1942 4060 2208 4114; x_wconf 89' lang='lat' dir='ltr'><strong>compun-</strong></span> 
     </span>
    </p>
   </div>
   <div class='ocr_carea' id='block_1_71' title="bbox 625 4133 2211 4206">
    <p class='ocr_par' dir='ltr' id='par_1_71' title="bbox 625 4133 2211 4206">
     <span class='ocr_line' id='line_1_71' title="bbox 625 4133 2211 4206; baseline -0.001 -16"><span class='ocrx_word' id='word_1_542' title='bbox 625 4136 807 4190; x_wconf 91' lang='lat' dir='ltr'><strong>ctione</strong></span> <span class='ocrx_word' id='word_1_543' title='bbox 817 4133 999 4190; x_wconf 89' lang='lat' dir='ltr'><strong>cordis</strong></span> <span class='ocrx_word' id='word_1_544' title='bbox 1018 4140 1134 4189; x_wconf 87' lang='lat' dir='ltr'><strong>tota</strong></span> <span class='ocrx_word' id='word_1_545' title='bbox 1157 4142 1428 4197; x_wconf 86' lang='lat' dir='ltr'><strong>versetur,</strong></span> <span class='ocrx_word' id='word_1_546' title='bbox 1454 4150 1554 4191; x_wconf 90' lang='lat' dir='ltr'><strong>nec</strong></span> <span class='ocrx_word' id='word_1_547' title='bbox 1569 4134 1638 4191; x_wconf 92' lang='lat' dir='ltr'><strong>de</strong></span> <span class='ocrx_word' id='word_1_548' title='bbox 1650 4137 1897 4191; x_wconf 88' lang='lat' dir='ltr'><strong>oratione</strong></span> <span class='ocrx_word' id='word_1_549' title='bbox 1916 4135 2211 4206; x_wconf 84' lang='lat' dir='ltr'><strong>quidquam</strong></span> 
     </span>
    </p>
   </div>
   <div class='ocr_carea' id='block_1_72' title="bbox 623 4223 2212 4295">
    <p class='ocr_par' dir='ltr' id='par_1_72' title="bbox 623 4223 2212 4295">
     <span class='ocr_line' id='line_1_72' title="bbox 623 4223 2212 4295; baseline 0.001 -16"><span class='ocrx_word' id='word_1_550' title='bbox 623 4225 915 4292; x_wconf 88' lang='lat' dir='ltr'><strong>separatim</strong></span> <span class='ocrx_word' id='word_1_551' title='bbox 940 4223 1156 4290; x_wconf 89' lang='lat' dir='ltr'><strong>habeat,</strong></span> <span class='ocrx_word' id='word_1_552' title='bbox 1179 4223 1373 4279; x_wconf 88' lang='lat' dir='ltr'><strong>horum</strong></span> <span class='ocrx_word' id='word_1_553' title='bbox 1403 4224 1662 4279; x_wconf 87' lang='lat' dir='ltr'><strong>librorum</strong></span> <span class='ocrx_word' id='word_1_554' title='bbox 1704 4226 1860 4281; x_wconf 86' lang='lat' dir='ltr'><strong>titulo</strong></span> <span class='ocrx_word' id='word_1_555' title='bbox 1904 4226 1969 4279; x_wconf 86' lang='lat' dir='ltr'><strong>de</strong></span> <span class='ocrx_word' id='word_1_556' title='bbox 2003 4226 2212 4295; x_wconf 83' lang='lat' dir='ltr'><strong>Jejunio</strong></span> 
     </span>
    </p>
   </div>
   <div class='ocr_carea' id='block_1_73' title="bbox 625 4312 1962 4385">
    <p class='ocr_par' dir='ltr' id='par_1_73' title="bbox 625 4312 1962 4385">
     <span class='ocr_line' id='line_1_73' title="bbox 625 4312 1962 4385; baseline 0.001 -17"><span class='ocrx_word' id='word_1_557' title='bbox 625 4313 832 4369; x_wconf 88' lang='lat' dir='ltr'><strong>scilicet</strong></span> <span class='ocrx_word' id='word_1_558' title='bbox 856 4322 906 4367; x_wconf 89' lang='lat' dir='ltr'><strong>et</strong></span> <span class='ocrx_word' id='word_1_559' title='bbox 938 4312 1191 4368; x_wconf 88' lang='lat' dir='ltr'><strong>Oratione</strong></span> <span class='ocrx_word' id='word_1_560' title='bbox 1220 4328 1327 4368; x_wconf 90' lang='lat' dir='ltr'><strong>non</strong></span> <span class='ocrx_word' id='word_1_561' title='bbox 1348 4314 1480 4368; x_wconf 84' lang='lat' dir='ltr'><strong>satis</strong></span> <span class='ocrx_word' id='word_1_562' title='bbox 1509 4321 1635 4384; x_wconf 84' lang='lat' dir='ltr'><strong>apte</strong></span> <span class='ocrx_word' id='word_1_563' title='bbox 1649 4315 1962 4385; x_wconf 89' lang='lat' dir='ltr'><strong>respondet.</strong></span> 
     </span>
    </p>
   </div>
   <div class='ocr_carea' id='block_1_74' title="bbox 696 4404 2214 4478">
    <p class='ocr_par' dir='ltr' id='par_1_74' title="bbox 696 4404 2214 4478">
     <span class='ocr_line' id='line_1_74' title="bbox 696 4404 2214 4478; baseline 0.004 -18"><span class='ocrx_word' id='word_1_564' title='bbox 696 4404 815 4461; x_wconf 79' lang='lat' dir='ltr'><strong>Non</strong></span> <span class='ocrx_word' id='word_1_565' title='bbox 844 4407 1021 4461; x_wconf 90' lang='lat' dir='ltr'><strong>minus</strong></span> <span class='ocrx_word' id='word_1_566' title='bbox 1059 4405 1265 4461; x_wconf 89' lang='lat' dir='ltr'><strong>illustre</strong></span> <span class='ocrx_word' id='word_1_567' title='bbox 1289 4405 1455 4461; x_wconf 63' lang='lat' dir='ltr'><strong>Gallae</strong></span> <span class='ocrx_word' id='word_1_568' title='bbox 1483 4422 1702 4473; x_wconf 87' lang='lat' dir='ltr'><strong>nomen,</strong></span> <span class='ocrx_word' id='word_1_569' title='bbox 1733 4424 1897 4478; x_wconf 90' lang='lat' dir='ltr'><strong>quam</strong></span> <span class='ocrx_word' id='word_1_570' title='bbox 1925 4418 1984 4465; x_wconf 90' lang='lat' dir='ltr'><strong>ut</strong></span> <span class='ocrx_word' id='word_1_571' title='bbox 2027 4425 2058 4464; x_wconf 90' lang='lat' dir='ltr'><strong>a</strong></span> <span class='ocrx_word' id='word_1_572' title='bbox 2086 4409 2214 4466; x_wconf 86' lang='lat' dir='ltr'><strong>Ful-</strong></span> 
     </span>
    </p>
   </div>
   <div class='ocr_carea' id='block_1_75' title="bbox 628 4499 2214 4574">
    <p class='ocr_par' dir='ltr' id='par_1_75' title="bbox 628 4499 2214 4574">
     <span class='ocr_line' id='line_1_75' title="bbox 628 4499 2214 4574; baseline 0.003 -18"><span class='ocrx_word' id='word_1_573' title='bbox 628 4501 812 4570; x_wconf 83' lang='lat' dir='ltr'><strong>gentio</strong></span> <span class='ocrx_word' id='word_1_574' title='bbox 837 4501 1033 4557; x_wconf 87' lang='lat' dir='ltr'><strong>litteris</strong></span> <span class='ocrx_word' id='word_1_575' title='bbox 1072 4499 1473 4571; x_wconf 89' lang='lat' dir='ltr'><strong>compellatam,</strong></span> <span class='ocrx_word' id='word_1_576' title='bbox 1519 4503 1597 4558; x_wconf 90' lang='lat' dir='ltr'><strong>sic</strong></span> <span class='ocrx_word' id='word_1_577' title='bbox 1639 4517 1670 4557; x_wconf 91' lang='lat' dir='ltr'><strong>a</strong></span> <span class='ocrx_word' id='word_1_578' title='bbox 1711 4513 1900 4559; x_wconf 87' lang='lat' dir='ltr'><strong>sancto</strong></span> <span class='ocrx_word' id='word_1_579' title='bbox 1952 4502 2214 4574; x_wconf 88' lang='lat' dir='ltr'><strong>Gregorio</strong></span> 
     </span>
    </p>
   </div>
   <div class='ocr_carea' id='block_1_76' title="bbox 628 4590 2210 4660">
    <p class='ocr_par' dir='ltr' id='par_1_76' title="bbox 628 4590 2210 4660">
     <span class='ocr_line' id='line_1_76' title="bbox 628 4590 2210 4660; baseline 0.003 -15"><span class='ocrx_word' id='word_1_580' title='bbox 628 4591 900 4646; x_wconf 86' lang='lat' dir='ltr'><strong>laudatam</strong></span> <span class='ocrx_word' id='word_1_581' title='bbox 951 4606 1062 4646; x_wconf 89' lang='lat' dir='ltr'><strong>non</strong></span> <span class='ocrx_word' id='word_1_582' title='bbox 1117 4590 1545 4660; x_wconf 87' lang='lat' dir='ltr'><strong>improbabiliter</strong></span> <span class='ocrx_word' id='word_1_583' title='bbox 1598 4590 1864 4648; x_wconf 89' lang='lat' dir='ltr'><strong>Baronius</strong></span> <span class='ocrx_word' id='word_1_584' title='bbox 1918 4594 2210 4650; x_wconf 76' lang='lat' dir='ltr'><strong>existimat.</strong></span> 
     </span>
    </p>
   </div>
   <div class='ocr_carea' id='block_1_77' title="bbox 632 4681 2217 4757">
    <p class='ocr_par' dir='ltr' id='par_1_77' title="bbox 632 4681 2217 4757">
     <span class='ocr_line' id='line_1_77' title="bbox 632 4681 2217 4757; baseline 0.004 -20"><span class='ocrx_word' id='word_1_585' title='bbox 632 4683 758 4739; x_wconf 76' lang='lat' dir='ltr'><strong>time</strong></span> <span class='ocrx_word' id='word_1_586' title='bbox 801 4682 1111 4755; x_wconf 82' lang='lat' dir='ltr'><strong>Symmachi</strong></span> <span class='ocrx_word' id='word_1_587' title='bbox 1139 4683 1375 4739; x_wconf 86' lang='lat' dir='ltr'><strong>consulis</strong></span> <span class='ocrx_word' id='word_1_588' title='bbox 1399 4681 1529 4752; x_wconf 83' lang='lat' dir='ltr'><strong>ﬁlia,</strong></span> <span class='ocrx_word' id='word_1_589' title='bbox 1559 4691 1615 4739; x_wconf 86' lang='lat' dir='ltr'><strong>et</strong></span> <span class='ocrx_word' id='word_1_590' title='bbox 1642 4685 1848 4740; x_wconf 88' lang='lat' dir='ltr'><strong>consuli</strong></span> <span class='ocrx_word' id='word_1_591' title='bbox 1869 4694 2054 4757; x_wconf 88' lang='lat' dir='ltr'><strong>nupta,</strong></span> <span class='ocrx_word' id='word_1_592' title='bbox 2086 4702 2217 4743; x_wconf 81' lang='lat' dir='ltr'><strong>mox</strong></span> 
     </span>
    </p>
   </div>
   <div class='ocr_carea' id='block_1_78' title="bbox 632 4766 2215 4850">
    <p class='ocr_par' dir='ltr' id='par_1_78' title="bbox 632 4766 2215 4850">
     <span class='ocr_line' id='line_1_78' title="bbox 632 4766 2215 4850; baseline 0.004 -21"><span class='ocrx_word' id='word_1_593' title='bbox 632 4777 771 4830; x_wconf 88' lang='lat' dir='ltr'><strong>intra</strong></span> <span class='ocrx_word' id='word_1_594' title='bbox 799 4790 999 4830; x_wconf 92' lang='lat' dir='ltr'><strong>annum</strong></span> <span class='ocrx_word' id='word_1_595' title='bbox 1027 4774 1208 4840; x_wconf 89' lang='lat' dir='ltr'><strong>vidua,</strong></span> <span class='ocrx_word' id='word_1_596' title='bbox 1239 4775 1424 4831; x_wconf 87' lang='lat' dir='ltr'><strong>mundi</strong></span> <span class='ocrx_word' id='word_1_597' title='bbox 1471 4775 1750 4833; x_wconf 86' lang='lat' dir='ltr'><strong>illecebras</strong></span> <span class='ocrx_word' id='word_1_598' title='bbox 1775 4779 1943 4834; x_wconf 89' lang='lat' dir='ltr'><strong>semel</strong></span> <span class='ocrx_word' id='word_1_599' title='bbox 1974 4766 2215 4850; x_wconf 82' lang='lat' dir='ltr'><strong>experiri</strong></span> 
     </span>
    </p>
   </div>
   <div class='ocr_carea' id='block_1_79' title="bbox 630 4865 2214 4935">
    <p class='ocr_par' dir='ltr' id='par_1_79' title="bbox 630 4865 2214 4935">
     <span class='ocr_line' id='line_1_79' title="bbox 630 4865 2214 4935; baseline 0.004 -16"><span class='ocrx_word' id='word_1_600' title='bbox 630 4866 764 4920; x_wconf 87' lang='lat' dir='ltr'><strong>satis</strong></span> <span class='ocrx_word' id='word_1_601' title='bbox 794 4865 1000 4932; x_wconf 88' lang='lat' dir='ltr'><strong>habuit,</strong></span> <span class='ocrx_word' id='word_1_602' title='bbox 1032 4880 1098 4922; x_wconf 90' lang='lat' dir='ltr'><strong>ac</strong></span> <span class='ocrx_word' id='word_1_603' title='bbox 1137 4866 1571 4922; x_wconf 88' lang='lat' dir='ltr'><strong>dissuadentibus</strong></span> <span class='ocrx_word' id='word_1_604' title='bbox 1617 4866 1745 4923; x_wconf 86' lang='lat' dir='ltr'><strong>licet</strong></span> <span class='ocrx_word' id='word_1_605' title='bbox 1791 4868 2034 4935; x_wconf 89' lang='lat' dir='ltr'><strong>medicis,</strong></span> <span class='ocrx_word' id='word_1_606' title='bbox 2086 4876 2142 4925; x_wconf 91' lang='lat' dir='ltr'><strong>et</strong></span> <span class='ocrx_word' id='word_1_607' title='bbox 2168 4870 2214 4925; x_wconf 90' lang='lat' dir='ltr'><strong>si</strong></span> 
     </span>
    </p>
   </div>
   <div class='ocr_carea' id='block_1_80' title="bbox 630 4946 2215 5026">
    <p class='ocr_par' dir='ltr' id='par_1_80' title="bbox 630 4946 2215 5026">
     <span class='ocr_line' id='line_1_80' title="bbox 630 4946 2215 5026; baseline 0.001 -13"><span class='ocrx_word' id='word_1_608' title='bbox 630 4956 1019 5013; x_wconf 86' lang='lat' dir='ltr'><strong>continentiam</strong></span> <span class='ocrx_word' id='word_1_609' title='bbox 1072 4946 1410 5026; x_wconf 85' lang='lat' dir='ltr'><strong>sequeretur,</strong></span> <span class='ocrx_word' id='word_1_610' title='bbox 1442 4956 1515 5013; x_wconf 91' lang='lat' dir='ltr'><strong>ob</strong></span> <span class='ocrx_word' id='word_1_611' title='bbox 1540 4958 1763 5013; x_wconf 90' lang='lat' dir='ltr'><strong>nimium</strong></span> <span class='ocrx_word' id='word_1_612' title='bbox 1804 4960 2059 5025; x_wconf 73' lang='lat' dir='ltr'><strong>calorem,</strong></span> <span class='ocrx_word' id='word_1_613' title='bbox 2089 4959 2215 5014; x_wconf 90' lang='lat' dir='ltr'><strong>bar-</strong></span> 
     </span>
    </p>
   </div>
   <div class='ocr_carea' id='block_1_81' title="bbox 630 5044 2213 5115">
    <p class='ocr_par' dir='ltr' id='par_1_81' title="bbox 630 5044 2213 5115">
     <span class='ocr_line' id='line_1_81' title="bbox 630 5044 2213 5115; baseline 0.002 -13"><span class='ocrx_word' id='word_1_614' title='bbox 630 5049 757 5103; x_wconf 86' lang='lat' dir='ltr'><strong>bam</strong></span> <span class='ocrx_word' id='word_1_615' title='bbox 785 5060 894 5102; x_wconf 90' lang='lat' dir='ltr'><strong>non</strong></span> <span class='ocrx_word' id='word_1_616' title='bbox 922 5044 1121 5101; x_wconf 80' lang='lat' dir='ltr'><strong>frustra</strong></span> <span class='ocrx_word' id='word_1_617' title='bbox 1149 5046 1497 5115; x_wconf 86' lang='lat' dir='ltr'><strong>minantibus,</strong></span> <span class='ocrx_word' id='word_1_618' title='bbox 1526 5048 1711 5102; x_wconf 82' lang='lat' dir='ltr'><strong>statim</strong></span> <span class='ocrx_word' id='word_1_619' title='bbox 1739 5064 1770 5104; x_wconf 90' lang='lat' dir='ltr'><strong>a</strong></span> <span class='ocrx_word' id='word_1_620' title='bbox 1803 5050 1903 5104; x_wconf 89' lang='lat' dir='ltr'><strong>viri</strong></span> <span class='ocrx_word' id='word_1_621' title='bbox 1932 5058 2110 5105; x_wconf 89' lang='lat' dir='ltr'><strong>morte</strong></span> <span class='ocrx_word' id='word_1_622' title='bbox 2158 5051 2213 5105; x_wconf 91' lang='lat' dir='ltr'><strong>in</strong></span> 
     </span>
    </p>
   </div>
   <div class='ocr_carea' id='block_1_82' title="bbox 631 5134 2215 5209">
    <p class='ocr_par' dir='ltr' id='par_1_82' title="bbox 631 5134 2215 5209">
     <span class='ocr_line' id='line_1_82' title="bbox 631 5134 2215 5209; baseline 0.003 -18"><span class='ocrx_word' id='word_1_623' title='bbox 631 5134 1019 5192; x_wconf 87' lang='lat' dir='ltr'><strong>monasterium</strong></span> <span class='ocrx_word' id='word_1_624' title='bbox 1045 5150 1104 5190; x_wconf 90' lang='lat' dir='ltr'><strong>se</strong></span> <span class='ocrx_word' id='word_1_625' title='bbox 1129 5135 1332 5191; x_wconf 87' lang='lat' dir='ltr'><strong>abdidit</strong></span> <span class='ocrx_word' id='word_1_626' title='bbox 1380 5153 1393 5190; x_wconf 89' lang='lat'><strong>:</strong></span> <span class='ocrx_word' id='word_1_627' title='bbox 1439 5150 1549 5207; x_wconf 83' lang='lat' dir='ltr'><strong>quo</strong></span> <span class='ocrx_word' id='word_1_628' title='bbox 1596 5147 1876 5209; x_wconf 90' lang='lat' dir='ltr'><strong>comperto</strong></span> <span class='ocrx_word' id='word_1_629' title='bbox 1904 5139 2215 5209; x_wconf 82' lang='lat' dir='ltr'><strong>Fulgentius</strong></span> 
     </span>
    </p>
   </div>
   <div class='ocr_carea' id='block_1_83' title="bbox 630 5224 2215 5297">
    <p class='ocr_par' dir='ltr' id='par_1_83' title="bbox 630 5224 2215 5297">
     <span class='ocr_line' id='line_1_83' title="bbox 630 5224 2215 5297; baseline 0.004 -16"><span class='ocrx_word' id='word_1_630' title='bbox 630 5227 846 5297; x_wconf 90' lang='lat' dir='ltr'><strong>scriptis</strong></span> <span class='ocrx_word' id='word_1_631' title='bbox 883 5225 952 5282; x_wconf 88' lang='lat' dir='ltr'><strong>ad</strong></span> <span class='ocrx_word' id='word_1_632' title='bbox 980 5240 1103 5281; x_wconf 83' lang='lat' dir='ltr'><strong>eam</strong></span> <span class='ocrx_word' id='word_1_633' title='bbox 1132 5224 1328 5281; x_wconf 87' lang='lat' dir='ltr'><strong>litteris</strong></span> <span class='ocrx_word' id='word_1_634' title='bbox 1368 5233 1424 5282; x_wconf 92' lang='lat' dir='ltr'><strong>et</strong></span> <span class='ocrx_word' id='word_1_635' title='bbox 1448 5227 1515 5281; x_wconf 90' lang='lat' dir='ltr'><strong>de</strong></span> <span class='ocrx_word' id='word_1_636' title='bbox 1555 5227 1656 5282; x_wconf 88' lang='lat' dir='ltr'><strong>viri</strong></span> <span class='ocrx_word' id='word_1_637' title='bbox 1704 5236 1878 5284; x_wconf 88' lang='lat' dir='ltr'><strong>morte</strong></span> <span class='ocrx_word' id='word_1_638' title='bbox 1905 5230 2215 5287; x_wconf 88' lang='lat' dir='ltr'><strong>consolatus</strong></span> 
     </span>
    </p>
   </div>
   <div class='ocr_carea' id='block_1_84' title="bbox 631 5313 1928 5381">
    <p class='ocr_par' dir='ltr' id='par_1_84' title="bbox 631 5313 1928 5381">
     <span class='ocr_line' id='line_1_84' title="bbox 631 5313 1928 5381; baseline -0.002 -9"><span class='ocrx_word' id='word_1_639' title='bbox 631 5325 732 5381; x_wconf 85' lang='lat' dir='ltr'><strong>est,</strong></span> <span class='ocrx_word' id='word_1_640' title='bbox 766 5322 826 5371; x_wconf 88' lang='lat' dir='ltr'><strong>et</strong></span> <span class='ocrx_word' id='word_1_641' title='bbox 848 5314 917 5371; x_wconf 90' lang='lat' dir='ltr'><strong>de</strong></span> <span class='ocrx_word' id='word_1_642' title='bbox 939 5313 1216 5371; x_wconf 78' lang='lat' dir='ltr'><strong>viduitatis</strong></span> <span class='ocrx_word' id='word_1_643' title='bbox 1242 5321 1387 5369; x_wconf 88' lang='lat' dir='ltr'><strong>statu</strong></span> <span class='ocrx_word' id='word_1_644' title='bbox 1411 5322 1468 5369; x_wconf 88' lang='lat' dir='ltr'><strong>et</strong></span> <span class='ocrx_word' id='word_1_645' title='bbox 1493 5313 1685 5371; x_wconf 77' lang='lat' dir='ltr'><strong>ofﬁciis</strong></span> <span class='ocrx_word' id='word_1_646' title='bbox 1713 5318 1928 5373; x_wconf 89' lang='lat' dir='ltr'><strong>erudiit.</strong></span> 
     </span>
    </p>
   </div>
   <div class='ocr_carea' id='block_1_85' title="bbox 704 5406 2212 5484">
    <p class='ocr_par' dir='ltr' id='par_1_85' title="bbox 704 5406 2212 5484">
     <span class='ocr_line' id='line_1_85' title="bbox 704 5406 2212 5484; baseline 0.003 -23"><span class='ocrx_word' id='word_1_647' title='bbox 704 5406 878 5461; x_wconf 89' lang='lat' dir='ltr'><strong>Simili</strong></span> <span class='ocrx_word' id='word_1_648' title='bbox 916 5406 1157 5462; x_wconf 85' lang='lat' dir='ltr'><strong>caritatis</strong></span> <span class='ocrx_word' id='word_1_649' title='bbox 1197 5406 1392 5463; x_wconf 89' lang='lat' dir='ltr'><strong>ardore</strong></span> <span class='ocrx_word' id='word_1_650' title='bbox 1419 5406 1763 5484; x_wconf 81' lang='lat' dir='ltr'><strong>Theodorum</strong></span> <span class='ocrx_word' id='word_1_651' title='bbox 1800 5410 2100 5465; x_wconf 85' lang='lat' dir='ltr'><strong>Romanum</strong></span> <span class='ocrx_word' id='word_1_652' title='bbox 2127 5426 2212 5467; x_wconf 87' lang='lat' dir='ltr'><strong>se-</strong></span> 
     </span>
    </p>
   </div>
   <div class='ocr_carea' id='block_1_86' title="bbox 630 5484 2214 5573">
    <p class='ocr_par' dir='ltr' id='par_1_86' title="bbox 630 5484 2214 5573">
     <span class='ocr_line' id='line_1_86' title="bbox 630 5484 2214 5573; baseline 0.001 -17"><span class='ocrx_word' id='word_1_653' title='bbox 630 5507 877 5556; x_wconf 83' lang='lat' dir='ltr'><strong>natorem</strong></span> <span class='ocrx_word' id='word_1_654' title='bbox 906 5484 963 5555; x_wconf 83' lang='lat' dir='ltr'><strong>et</strong></span> <span class='ocrx_word' id='word_1_655' title='bbox 979 5500 1277 5566; x_wconf 89' lang='lat' dir='ltr'><strong>consulem,</strong></span> <span class='ocrx_word' id='word_1_656' title='bbox 1299 5500 1590 5570; x_wconf 75' lang='lat' dir='ltr'><strong>quismculi</strong></span> <span class='ocrx_word' id='word_1_657' title='bbox 1609 5501 1803 5557; x_wconf 82' lang='lat' dir='ltr'><strong>fastum</strong></span> <span class='ocrx_word' id='word_1_658' title='bbox 1831 5500 2046 5560; x_wconf 86' lang='lat' dir='ltr'><strong>Christo</strong></span> <span class='ocrx_word' id='word_1_659' title='bbox 2066 5515 2214 5573; x_wconf 86' lang='lat' dir='ltr'><strong>post-</strong></span> 
     </span>
    </p>
   </div>
   <div class='ocr_carea' id='block_1_87' title="bbox 631 5592 2211 5665">
    <p class='ocr_par' dir='ltr' id='par_1_87' title="bbox 631 5592 2211 5665">
     <span class='ocr_line' id='line_1_87' title="bbox 631 5592 2211 5665; baseline -0.001 -14"><span class='ocrx_word' id='word_1_660' title='bbox 631 5593 917 5661; x_wconf 84' lang='lat' dir='ltr'><strong>habuerat,</strong></span> <span class='ocrx_word' id='word_1_661' title='bbox 943 5592 999 5647; x_wconf 91' lang='lat' dir='ltr'><strong>in</strong></span> <span class='ocrx_word' id='word_1_662' title='bbox 1022 5600 1209 5649; x_wconf 89' lang='lat' dir='ltr'><strong>sancto</strong></span> <span class='ocrx_word' id='word_1_663' title='bbox 1233 5593 1513 5665; x_wconf 87' lang='lat' dir='ltr'><strong>proposito</strong></span> <span class='ocrx_word' id='word_1_664' title='bbox 1541 5594 1724 5649; x_wconf 88' lang='lat' dir='ltr'><strong>multis</strong></span> <span class='ocrx_word' id='word_1_665' title='bbox 1756 5596 1974 5650; x_wconf 89' lang='lat' dir='ltr'><strong>monitis</strong></span> <span class='ocrx_word' id='word_1_666' title='bbox 2011 5595 2211 5651; x_wconf 82' lang='lat' dir='ltr'><strong>contir-</strong></span> 
     </span>
    </p>
   </div>
   <div class='ocr_carea' id='block_1_88' title="bbox 631 5682 2209 5755">
    <p class='ocr_par' dir='ltr' id='par_1_88' title="bbox 631 5682 2209 5755">
     <span class='ocr_line' id='line_1_88' title="bbox 631 5682 2209 5755; baseline 0.001 -13"><span class='ocrx_word' id='word_1_667' title='bbox 631 5685 821 5742; x_wconf 83' lang='lat' dir='ltr'><strong>mavit.</strong></span> <span class='ocrx_word' id='word_1_668' title='bbox 849 5682 931 5739; x_wconf 78' lang='lat' dir='ltr'><strong>Ex</strong></span> <span class='ocrx_word' id='word_1_669' title='bbox 949 5684 1142 5755; x_wconf 85' lang='lat' dir='ltr'><strong>quibus</strong></span> <span class='ocrx_word' id='word_1_670' title='bbox 1160 5685 1303 5742; x_wconf 81' lang='lat' dir='ltr'><strong>istud</strong></span> <span class='ocrx_word' id='word_1_671' title='bbox 1321 5686 1517 5743; x_wconf 86' lang='lat' dir='ltr'><strong>merito</strong></span> <span class='ocrx_word' id='word_1_672' title='bbox 1544 5686 1887 5741; x_wconf 89' lang='lat' dir='ltr'><strong>commendat</strong></span> <span class='ocrx_word' id='word_1_673' title='bbox 1914 5686 2209 5744; x_wconf 86' lang='lat' dir='ltr'><strong>Baronius:</strong></span> 
     </span>
    </p>
   </div>
   <div class='ocr_carea' id='block_1_89' title="bbox 631 5776 2214 5849">
    <p class='ocr_par' dir='ltr' id='par_1_89' title="bbox 631 5776 2214 5849">
     <span class='ocr_line' id='line_1_89' title="bbox 631 5776 2214 5849; baseline 0.004 -15"><span class='ocrx_word' id='word_1_674' title='bbox 631 5776 685 5834; x_wconf 75' lang='grc' dir='ltr'><strong>Ι</strong></span> <span class='ocrx_word' id='word_1_675' title='bbox 693 5778 856 5834; x_wconf 78' lang='lat' dir='ltr'><strong>ultum</strong></span> <span class='ocrx_word' id='word_1_676' title='bbox 878 5778 1080 5847; x_wconf 77' lang='lat' dir='ltr'><strong>gaudeo</strong></span> <span class='ocrx_word' id='word_1_677' title='bbox 1104 5779 1241 5849; x_wconf 72' lang='lat' dir='ltr'><strong>quod</strong></span> <span class='ocrx_word' id='word_1_678' title='bbox 1267 5781 1378 5843; x_wconf 77' lang='lat' dir='ltr'><strong>iam</strong></span> <span class='ocrx_word' id='word_1_679' title='bbox 1394 5778 1663 5837; x_wconf 68' lang='lat' dir='ltr'><strong>secuturis</strong></span> <span class='ocrx_word' id='word_1_680' title='bbox 1688 5778 1980 5836; x_wconf 78' lang='lat' dir='ltr'><strong>dilectionis</strong></span> <span class='ocrx_word' id='word_1_681' title='bbox 1998 5782 2214 5841; x_wconf 62' lang='lat' dir='ltr'><strong>nexibus</strong></span> 
     </span>
    </p>
   </div>
   <div class='ocr_carea' id='block_1_90' title="bbox 2262 3282 2483 3353">
    <p class='ocr_par' dir='ltr' id='par_1_90' title="bbox 2262 3282 2483 3353">
     <span class='ocr_line' id='line_1_90' title="bbox 2262 3282 2483 3353; baseline 0 -18"><span class='ocrx_word' id='word_1_682' title='bbox 2262 3340 2266 3344; x_wconf 18' lang='grc' dir='ltr'><strong>Α</strong></span> <span class='ocrx_word' id='word_1_683' title='bbox 2302 3282 2483 3353; x_wconf 87' lang='lat' dir='ltr'><strong>fertur.</strong></span> 
     </span>
    </p>
   </div>
   <div class='ocr_carea' id='block_1_91' title="bbox 2378 3374 3883 3449">
    <p class='ocr_par' dir='ltr' id='par_1_91' title="bbox 2378 3374 3883 3449">
     <span class='ocr_line' id='line_1_91' title="bbox 2378 3374 3883 3449; baseline 0.003 -21"><span class='ocrx_word' id='word_1_684' title='bbox 2378 3375 2725 3442; x_wconf 83' lang='lat' dir='ltr'><strong>Reliquarum</strong></span> <span class='ocrx_word' id='word_1_685' title='bbox 2761 3374 3026 3443; x_wconf 88' lang='lat' dir='ltr'><strong>Fulgentii</strong></span> <span class='ocrx_word' id='word_1_686' title='bbox 3068 3377 3415 3446; x_wconf 89' lang='lat' dir='ltr'><strong>epistolarum</strong></span> <span class='ocrx_word' id='word_1_687' title='bbox 3454 3385 3666 3449; x_wconf 90' lang='lat' dir='ltr'><strong>tempus</strong></span> <span class='ocrx_word' id='word_1_688' title='bbox 3708 3378 3883 3433; x_wconf 90' lang='lat' dir='ltr'><strong>incer-</strong></span> 
     </span>
    </p>
   </div>
   <div class='ocr_carea' id='block_1_92' title="bbox 2307 3466 3887 3539">
    <p class='ocr_par' dir='ltr' id='par_1_92' title="bbox 2307 3466 3887 3539">
     <span class='ocr_line' id='line_1_92' title="bbox 2307 3466 3887 3539; baseline 0.003 -18"><span class='ocrx_word' id='word_1_689' title='bbox 2307 3478 2438 3529; x_wconf 89' lang='lat' dir='ltr'><strong>tum,</strong></span> <span class='ocrx_word' id='word_1_690' title='bbox 2474 3466 2721 3535; x_wconf 87' lang='lat' dir='ltr'><strong>illiusque</strong></span> <span class='ocrx_word' id='word_1_691' title='bbox 2760 3468 3057 3536; x_wconf 67' lang='lat' dir='ltr'><strong>praesertim</strong></span> <span class='ocrx_word' id='word_1_692' title='bbox 3077 3484 3196 3537; x_wconf 74' lang='lat' dir='ltr'><strong>quae</strong></span> <span class='ocrx_word' id='word_1_693' title='bbox 3223 3470 3394 3539; x_wconf 87' lang='lat' dir='ltr'><strong>prima</strong></span> <span class='ocrx_word' id='word_1_694' title='bbox 3422 3477 3692 3524; x_wconf 90' lang='lat' dir='ltr'><strong>censetur.</strong></span> <span class='ocrx_word' id='word_1_695' title='bbox 3726 3469 3887 3538; x_wconf 86' lang='lat' dir='ltr'><strong>Cujus</strong></span> 
     </span>
    </p>
   </div>
   <div class='ocr_carea' id='block_1_93' title="bbox 2308 3559 3887 3632">
    <p class='ocr_par' dir='ltr' id='par_1_93' title="bbox 2308 3559 3887 3632">
     <span class='ocr_line' id='line_1_93' title="bbox 2308 3559 3887 3632; baseline 0.003 -20"><span class='ocrx_word' id='word_1_696' title='bbox 2308 3568 2701 3627; x_wconf 83' lang='lat' dir='ltr'><strong>argumentum,</strong></span> <span class='ocrx_word' id='word_1_697' title='bbox 2751 3559 2881 3614; x_wconf 88' lang='lat' dir='ltr'><strong>satis</strong></span> <span class='ocrx_word' id='word_1_698' title='bbox 2919 3560 3257 3630; x_wconf 82' lang='lat' dir='ltr'><strong>perplexum.</strong></span> <span class='ocrx_word' id='word_1_699' title='bbox 3303 3561 3475 3632; x_wconf 79' lang='lat' dir='ltr'><strong>Nupta</strong></span> <span class='ocrx_word' id='word_1_700' title='bbox 3519 3560 3732 3615; x_wconf 87' lang='lat' dir='ltr'><strong>cuidam</strong></span> <span class='ocrx_word' id='word_1_701' title='bbox 3773 3563 3887 3617; x_wconf 90' lang='lat' dir='ltr'><strong>viro</strong></span> 
     </span>
    </p>
   </div>
   <div class='ocr_carea' id='block_1_94' title="bbox 2307 3650 3886 3721">
    <p class='ocr_par' dir='ltr' id='par_1_94' title="bbox 2307 3650 3886 3721">
     <span class='ocr_line' id='line_1_94' title="bbox 2307 3650 3886 3721; baseline 0.003 -17"><span class='ocrx_word' id='word_1_702' title='bbox 2307 3651 2502 3705; x_wconf 90' lang='lat' dir='ltr'><strong>mulier</strong></span> <span class='ocrx_word' id='word_1_703' title='bbox 2529 3658 2771 3720; x_wconf 87' lang='lat' dir='ltr'><strong>accepta,</strong></span> <span class='ocrx_word' id='word_1_704' title='bbox 2816 3651 2987 3721; x_wconf 88' lang='lat' dir='ltr'><strong>inquit</strong></span> <span class='ocrx_word' id='word_1_705' title='bbox 3030 3650 3362 3721; x_wconf 82' lang='lat' dir='ltr'><strong>Fulgentius,</strong></span> <span class='ocrx_word' id='word_1_706' title='bbox 3409 3653 3461 3705; x_wconf 92' lang='lat' dir='ltr'><strong>in</strong></span> <span class='ocrx_word' id='word_1_707' title='bbox 3502 3651 3654 3720; x_wconf 83' lang='lat' dir='ltr'><strong>gravi</strong></span> <span class='ocrx_word' id='word_1_708' title='bbox 3700 3652 3886 3721; x_wconf 77' lang='lat' dir='ltr'><strong>morbo</strong></span> 
     </span>
    </p>
   </div>
   <div class='ocr_carea' id='block_1_95' title="bbox 2311 3742 3884 3813">
    <p class='ocr_par' dir='ltr' id='par_1_95' title="bbox 2311 3742 3884 3813">
     <span class='ocr_line' id='line_1_95' title="bbox 2311 3742 3884 3813; baseline 0.004 -18"><span class='ocrx_word' id='word_1_709' title='bbox 2311 3757 2500 3796; x_wconf 88' lang='lat' dir='ltr'><strong>manus</strong></span> <span class='ocrx_word' id='word_1_710' title='bbox 2528 3742 2891 3812; x_wconf 89' lang='lat' dir='ltr'><strong>impositione,</strong></span> <span class='ocrx_word' id='word_1_711' title='bbox 2934 3744 3303 3813; x_wconf 75' lang='lat' dir='ltr'><strong>pmnitentiam</strong></span> <span class='ocrx_word' id='word_1_712' title='bbox 3352 3742 3646 3798; x_wconf 87' lang='lat' dir='ltr'><strong>secundum</strong></span> <span class='ocrx_word' id='word_1_713' title='bbox 3687 3759 3884 3801; x_wconf 86' lang='lat' dir='ltr'><strong>morem</strong></span> 
     </span>
    </p>
   </div>
   <div class='ocr_carea' id='block_1_96' title="bbox 2311 3835 3937 3908">
    <p class='ocr_par' dir='ltr' id='par_1_96' title="bbox 2311 3835 3937 3908">
     <span class='ocr_line' id='line_1_96' title="bbox 2311 3835 3937 3908; baseline 0.001 -18"><span class='ocrx_word' id='word_1_714' title='bbox 2311 3850 2471 3904; x_wconf 88' lang='lat' dir='ltr'><strong>quem</strong></span> <span class='ocrx_word' id='word_1_715' title='bbox 2497 3835 2663 3891; x_wconf 90' lang='lat' dir='ltr'><strong>habet</strong></span> <span class='ocrx_word' id='word_1_716' title='bbox 2690 3835 2996 3891; x_wconf 87' lang='lat' dir='ltr'><strong>Christiana</strong></span> <span class='ocrx_word' id='word_1_717' title='bbox 3033 3837 3220 3905; x_wconf 86' lang='lat' dir='ltr'><strong>religio</strong></span> <span class='ocrx_word' id='word_1_718' title='bbox 3249 3843 3551 3908; x_wconf 84' lang='lat' dir='ltr'><strong>peregerat,</strong></span> <span class='ocrx_word' id='word_1_719' title='bbox 3594 3839 3681 3893; x_wconf 90' lang='lat' dir='ltr'><strong>cui</strong></span> <span class='ocrx_word' id='word_1_720' title='bbox 3720 3839 3879 3908; x_wconf 38' lang='lat' dir='ltr'><strong>pinnis</strong></span> <span class='ocrx_word' id='word_1_721' title='bbox 3932 3860 3937 3863; x_wconf 54' lang='grc' dir='ltr'>ι</span> 
     </span>
    </p>
   </div>
   <div class='ocr_carea' id='block_1_97' title="bbox 2313 3926 3886 3997">
    <p class='ocr_par' dir='ltr' id='par_1_97' title="bbox 2313 3926 3886 3997">
     <span class='ocr_line' id='line_1_97' title="bbox 2313 3926 3886 3997; baseline 0.002 -16"><span class='ocrx_word' id='word_1_722' title='bbox 2313 3927 2493 3982; x_wconf 70' lang='lat' dir='ltr'><strong>tentia:</strong></span> <span class='ocrx_word' id='word_1_723' title='bbox 2541 3943 2815 3997; x_wconf 82' lang='lat' dir='ltr'><strong>annexum</strong></span> <span class='ocrx_word' id='word_1_724' title='bbox 2862 3936 2981 3983; x_wconf 89' lang='lat' dir='ltr'><strong>erat</strong></span> <span class='ocrx_word' id='word_1_725' title='bbox 3025 3929 3370 3984; x_wconf 67' lang='lat' dir='ltr'><strong>continentiae</strong></span> <span class='ocrx_word' id='word_1_726' title='bbox 3405 3937 3620 3993; x_wconf 88' lang='lat' dir='ltr'><strong>votum,</strong></span> <span class='ocrx_word' id='word_1_727' title='bbox 3652 3944 3683 3982; x_wconf 90' lang='lat' dir='ltr'><strong>a</strong></span> <span class='ocrx_word' id='word_1_728' title='bbox 3714 3926 3886 3984; x_wconf 87' lang='lat' dir='ltr'><strong>mariti</strong></span> 
     </span>
    </p>
   </div>
   <div class='ocr_carea' id='block_1_98' title="bbox 2315 4016 3887 4088">
    <p class='ocr_par' dir='ltr' id='par_1_98' title="bbox 2315 4016 3887 4088">
     <span class='ocr_line' id='line_1_98' title="bbox 2315 4016 3887 4088; baseline 0.003 -16"><span class='ocrx_word' id='word_1_729' title='bbox 2315 4029 2493 4073; x_wconf 89' lang='lat' dir='ltr'><strong>tamen</strong></span> <span class='ocrx_word' id='word_1_730' title='bbox 2535 4019 2813 4073; x_wconf 80' lang='lat' dir='ltr'><strong>voluntate</strong></span> <span class='ocrx_word' id='word_1_731' title='bbox 2858 4033 3193 4088; x_wconf 89' lang='lat' dir='ltr'><strong>suspensum.</strong></span> <span class='ocrx_word' id='word_1_732' title='bbox 3236 4016 3294 4073; x_wconf 79' lang='grc' dir='ltr'>ω</span> <span class='ocrx_word' id='word_1_733' title='bbox 3339 4019 3459 4073; x_wconf 91' lang='lat' dir='ltr'><strong>viro</strong></span> <span class='ocrx_word' id='word_1_734' title='bbox 3500 4019 3674 4075; x_wconf 89' lang='lat' dir='ltr'><strong>adhuc</strong></span> <span class='ocrx_word' id='word_1_735' title='bbox 3713 4018 3887 4088; x_wconf 81' lang='lat' dir='ltr'><strong>juveni</strong></span> 
     </span>
    </p>
   </div>
   <div class='ocr_carea' id='block_1_99' title="bbox 2315 4106 3885 4179">
    <p class='ocr_par' dir='ltr' id='par_1_99' title="bbox 2315 4106 3885 4179">
     <span class='ocr_line' id='line_1_99' title="bbox 2315 4106 3885 4179; baseline 0 -15"><span class='ocrx_word' id='word_1_736' title='bbox 2315 4109 2622 4179; x_wconf 90' lang='lat' dir='ltr'><strong>scrupulum</strong></span> <span class='ocrx_word' id='word_1_737' title='bbox 2653 4107 2927 4176; x_wconf 72' lang='lat' dir='ltr'><strong>iniecerat,</strong></span> <span class='ocrx_word' id='word_1_738' title='bbox 2960 4109 3028 4164; x_wconf 88' lang='lat' dir='ltr'><strong>de</strong></span> <span class='ocrx_word' id='word_1_739' title='bbox 3055 4123 3164 4179; x_wconf 92' lang='lat' dir='ltr'><strong>quo</strong></span> <span class='ocrx_word' id='word_1_740' title='bbox 3209 4108 3277 4163; x_wconf 90' lang='lat' dir='ltr'><strong>ad</strong></span> <span class='ocrx_word' id='word_1_741' title='bbox 3312 4106 3650 4177; x_wconf 87' lang='lat' dir='ltr'><strong>Fulgentium</strong></span> <span class='ocrx_word' id='word_1_742' title='bbox 3688 4108 3885 4164; x_wconf 89' lang='lat' dir='ltr'><strong>retulit.</strong></span> 
     </span>
    </p>
   </div>
   <div class='ocr_carea' id='block_1_100' title="bbox 2315 4199 3888 4270">
    <p class='ocr_par' dir='ltr' id='par_1_100' title="bbox 2315 4199 3888 4270">
     <span class='ocr_line' id='line_1_100' title="bbox 2315 4199 3888 4270; baseline 0 -16"><span class='ocrx_word' id='word_1_743' title='bbox 2315 4199 2523 4254; x_wconf 84' lang='lat' dir='ltr'><strong>Nodum</strong></span> <span class='ocrx_word' id='word_1_744' title='bbox 2547 4213 2675 4267; x_wconf 85' lang='lat' dir='ltr'><strong>ergo</strong></span> <span class='ocrx_word' id='word_1_745' title='bbox 2704 4199 3016 4267; x_wconf 85' lang='lat' dir='ltr'><strong>Fulgentius</strong></span> <span class='ocrx_word' id='word_1_746' title='bbox 3056 4200 3291 4270; x_wconf 88' lang='lat' dir='ltr'><strong>generali</strong></span> <span class='ocrx_word' id='word_1_747' title='bbox 3329 4201 3575 4255; x_wconf 89' lang='lat' dir='ltr'><strong>doctrina</strong></span> <span class='ocrx_word' id='word_1_748' title='bbox 3614 4201 3888 4256; x_wconf 77' lang='lat' dir='ltr'><strong>dissolvit:</strong></span> 
     </span>
    </p>
   </div>
   <div class='ocr_carea' id='block_1_101' title="bbox 2317 4291 3889 4350">
    <p class='ocr_par' dir='ltr' id='par_1_101' title="bbox 2317 4291 3889 4350">
     <span class='ocr_line' id='line_1_101' title="bbox 2317 4291 3889 4350; baseline 0.002 -4"><span class='ocrx_word' id='word_1_749' title='bbox 2317 4291 2429 4347; x_wconf 79' lang='lat' dir='ltr'><strong>Nec</strong></span> <span class='ocrx_word' id='word_1_750' title='bbox 2452 4307 2481 4346; x_wconf 91' lang='lat' dir='ltr'><strong>a</strong></span> <span class='ocrx_word' id='word_1_751' title='bbox 2512 4292 2706 4347; x_wconf 89' lang='lat' dir='ltr'><strong>marito</strong></span> <span class='ocrx_word' id='word_1_752' title='bbox 2733 4308 2833 4349; x_wconf 92' lang='lat' dir='ltr'><strong>nec</strong></span> <span class='ocrx_word' id='word_1_753' title='bbox 2861 4295 2928 4350; x_wconf 90' lang='lat' dir='ltr'><strong>ab</strong></span> <span class='ocrx_word' id='word_1_754' title='bbox 2951 4308 3122 4349; x_wconf 80' lang='lat' dir='ltr'><strong>uxore</strong></span> <span class='ocrx_word' id='word_1_755' title='bbox 3147 4294 3281 4348; x_wconf 87' lang='lat' dir='ltr'><strong>citra</strong></span> <span class='ocrx_word' id='word_1_756' title='bbox 3310 4302 3552 4348; x_wconf 91' lang='lat' dir='ltr'><strong>mutuum</strong></span> <span class='ocrx_word' id='word_1_757' title='bbox 3575 4307 3889 4349; x_wconf 88' lang='lat' dir='ltr'><strong>consensum</strong></span> 
     </span>
    </p>
   </div>
   <div class='ocr_carea' id='block_1_102' title="bbox 2317 4384 3860 4455">
    <p class='ocr_par' dir='ltr' id='par_1_102' title="bbox 2317 4384 3860 4455">
     <span class='ocr_line' id='line_1_102' title="bbox 2317 4384 3860 4455; baseline 0.001 -18"><span class='ocrx_word' id='word_1_758' title='bbox 2317 4384 2701 4439; x_wconf 88' lang='lat' dir='ltr'><strong>continentiam</strong></span> <span class='ocrx_word' id='word_1_759' title='bbox 2731 4386 2834 4440; x_wconf 87' lang='lat' dir='ltr'><strong>rite</strong></span> <span class='ocrx_word' id='word_1_760' title='bbox 2862 4386 3046 4441; x_wconf 81' lang='lat' dir='ltr'><strong>voveri</strong></span> <span class='ocrx_word' id='word_1_761' title='bbox 3075 4401 3250 4455; x_wconf 89' lang='lat' dir='ltr'><strong>posse.</strong></span> <span class='ocrx_word' id='word_1_762' title='bbox 3285 4384 3548 4440; x_wconf 64' lang='lat' dir='ltr'><strong>Caeterum</strong></span> <span class='ocrx_word' id='word_1_763' title='bbox 3578 4385 3620 4439; x_wconf 89' lang='lat' dir='ltr'><strong>sl</strong></span> <span class='ocrx_word' id='word_1_764' title='bbox 3652 4386 3771 4454; x_wconf 89' lang='lat' dir='ltr'><strong>quis</strong></span> <span class='ocrx_word' id='word_1_765' title='bbox 3797 4400 3860 4439; x_wconf 84' lang='lat' dir='ltr'><strong>vo</strong></span> 
     </span>
    </p>
   </div>
   <div class='ocr_carea' id='block_1_103' title="bbox 2317 4474 3888 4545">
    <p class='ocr_par' dir='ltr' id='par_1_103' title="bbox 2317 4474 3888 4545">
     <span class='ocr_line' id='line_1_103' title="bbox 2317 4474 3888 4545; baseline 0.002 -18"><span class='ocrx_word' id='word_1_766' title='bbox 2317 4474 2464 4528; x_wconf 87' lang='lat' dir='ltr'><strong>venti</strong></span> <span class='ocrx_word' id='word_1_767' title='bbox 2485 4477 2843 4544; x_wconf 87' lang='lat' dir='ltr'><strong>consenserit,</strong></span> <span class='ocrx_word' id='word_1_768' title='bbox 2875 4476 2924 4530; x_wconf 92' lang='lat' dir='ltr'><strong>ei</strong></span> <span class='ocrx_word' id='word_1_769' title='bbox 2953 4476 3192 4530; x_wconf 86' lang='lat' dir='ltr'><strong>mutandi</strong></span> <span class='ocrx_word' id='word_1_770' title='bbox 3221 4477 3483 4545; x_wconf 89' lang='lat' dir='ltr'><strong>propositi</strong></span> <span class='ocrx_word' id='word_1_771' title='bbox 3509 4475 3597 4545; x_wconf 88' lang='lat' dir='ltr'><strong>jus</strong></span> <span class='ocrx_word' id='word_1_772' title='bbox 3624 4491 3733 4530; x_wconf 92' lang='lat' dir='ltr'><strong>non</strong></span> <span class='ocrx_word' id='word_1_773' title='bbox 3755 4488 3888 4545; x_wconf 83' lang='lat' dir='ltr'><strong>esse,</strong></span> 
     </span>
    </p>
   </div>
   <div class='ocr_carea' id='block_1_104' title="bbox 2238 4558 3887 4638">
    <p class='ocr_par' dir='ltr' id='par_1_104' title="bbox 2238 4558 3887 4638">
     <span class='ocr_line' id='line_1_104' title="bbox 2238 4558 3887 4638; baseline 0.001 -19"><span class='ocrx_word' id='word_1_774' title='bbox 2238 4558 2297 4619; x_wconf 82' lang='grc' dir='ltr'><strong>ι)</strong></span> <span class='ocrx_word' id='word_1_775' title='bbox 2319 4564 2790 4637; x_wconf 65' lang='lat' dir='ltr'><strong>pucstandumque</strong></span> <span class='ocrx_word' id='word_1_776' title='bbox 2815 4582 3036 4638; x_wconf 83' lang='lat' dir='ltr'><strong>prorsus</strong></span> <span class='ocrx_word' id='word_1_777' title='bbox 3064 4568 3258 4635; x_wconf 84' lang='lat' dir='ltr'><strong>cuique</strong></span> <span class='ocrx_word' id='word_1_778' title='bbox 3296 4582 3417 4621; x_wconf 90' lang='lat' dir='ltr'><strong>esse</strong></span> <span class='ocrx_word' id='word_1_779' title='bbox 3445 4566 3588 4636; x_wconf 90' lang='lat' dir='ltr'><strong>quod</strong></span> <span class='ocrx_word' id='word_1_780' title='bbox 3633 4565 3741 4621; x_wconf 85' lang='lat' dir='ltr'><strong>Deo</strong></span> <span class='ocrx_word' id='word_1_781' title='bbox 3770 4581 3887 4637; x_wconf 76' lang='lat' dir='ltr'><strong>pro-</strong></span> 
     </span>
    </p>
   </div>
   <div class='ocr_carea' id='block_1_105' title="bbox 2317 4655 3888 4729">
    <p class='ocr_par' dir='ltr' id='par_1_105' title="bbox 2317 4655 3888 4729">
     <span class='ocr_line' id='line_1_105' title="bbox 2317 4655 3888 4729; baseline 0.003 -17"><span class='ocrx_word' id='word_1_782' title='bbox 2317 4659 2544 4728; x_wconf 87' lang='lat' dir='ltr'><strong>miserit,</strong></span> <span class='ocrx_word' id='word_1_783' title='bbox 2576 4659 2751 4729; x_wconf 88' lang='lat' dir='ltr'><strong>aliqua</strong></span> <span class='ocrx_word' id='word_1_784' title='bbox 2777 4660 2902 4715; x_wconf 88' lang='lat' dir='ltr'><strong>licet</strong></span> <span class='ocrx_word' id='word_1_785' title='bbox 2923 4661 3241 4715; x_wconf 82' lang='lat' dir='ltr'><strong>necessitate</strong></span> <span class='ocrx_word' id='word_1_786' title='bbox 3268 4660 3574 4728; x_wconf 89' lang='lat' dir='ltr'><strong>compulsus</strong></span> <span class='ocrx_word' id='word_1_787' title='bbox 3600 4675 3612 4710; x_wconf 92' lang='lat'><strong>:</strong></span> <span class='ocrx_word' id='word_1_788' title='bbox 3637 4673 3735 4713; x_wconf 90' lang='lat' dir='ltr'><strong>nec</strong></span> <span class='ocrx_word' id='word_1_789' title='bbox 3756 4655 3888 4717; x_wconf 83' lang='lat' dir='ltr'><strong>aliud</strong></span> 
     </span>
    </p>
   </div>
   <div class='ocr_carea' id='block_1_106' title="bbox 2317 4749 3890 4819">
    <p class='ocr_par' dir='ltr' id='par_1_106' title="bbox 2317 4749 3890 4819">
     <span class='ocr_line' id='line_1_106' title="bbox 2317 4749 3890 4819; baseline 0.001 -16"><span class='ocrx_word' id='word_1_790' title='bbox 2317 4759 2446 4806; x_wconf 90' lang='lat' dir='ltr'><strong>tunc</strong></span> <span class='ocrx_word' id='word_1_791' title='bbox 2472 4759 2660 4807; x_wconf 86' lang='lat' dir='ltr'><strong>contra</strong></span> <span class='ocrx_word' id='word_1_792' title='bbox 2689 4753 2865 4807; x_wconf 87' lang='lat' dir='ltr'><strong>carnis</strong></span> <span class='ocrx_word' id='word_1_793' title='bbox 2892 4751 3217 4806; x_wconf 85' lang='lat' dir='ltr'><strong>tentationes</strong></span> <span class='ocrx_word' id='word_1_794' title='bbox 3246 4749 3558 4815; x_wconf 85' lang='lat' dir='ltr'><strong>remedium,</strong></span> <span class='ocrx_word' id='word_1_795' title='bbox 3592 4765 3750 4817; x_wconf 87' lang='lat' dir='ltr'><strong>quam</strong></span> <span class='ocrx_word' id='word_1_796' title='bbox 3771 4765 3890 4819; x_wconf 83' lang='lat' dir='ltr'><strong>prc-</strong></span> 
     </span>
    </p>
   </div>
   <div class='ocr_carea' id='block_1_107' title="bbox 2320 4840 3890 4913">
    <p class='ocr_par' dir='ltr' id='par_1_107' title="bbox 2320 4840 3890 4913">
     <span class='ocr_line' id='line_1_107' title="bbox 2320 4840 3890 4913; baseline 0 -17"><span class='ocrx_word' id='word_1_797' title='bbox 2320 4857 2460 4908; x_wconf 91' lang='lat' dir='ltr'><strong>cum,</strong></span> <span class='ocrx_word' id='word_1_798' title='bbox 2492 4850 2547 4898; x_wconf 88' lang='lat' dir='ltr'><strong>et</strong></span> <span class='ocrx_word' id='word_1_799' title='bbox 2573 4851 2807 4899; x_wconf 68' lang='lat' dir='ltr'><strong>strenuae</strong></span> <span class='ocrx_word' id='word_1_800' title='bbox 2841 4852 3029 4899; x_wconf 88' lang='lat' dir='ltr'><strong>contra</strong></span> <span class='ocrx_word' id='word_1_801' title='bbox 3059 4843 3548 4913; x_wconf 88' lang='lat' dir='ltr'><strong>concupiscentiam</strong></span> <span class='ocrx_word' id='word_1_802' title='bbox 3584 4843 3758 4896; x_wconf 69' lang='lat' dir='ltr'><strong>lue-tte.</strong></span> <span class='ocrx_word' id='word_1_803' title='bbox 3790 4840 3890 4896; x_wconf 77' lang='lat' dir='ltr'><strong>Nec</strong></span> 
     </span>
    </p>
   </div>
   <div class='ocr_carea' id='block_1_108' title="bbox 2318 4929 3889 5003">
    <p class='ocr_par' dir='ltr' id='par_1_108' title="bbox 2318 4929 3889 5003">
     <span class='ocr_line' id='line_1_108' title="bbox 2318 4929 3889 5003; baseline 0.001 -19"><span class='ocrx_word' id='word_1_804' title='bbox 2318 4929 2627 4987; x_wconf 82' lang='lat' dir='ltr'><strong>defuturum</strong></span> <span class='ocrx_word' id='word_1_805' title='bbox 2655 4933 2913 4987; x_wconf 88' lang='lat' dir='ltr'><strong>divinitus</strong></span> <span class='ocrx_word' id='word_1_806' title='bbox 2942 4933 3197 4987; x_wconf 78' lang='lat' dir='ltr'><strong>auxilium</strong></span> <span class='ocrx_word' id='word_1_807' title='bbox 3221 4934 3310 4988; x_wconf 87' lang='lat' dir='ltr'><strong>ubi</strong></span> <span class='ocrx_word' id='word_1_808' title='bbox 3332 4934 3489 5003; x_wconf 87' lang='lat' dir='ltr'><strong>plena</strong></span> <span class='ocrx_word' id='word_1_809' title='bbox 3533 4932 3694 4987; x_wconf 82' lang='lat' dir='ltr'><strong>fuerit</strong></span> <span class='ocrx_word' id='word_1_810' title='bbox 3723 4932 3889 4987; x_wconf 88' lang='lat' dir='ltr'><strong>conti-</strong></span> 
     </span>
    </p>
   </div>
   <div class='ocr_carea' id='block_1_109' title="bbox 2319 5026 3889 5098">
    <p class='ocr_par' dir='ltr' id='par_1_109' title="bbox 2319 5026 3889 5098">
     <span class='ocr_line' id='line_1_109' title="bbox 2319 5026 3889 5098; baseline 0.003 -19"><span class='ocrx_word' id='word_1_811' title='bbox 2319 5026 2516 5081; x_wconf 74' lang='lat' dir='ltr'><strong>nentia:</strong></span> <span class='ocrx_word' id='word_1_812' title='bbox 2539 5026 2811 5095; x_wconf 81' lang='lat' dir='ltr'><strong>voluntas,</strong></span> <span class='ocrx_word' id='word_1_813' title='bbox 2839 5033 2895 5082; x_wconf 85' lang='lat' dir='ltr'><strong>et</strong></span> <span class='ocrx_word' id='word_1_814' title='bbox 2921 5028 2989 5082; x_wconf 90' lang='lat' dir='ltr'><strong>ab</strong></span> <span class='ocrx_word' id='word_1_815' title='bbox 3018 5030 3263 5084; x_wconf 88' lang='lat' dir='ltr'><strong>oratione</strong></span> <span class='ocrx_word' id='word_1_816' title='bbox 3285 5037 3448 5097; x_wconf 88' lang='lat' dir='ltr'><strong>atque</strong></span> <span class='ocrx_word' id='word_1_817' title='bbox 3477 5028 3728 5098; x_wconf 88' lang='lat' dir='ltr'><strong>operibus</strong></span> <span class='ocrx_word' id='word_1_818' title='bbox 3745 5027 3889 5084; x_wconf 87' lang='lat' dir='ltr'><strong>bonis</strong></span> 
     </span>
    </p>
   </div>
   <div class='ocr_carea' id='block_1_110' title="bbox 2318 5117 3387 5177">
    <p class='ocr_par' dir='ltr' id='par_1_110' title="bbox 2318 5117 3387 5177">
     <span class='ocr_line' id='line_1_110' title="bbox 2318 5117 3387 5177; baseline 0.002 -5"><span class='ocrx_word' id='word_1_819' title='bbox 2318 5134 2426 5173; x_wconf 91' lang='lat' dir='ltr'><strong>non</strong></span> <span class='ocrx_word' id='word_1_820' title='bbox 2455 5117 2721 5173; x_wconf 86' lang='lat' dir='ltr'><strong>destiterit</strong></span> <span class='ocrx_word' id='word_1_821' title='bbox 2744 5134 2871 5175; x_wconf 85' lang='lat' dir='ltr'><strong>vera</strong></span> <span class='ocrx_word' id='word_1_822' title='bbox 2890 5120 3067 5177; x_wconf 88' lang='lat' dir='ltr'><strong>cordis</strong></span> <span class='ocrx_word' id='word_1_823' title='bbox 3096 5120 3387 5177; x_wconf 84' lang='lat' dir='ltr'><strong>humilitas.</strong></span> 
     </span>
    </p>
   </div>
   <div class='ocr_carea' id='block_1_111' title="bbox 2389 5232 3888 5307">
    <p class='ocr_par' dir='ltr' id='par_1_111' title="bbox 2389 5232 3888 5307">
     <span class='ocr_line' id='line_1_111' title="bbox 2389 5232 3888 5307; baseline 0.003 -20"><span class='ocrx_word' id='word_1_824' title='bbox 2389 5232 2730 5303; x_wconf 86' lang='lat' dir='ltr'><strong>Subjicienda</strong></span> <span class='ocrx_word' id='word_1_825' title='bbox 2777 5236 2900 5290; x_wconf 91' lang='lat' dir='ltr'><strong>huic</strong></span> <span class='ocrx_word' id='word_1_826' title='bbox 2944 5235 3154 5291; x_wconf 89' lang='lat' dir='ltr'><strong>videtur</strong></span> <span class='ocrx_word' id='word_1_827' title='bbox 3194 5236 3424 5307; x_wconf 88' lang='lat' dir='ltr'><strong>epistola</strong></span> <span class='ocrx_word' id='word_1_828' title='bbox 3450 5235 3525 5291; x_wconf 88' lang='lat' dir='ltr'><strong>ad</strong></span> <span class='ocrx_word' id='word_1_829' title='bbox 3566 5233 3888 5307; x_wconf 87' lang='lat' dir='ltr'><strong>Eugyppium</strong></span> 
     </span>
    </p>
   </div>
   <div class='ocr_carea' id='block_1_112' title="bbox 2317 5322 3887 5398">
    <p class='ocr_par' dir='ltr' id='par_1_112' title="bbox 2317 5322 3887 5398">
     <span class='ocr_line' id='line_1_112' title="bbox 2317 5322 3887 5398; baseline 0.001 -20"><span class='ocrx_word' id='word_1_830' title='bbox 2317 5326 2429 5379; x_wconf 80' lang='lat' dir='ltr'><strong>sive</strong></span> <span class='ocrx_word' id='word_1_831' title='bbox 2456 5322 2753 5396; x_wconf 82' lang='lat' dir='ltr'><strong>Egyppium</strong></span> <span class='ocrx_word' id='word_1_832' title='bbox 2781 5325 3034 5381; x_wconf 87' lang='lat' dir='ltr'><strong>abbatem</strong></span> <span class='ocrx_word' id='word_1_833' title='bbox 3073 5327 3230 5382; x_wconf 89' lang='lat' dir='ltr'><strong>simul</strong></span> <span class='ocrx_word' id='word_1_834' title='bbox 3262 5334 3318 5383; x_wconf 94' lang='lat' dir='ltr'><strong>et</strong></span> <span class='ocrx_word' id='word_1_835' title='bbox 3345 5328 3716 5398; x_wconf 81' lang='lat' dir='ltr'><strong>presbyterum</strong></span> <span class='ocrx_word' id='word_1_836' title='bbox 3755 5340 3887 5381; x_wconf 89' lang='lat' dir='ltr'><strong>non-</strong></span> 
     </span>
    </p>
   </div>
   <div class='ocr_carea' id='block_1_113' title="bbox 2318 5414 3889 5493">
    <p class='ocr_par' dir='ltr' id='par_1_113' title="bbox 2318 5414 3889 5493">
     <span class='ocr_line' id='line_1_113' title="bbox 2318 5414 3889 5493; baseline 0.002 -24"><span class='ocrx_word' id='word_1_837' title='bbox 2318 5414 2477 5471; x_wconf 86' lang='lat' dir='ltr'><strong>nullis</strong></span> <span class='ocrx_word' id='word_1_838' title='bbox 2500 5415 2954 5493; x_wconf 85' lang='lat' dir='ltr'><strong>lucubrationibus</strong></span> <span class='ocrx_word' id='word_1_839' title='bbox 2978 5417 3201 5472; x_wconf 89' lang='lat' dir='ltr'><strong>clarum.</strong></span> <span class='ocrx_word' id='word_1_840' title='bbox 3226 5418 3307 5473; x_wconf 90' lang='lat' dir='ltr'><strong>Ab</strong></span> <span class='ocrx_word' id='word_1_841' title='bbox 3330 5418 3438 5485; x_wconf 73' lang='lat' dir='ltr'><strong>hoc</strong></span> <span class='ocrx_word' id='word_1_842' title='bbox 3464 5426 3726 5488; x_wconf 82' lang='lat' dir='ltr'><strong>acceptam</strong></span> <span class='ocrx_word' id='word_1_843' title='bbox 3752 5415 3889 5473; x_wconf 82' lang='lat' dir='ltr'><strong>bene-</strong></span> 
     </span>
    </p>
   </div>
   <div class='ocr_carea' id='block_1_114' title="bbox 2317 5507 3887 5580">
    <p class='ocr_par' dir='ltr' id='par_1_114' title="bbox 2317 5507 3887 5580">
     <span class='ocr_line' id='line_1_114' title="bbox 2317 5507 3887 5580; baseline 0.001 -21"><span class='ocrx_word' id='word_1_844' title='bbox 2317 5507 2609 5571; x_wconf 86' lang='lat' dir='ltr'><strong>dictionem,</strong></span> <span class='ocrx_word' id='word_1_845' title='bbox 2636 5508 2740 5562; x_wconf 90' lang='lat' dir='ltr'><strong>hoc</strong></span> <span class='ocrx_word' id='word_1_846' title='bbox 2760 5516 2859 5575; x_wconf 76' lang='lat' dir='ltr'><strong>est,</strong></span> <span class='ocrx_word' id='word_1_847' title='bbox 2891 5509 3345 5577; x_wconf 86' lang='lat' dir='ltr'><strong>quemadmodum</strong></span> <span class='ocrx_word' id='word_1_848' title='bbox 3384 5510 3727 5580; x_wconf 88' lang='lat' dir='ltr'><strong>interpretor,</strong></span> <span class='ocrx_word' id='word_1_849' title='bbox 3770 5522 3887 5562; x_wconf 84' lang='lat' dir='ltr'><strong>mu-</strong></span> 
     </span>
    </p>
   </div>
   <div class='ocr_carea' id='block_1_115' title="bbox 2317 5599 3887 5670">
    <p class='ocr_par' dir='ltr' id='par_1_115' title="bbox 2317 5599 3887 5670">
     <span class='ocr_line' id='line_1_115' title="bbox 2317 5599 3887 5670; baseline 0.002 -18"><span class='ocrx_word' id='word_1_850' title='bbox 2317 5599 2621 5665; x_wconf 87' lang='lat' dir='ltr'><strong>nusculum,</strong></span> <span class='ocrx_word' id='word_1_851' title='bbox 2650 5599 2813 5653; x_wconf 90' lang='lat' dir='ltr'><strong>multa</strong></span> <span class='ocrx_word' id='word_1_852' title='bbox 2840 5599 3150 5670; x_wconf 84' lang='lat' dir='ltr'><strong>Fulgentius</strong></span> <span class='ocrx_word' id='word_1_853' title='bbox 3176 5601 3317 5670; x_wconf 83' lang='lat' dir='ltr'><strong>grati</strong></span> <span class='ocrx_word' id='word_1_854' title='bbox 3337 5602 3499 5656; x_wconf 87' lang='lat' dir='ltr'><strong>animi</strong></span> <span class='ocrx_word' id='word_1_855' title='bbox 3524 5599 3887 5667; x_wconf 79' lang='lat' dir='ltr'><strong>testiﬁcatione</strong></span> 
     </span>
    </p>
   </div>
   <div class='ocr_carea' id='block_1_116' title="bbox 2316 5692 3884 5756">
    <p class='ocr_par' dir='ltr' id='par_1_116' title="bbox 2316 5692 3884 5756">
     <span class='ocr_line' id='line_1_116' title="bbox 2316 5692 3884 5756; baseline 0.003 -9"><span class='ocrx_word' id='word_1_856' title='bbox 2316 5699 2715 5756; x_wconf 88' lang='lat' dir='ltr'><strong>remuneratur;</strong></span> <span class='ocrx_word' id='word_1_857' title='bbox 2758 5702 2813 5747; x_wconf 88' lang='lat' dir='ltr'><strong>et</strong></span> <span class='ocrx_word' id='word_1_858' title='bbox 2850 5695 3019 5749; x_wconf 90' lang='lat' dir='ltr'><strong>multo</strong></span> <span class='ocrx_word' id='word_1_859' title='bbox 3048 5694 3289 5751; x_wconf 87' lang='lat' dir='ltr'><strong>caritatis</strong></span> <span class='ocrx_word' id='word_1_860' title='bbox 3315 5695 3508 5752; x_wconf 88' lang='lat' dir='ltr'><strong>ardore</strong></span> <span class='ocrx_word' id='word_1_861' title='bbox 3528 5706 3809 5752; x_wconf 84' lang='lat' dir='ltr'><strong>succensus</strong></span> <span class='ocrx_word' id='word_1_862' title='bbox 3830 5692 3884 5748; x_wconf 77' lang='lat' dir='ltr'><strong>in</strong></span> 
     </span>
    </p>
   </div>
   <div class='ocr_carea' id='block_1_117' title="bbox 2317 5783 3288 5843">
    <p class='ocr_par' dir='ltr' id='par_1_117' title="bbox 2317 5783 3288 5843">
     <span class='ocr_line' id='line_1_117' title="bbox 2317 5783 3288 5843; baseline -0.002 -2"><span class='ocrx_word' id='word_1_863' title='bbox 2317 5783 2741 5841; x_wconf 87' lang='lat' dir='ltr'><strong>commendanda</strong></span> <span class='ocrx_word' id='word_1_864' title='bbox 2769 5785 2992 5843; x_wconf 89' lang='lat' dir='ltr'><strong>caritate</strong></span> <span class='ocrx_word' id='word_1_865' title='bbox 3014 5794 3158 5843; x_wconf 89' lang='lat' dir='ltr'><strong>totus</strong></span> <span class='ocrx_word' id='word_1_866' title='bbox 3187 5793 3288 5842; x_wconf 88' lang='lat' dir='ltr'><strong>est.</strong></span> 
     </span>
    </p>
   </div>
  </div>
