4074 6480
191 403 302 461 109

1594 407 2118 474 PROLEGOMENA.

3397 435 3504 494 “0

260 523 501 596 Epistola
532 525 600 580 ad
626 525 949 584 Venantiam
977 536 1257 586 externam
1303 537 1360 588 et
1395 532 1631 601 ignotam
1664 531 1790 586 Ful-
1815 530 1874 594 Α
1895 539 2190 606 exagitata,
2238 547 2554 626 tantumque
2597 563 2706 604 non
2736 550 3009 606 hzereseos
3035 550 3322 620 damnata;
3354 564 3511 626 post,

187 619 374 688 gentio
405 617 659 674 feminam
689 621 967 690 cujusdam
990 621 1174 678 Junilii
1204 621 1484 680 familiaris
1506 625 1588 679 sui
1619 626 1794 695 preci-

189 711 292 765 bus
320 725 576 766 concessa
607 719 708 767 est.
735 713 846 769 Hac
881 723 1104 785 peccata
1130 724 1255 786 post
1277 717 1604 786 baptismum
1636 733 1790 772 eom-

194 803 355 856 missa
385 803 698 873 poenitentia
728 803 896 859 deleri
929 821 1087 876 posse
1115 807 1291 872 docet,
1320 808 1389 864 ad
1418 823 1569 878 spem
1601 811 1790 874 veniae,

195 895 286 949 sed
315 894 645 964 ptenitentize
675 895 1022 966 conjunctam
1064 899 1336 966 hortatur,
1378 903 1647 972 variisque
1692 920 1793 960 nos

193 985 364 1040 modis
393 985 462 1040 ad
483 987 858 1057 pmnitentiam
883 994 1068 1047 vocari
1096 1001 1148 1047 et
1168 994 1330 1058 allici,
1364 995 1416 1049 in
1446 997 1640 1065 quibus
1669 1013 1793 1053 cor-

189 1079 335 1150 poris
365 1078 709 1135 iniirmitates
755 1098 864 1137 non
904 1094 1183 1152 postremo
1226 1086 1348 1142 loco
1378 1102 1520 1157 esse,
1569 1098 1629 1143 ut
1673 1091 1788 1159 qui,

185 1169 444 1223 abutendo
494 1173 717 1225 sanitate
762 1173 1120 1243 inﬁrmitatem
1167 1177 1314 1231 nobis
1357 1180 1666 1247 peperimus,
1698 1197 1794 1251 per
1836 1191 1855 1232 ι

190 1262 544 1331 inﬁrmitatem
575 1264 823 1318 sanitatis
852 1265 1106 1336 beneﬁcia
1136 1285 1452 1339 reparemus.

257 1351 510 1422 Epistolis
539 1363 858 1429 accensetm‘
883 1365 1148 1414 tractatus
1169 1360 1238 1414 ad
1269 1360 1532 1417 Donatum
1555 1363 1623 1419 de
1636 1363 1785 1419 Fide.

187 1445 352 1514 Cujus
379 1448 599 1502 occasio
630 1446 729 1501 fuit
755 1449 1095 1519 propositum
1137 1452 1212 1505 illi
1253 1452 1320 1507 ab
1369 1453 1583 1511 Ariauis
1627 1470 1789 1525 argu-

189 1547 428 1593 mentum
457 1555 566 1608 quo
596 1537 808 1594 Patrem
839 1541 1120 1611 majorem,
1154 1543 1348 1600 Filium
1377 1547 1642 1602 minorem
1668 1547 1790 1603 efﬁ-

187 1645 310 1684 cere
332 1630 646 1685 tendebant.
674 1631 730 1685 ln
754 1632 861 1688 hoc
881 1635 1114 1705 primum
1141 1635 1327 1691 laudat
1347 1639 1651 1712 probatque
1674 1639 1793 1694 Ful-

189 1725 400 1793 gentius
424 1722 588 1794 quod,
621 1725 720 1779 etsi
757 1726 808 1780 ei
841 1743 946 1782 non
971 1729 1129 1800 fuerit
1156 1729 1509 1802 respondendi
1541 1729 1786 1802 facultas,

194 1816 421 1869 veritatis
463 1826 629 1870 tamen
662 1817 817 1888 ﬁrma
863 1819 1144 1878 credulitas
1197 1822 1252 1874 in
1296 1822 1453 1875 corde
1480 1823 1642 1890 ipsius
1672 1841 1808 1894 per-,

1899 629 2004 682 sub
2023 628 2232 687 Joanne
2251 631 2298 686 ll
2312 621 2596 704 pontifice,
2629 638 2912 709 ipsiusmet
2935 639 3164 697 Joannis
3180 651 3236 698 et
3268 621 3533 714 imperas,

1901 719 2034 773 toris
2059 735 2303 788 assensu,
2341 727 2620 797 totiusque
2649 729 2906 786 Ecclesia;
2933 733 3344 804 conspiratione
3370 752 3510 806 pro.

1897 810 2022 866 bata
2053 812 2142 868 sit.
2175 813 2312 870 Illud
2350 825 2566 874 tantum
2592 822 2892 878 observem
2915 825 3098 880 nostri.
3121 833 3210 886 est
3249 827 3504 895 instituti,

1897 902 2130 975 Scythas
2158 911 2452 966 monachos
2479 915 2661 969 omnia
2689 915 2796 972 sibi
2837 915 3030 974 Romae
3061 919 3266 978 inthsta
3290 929 3503 990 nactos,

1897 996 2276 1082 episcoporum
2300 1001 2492 1058 Africae
2508 1004 2572 1058 in
2589 1003 2837 1062 Sardinia
2860 1008 3226 1066 exsule-tium
3250 1011 3510 1082 attingis

1895 1086 2004 1141 sibi
2029 1080 2320 1146 conciliare
2347 1092 2639 1151 studuisse.

1968 1177 2158 1250 itaque
2188 1191 2438 1240 vertente
2459 1201 2602 1242 anno
2626 1187 2736 1246 520
2759 1199 2855 1246 aut
2875 1189 2978 1246 52!
3009 1191 3222 1249 reddita
3243 1202 3328 1250 est
3357 1193 3533 1254 Petri"

1895 1268 2111 1326 diaconi
2131 1281 2186 1328 et
2211 1275 2484 1331 sociorum
2517 1279 2638 1348 ejus
2662 1283 2900 1349 nomine,
2932 1284 3182 1350 Datiano,
3213 1286 3516 1358 Fulgentis:

1895 1362 2215 1432 ceterisque
2249 1365 2656 1426 confessoribus
2701 1372 2758 1427 in
2807 1373 3060 1430 Sardinia
3106 1377 3512 1448 exsulantibus,

1895 1450 2139 1519 quaedam
2169 1456 2439 1524 expositio
2470 1455 2595 1512 ﬁdei
2636 1460 2706 1515 ad
2734 1462 2980 1531 epistola:
3019 1467 3244 1522 modum
3284 1468 3506 1526 sensim

1895 1549 2041 1608 nata,
2073 1543 2268 1600 additis
2291 1547 2574 1616 precibus,
2598 1558 2658 1604 ut
2680 1549 2916 1608 Africani
2935 1553 3125 1611 Patres
3150 1556 3280 1630 quid
3299 1557 3368 1613 de
3387 1567 3506 1616 tota

1894 1633 1997 1689 hac
2035 1639 2406 1693 controversia
2455 1641 2723 1697 sentirent
2771 1647 3084 1704 rescribere
3124 1650 3506 1718 dignarentur.

1894 1725 2072 1796 Atque
2101 1737 2160 1782 ut
2187 1745 2292 1800 qua
2325 1730 2396 1788 de
2417 1748 2478 1788 re
2507 1744 2766 1802 ageretur
2799 1739 3017 1808 plenius
3061 1752 3302 1809 nossent,
3349 1759 3506 1801 suam

1894 1817 1994 1888 ipsi
2024 1823 2349 1878 sententiam
2375 1824 2444 1880 de
2480 1824 2682 1882 Christi
2713 1837 2829 1885 tum
2874 1847 3108 1902 persona
3129 1877 3145 1903 ,
3175 1846 3288 1890 tum
3326 1838 3508 1906 gratia

191 1909 454 1963 manserit.
486 1907 607 1964 Mox
631 1909 794 1965 fidem
825 1911 1150 1968 catholicam
1177 1913 1245 1967 de
1267 1929 1372 1976 una
1397 1915 1450 1969 in
1473 1915 1644 1970 tribus
1668 1931 1790 1988 per-
1817 1908 1874 1971 Β·
1892 1922 2145 1969 accurate
2167 1924 2470 1986 exponunt,
2489 1918 2773 1976 famulam
2795 1940 2934 1979 unus
2955 1925 3023 1981 de
3043 1926 3302 1982 Trinitate
3317 1947 3516 2008 passu

183 2002 331 2058 sonis
358 2009 576 2066 natura,
611 2002 802 2058 deinde
832 2003 1221 2060 incarnationis
1242 2004 1543 2065 doctrinam
1569 2006 1787 2076 rejectis

182 2095 455 2152 erroribus
483 2095 790 2150 luculenter
810 2099 1052 2167 exponit.

252 2187 333 2242 Nil
364 2189 698 2244 commodius
742 2189 824 2244 his
870 2191 1113 2262 epistolis
1154 2189 1347 2260 subjici
1392 2199 1572 2262 potest
1621 2207 1784 2262 quam

185 2288 441 2335 tractatus
471 2294 502 2334 a
528 2277 812 2350 Fulgentis
842 2281 892 2334 in
918 2296 1079 2336 causa
1104 2281 1445 2340 Maxentiana
1476 2282 1740 2338 elaborati
1767 2302 1781 2338 :

186 2390 290 2430 non
318 2373 392 2434 illi
422 2373 641 2446 quidem
665 2390 773 2429 uno
803 2382 1050 2446 tempore
1073 2390 1175 2431 nec
1202 2377 1546 2432 continenter
1571 2378 1780 2450 scripti,

183 2466 274 2521 sed
316 2474 539 2538 propter
581 2465 824 2520 materia:
874 2465 1318 2536 conjunctionem
1355 2469 1579 2526 minime
1621 2485 1783 2542 sepa-

180 2559 354 2616 randi.
409 2557 615 2614 I-lorum
661 2569 1038 2630 argumentum
1081 2577 1148 2616 ex
1197 2563 1350 2618 istius
1398 2566 1785 2620 contr0versire

180 2653 404 2709 historia
433 2651 742 2723 petendum,
777 2668 807 2708 e
836 2669 940 2724 qua
971 2654 1060 2708 hic
1089 2671 1263 2725 pauca
1292 2656 1600 2713 libabimus.

250 2744 383 2813 Quis
410 2743 512 2800 iste
542 2744 843 2800 Maxentius
883 2754 938 2801 et
983 2750 1133 2816 cujas
1173 2747 1335 2803 fuerit
1369 2750 1512 2820 apud
1542 2749 1784 2806 eruditos

179 2852 286 2891 non
330 2835 463 2890 satis
491 2844 726 2890 constat.
758 2835 944 2909 Neque
988 2838 1132 2892 enim
1169 2838 1467 2896 audiendus
1509 2839 1779 2907 Usserius,

177 2929 272 2999 qui
303 2928 451 2982 illum
482 2929 733 2984 eumdem
763 2945 885 2985 esse
915 2931 1030 2987 vult
1055 2947 1177 2987 cum
1204 2932 1546 2993 Antiocheno
1571 2933 1784 2992 Joanne

176 3020 334 3090 cujus
357 3019 669 3076 Gennadius
701 3021 751 3076 in
774 3021 1035 3093 Catalogo
1063 3025 1336 3089 meminit,
1370 3041 1492 3081 cum
1515 3043 1618 3084 nec
1651 3036 1784 3085 aetas

179 3112 458 3186 utriusque
480 3130 582 3170 nec
608 3117 876 3172 sententia
903 3119 1208 3174 conveniat.
1225 3118 1610 3178 Monachorum
1630 3134 1782 3180 certe

177 3208 412 3280 Scythiae
441 3207 548 3270 dux
570 3208 668 3264 fuit
697 3211 808 3266 sive
829 3211 1098 3276 defensor,
1130 3214 1319 3270 iisdem
1347 3215 1544 3286 quibus
1564 3217 1640 3272 illi
1663 3234 1781 3274 sen-

177 3300 326 3354 sibus
355 3289 676 3371 implicatus,
710 3319 818 3359 non
847 3313 1026 3360 tamen
1075 3304 1276 3376 Scytha
1302 3326 1315 3361 :
1347 3323 1469 3363 eam
1499 3310 1643 3366 enim
1665 3327 1696 3365 a
1722 3328 1782 3368 se

177 3390 489 3460 opinionem
519 3392 750 3462 ipsemet
777 3394 987 3449 amoliri
1014 3395 1239 3452 studuit.
1273 3396 1500 3454 Abbatis
1545 3399 1645 3454 sibi
1677 3417 1780 3456 no.

175 3497 302 3536 men
333 3491 388 3537 et
415 3483 630 3537 titulum
676 3485 923 3555 sumpsit,
956 3494 1011 3540 at
1059 3487 1110 3541 id
1157 3488 1481 3544 adversariis
1519 3492 1630 3548 suis
1672 3509 1781 3550 non

175 3571 467 3642 persuasit,
503 3575 595 3644 qui
625 3576 846 3630 tacitum
877 3578 946 3632 ab
971 3578 1087 3647 ipso
1117 3581 1432 3636 monasterii
1466 3584 1550 3638 sui
1579 3600 1781 3642 nomen

174 3667 418 3735 itemque
446 3668 658 3722 abbatis
682 3667 781 3722 sub
807 3684 917 3738 quo
947 3670 1341 3740 professionem
1383 3677 1654 3734 emisisset
1694 3679 1779 3734 in-

172 3758 388 3814 vidiose
417 3757 843 3828 objectaverunt.
878 3758 937 3813 In
965 3759 1260 3818 Occidente
1297 3775 1446 3820 certe
1476 3777 1660 3824 natum
1687 3782 1781 3827 aut

171 3851 467 3908 educatum
491 3849 659 3922 stylus
688 3851 866 3919 arguit
895 3866 1002 3906 non
1033 3853 1194 3923 plane
1213 3854 1384 3920 rudis,
1415 3863 1470 3911 et
1490 3860 1780 3926 genuinam

174 3945 336 4000 istius
361 3943 460 3999 τενί
491 3940 837 4000 Latinitatem
869 3945 1130 4001 referens.

246 4036 576 4093 induxerant
615 4044 796 4091 autem
858 4035 962 4093 sibi
1009 4038 1350 4095 inanimum
1403 4039 1480 4099 illi
1527 4043 1782 4098 monachi

173 4130 394 4204 Scythae
422 4145 722 4201 eorumque
747 4129 924 4186 fautor
953 4130 1276 4200 Maxentius,
1309 4133 1558 4191 haeresim
1586 4135 1782 4193 Nesto-

173 4226 388 4280 rianam
411 4233 466 4280 et
495 4223 884 4297 Eutychianam
925 4242 1033 4282 non
1061 4228 1193 4283 satis
1221 4228 1435 4286 excludi
1469 4245 1649 4300 posse,
1677 4233 1779 4289 nisi

175 4334 314 4372 unus
363 4334 390 4372 e
432 4316 689 4374 Trinitate
729 4335 916 4390 passus
956 4329 1308 4377 assereretur.
1356 4322 1556 4380 Multos
1599 4335 1783 4384 tamen

177 4410 405 4466 offendit
435 4410 594 4481 hujus
638 4412 929 4468 locutionis
967 4417 1197 4481 novitas,
1249 4430 1351 4472 nec
1398 4419 1778 4488 conciliorum,

175 4520 279 4565 nec
310 4504 508 4561 Leonis
547 4505 743 4575 Magni,
786 4523 888 4562 nec
921 4508 1270 4566 ecclesiastici
1296 4527 1424 4567 usus
1453 4514 1781 4570 auctoritate

175 4599 338 4670 njxar.
375 4597 639 4669 Brevique
669 4609 816 4656 totus
843 4599 1035 4658 Oriens
1076 4603 1129 4658 in
1175 4611 1360 4673 partes
1385 4606 1605 4676 scissus,
1639 4608 1780 4665 hanc

1890 2013 1971 2088 est
1996 2019 2026 2059 a
2049 2005 2334 2062 calumniis
2363 2009 2669 2076 vindicant;
2703 2023 2984 2084 postremo
3006 2016 3302 2090 Pelagium,
3325 2005 3514 2081 (ἰωὴ-ς

1889 2083 2054 2151 stium
2082 2104 2139 2152 et
2166 2096 2440 2155 lulianum
2465 2083 2736 2175 simu-ique
2761 2105 2946 2164 Fausti
2962 2083 3520 2174 librosvanathematav

1885 2191 2214 2263 percellunt.

1960 2282 2078 2337 Non
2103 2283 2426 2354 defugerunt
2460 2287 2696 2344 Africani
2722 2289 2916 2348 Patres
2944 2293 3012 2350 de
3039 2295 3144 2351 iide
3183 2298 3506 2369 interrogati

1888 2373 1958 2429 de
1979 2374 2084 2431 fide
2106 2379 2458 2448 respondere,
2485 2396 2753 2453 suumque
2775 2384 2845 2439 de
2871 2389 3169 2458 propositis
3187 2392 3508 2461 quaestioni-

1885 2465 1988 2520 bus
2013 2482 2232 2523 sensum
2261 2485 2598 2541 expromere.
2633 2473 2710 2530 Ac
2738 2474 2806 2530 de
2861 2476 3245 2537 Incarnatione
3283 2483 3516 2552 quidem-

1887 2559 2147 2629 prteclare
2192 2563 2569 2635 subtiliterque
2598 2566 2964 2637 disputarunt,
2999 2571 3068 2627 de
3107 2573 3196 2628 illa
3227 2590 3358 2631 vero
3388 2576 3506 2632 fer-

1885 2651 2053 2719 mula,
2078 2670 2213 2709 unus
2243 2655 2307 2710 de
2336 2655 2593 2714 Trinitate
2617 2677 2805 2731 passus
2833 2671 2932 2732 est,
2954 2664 3132 2721 minus
3161 2675 3338 2735 acute,
3373 2684 3517 2728 cunt

1887 2743 2008 2812 ejus
2050 2745 2191 2812 loco,
2232 2749 2387 2817 quasi
2425 2749 2674 2818 ejusdem
2713 2769 2926 2821 sensus,
2973 2756 3114 2813 hanc
3165 2760 3502 2821 locutionem

1887 2847 2168 2905 usurpent,
2185 2855 2290 2892 una
2305 2840 2370 2894 de
2390 2839 2646 2897 Trinitate
2673 2861 2902 2914 persona
2922 2850 3178 2922 cruciﬁxa
3197 2863 3307 2920 est;
3334 2871 3516 2933 quam.

1885 2933 2071 2982 tamen
2098 2928 2172 2982 ita
2203 2944 2372 2986 sensu
2396 2932 2666 2990 diversam
2694 2935 3081 2996 existimabant
3113 2943 3207 3012 qui
3233 2945 3359 3002 huic
3381 2946 3498 3002 ier-

1886 3017 2046 3072 mula:
2073 3035 2208 3074 unus
2245 3019 2310 3075 de
2351 3020 2609 3078 Trinitate
2639 3043 2826 3096 passus
2868 3039 2946 3083 est
2976 3029 3275 3101 iniquiores
3317 3046 3496 3108 erant,

1885 3116 1945 3163 ut
1988 3125 2110 3165 cum
2161 3112 2306 3166 illam
2344 3112 2729 3185 admitterent,
2772 3119 2913 3176 hane
2955 3121 3198 3181 funditus
3236 3128 3498 3198 repudia-

1882 3206 2022 3254 rent.

1809 3281 1860 3349 Ο
1960 3291 2138 3364 Atque
2177 3301 2236 3348 ut
2269 3297 2662 3354 monachorum
2691 3301 2916 3372 scriptio
2936 3317 3132 3374 magna
3161 3321 3230 3361 es
3256 3315 3412 3378 parte
3439 3307 3506 3368 in

1889 3384 2212 3455 explicando
2239 3389 2429 3454 gratia.-
2446 3390 3047 3466 prtedestinationisque
3079 3399 3342 3469 mysterio
3365 3415 3500 3457 m-

1886 3478 2127 3545 sabatnr,
2156 3479 2236 3534 sic
2256 3478 2631 3538 Africanorum
2661 3483 2881 3541 Palmm
2905 3490 3188 3559 responsio
3216 3491 3272 3546 in
3301 3493 3500 3553 iisdem

1886 3570 2158 3640 capitibus
2184 3571 2570 3630 continuandis
2588 3578 3006 3650 muniendisque
3029 3582 3198 3638 multa
3213 3593 3318 3640 est.
3337 3585 3495 3654 Quod

1887 3663 2102 3731 utrique
2129 3677 2193 3718 ea
2221 3663 2290 3720 de
2317 3680 2480 3721 causa
2506 3678 2872 3738 opportunum
2897 3675 3370 3746 necessariumque
3394 3695 3498 3749 pu-

1887 3762 2158 3822 taverunt,
2176 3756 2327 3826 quia,
2350 3759 2546 3814 delatis
2559 3759 3094 3834 Constantinopolim
3113 3765 3295 3823 Fausti
3318 3769 3498 3836 libris.

1886 3861 2097 3916 magna:
2122 3848 2248 3905 hinc
2270 3851 2416 3907 inter
2438 3853 2640 3909 multos
2661 3863 2866 3910 exorta:
2895 3857 3018 3913 lites
3037 3867 3222 3926 erant;
3253 3861 3380 3916 dum
3401 3863 3501 3920 alii

1892 3939 2172 4006 Augustini
2202 3941 2506 3998 doctrinam
2535 3947 2690 4014 quasi
2732 3962 2929 4002 novam
2970 3950 3378 4022 inauditamque
3403 3970 3496 4010 re-

1887 4039 2165 4098 spuerent,
2209 4032 2319 4098 alii,
2366 4035 2422 4089 in
2469 4036 2665 4105 quibus
2711 4039 2965 4095 monachi
3003 4041 3240 4113 Scythae,
3270 4051 3504 4103 strenua

1889 4119 2036 4174 illam
2057 4121 2429 4190 defenderent,
2455 4125 2821 4200 Faustumque
2847 4132 3199 4190 vehementer
3215 4149 3498 4207 oppugne-

1889 4220 2029 4267 rent.
2059 4211 2137 4268 Ea
2176 4230 2308 4272 vero
2337 4217 2588 4287 dogmata
2627 4235 2738 4292 quo
2778 4223 2900 4280 loco
2939 4224 3228 4283 habuerint
3256 4231 3499 4290 ostendit

1888 4305 2052 4360 totius
2080 4309 2454 4379 responsionis
2501 4311 2764 4384 clausula,
2817 4316 2872 4370 in
2919 4333 3033 4388 qua
3073 4318 3154 4375 sic
3199 4319 3496 4392 loquuntur

1887 4397 2166 4469 episcopi:
2199 4399 2378 4474 Hujus
2418 4405 2896 4484 prwdestinationis
2937 4411 3206 4467 ueritatem
3248 4430 3350 4486 qua
3398 4429 3501 4472 nos

1887 4502 2007 4546 ante
2044 4495 2226 4549 mundi
2276 4499 2696 4556 constitutionem
2742 4502 3150 4572 prwdestinatos
3191 4506 3255 4560 in
3286 4505 3499 4565 Christo

1889 4593 2108 4639 testatur
2145 4589 2448 4656 Apostolus,
2483 4591 2533 4643 si
2559 4592 2678 4660 quis
2718 4591 2975 4648 detrectat
2991 4595 3165 4650 cordis
3191 4597 3499 4656 credulitate

173 4692 467 4748 formulam
514 4693 870 4764 probantibus
914 4696 1052 4761 aliis,
1106 4697 1225 4752 aliis
1270 4675 1670 4758 damnantibus.
1714 4706 1786 4761 At
1811 4675 1870 4736 Β
1891 4678 2137 4747 recipere’
2164 4679 2242 4733 vel
2269 4681 2381 4735 oris
2401 4683 2730 4752 ⁶⁰²⁸Ῑ⁸⁸³ί⁰¹¹⁸
2755 4687 3012 4756 ντθίθττθν
3043 4688 3088 4740 ³ί
3115 4689 3497 4750 ⁰⁷²²⁶κηί⁷⁹³¹⁸θ¹

175 4784 350 4840 nihilo
375 4786 593 4854 segnius
621 4785 834 4860 Scythae
863 4789 1137 4858 monachi,
1171 4791 1302 4846 nihil
1340 4791 1409 4848 de
1438 4796 1784 4855 vehementia

176 4880 478 4945 remittere,
496 4878 783 4948 instigante
793 4879 1086 4947 Maxentio,
1105 4880 1408 4951 praefervidi
1426 4884 1625 4954 ingenii
1646 4887 1782 4957 viro,

182 4979 238 5024 et
267 4972 453 5041 inquo
492 4971 919 5049 moderationem
959 4971 1201 5027 nonnulli
1236 4972 1630 5043 desiderarunt,
1658 4977 1784 5050 jure

181 5079 250 5118 an
284 5064 494 5133 injuria,
521 5065 652 5120 nihil
676 5064 895 5120 deﬁnio.

251 5156 438 5227 itaque
466 5159 698 5228 primum
728 5159 797 5214 ad
827 5159 1034 5228 legatos
1061 5159 1161 5215 sub
1187 5160 1241 5216 id
1271 5170 1483 5233 tempus
1511 5157 1790 5220 Consum;

171 5249 462 5321 tinopolim
488 5250 556 5305 ab
585 5249 870 5306 Hormisda
897 5250 1143 5307 Romano
1169 5250 1426 5323 pontifice
1452 5253 1647 5310 missos
1667 5257 1783 5312 haec

170 5355 342 5396 causa
373 5340 580 5408 delata,
618 5357 744 5396 mox
775 5357 807 5396 a
846 5343 1126 5399 monachis
1153 5344 1274 5399 illos
1319 5360 1496 5402 causa:
1538 5363 1648 5403 sua:
1677 5349 1781 5406 ini-

171 5432 400 5500 quiores
433 5432 670 5504 expertis
699 5431 927 5488 Romam
951 5433 1017 5488 ad
1039 5435 1214 5505 ipsum
1231 5433 1572 5492 Hormisdam
1601 5446 1779 5495 trans-

172 5523 288 5579 lata
320 5533 424 5589 est,
464 5525 722 5594 missique
762 5539 827 5579 ea
879 5523 947 5580 de
977 5541 1037 5580 re
1067 5524 1296 5582 Romam
1323 5544 1355 5582 a
1389 5531 1668 5585 monachis
1701 5532 1778 5587 le-

170 5615 309 5681 gati,
335 5630 564 5685 quorum
592 5615 785 5672 Petrus
812 5613 1072 5672 diaconus
1094 5634 1230 5674 unus
1255 5618 1371 5674 fuit.

249 5707 370 5762 Non
401 5716 484 5763 est
504 5708 662 5779 hujus
689 5709 793 5766 loci
821 5707 1023 5766 referre
1047 5725 1206 5780 quem
1237 5714 1439 5768 exitum
1459 5714 1640 5771 Bonna:
1662 5735 1779 5774 mo-

171 5796 481 5852 nachorum
508 5798 704 5870 legatio
735 5799 1004 5866 habuerit,
1043 5815 1219 5871 quove
1241 5810 1398 5872 pacto
1430 5804 1643 5861 illorum
1683 5807 1780 5864 do-

174 5886 359 5942 ctrina
390 5895 443 5943 et
488 5887 713 5944 formula
763 5891 830 5945 ab
858 5890 1144 5948 Hormisda
1180 5893 1413 5963 primum
1450 5911 1557 5952 non
1589 5899 1778 5958 leviter

1893 4769 2031 4823 diem
2054 4771 2170 4825 vita:
2188 4773 2462 4841 prasentis
2499 4775 2779 4846 impietatis
2816 4793 2928 4833 sua!
2963 4783 3362 4847 contumaciam,
3392 4800 3497 4856 qua

1894 4860 2004 4917 Deo
2029 4865 2139 4917 vivo
2167 4872 2217 4918 et
2240 4881 2357 4920 vero
2379 4865 2583 4921 rebellis
2623 4866 2848 4935 obsistit,
2879 4883 2984 4924 non
3012 4871 3279 4944 abjecerit,
3323 4877 3495 4930 mani-

1894 4956 2080 5024 festum
2106 4964 2184 5009 est
2201 4971 2315 5010 eum
2345 4973 2449 5010 non
2485 4958 2743 5027 pertinere
2766 4959 2836 5013 ad
2863 4976 3042 5015 eorum
3069 4979 3342 5019 numerant
3366 4978 3494 5037 quos

1894 5044 2034 5101 Deus
2062 5045 2118 5099 in
2148 5043 2359 5101 Christo
2387 5057 2509 5103 ante
2533 5051 2719 5104 mundi
2743 5052 3163 5109 constitutionem
3193 5057 3356 5128 gratis
3381 5057 3494 5111 ele-

1891 5139 1968 5207 git
1992 5153 2056 5191 ac
2074 5138 2462 5208 praedestinavit
2489 5141 2560 5194 ad
2587 5157 2805 5214 regnum

1962 5250 2072 5305 Nec
2098 5250 2230 5307 satis
2256 5251 2354 5307 fuit
2379 5250 2593 5325 Scythis
2634 5255 2914 5312 monachis
2948 5259 3088 5312 hanc
3115 5257 3184 5311 ab
3222 5257 3489 5328 Africanis

1889 5345 2165 5416 episcopis
2190 5347 2538 5416 scriptionem
2571 5348 2839 5420 elicuisse,
2863 5351 2957 5406 sed
2991 5367 3116 5407 cum
3140 5353 3489 5416 nihilominus

1885 5438 2358 5510 Constantinopoli
2385 5440 2467 5496 hic
2490 5441 2867 5500 contentiones
2887 5441 3314 5514 effervescereut,
3341 5451 3489 5520 ipsos

1892 5528 2079 5585 Fausti
2123 5530 2289 5586 libros
2330 5531 2397 5586 ad
2441 5548 2537 5587 eos
2581 5532 2873 5587 mittendos
2912 5547 3252 5594 curaverunt.
3280 5539 3489 5607 Quibus

1891 5621 2204 5690 Fulgentius
2233 5623 2500 5693 egregiam
2532 5625 2942 5698 responsionem
2987 5631 3241 5700 opposuit
3274 5640 3488 5700 septem

1891 5714 2040 5769 libris
2070 5715 2536 5786 comprehensam,
2571 5716 2622 5772 in
2668 5716 2862 5786 quibus
2891 5719 3211 5791 profundam
3239 5722 3338 5776 viri
3368 5723 3485 5778 cal-

1889 5807 2151 5864 liditatem
2181 5808 2759 5877 detegebat,etinfesta
2776 5811 3055 5868 catholica:
3083 5811 3204 5870 fidei
3230 5813 3491 5881 dogmata

1888 5901 2127 5968 pondere
2156 5899 2552 5970 Scripturarum
2601 5919 2665 5958 ac
2709 5901 2926 5961 Patrum
2957 5906 3208 5964 elidebat.
3235 5906 3307 5962 At
3326 5902 3499 5972 huius
