4124 6492
573 419 666 477 Hi

570 528 1000 610 priestantissimi
1025 524 1227 597 cperis,
1255 529 1312 576 et
1348 520 1487 574 inter
1507 511 1773 606 Fulgentii
1802 509 1967 564 libros
1991 504 2152 570 longe
2179 501 2243 596 A-

567 600 831 700 praecipui-
848 621 1115 690 jacturam
1137 613 1322 669 tandiu
1342 600 1598 666 dolebant
1624 601 2002 662 ecclesiastica:
2030 612 2155 652 eru-

569 691 790 773 ditionis
835 719 1097 776 amantes,
1146 705 1385 779 quandiu
1426 709 1576 756 tanto
1608 707 1665 754 ot
1712 706 1823 754 tam
1848 691 2154 751 expetendo

569 810 826 866 thesauro
854 814 1154 875 temporum
1186 797 1379 868 injuria
1405 792 1809 850 fraudabuntur.

645 901 743 956 Vix
798 900 902 953 hoc
947 897 1133 950 labore
1171 888 1455 946 defunctus
1501 891 1617 940 erat
1663 878 1997 951 Fulgentius,
2031 890 2155 931 cum

569 990 912 1051 Trasimundi
939 993 1132 1050 morte,
1163 997 1281 1053 quae
1303 995 1444 1035 anno
1472 977 1579 1033 525
1607 974 1849 1044 contigit,
1877 971 2158 1042 episcopo-

567 1098 690 1141 rum
719 1082 1093 1138 Africanorum
1120 1083 1326 1131 mutata
1365 1086 1486 1127 sors
1521 1079 1623 1123 est.
1653 1066 1759 1121 Eos
1799 1064 1942 1119 enim
1971 1058 2154 1115 Hilde-
2197 1119 2202 1122 _

570 1175 717 1232 ricus
736 1175 790 1228 in
818 1170 1141 1228 catholicam
1166 1164 1325 1221 ﬁdem
1344 1160 1665 1233 propensior
1691 1157 1759 1211 ab
1788 1154 1976 1212 exsilio
1995 1166 2156 1206 revo-

571 1277 724 1324 catos
750 1266 966 1322 sedibus
992 1261 1104 1318 suis
1132 1257 1384 1321 restituit,
1416 1269 1484 1309 ac
1511 1264 1772 1308 novorum
1793 1247 1922 1317 ipsis
1948 1245 2158 1315 episco-

570 1374 766 1431 porum
787 1358 839 1412 in
868 1357 1274 1411 demortuorum
1304 1348 1485 1403 locum
1519 1339 1958 1398 sufliciendorum
1986 1334 2158 1390 facul-
2204 1383 2205 1386 η

571 1459 739 1505 tatem
768 1445 1054 1504 concessit.

643 1539 744 1595 Hic
758 1537 961 1593 reditus
980 1535 1141 1590 aliam
1160 1529 1443 1601 Fulgentio
1467 1527 1654 1591 vitam,
1672 1523 1899 1578 aliorum
1915 1519 2158 1574 laborum

572 1630 887 1695 occasiones
914 1626 1112 1682 attulit.

645 1723 705 1778 In
731 1722 816 1777 his
852 1720 1084 1792 primum
1125 1716 1372 1771 obtinent
1421 1712 1598 1764 locum
1653 1715 1763 1761 tres
1812 1705 1882 1760 de
1925 1701 2162 1758 Veritate

571 1808 1065 1886 praedestinationis
1093 1815 1147 1861 et
1173 1803 1359 1873 gratiae
1397 1799 1520 1856 libri
1562 1797 1629 1852 ad
1661 1795 1947 1860 Joannem,
1973 1792 2158 1855 credo,

574 2010 804 2068 quorum
833 1992 1053 2048 tertium
1082 1986 1381 2044 Chimetius
1411 1982 1632 2047 Jesuita,
1679 1980 1763 2033 vir
1789 1978 1856 2032 de
1880 1977 2072 2031 litteris
2099 1990 2163 2029 ac

574 2066 643 2143 de
666 2083 949 2154 Fulgentio
975 2079 1276 2152 praesertim
1304 2077 1442 2131 bene
1468 2074 1710 2135 meritus,
1739 2069 1942 2139 primus
1965 2066 2164 2138 publici

573 2176 709 2248 juris
737 2173 881 2230 fecit.
998 2228 1000 2230 .

652 2265 984 2323 Addiderunt
1010 2261 1251 2333 episcopi
1275 2266 1401 2313 ante
1430 2256 1659 2324 exsules,
1684 2262 1799 2308 tum
1827 2264 1958 2307 vero
1988 2250 2040 2304 in
2069 2262 2166 2319 pa-

577 2360 736 2416 triam
764 2356 1014 2423 reduces,
1043 2352 1314 2421 egregiam
1344 2347 1628 2418 epistolam
1659 2344 1727 2399 ad
1755 2341 1974 2398 eosdem
2000 2339 2168 2393 Joan-

577 2468 704 2512 nem
723 2460 778 2506 et
802 2446 1114 2510 Venerium,
1146 2444 1199 2498 in
1223 2459 1328 2513 qua
1353 2439 1619 2511 praecipua
1650 2435 1964 2493 Christiana:
1982 2433 2169 2502 gratia:

579 2546 833 2616 dogmata
857 2540 926 2596 ad
965 2536 1246 2608 Augustini
1287 2539 1522 2587 mentem
1563 2539 1619 2584 et
1648 2528 1844 2599 placita
1885 2526 2170 2600 diligenter

579 2641 896 2707 exponunt;
944 2631 1047 2686 hos
1084 2636 1265 2684 autem
1304 2626 1469 2680 libros
1515 2623 1571 2677 in
1619 2621 1844 2676 concilio
1883 2617 2171 2672 Parisiensi

579 2728 710 2784 anni
749 2724 855 2781 825
900 2729 956 2778 et
1001 2716 1418 2791 Aquisgranensi
1474 2714 1599 2769 anni
1641 2709 1746 2766 856
1792 2709 2041 2764 laudatos
2084 2721 2173 2762 re-

580 2819 782 2894 peries.

587 2891 602 2915 Τ
654 2912 736 2967 Ex
777 2908 990 2982 prolixo
1033 2905 1089 2960 in
1138 2903 1437 2958 Fabianum
1480 2912 1647 2969 opere
1686 2893 1968 2950 duodecim
2007 2891 2175 2946 libros

583 3004 878 3076 complexo
896 2997 1152 3054 nonnulla
1179 2995 1397 3050 demum
1416 2997 1696 3060 excerpta,
1725 2985 1822 3042 sed
1844 2982 2174 3053 longiuscula

583 3099 883 3157 Chil'lletius
907 3092 1093 3151 edidit.
1123 3089 1255 3144 Erat
1295 3095 1476 3142 autem
1501 3084 1771 3139 Fabianus
1819 3095 1926 3135 non
1964 3076 2174 3132 medio-

588 3193 695 3249 cris
743 3187 977 3245 nominis
1023 3184 1275 3249 Arianus,
1329 3180 1422 3248 qui
1471 3192 1594 3232 cum
1644 3173 1926 3242 Fulgentio
1980 3167 2178 3223 alicubi

1719 391 1776 447 S.
1819 377 2250 444 FULGENTIUS
2287 374 2678 432 RUSPENSIS.

3737 361 3841 417 Ml

2256 492 2380 565 quid
2436 491 2620 545 similis
2674 488 2802 544 mihi
2863 487 2988 541 data
3041 490 3117 539 est
3182 481 3462 537 auctoritas
3522 479 3840 552 dignitatis?

2246 569 2360 640 [Aut
2385 585 2462 640 vel
2498 585 2610 653 ipsa
2638 583 2820 638 saltem
2860 577 3260 635 conversationis
3299 573 3591 628 innocentia
3623 571 3738 625 tatis
3766 579 3843 625 est

2259 677 2386 731 mihi
2399 678 2422 730 Σ)

2330 765 2645 837 Superiores
2693 763 2958 833 Fulgentii
3008 760 3406 816 lucubrationes
3446 764 3521 811 «ιιι
3568 753 3884 825 potuimus

2260 860 2425 916 certis
2454 860 2785 930 temporibus
2814 856 3213 925 assignavimus.
3247 851 3384 907 Sunt
3412 849 3530 903 aliae
3567 848 3621 902 in
3647 846 3842 915 quibus

2260 952 2404 1007 idem
2432 959 2688 1021 praestare
2719 964 2824 1003 non
2854 947 3022 1010 licuit,
3056 947 3108 1000 in
3137 944 3329 1014 quibus
3357 943 3587 1013 primum
3613 939 3844 993 occurrit

2261 1045 2508 1114 egregius
2537 1051 2792 1096 tractatus
2829 1040 2895 1094 de
2945 1038 3082 1093 Fide
3120 1037 3187 1092 ad
3227 1036 3464 1090 Petrum.
3508 1031 3639 1086 Erat
3667 1039 3844 1084 autem

2260 1132 2457 1189 Petrus
2485 1149 2595 1186 non
2620 1132 2897 1192 diaconus,
2920 1137 2979 1183 ut
3005 1143 3287 1199 perperam
3319 1127 3373 1180 in
3403 1124 3557 1179 titulo
3588 1123 3847 1177 hactenus

2262 1223 2438 1280 dictus
2457 1231 2560 1289 est,
2585 1237 2693 1277 non
2713 1221 3026 1284 monachus,
3053 1230 3112 1273 ut
3135 1234 3165 1271 a
3191 1216 3468 1271 Blondello
3492 1213 3596 1285 (De
3614 1213 3844 1266 Primam

2261 1333 2317 1384 p.
2347 1314 2474 1387 412)
2497 1314 2749 1385 primum,
2789 1322 2915 1384 post
2939 1312 3152 1367 incaute
3181 1326 3211 1363 a
3240 1307 3454 1387 N_oricio
3483 1306 3718 1362 creditus
3745 1313 3844 1368 est,

2262 1408 2359 1464 sed
2388 1408 2470 1462 vir
2496 1407 2761 1473 militaris,
2790 1406 2883 1476 qui
2933 1380 3359 1474 Hierosolymam
3405 1399 3762 1472 profecturus,
3796 1409 3849 1451 et

2263 1515 2334 1556 ne
2357 1499 2484 1569 quid
2509 1500 2611 1555 sibi
2638 1498 2905 1554 hmretica:
2931 1495 3215 1568 pravitatis
3239 1495 3553 1564 subreperet
3580 1499 3846 1557 metuens,

2263 1591 2390 1646 ﬁdei
2418 1590 2656 1660 regulam
2686 1605 2719 1643 a
2763 1588 3045 1658 Fulgentio
3074 1585 3357 1655 ﬂagitarat.
3391 1583 3558 1652 Hujus
3586 1597 3715 1650 ergo
3736 1581 3850 1652 pie-

2264 1681 2364 1736 tati
2393 1696 2599 1736 morem
2624 1688 2871 1750 gesturus
2912 1678 3239 1747 Fulgentius,
3265 1675 3360 1730 sed
3390 1674 3646 1744 temporis
3671 1673 3852 1727 exclu-

2265 1788 2358 1828 sus
2386 1772 2664 1840 angustiis,
2694 1778 2818 1842 post
2843 1769 3148 1824 uberiorem
3174 1767 3242 1821 de
3288 1764 3588 1836 Trinitate,
3609 1761 3852 1817 lncarna-

461 1948 468 1952 -
570 1859 904 1962 ἱίεχθηιίυω
959 1908 1014 1954 et
1061 1896 1352 1954 Venerium
1402 1885 1923 1956 Constantinopolim
1970 1883 2157 1946 missi,

2276 1867 2435 1933 tione,
2461 1865 2772 1933 angelorum
2793 1869 2850 1918 et
2876 1862 3155 1918 hominum
3179 1859 3452 1916 creatione
3482 1859 3759 1928 lapsuque,
3791 1871 3854 1911 ac

2267 1960 2432 2015 variis
2467 1959 2586 2013 aliis
2632 1957 2898 2027 capitibus
2941 1954 3395 2025 disputationem;
3438 1951 3504 2006 ad
3550 1961 3852 2006 extremum

2268 2050 2394 2106 ﬁdei
2432 2051 2683 2119 dogmata
2721 2047 3075 2119 quadraginta
3103 2045 3341 2101 articulis
3371 2043 3635 2112 astringit,
3665 2041 3856 2111 quibus

2269 2146 2510 2218 quisquis
2554 2142 2774 2212 obloqui
2820 2155 2984 2196 ausus
3031 2139 3220 2205 fuerit,
3275 2153 3397 2193 eum
3449 2151 3548 2208 pro
3601 2134 3854 2190 haeretico

2205 2237 2208 2240 λ
2270 2233 2579 2293 habendum
2622 2233 2922 2288 denuntiat.
2960 2229 3086 2286 Haec
3111 2230 3202 2284 illa
3229 2237 3332 2296 est,
3377 2228 3588 2299 opinor,
3619 2223 3742 2280 ﬁdei
3770 2240 3855 2279 re-

2272 2327 2398 2396 gula
2425 2340 2589 2395 quam
2613 2323 2715 2380 sibi
2753 2338 2785 2378 a
2811 2321 3092 2391 Fulgentio
3121 2320 3260 2374 mitti
3289 2318 3591 2374 Ferrandus
3619 2315 3854 2386 postula-

2272 2425 2445 2484 verat,
2478 2426 2534 2472 et
2561 2431 2720 2486 quam
2750 2413 2940 2469 eodem
2966 2411 3183 2466 nomine
3209 2410 3452 2478 designat
3474 2408 3724 2464 Isidorus.
3757 2406 3852 2460 Diu
3883 2453 3886 2456 .

2273 2517 2456 2565 tamen
2483 2510 2573 2564 ille
2593 2516 2852 2564 tractatus
2874 2505 3154 2574 Augustini
3180 2503 3431 2574 operibus
3453 2503 3719 2556 admixtus
3742 2509 3853 2565 est;

2276 2610 2333 2656 at
2359 2598 2704 2672 postmodum
2731 2598 2893 2653 variis
2931 2596 3280 2663 argumentis,
3321 2609 3385 2648 ac
3419 2592 3713 2663 praesertim
3739 2589 3857 2662 styli

2276 2693 2461 2748 colore
2512 2691 2794 2760 Fulgentio
2847 2689 3180 2744 eruditorum
3224 2701 3488 2742 consensu
3541 2684 3820 2740 restitutus
3843 2725 3860 2753 ,

2278 2786 2388 2841 imo
2438 2785 2537 2840 sub
2577 2784 2695 2855 ejus
2740 2783 2958 2840 nomine
3005 2781 3203 2836 dudum
3242 2796 3274 2835 a
3301 2779 3579 2835 Bertramo
3615 2778 3860 2833 laudatus

2278 2886 2380 2932 est.
2431 2875 2488 2932 In
2536 2875 2786 2933 Sardinia
2830 2876 3090 2946 scriptum
3129 2881 3284 2944 putat
3328 2871 3593 2936 Noricius,
3642 2878 3861 2940 propter

2279 2983 2402 3023 eam
2431 2983 2592 3038 quam
2618 2968 2672 3022 in
2703 2968 2882 3037 operis
2900 2967 3048 3022 calce
3071 2965 3236 3020 habet
3260 2963 3693 3034 persecutionum
3712 2975 3863 3016 men~

2283 3061 2487 3116 tionem
2511 3079 2525 3126 ;
2554 3059 2651 3116 sed
2677 3076 2787 3116 non
2815 3061 2945 3116 'satis
2971 3059 3124 3114 firma
3151 3057 3482 3127 conjectura.
3513 3055 3689 3111 Potuit
3709 3051 3858 3110 enim

2284 3161 2339 3205 et
2377 3153 2765 3222 praeteritarum
2793 3151 3120 3214 meminisse,
3167 3156 3222 3203 et
3267 3147 3475 3203 futuras
3512 3146 3684 3199 animo
3713 3159 3853 3214 prm-

586 3296 908 3353 congressus
927 3317 943 3343 ,
974 3276 1175 3349 sparsis
1202 3287 1366 3344 super
1392 3285 1459 3325 eo
1498 3266 1769 3336 colloquio
1815 3263 1960 3318 falsis
1991 3277 2178 3316 rumo-
2203 3254 2253 3319 C
2284 3247 2478 3353 sagire.

586 3377 737 3434 ribus
757 3415 774 3443 ,
825 3385 1012 3428 eorum
1058 3363 1473 3424 refellendorum
1519 3360 1623 3431 ipsi
1667 3357 2048 3414 necessitatem
2091 3363 2176 3408 at-

587 3472 728 3528 tulit.

612 3619 614 3622 ,
662 3560 744 3616 Ad
774 3558 913 3613 idem
958 3566 1170 3624 tempus
1210 3548 1400 3606 referri
1441 3546 1604 3602 debet
1639 3543 1869 3614 scriptus
1897 3538 1966 3595 ad
1989 3538 2177 3593 Victo-

589 3669 704 3710 rem
733 3653 867 3706 liber
911 3648 1164 3702 adversus
1210 3640 1587 3697 Fastidiosum.
1631 3635 1732 3691 llic
1771 3632 2043 3706 quondam
2083 3645 2177 3685 ca-

589 3745 842 3807 tholicus,
874 3741 985 3796 imo
1012 3735 1331 3798 monachus,
1353 3732 1483 3788 etin
1510 3725 1840 3784 monasterio
1859 3721 2178 3795 presbyterii

590 3835 903 3905 dignitatem
952 3830 1194 3900 adeptus,
1240 3823 1419 3882 carnis
1464 3819 1730 3877 illecebris
1758 3817 2066 3886 turpissime
2094 3813 2177 3867 vi-

590 3937 730 3992 ctus,
761 3925 1148 3997 professionem
1195 3920 1444 3990 primum,
1477 3930 1604 3970 mox
1643 3911 1801 3968 fidem
1837 3921 2056 3979 quoque
2082 3920 2180 3976 pe-

589 4021 736 4075 nitus
763 4016 1054 4086 abjecerat,
1087 4021 1144 4068 et
1169 4011 1237 4066 ad
1261 4010 1492 4065 Arianos
1535 4003 1826 4060 defecerat.
1858 3999 2030 4070 Hujus
2047 4011 2179 4066 ergo

589 4124 894 4169 sermonem
940 4107 1040 4164 sibi
1069 4122 1100 4159 a
1136 4105 1352 4160 Victore
1390 4101 1613 4156 missum
1649 4097 1899 4154 refellens
1943 4092 2178 4160 Fulgen-

590 4202 698 4256 tius
723 4198 1036 4266 neutiquam
1065 4207 1402 4263 consequens
1448 4205 1568 4245 esse
1606 4189 1765 4242 docet
1801 4202 1869 4240 ex
1906 4182 2180 4238 essentiali

591 4290 768 4350 Patris
795 4297 852 4345 et
877 4287 999 4342 Filii
1027 4294 1084 4342 et
1119 4284 1350 4355 Spiritus
1378 4281 1551 4336 sancti
1590 4278 1988 4348 conjunctione,
2019 4283 2079 4329 ut
2106 4275 2182 4329 si-

592 4382 706 4440 mul
745 4394 869 4437 cum
897 4375 1035 4432 Filio
1065 4374 1226 4430 Pater
1253 4383 1308 4429 et
1347 4371 1578 4442 Spiritus
1605 4375 1820 4425 sanctus
1846 4368 2094 4422 humanae
2121 4380 2181 4422 se

596 4481 805 4531 natura:
831 4467 1152 4541 copularint.

667 4563 979 4619 Postremus
1014 4556 1280 4627 Fulgentii
1320 4555 1475 4610 labor
1503 4553 1592 4608 ille
1620 4558 1703 4607 est
1728 4566 1834 4623 quo
1874 4550 2063 4619 Regini
2090 4565 2182 4605 co-

2355 3337 2550 3392 lncerti
2580 3336 2838 3412 temporis
2869 3333 3180 3390 tractatibus
3222 3333 3493 3389 accenseri
3531 3329 3722 3385 debent
3750 3338 3864 3386 tum

2283 3430 2497 3487 libellus
2539 3429 2604 3483 de
2641 3427 2901 3482 Trinitate
2933 3427 3004 3481 ad
3038 3426 3270 3481 Felicem
3319 3427 3606 3489 notarium,
3656 3432 3770 3477 tum
3799 3422 3865 3478 de

2281 3521 2658 3576 lncarnatione
2678 3518 2798 3573 Filii
2825 3518 2921 3573 Dei
2943 3519 3006 3573 ad
3029 3519 3306 3573 Scarilam.
3762 3579 3772 3588 ,

2358 3612 2534 3666 Priori
2582 3612 2923 3668 occasionem
2977 3611 3126 3665 dedit
3167 3609 3358 3664 Felicis
3409 3607 3718 3678 postulatio,
3777 3607 3866 3675 qui

2283 3705 2660 3760 haereticorum
2691 3702 2960 3758 convictui
2988 3718 3051 3756 ac
3075 3701 3412 3757 sermonibus
3446 3699 3744 3769 expositus,
3771 3715 3870 3754 nec

2282 3797 2415 3852 satis
2443 3796 2509 3850 ad
2541 3796 2662 3850 illos
2690 3792 3015 3850 refellendos
3060 3794 3368 3856 instructus,
3405 3808 3434 3847 a
3465 3793 3744 3861 Fulgentio
3773 3792 3870 3846 do-

2284 3889 2392 3944 ceri
2424 3889 2596 3942 voluit
2633 3903 2739 3958 quo
2778 3897 2939 3958 pacto
2965 3888 3068 3942 illis
3094 3888 3268 3942 resisti
3291 3888 3480 3956 possit.
3513 3886 3612 3941 Cui
3643 3895 3754 3940 tam
3782 3888 3869 3956 pio

2283 3979 2551 4035 desiderio
2573 3978 2860 4034 obsecutus
2881 3978 3209 4047 Fulgentius,
3237 3993 3344 4033 non
3365 3977 3526 4032 modo
3547 3976 3870 4032 catholicam

2283 4073 2350 4129 de
2379 4070 2845 4127 Trinitate'ﬁdem
2895 4072 3152 4128 adversus
3181 4072 3500 4126 Arianorum
3551 4076 3871 4139 argumenta

2284 4165 2497 4234 egregie
2526 4161 2782 4227 defendit,
2827 4163 2924 4218 sed
2970 4164 3038 4218 de
3075 4164 3194 4217 aliis
3218 4179 3432 4233 quoque
3456 4162 3576 4216 fidei
3605 4157 3873 4230 capitibus

2283 4258 2540 4328 praeclare
2561 4257 2831 4312 disseruit.
2863 4257 2919 4311 lu
2943 4258 3046 4312 hoc
3072 4271 3234 4326 opere
3254 4255 3526 4323 cujusdam
3550 4253 3722 4308 Patris
3749 4253 3872 4306 loca

2282 4349 2451 4404 tacito
2497 4350 2718 4403 nomine
2769 4349 2982 4403 laudata
3034 4348 3292 4418 reperies,
3343 4361 3570 4415 quorum
3611 4345 3874 4414 pleraque

2285 4441 2476 4495 saltem
2498 4440 2780 4508 Augustini
2808 4448 2953 4495 sunt.

2358 4554 2590 4608 Alterius
2634 4553 2812 4622 operis
2841 4559 3210 4620 argumentum
3253 4551 3329 4603 sic
3373 4558 3552 4603 narrat
3588 4550 3700 4618 ipse
3740 4546 3878 4601 Ful-

595 4656 744 4733 mitis
771 4660 962 4723 rogatu
1009 4650 1117 4706 duo
1146 4649 1416 4719 explicare
1458 4653 1719 4703 statuerat
1749 4663 1762 4698 :
1794 4645 2025 4715 primum
2054 4645 2181 4716 quid
2207 4634 2263 4697 Ι)
2286 4646 2519 4712 gentius,
2553 4643 2832 4714 ipsiusmet
2872 4641 3089 4697 Scarilze
3113 4640 3290 4694 verbis
3317 4657 3328 4692 :
3355 4639 3489 4692 Dum
3523 4639 3589 4712 ad
3620 4655 3876 4698 mensam.

597 4749 666 4805 de
692 4744 1060 4804 controversia
1088 4756 1261 4812 nuper
1298 4740 1438 4794 inter
1478 4737 1869 4793 Alexandrinos
1897 4737 2184 4810 Eutycbia-

597 4856 701 4898 nos
728 4846 915 4915 exorta
942 4834 1280 4892 sentiendum
1327 4839 1488 4897 esset,
1533 4838 1709 4885 utrum
1753 4828 1951 4885 Christi
1987 4845 2184 4900 corpus

597 4932 782 4990 statim
820 4930 889 4986 ab
936 4927 1310 4984 lncarnatione
1354 4923 1714 4994 corruptionis
1769 4937 1961 4992 expers
2014 4922 2182 4976 exsti-

601 5022 778 5089 tisset,
807 5035 874 5074 an
916 5018 1024 5072 tale
1068 5017 1283 5071 demum
1330 5021 1454 5084 post
1497 5013 1942 5068 resurrectionem
1982 5014 2182 5069 factum

601 5113 828 5177 fuisset;
855 5108 1048 5165 deinde
1074 5106 1203 5176 quid
1229 5104 1447 5160 militari
1482 5104 1598 5158 viro
1634 5103 1951 5160 servandum
1997 5103 2064 5157 ad
2094 5119 2182 5158 re-

603 5201 882 5258 tinendam
921 5199 1309 5268 colendamque
1337 5198 1391 5252 in
1428 5210 1494 5251 eo
1520 5197 1642 5250 vita:
1678 5211 1875 5265 genere
1905 5195 2178 5265 pietatem.

606 5295 675 5348 At
701 5293 925 5348 necdum
955 5290 1198 5345 absoluta
1226 5288 1392 5359 priori
1419 5289 1577 5360 hujus
1599 5290 1777 5359 operis
1805 5297 1959 5359 parte
1985 5289 2048 5343 ad
2077 5304 2186 5343 coe-

605 5386 742 5440 leste
767 5399 989 5453 regnum
1020 5390 1276 5439 evocatus
1300 5389 1402 5438 est.

680 5474 809 5530 Post
831 5474 948 5544 ejus
970 5483 1197 5530 mortem
1220 5474 1316 5545 (ita
1337 5472 1607 5545 ﬂagitante
1627 5472 1856 5540 Regino)
1884 5469 2187 5528 Ferrandus

609 5567 867 5621 diaconus
898 5567 1202 5620 inchoatum
1230 5580 1366 5635 Opus
1412 5564 1658 5628 absolvit,
1689 5563 1871 5618 multis
1914 5563 2062 5632 prius
2101 5563 2185 5615 in-

611 5657 828 5724 dignum
865 5673 924 5711 se
951 5657 1224 5726 professus
1251 5655 1342 5724 qui
1369 5648 1635 5724 Fulgenti‘i
1660 5667 1936 5709 successor
1965 5654 2187 5708 habere-

613 5760 715 5802 tur.
752 5746 1021 5817 Nunquid,
1052 5748 1243 5817 inquit,
1275 5748 1349 5802 sic
1383 5747 1603 5817 repletus
1631 5763 1742 5800 sum
1776 5747 2028 5816 sapientia
2057 5746 2188 5799 sicut

613 5841 735 5896 ille?
781 5840 1027 5906 Nunquid
1072 5842 1250 5896 eadem
1303 5841 1427 5897 mihi
1477 5841 1695 5913 facultas
1751 5839 1979 5915 eloquii?
2031 5837 2188 5896 Nun-

2289 4740 2480 4810 inquit,
2508 4736 2791 4793 Christiani
2815 4736 3080 4789 catholicw
3101 4733 3348 4788 Ecclesia:
3369 4732 3466 4803 ﬁlii
3486 4732 3668 4785 Eventi
3691 4730 3755 4784 de
3781 4731 3883 4785 Dei

2289 4831 2660 4887 lncarnatione
2698 4831 2885 4885 locutio
2925 4836 3236 4892 nasceretur,
3262 4843 3391 4880 unus
3431 4842 3495 4879 ex
3531 4823 3750 4878 convivis
3782 4822 3885 4875 hoc

2287 4924 2350 4977 de
2392 4921 2765 4977 lncarnatione
2802 4920 3060 4982 asseruit,
3100 4918 3343 4987 quoniam
3384 4933 3486 4968 non
3527 4913 3664 4967 Deus
3715 4911 3887 4965 Pater

2286 5031 2497 5069 carnem
2524 5014 2711 5078 induit,
2742 5012 2834 5066 sed
2861 5013 3026 5064 solum
3055 5009 3150 5063 Dei
3184 5007 3370 5061 Filius.
3415 5005 3483 5058 Et
3521 5005 3652 5057 alius
3691 5002 3835 5056 dixit
3867 5021 3886 5056 :

2294 5107 2417 5177 Ipse
2444 5104 2582 5158 Deus
2609 5105 2695 5173 qui
2720 5119 2854 5156 unus
2880 5109 2957 5156 est
2995 5102 3049 5153 in
3086 5099 3248 5153 tribus
3277 5099 3516 5170 dignatus
3555 5104 3630 5149 est
3668 5110 3888 5148 carnem

2293 5214 2572 5260 assumere,
2595 5206 2652 5249 ut
2678 5205 2910 5250 nostram
2939 5193 3249 5255 servitutem,
3272 5209 3371 5262 qua
3399 5208 3488 5260 per
3507 5188 3887 5258 transgressio-

2292 5305 2407 5341 nem
2437 5287 2600 5357 patris
2630 5287 2793 5341 nostri
2820 5285 2949 5339 Ada:
2976 5275 3192 5354 obligati
3228 5279 3600 5348 detinebantur,
3629 5279 3698 5332 ad
3724 5276 3887 5332 tiber-

2296 5387 2452 5431 tatem
2481 5377 2798 5449 perduceret.
2836 5373 3002 5444 Hujus
3029 5363 3446 5430 concertationis
3475 5371 3733 5426 arbitrum
3761 5369 3888 5436 pla-

2293 5473 2403 5526 cuit
2425 5471 2548 5540 eligi
2573 5468 2930 5538 Fulgentium,
2952 5483 3113 5536 quem
3138 5462 3378 5520 afﬂuenti
3401 5463 3598 5518 lumine
3618 5461 3884 5513 donatum

2290 5571 2572 5618 noverant.
2607 5561 2798 5616 Addita
2826 5567 2908 5614 est
2934 5561 3037 5615 alia
3060 5552 3135 5616 de
3151 5549 3345 5631 vilium
3370 5563 3427 5610 et
3452 5555 3732 5609 noxiorum
3760 5551 3884 5604 ani-

2294 5655 2530 5717 malium,
2561 5653 2736 5722 qualia
2767 5661 2889 5705 sunt
2917 5667 3114 5708 muscae
3155 5656 3217 5706 et
3249 5648 3582 5717 scorpiones,
3617 5657 3880 5715 procrea-

2291 5746 2442 5799 tionc
2470 5745 2711 5813 quaestio,
2741 5760 2899 5814 quam
2931 5745 3275 5798 convivarum
3308 5738 3546 5793 nonnulli
3575 5737 3685 5792 Deo
3714 5733 3879 5802 abju-

2293 5837 2562 5906 dicabant,
2592 5836 2679 5890 alii
2708 5837 3037 5891 asserebant.
