4074 6496
179 500 284 560 115

1445 482 1448 483 ί
1548 478 2073 563 PROLEGOMENA.
2139 490 2141 492 ’

3349 488 3452 552 114

252 618 330 674 De
357 625 590 689 utroque
615 630 744 687 ergo
768 619 943 688 capite
970 615 1228 688 prmclare
1254 615 1565 687 Fulgentius
1586 617 1766 687 dispu-
1790 619 1848 678 Α
1872 619 2033 674 tionis
2071 634 2123 688 p.
2157 616 2278 682 572,
2316 613 2552 672 clausula
2596 612 2681 671 his
2718 612 2895 669 verbis
2923 592 3196 682 expresSa,
3227 597 3456 665 conversi

180 718 264 764 tat
302 710 406 766 hoc
443 718 677 787 tractatu
716 711 803 765 cui
842 711 1029 766 titulus
1069 718 1153 765 est
1198 710 1261 762 de
1309 708 1680 764 Incarnatione
1720 717 1771 762 et

184 803 359 858 vilium
377 802 682 856 animalium
700 803 923 858 Auctore
950 802 1019 856 ad
1050 802 1328 858 Scarilam.

257 893 382 948 Duae
409 901 700 964 supersunt
727 893 796 948 ad
843 893 1173 950 Ferrandum
1217 894 1502 954 diaconum
1531 894 1771 964 epistola:

213 999 280 1038 eu
306 984 449 1048 libri,
485 998 714 1053 quorum
743 983 916 1054 primo
957 983 1267 1054 Fulgentius
1310 986 1600 1056 respondet
1643 1000 1772 1056 pro-

183 1075 377 1147 positis
425 1090 474 1129 a-
503 1073 778 1130 Ferrando
803 1077 1188 1148 quaestionibus
1233 1077 1301 1133 de
1328 1079 1468 1133 servi
1497 1076 1772 1148 Ethiopis
1809 1057 1820 1071 ⁸

183 1166 473 1237 baptismo.
505 1164 555 1221 ls
575 1167 822 1222 omnibus
862 1168 1369 1229 catechumenorum
1400 1167 1590 1225 ciliciis
1617 1184 1774 1238 egre-

183 1258 270 1325 gie
291 1257 526 1322 functus,
555 1271 682 1312 mox
711 1257 896 1312 lethali
925 1259 1115 1314 morbo
1143 1268 1426 1331 correptus
1445 1260 1500 1315 in
1525 1269 1771 1316 extremo

181 1342 323 1420 pene
361 1349 532 1404 halitu
560 1349 628 1403 ad
667 1349 918 1420 baptismi
973 1352 1151 1407 locum
1201 1351 1408 1408 delatus
1455 1360 1556 1418 est,
1588 1353 1773 1420 ibique

183 1439 302 1495 sine
337 1454 492 1504 voce,
531 1439 651 1495 sine
696 1449 869 1507 motu,
911 1441 1170 1497 ministris
1218 1442 1372 1512 quasi
1420 1458 1521 1513 pro
1570 1440 1776 1496 infante

183 1530 654 1602 respondentibus,
682 1539 864 1588 mente
891 1531 1299 1588 absentissimns
1333 1532 1660 1602 baptismum
1682 1547 1777 1586 ac-

183 1631 424 1692 ceperat,
448 1627 455 1633 '
479 1623 768 1693 statimque
817 1623 935 1679 sine
976 1624 1313 1680 eucharistite
1360 1623 1776 1694 participatione

185 1724 491 1771 excesserat
517 1731 548 1772 e
576 1716 730 1772 vivis.
773 1715 909 1772 Hinc
943 1716 1142 1787 duplex
1175 1715 1452 1770 Ferrando
1488 1714 1776 1784 scrupulus

190 1808 416 1862 obortus
441 1816 536 1862 est.
582 1805 819 1862 Primum
863 1822 932 1862 an
964 1807 1150 1862 adulto
1177 1805 1422 1862 sufﬁcere
1449 1806 1515 1860 ad
1543 1805 1774 1861 salutem

193 1906 374 1967 posset
401 1897 567 1953 aliena
612 1896 906 1965 confessio;
948 1898 1140 1954 deinde
1183 1912 1250 1953 an
1291 1898 1384 1967 qui
1423 1904 1647 1967 accepto
1681 1911 1772 1950 sa-

189 1996 464 2042 cramento
490 1988 742 2059 baptismi
785 1991 974 2046 mortis
1017 1990 1305 2046 velocitate
1346 1990 1622 2060 praepediti
1650 2005 1775 2045 car-

184 2093 312 2132 nem
341 2077 553 2134 Domini
583 2079 905 2137 manducare
931 2097 1040 2138 non
1080 2090 1393 2153 potuerunt,
1413 2083 1604 2137 salutis
1629 2095 1779 2137 com-

184 2179 344 2242 potes
370 2188 490 2228 esse
518 2182 777 2243 possent,
819 2191 940 2230 cum
961 2182 1097 2230 «nota
1128 2174 1371 2230 ﬁdelibus
1399 2186 1580 2230 essent
1612 2175 1780 2230 verba

154 2288 158 2290 ·
187 2266 503 2334 Salvatoris,
535 2265 659 2322 Nisi
687 2269 1120 2323 manducaveritis
1155 2285 1365 2322 carnem
1397 2267 1526 2323 Filii
1555 2269 1781 2322 hominis

188 2368 238 2411 et
265 2357 494 2413 biberitis
524 2359 636 2431 ejus
662 2361 987 2430 sanguinem,
1019 2377 1121 2415 non
1149 2361 1398 2437 habebitis
1428 2361 1584 2415 vitam
1607 2363 1662 2415 in
1691 2377 1784 2415 vo-

189 2451 284 2505 bis.
316 2449 510 2506 Doceri
535 2466 665 2520 ergo
711 2453 960 2508 studebat
1004 2452 1303 2509 Ferrandus
1355 2469 1517 2524 super
1562 2453 1666 2509 isto
1689 2469 1782 2508 ca-

186 2544 321 2614 pite,
348 2554 521 2598 utrum
549 2556 749 2609 noceat,
803 2556 1046 2616 quantum
1073 2555 1274 2611 noceat,
1307 2562 1376 2600 an
1404 2548 1612 2602 omnino
1651 2545 1783 2601 nihil

185 2645 392 2702 noceat,
422 2637 468 2690 si
505 2638 617 2707 quis
656 2635 946 2707 baptizatus
983 2639 1040 2690 in
1086 2639 1294 2693 nomine
1334 2637 1604 2694 Trinitatis
1630 2655 1782 2693 sacro

185 2727 302 2781 cibo
330 2738 551 2799 potaque
579 2729 866 2799 fraudetur.

261 2819 538 2888 Duplicem
577 2819 717 2875 hanc
758 2822 1111 2890 quaestionem
1155 2824 1444 2894 separatim
1470 2821 1785 2892 Fulgentius

185 2910 451 2980 expendit
485 2929 497 2962 ε
530 2926 593 2966 ac
621 2911 812 2991 priori
866 2913 1081 2984 quidem
1132 2915 1455 2986 respondet,
1513 2916 1784 2970 sincerum

189 3003 446 3073 baptismi
474 3002 799 3059 desiderium
837 3007 986 3076 prius
1021 3007 1264 3062 habitum
1308 3005 1575 3074 sufﬁcere,
1623 3007 1784 3063 dum-

190 3094 362 3150 modo
386 3095 558 3151 adhuc
586 3099 731 3163 vivo,
772 3099 987 3154 tametsi
1027 3099 1156 3154 nihil
1184 3100 1457 3165 sentienti,
1486 3099 1788 3171 baptismus

189 3186 531 3252 conferatur;
561 3189 715 3245 alteri
759 3205 911 3256 vero,
944 3190 1145 3246 nemini
1185 3191 1582 3262 baptizatorum
1610 3189 1787 3246 fraudi

191 3295 312 3334 esse
336 3281 479 3349 quod
498 3291 670 3337 morte
698 3293 997 3353 praeventus
1017 3286 1352 3341 eucharistiae
1372 3286 1642 3357 particeps
1666 3299 1790 3341 esse
1834 3336 1838 3340 .

1874 711 1944 763 ad
1957 708 2257 774 Dominum,
2272 707 2622 776 Augustinum
2642 707 2778 760 mire
2805 704 3013 760 redolet
3037 721 3049 756 :
3075 717 3182 758 non
3205 699 3458 770 indignus

1872 802 1964 859 ille
1993 800 2128 857 adeo
2148 801 2458 872 Fulgentio;
2483 815 2585 856 nec
2611 799 2741 855 item
2760 797 2854 867 qui
2876 797 2944 852 de
2971 795 3224 861 Latrone,
3247 810 3301 865 p.
3330 792 3457 861 567,

1830 895 1838 906 ’
1875 902 1936 952 et
1961 895 2053 964 qui
2081 894 2149 948 de
2169 893 2493 949 Pentecoste
2520 891 2851 958 inscribitur,
2874 906 2928 960 p.
2958 886 3081 942 569.

1947 986 2025 1042 De
2051 985 2260 1042 duobus
2287 985 2354 1040 ad
2380 985 2582 1041 calcem
2604 982 2817 1046 additis,
2839 998 2894 1052 p.
2923 979 3046 1047 664,
3071 980 3200 1052 quid
3222 979 3460 1036 sentien-

1877 1079 2003 1135 dum
2025 1077 2282 1150 peculiari
2311 1086 2438 1134 nota
2467 1077 2724 1134 lectorem
2773 1088 3032 1130 monuere
3058 1073 3151 1145 qui
3187 1072 3313 1128 huic
3348 1071 3462 1127 edi-

1875 1171 2011 1227 tioni
2039 1169 2384 1240 praefuerunt.

1947 1260 2005 1315 In
2031 1259 2383 1330 appendicem
2421 1258 2654 1328 conjecti
2691 1265 2815 1314 sunt
2849 1255 3004 1322 varii,
3049 1267 3280 1324 quorum
3328 1266 3464 1306 non-

1878 1352 2011 1408 nulli
2035 1351 2315 1419 Augustini
2339 1357 2480 1414 sunt,
2509 1347 2726 1418 quidam
2755 1344 3070 1419 Chrysologi
3093 1384 3108 1410 ,
3137 1342 3228 1398 alii
3255 1340 3467 1411 antiqui
3571 1365 3574 1368 θ

1878 1444 2114 1499 auctoris
2156 1441 2410 1509 Africani,
2456 1439 2551 1495 sed
2608 1454 2890 1510 perperam
2945 1450 3130 1494 omnes
3181 1431 3466 1504 Fulgentio

1877 1539 2112 1683 mgl‘iblas
2138 1643 2304 1698 porro
2324 1641 2530 1696 pugnas
2554 1624 2664 1680 edit
2692 1620 3036 1693 Theopnylus
3063 1616 3388 1693 Raynaudus
3407 1621 3468 1670 ut

1880 1723 2075 1777 librum
2104 1721 2172 1776 de
2213 1717 2690 1774 Praedestinatione
2729 1723 2784 1771 et
2821 1713 3004 1770 Gratia
3032 1713 3086 1766 in
3115 1708 3468 1782 appendicem

1880 1815 2086 1885 pridem
2116 1814 2418 1881 conjectum
2446 1817 2653 1866 asserat
2679 1807 2992 1876 Fulgentio,
3022 1803 3176 1875 quasi
3197 1803 3252 1859 in
3280 1799 3466 1858 Sardi-

1880 1906 1970 1960 uia
1997 1905 2278 1975 scriptum.
2305 1903 2376 1957 At
2404 1903 2586 1973 potior
2620 1900 2790 1955 multo
2817 1897 3144 1963 Bellarmini,
3173 1894 3470 1961 Possevini,

1807 1993 1856 2052 Β
1885 1995 2412 2064 Lovaniensiumque
2439 1995 2723 2051 doctorum
2746 1992 3039 2048 auctoritas
3059 1989 3168 2046 hoc
3195 2004 3330 2060 opus
3351 1986 3472 2042 Ful-

1883 2087 2068 2156 gentio
2096 2085 2536 2156 abjudicantiuin,
2561 2086 2670 2141 imo
2694 2084 2929 2154 suspecti
2953 2081 3187 2138 auctoris
3208 2095 3328 2138 esse
3341 2094 3472 2135 con-

1885 2179 2244 2235 tendentium.
2286 2179 2482 2234 Parum
2530 2185 2678 2233 certe
2716 2175 3009 2231 verisimile
3053 2181 3137 2230 est
3163 2181 3224 2228 ut
3262 2179 3386 2244 post
3409 2171 3475 2226 11-

1882 2272 2037 2328 brum
2066 2272 2174 2327 hoc
2199 2269 2357 2325 titulo
2384 2269 2673 2340 scriptum,
2716 2267 2889 2322 tribus
2927 2265 3046 2320 aliis
3093 2280 3123 2321 a
3163 2279 3221 2321 se
3263 2262 3474 2334 scriptis

1885 2363 2132 2419 eumdem
2161 2377 2301 2434 pene
2329 2361 2541 2416 titulum
2568 2358 2870 2416 indidisset.

1955 2455 2040 2511 Ex
2068 2456 2153 2511 his
2191 2455 2372 2524 colligi
2401 2454 2526 2510 licet
2552 2451 2818 2522 Fulgentii
2861 2466 3027 2523 opera
3069 2450 3328 2506 trifariam
3375 2435 3476 2518 pro

1884 2550 2047 2606 trium
2069 2558 2373 2620 temporum
2398 2547 2608 2603 ratione
2626 2545 2791 2601 dividi
2814 2559 2993 2615 posse.

1957 2641 2197 2697 Primum
2227 2639 2486 2710 temporis
2511 2637 2746 2709 spatium
2785 2636 2916 2693 illud
2953 2644 3036 2692 est
3070 2633 3212 2707 quod
3251 2648 3283 2688 a
3301 2631 3477 2704 primo
3516 2709 3518 2711 g

1886 2735 1942 2790 in
1973 2733 2209 2789 Africam
2245 2733 2314 2788 ab
2341 2731 2532 2788 exsilio
2560 2730 2736 2786 reditu
2783 2730 2851 2784 ad
2897 2727 3189 2786 secundum
3229 2725 3478 2782 exsilium

1888 2825 2042 2880 ﬂuxit
2069 2844 2081 2878 :
2114 2825 2240 2880 huic
2267 2822 2587 2892 assignanda
2616 2831 2830 2879 suntex
2850 2830 2978 2878 ante
3004 2821 3161 2877 dictis
3185 2834 3351 2883 opera
3386 2832 3478 2873 se-

1889 2916 2109 2987 quentia
2133 2935 2145 2969 :
2227 2964 2232 2970 .
3233 2917 3242 2922 ’

1961 3007 2164 3063 Contra
2189 3007 2418 3062 Arianos
2444 3006 2580 3062 liber
2630 3022 2769 3062 unus
2791 3045 2808 3072 ,
2834 3005 2903 3062 ad
2930 3005 3118 3062 decem
3145 3003 3479 3075 objectiones

1891 3098 2082 3154 decem
2109 3096 2492 3167 responsiones
2511 3097 2814 3164 continens,
2840 3112 2896 3168 p.
2925 3094 3014 3151 5i.

1962 3191 2044 3246 Ad
2073 3189 2481 3245 Trasimundum
2510 3189 2631 3246 libri
2651 3198 2780 3257 tres,
2808 3205 2864 3262 p.
2895 3189 2983 3245 69.

1964 3283 2272 3341 Secundum
2299 3283 2528 3355 spatium
2568 3291 2740 3339 totum
2784 3283 3009 3340 secundi
3051 3281 3226 3339 exsilii
3269 3290 3484 3353 tempus

191 3374 515 3441 nequiverit,
545 3391 667 3431 cum
697 3392 793 3446 per
826 3378 1001 3448 ipsum
1039 3380 1383 3450 baptismum,
1415 3380 1462 3435 si
1490 3380 1667 3434 minus
1689 3393 1781 3434 sa-
1811 3374 1860 3438 C
1891 3377 2266 3447 complectitur
2296 3394 2310 3430 :
2352 3377 2439 3432 cui
2483 3374 2798 3433 ascribenda
2845 3383 2972 3432 sunt
3017 3390 3182 3446 opera
3214 3389 3334 3446 qua:
3388 3388 3482 3429 se—

192 3473 492 3531 cramento,
537 3467 725 3522 saltem
773 3484 832 3523 re
869 3472 1190 3526 sacramenti
1229 3471 1460 3530 donatus
1505 3471 1597 3527 sit.
1645 3470 1782 3526 Eam

192 3557 341 3611 enim
366 3559 474 3612 vim
503 3574 622 3614 esse
649 3561 916 3629 baptismi,
951 3569 1010 3616 ut
1034 3563 1250 3632 corpori
1292 3577 1395 3618 nos
1438 3562 1591 3632 cujus
1621 3570 1786 3634 caput

193 3656 279 3701 est
305 3646 551 3704 Christus
579 3651 803 3718 inserat,
831 3666 897 3707 ac
943 3668 1129 3708 verum
1170 3653 1288 3722 ejus
1334 3654 1633 3710 membrum
1669 3653 1786 3709 elli-

192 3739 304 3793 ciat
328 3756 340 3790 :
365 3754 485 3808 quae
513 3741 877 3810 incorporatio
916 3744 1034 3812 ipso
1071 3745 1410 3800 eucharistiae
1442 3755 1786 3802 sacramento

194 3834 543 3901 signiﬁcetur.

269 3925 457 3981 Altero
500 3927 568 3982 ad
595 3925 925 3984 Ferrandum
971 3930 1203 4000 scripto,
1243 3931 1534 4001 propositis
1573 3931 1640 3986 ab
1667 3933 1788 4002 ipso

197 4027 430 4091 quatuor
463 4017 532 4074 de
569 4019 831 4076 Trinitate
856 4021 1242 4092 qumstionibus
1269 4003 1583 4092 respondet,
1611 4031 1667 4077 et
1694 4022 1789 4076 uni

198 4110 268 4165 de
296 4111 504 4167 duobus
541 4113 798 4168 calicibus
827 4116 883 4169 in
923 4130 1080 4170 coena
1105 4114 1282 4170 datis:
1311 4115 1454 4186 quod
1496 4122 1791 4186 propterea

199 4204 260 4256 tle
287 4200 519 4276 Quinque
547 4204 928 4270 Quwstionibus
957 4207 1284 4262 inscribitur.

270 4299 444 4369 Atque
472 4301 585 4356 haec
610 4301 678 4356 de
716 4301 982 4372 Fulgentii
1009 4302 1223 4372 scriptis
1250 4318 1370 4373 qua:
1407 4302 1668 4358 librorum
1695 4309 1792 4357 aut

198 4395 548 4462 epistolarum
569 4395 786 4450 nomine
807 4405 1112 4451 censentur.
1146 4395 1462 4451 Addendum
1491 4395 1693 4466 aliquid
1721 4395 1790 4450 de

199 4486 538 4540 sermonibus
565 4501 702 4555 quos
741 4502 937 4556 magno
963 4503 1190 4543 numero
1220 4489 1304 4543 vel
1343 4489 1575 4560 scriptos
1603 4489 1670 4544 ab
1701 4503 1790 4554 eo,

201 4577 287 4631 vel
315 4577 546 4632 dictatos
590 4581 831 4649 oportuit
870 4580 985 4635 sive
1021 4581 1088 4634 ab
1129 4581 1383 4649 ipsomet,
1429 4581 1540 4636 sive
1578 4580 1646 4635 ab
1673 4579 1791 4634 aliis

201 4673 648 4739 pronuntiandos.

1887 3477 2123 3539 quuntur
2151 3486 2165 3520 :
2358 3500 2378 3527 .

1957 3561 2040 3616 Ad
2067 3560 2360 3616 Monimum
2382 3560 2507 3616 libri
2535 3568 2663 3626 tres,
2695 3575 2751 3628 p.
2779 3559 2835 3614 ὅ.

1959 3652 2037 3708 De
2084 3651 2420 3708 Remissione
2456 3663 2800 3722 peccatorum
2847 3649 2917 3706 ad
2960 3649 3313 3723 Euthymium
3360 3648 3482 3706 libri

1887 3744 2017 3815 duo,
2046 3762 2100 3816 p.
2129 3744 2258 3801 560.
2578 3812 2580 3815 ι

1919 3850 1921 3853 ·
1959 3839 2041 3895 Ad
2069 3838 2300 3894 Probam
2338 3838 2581 3907 epistolm
2627 3836 2744 3891 dua:
2769 3854 2782 3890 :
2806 3850 3033 3905 quarum
3075 3834 3248 3905 prima
3289 3842 3374 3888 est
3415 3832 3484 3888 de

1888 3933 2210 4000 Yirginitate
2239 3939 2296 3985 et
2321 3928 2655 3994 Humilitate,
2691 3946 2744 3998 p.
2772 3927 2906 3994 165;
2935 3926 3107 3982 altera
3134 3925 3202 3982 de
3229 3922 3490 3980 Oratione

1889 4002 2395 4091 etCompunctione
2416 4018 2611 4082 cordis,
2644 4035 2697 4088 p.
2731 4017 2853 4070 177.
3069 4069 3072 4072 .

1963 4111 2048 4167 Ad
2101 4109 2308 4165 Gallam
2359 4108 2720 4165 consolatoria
2775 4107 2842 4161 de
2892 4105 3286 4162 mariti‘Morte
3312 4103 3489 4166 etde

1892 4203 2051 4260 Statu
2074 4202 2348 4258 viduitatis
2377 4201 2607 4272 epistola
2629 4214 2753 4265 una,
2783 4214 2839 4269 p.
2872 4196 2996 4253 151.
3057 4221 3067 4232 ·

1963 4296 2046 4352 Ad
2066 4293 2406 4350 Theodorum
2432 4293 2500 4349 de
2538 4291 2903 4349 Conversione
2949 4306 2982 4347 a
3020 4289 3216 4348 saculo
3261 4289 3490 4362 epistola

1894 4406 2022 4456 una,
2045 4404 2100 4461 p.
2135 4386 2256 4442 186.

1965 4485 2044 4538 De
2090 4480 2372 4552 Conjugali
2426 4481 2620 4536 Debito
2667 4487 2724 4535 et
2768 4479 2912 4537 Veto
2957 4480 3304 4537 continentiae
3340 4493 3486 4545 una,

1896 4595 1952 4650 p.
1985 4577 2107 4632 144.

1968 4673 2049 4727 Ad
2077 4672 2415 4745 Eugyppium
2442 4673 2691 4727 abbatem
2719 4670 2785 4725 de
2806 4669 3043 4727 Caritate
3069 4684 3195 4735 una,
3226 4684 3282 4740 p.
3310 4668 3431 4725 182.

273 4760 354 4815 Ex
383 4777 568 4816 eorum
599 4778 822 4819 numero
849 4772 975 4819 sunt
995 4765 1087 4834 qui
1126 4763 1225 4819 has
1250 4764 1627 4834 inscriptiones
1657 4780 1792 4834 prae-
1819 4747 1872 4808 D
1969 4763 2050 4819 Ad
2080 4763 2401 4820 Venantiam
2426 4763 2493 4818 de
2523 4762 2689 4818 Recta
2712 4763 3032 4819 Pamitentia
3062 4776 3186 4827 una,
3209 4777 3264 4832 p.
3292 4760 3412 4815 190.

203 4853 385 4907 ferunt
410 4872 422 4906 :

276 4944 350 5000 De
382 4944 847 5016 Dispensatoribus
867 4947 1102 5011 Domini,
1132 4964 1186 5018 p.
1220 4946 1345 5001 546.

279 5035 351 5091 De
378 5036 586 5107 Duplici
614 5027 901 5094 Nativitate
924 5039 1117 5093 Christi
1146 5039 1379 5106 Domini,
1410 5054 1460 5108 p.
1496 5036 1618 5092 551.

282 5128 353 5183 De
383 5129 581 5185 Sancto
609 5129 882 5202 Stephano
909 5139 1322 5202 protomartyre,
1352 5148 1407 5201 p.
1438 5130 1565 5185 555.

280 5219 353 5273 De
378 5219 673 5290 Epiphania
704 5222 877 5293 deque
897 5223 1248 5277 lnnocentum
1278 5223 1442 5288 unde,
1474 5239 1528 5293 p.
1553 5221 1679 5276 558.

278 5311 354 5364 De
382 5311 617 5366 Caritate
645 5312 738 5367 Dei
767 5325 823 5368 et
847 5315 1096 5382 proximi,
1130 5331 1184 5384 p.
1208 5313 1329 5368 565.

279 5404 354 5458 De
383 5415 571 5459 sancto
599 5405 888 5475 Cypriano,
918 5425 970 5476 p.
1003 5406 1128 5460 566.

281 5497 345 5551 Hi
371 5508 556 5553 sancto
584 5496 864 5567 Fulgentio
890 5500 1047 5566 plane
1071 5498 1234 5567 digni.

281 5590 474 5644 Sermo
509 5590 576 5644 de
604 5600 790 5644 sancto
828 5589 1131 5659 Vincentio,
1171 5609 1222 5662 p.
1255 5593 1378 5656 570,
1429 5575 1797 5665 ὁμοιοπτὼτὸις

208 5691 282 5736 ita
312 5683 567 5745 luxuriat,
599 5691 658 5736 ut
686 5683 811 5737 licet
839 5683 951 5736 limo
981 5682 1146 5752 ﬁgura
1173 5685 1302 5738 satis
1331 5683 1490 5738 fuerit
1517 5682 1798 5749 Fulgentio

208 5771 505 5838 familiaris,
529 5790 649 5830 eum
679 5785 858 5830 tamen
889 5775 1041 5829 alteri
1070 5775 1318 5830 libentius
1338 5792 1497 5844 quam
1521 5773 1798 5844 Fulgentio

215 5867 518 5923 tribuerim.

280 5958 557 6016 Sermonis
585 5959 651 6015 de
681 5959 802 6016 loco
837 5957 1077 6024 Michece,
1109 5971 1270 6027 quem
1297 5956 1463 6012 habes
1503 5956 1659 6027 hujus
1684 5957 1800 6014 edi-

1970 4856 2251 4913 Tractatus
2278 4857 2344 4912 de
2364 4856 2496 4911 Fide
2515 4857 2583 4911 ad
2607 4855 2896 4923 Donatum,
2919 4871 2976 4926 p.
3011 4854 3132 4910 197.

1970 4947 2236 5016 Fulgentii
2286 4955 2342 5002 et
2401 4947 2630 5002 aliorum
2688 4946 3044 5021 quorumdam
3113 4947 3496 5017 episcoporum

1804 5111 1805 5114 η
1899 5033 2414 5103 Africanorum,'ad
2456 5037 2675 5092 Petrum
2723 5036 3008 5092 diaconum
3050 5044 3105 5092 et
3145 5037 3280 5093 alios
3303 5037 3397 5107 qui
3423 5051 3495 5096 ex

1898 5131 2118 5188 Oriente
2145 5133 2201 5186 in
2225 5146 2386 5188 causa
2411 5130 2533 5186 ﬁdei
2574 5129 2803 5187 Romam
2832 5131 2982 5186 missi
3009 5138 3162 5194 sunt,
3205 5130 3274 5185 de
3315 5128 3491 5185 lncar-

1903 5223 2123 5278 natione
2141 5231 2198 5277 et
2224 5220 2408 5277 Gratia
2429 5220 2643 5277 Domini
2667 5222 2838 5277 nostri
2865 5220 2993 5277 Jesu
3011 5219 3213 5276 Christi
3237 5218 3375 5275 liber
3393 5235 3493 5281 seu

1903 5316 2132 5386 epistola
2157 5315 2246 5381 17,
2279 5331 2330 5385 p.
2365 5313 2488 5368 286.

1977 5405 2219 5462 Tertium
2249 5414 2482 5477 tempus,
2514 5421 2546 5460 a
2573 5406 2810 5462 secundo
2840 5407 2893 5459 in
2920 5403 3152 5459 Africam
3175 5405 3350 5461 reditu
3373 5416 3503 5475 post.

1901 5498 2244 5556 Trasimundi
2270 5508 2501 5554 mortem
2530 5499 2598 5554 ad
2628 5500 2751 5554 vita:
2771 5497 3036 5566 Fulgentii
3066 5498 3226 5553 linem
3251 5502 3504 5557 extendi--

1903 5603 2020 5659 tur;
2045 5593 2170 5646 huic
2197 5591 2516 5660 assignanda
2537 5600 2663 5646 sunt
2689 5590 2777 5645 illa
2812 5609 2823 5643 :

1978 5684 2050 5738 De
2078 5682 2318 5738 Veritate
2346 5681 2832 5752 pnedestinationis
2860 5688 2915 5736 et
2933 5681 3116 5750 gratia
3135 5681 3206 5738 ad
3229 5680 3499 5738 Joannem

1903 5785 1958 5830 et
1985 5775 2276 5830 Venerium
2304 5775 2426 5829 libri
2458 5782 2582 5836 tres,
2612 5791 2663 5843 p.
2697 5772 2819 5826 454.

1976 5867 2217 5936 Epistula
2265 5868 2642 5936 episcoporum
2691 5867 3062 5922 Africanorum
3105 5866 3172 5921 de
3199 5864 3367 5934 gratia
3397 5864 3500 5920 Det

1904 5969 1960 6015 et
1987 5959 2226 6016 humano
2241 5958 2462 6014 arbitrio
2477 5957 2544 6014 ad
2565 5956 2828 6017 Joannem
2841 5957 3214 6029 etVenerium,
3240 5957 3494 6028 pag.269.
3529 6005 3536 6012 .
