4124 6458
590 432 697 503 118

1740 442 1796 498 s.
1835 427 2266 498 FULGENTLUS
2294 428 2697 511 suspense.

3756 426 3861 483 ιιι

656 544 865 604 conca
896 547 1196 608 [animum
1243 554 1371 610 ,ωηιί
1412 556 1705 612 duodecim
1754 567 1981 625 quorum
2022 547 2169 616 frag-
2195 559 2249 621 γ
2273 543 2626 614 petendisque
2654 543 2834 599 minus
2856 541 3127 600 crebrum.
3151 543 3222 600 At
3242 541 3354 600 hoc
3370 541 3491 615 ipso
3513 556 3705 600 sensus
3726 556 3864 601 suos

588 644 773 719 menta
796 648 1032 719 exstant,
1062 658 1116 713 p.
1151 642 1277 699 577.

654 718 860 786 Contra
890 746 1200 791 sermonem
1246 734 1532 793 Fastidiosi
1572 736 1756 791 Ariani
1791 734 1859 790 ad
1901 734 2169 790 Victorem

588 814 724 874 liber
749 836 907 888 unus,
926 837 981 892 p.
1011 822 1137 880 540.

654 909 894 983 Epistola
922 914 990 969 ad
1010 915 1297 988 Reginum,
1318 935 1379 990 p.
1405 919 1513 974 325
1616 912 1618 915 ’

652 999 847 1059 Incerti
874 1014 1001 1060 sunt
1030 1010 1289 1079 temporis
1317 1025 1483 1080 opera
1504 1012 1811 1082 sequentia.

655 1092 731 1148 De
757 1093 888 1151 Fide
934 1112 1028 1152 seu
1075 1098 1144 1156 de
1199 1098 1399 1170 Regula
1443 1117 1584 1157 verte
1638 1100 1761 1157 ﬁdei
1814 1099 1882 1156 ad
1927 1098 2165 1165 Petrum,

581 1179 1107 1343 Migginem.“
1129 1283 1366 1341 Felicem
1395 1288 1683 1352 notarium,
1710 1304 1763 1358 p.
1794 1286 1923 1342 328.

580 1432 581 1437 η
642 1366 726 1424 De
744 1371 1119 1431 incarnatione
1149 1375 1266 1433 Filii
1288 1379 1385 1434 Dei
1400 1381 1472 1434 ad
1498 1380 1779 1447 Scarilam,
1808 1397 1865 1450 ρ.
1896 1378 2017 1433 406.

648 1462 730 1516 Ad
758 1462 1087 1523 Ferrandum
1134 1471 1362 1539 epistola
1410 1471 1479 1526 ad
1528 1473 1853 1544 quaestiones
1892 1471 1959 1527 de
1991 1471 2166 1528 saltata

578 1548 850 1624 Ethiopis
878 1558 1204 1625 moribundi,
1235 1576 1290 1630 p.
1316 1561 1441 1616 216.

640 1649 898 1722 Ejusdem
927 1657 992 1712 ad
1017 1673 1139 1713 eum
1174 1660 1501 1717 Fermndum
1525 1662 1597 1719 de
1622 1664 1868 1734 quinque
1905 1661 2161 1732 quastio.

573 1744 988 1818 niueam
1184 1760 1187 1762 ’

638 1849 818 1920 Atque
854 1852 940 1909 ha
976 1854 1196 1924 quidem
1242 1873 1275 1913 e
1310 1856 1577 1927 Fuigentii
1600 1859 1878 1914 laboribus
1918 1859 2163 1931 reliun

2268 637 2434 692 altius
2459 635 2652 692 animis
2678 642 2735 690 et
2760 636 2954 692 clarius
2973 632 3164 704 inﬁgit.

2344 728 2438 783 llis
2465 728 2804 798 praenotatis,
2854 742 2917 783 ea
2956 743 3100 783 nunc
3134 727 3373 783 breviter
3408 726 3691 784 indicanda
3739 743 3865 799 qua

2198 851 2207 861 -
2268 828 2595 890 postremam
2623 821 2765 876 hanc
2788 819 3082 901 editionem
3103 817 3501 876 commendant.

2343 912 2581 969 Primum
2609 930 2717 969 non
2744 914 2896 984 parvi
2916 912 3119 969 referre
3138 914 3312 969 visum
3348 920 3437 968 est
3457 914 3640 969 omnia
3660 914 3865 969 smnmi

2218 1018 2225 1023 ·
2273 1004 2373 1059 viri
2393 1004 2592 1075 scripta
2621 1004 2909 1074 separatim
2926 1003 3040 1073 jam
3060 1003 3245 1059 haberi
3262 1018 3453 1083 posse,
3478 1018 3582 1059 nec
3611 1011 3672 1058 ut
3696 1012 3865 1059 antea

2271 1095 2357 1151 vel
2386 1096 2440 1151 in
2466 1097 2632 1151 variis
2674 1096 2890 1152 demum
2929 1096 3293 1153 voluminibus
3324 1096 3571 1168 dispersa
3606 1099 3860 1168 reperiri.

2271 1187 2357 1243 vel
2382 1188 2435 1242 in
2464 1188 2785 1244 immensum
2816 1196 3101 1258 postrema
3135 1185 3355 1245 Patrum
3390 1187 3738 1253 Bibliotheca:
3764 1205 3861 1259 pe-

2269 1278 2422 1348 lagus
2450 1280 2700 1335 immersa
2727 1278 2917 1334 latere.

2338 1367 2572 1434 Deinde,
2602 1370 2753 1439 quod
2790 1370 3010 1441 majoris
3044 1372 3207 1427 etiam
3232 1373 3494 1430 momenti
3520 1381 3621 1441 est,
3650 1388 3773 1429 cum
3800 1373 3858 1429 in

2269 1462 2477 1518 caeteris
2499 1461 2852 1531 editionibus,
2883 1461 3011 1518 dum
3042 1470 3226 1521 errata
3252 1464 3495 1534 priorum
3526 1465 3859 1535 posteriora

2268 1550 2573 1608 inconsulte
2596 1562 2984 1622 sequerentur,
3029 1554 3345 1611 mendarum
3386 1570 3642 1613 ments
3666 1564 3860 1615 ancus

2267 1643 2448 1714 potius
2489 1653 2634 1701 esset
2666 1660 2828 1716 quam
2869 1646 3217 1715 imminutus,
3260 1648 3317 1704 in
3362 1649 3465 1705 hac
3511 1657 3663 1705 om
3704 1650 3764 1705 ί,

2266 1734 2616 1790 emendandis
2654 1738 3112 1808 repnrgandisque
3151 1740 3378 1795 multum
3422 1741 3622 1801 laboris
3648 1743 3858 1815 impel-

2267 1837 2386 1879 sum
2412 1833 2519 1891 est,
2548 1827 2716 1882 multa
2743 1843 2908 1904 sensu
2935 1829 3094 1899 plane
3113 1831 3353 1887 carentia
3382 1832 3435 1887 in
3459 1832 3725 1903 integrum
3767 1850 3857 1890 re-

570 1913 1066 2014 sumes...
1089 1946 1358 2003 om...
1376 1913 1546 2005 an.
1567 1913 2160 2020 ριηηιδωοεαξρέέ
2189 1913 2242 1978 ι
2480 1937 2493 1971 =
2526 1919 2681 2020 caus
2715 1920 3049 2020 mea
3074 1923 3283 2020 [θείω
3306 1927 3567 2020 me
3593 1927 3683 2020 ad,
3706 1929 3850 1998 ea

568 2044 679 2087 non
705 2032 1030 2102 coniectaria
1046 2038 1230 2102 modo,
1260 2039 1357 2094 sed
1376 2041 1539 2096 certis
1558 2039 2158 2098 indiciisconstatman

568 2129 766 2189 prater
782 2123 1041 2181 eximium
1069 2127 1200 2183 illud
1225 2136 1414 2186 contra
1428 2130 1685 2188 Faustum
1711 2148 1864 2203 opus,
1893 2134 2039 2203 quod
2056 2134 2158 2189 ali-

567 2211 689 2268 cubi
737 2212 967 2273 fortasse
1006 2218 1064 2274 in
1108 2220 1560 2281 bibliothecarum
1602 2227 1815 2296 angulis
1854 2227 2156 2299 delitescit,

565 2316 692 2361 sunt
719 2306 823 2363 alia
851 2324 1084 2380 quorum
1108 2312 1553 2373 inveniendorum
1578 2318 1673 2375 vix
1700 2319 1808 2375 ulla
1830 2335 1959 2390 spes
1984 2328 2088 2377 est.

638 2400 876 2462 Primum
894 2410 1152 2482 'naspim
1172 2421 1359 2470 exstat
1382 2430 1513 2472 vera
1534 2416 1627 2472 illa
1653 2420 1935 2490 responsio
1959 2420 2152 2476 adver-

564 2510 657 2550 sus
686 2493 917 2567 Pintam,
942 2515 1107 2571 quam
1118 2513 1310 2560 mea
1337 2505 1408 2563 ab
1434 2507 1554 2578 ipso
1574 2510 1838 2579 scriptun
1865 2517 2098 2566 constat.

628 2594 888 2667 Naqiiatn
907 2608 1091 2658 astat
1117 2600 1255 2659 liber
1279 2604 1662 2664 Alterbationls
1678 2618 1791 2679 quo
1808 2611 1879 2665 de
1904 2609 2009 2665 ﬁde
2029 2622 2153 2666 cum

563 2683 922 2747 Tmhnnnio
938 2694 1404 2767 ugedtspatavit,
1435 2713 1468 2754 a
1496 2707 1685 2758 sancto
1712 2701 1919 2758 Isidoro
1944 2716 2155 2758 inemo-

560 2783 729 2832 ntus.

546 2934 549 2937 λ
630 2873 1090 2949 Nuspiinuexstat
1114 2883 1255 2941 liber
1271 2885 1340 2942 de
1362 2886 1566 2959 Spiritu
1594 2899 1785 2947 sancto
1811 2891 1879 2946 ad
1921 2891 2149 2963 Abragi-

559 2980 687 3038 iasn,
707 2972 823 3042 "qu
844 2973 1033 3030 mium
1048 2970 1449 3047 Scripturarum
1465 2981 1601 3038 locis
1624 2981 1882 3055 Spiritum
1901 2990 2150 3041 sanctum

558 3072 723 3114 unum
761 3076 883 3116 cum
913 3061 1074 3120 Patre
1091 3074 1158 3121 et
1174 3065 1313 3124 Filio
1336 3068 1512 3124 Deum
1542 3074 1826 3142 probabat.

626 3161 882 3233 Nuspiam
913 3175 1090 3222 exstat
1120 3171 1380 3238 pmdara
1402 3172 1629 3242 epistola
1659 3175 1727 3229 ad
1752 3173 2148 3246 Cartnaginen-

552 3264 665 3321 ne,
696 3254 912 3309 sublimi
930 3294 949 3321 ,
980 3264 1043 3312 ut
1066 3258 1236 3313 habet
1263 3261 1432 3331 ipsius
1460 3260 1597 3318 Vitas
1622 3262 1875 3336 scriptor,
1896 3269 2149 3323 exhorta-

553 3343 693 3398 tione
738 3346 1040 3417 pusillam,
1082 3349 1181 3403 ωε
1230 3360 1359 3421 pene
1408 3362 1621 3409 cunctos
1662 3355 1809 3411 dolos
1844 3366 1894 3412 et
1934 3358 2152 3429 fallacia

551 3430 905 3490 blandimenta
921 3477 936 3503 ,
966 3437 1148 3509 quibus
1179 3441 1414 3513 infelices
1456 3445 1648 3501 animi:
1674 3446 2052 3503 aeducebantur
2078 3444 2151 3503 ad
2181 3487 2185 3491 ι

551 3533 784 3591 mortem,
814 3528 1122 3597 gravissima
1148 3533 1510 3602 conquestione
1538 3535 1769 3608 digessit.

618 3615 873 3697 Nuspialn
909 3629 1125 3685 sistam
1142 3629 1259 3687 duo
1286 3630 1355 3688 de
1387 3631 1601 3704 Jejunio
1647 3643 1702 3692 et
1740 3635 1997 3695 Oratione
2024 3639 2146 3697 libri

551 3731 691 3789 quos
713 3717 781 3773 ad
809 3716 1041 3776 Probam
1070 3721 1139 3777 ab
1167 3737 1234 3778 eo
1261 3724 1491 3795 scriptos
1516 3737 1748 3784 constat.

620 3807 876 3881 Μαρία
915 3816 1131 3868 exstant
1172 3815 1292 3870 duae
1317 3815 1387 3871 ad
1414 3816 1766 3890 Stephaniam
1793 3820 2028 3880 nobilem
2067 3818 2146 3880 fe-

549 3900 752 3958 minam
783 3909 850 3960 et
883 3912 985 3960 sub
1020 3904 1079 3960 et
1106 3906 1492 3978 episcopon
1530 3912 1751 3967 nomine
1794 3912 1851 3968 in
1897 3910 2144 3987 Sardinia

544 3993 777 4064 scriptae.
822 3992 905 4052 Ex
941 3996 1137 4066 quibus
1164 3999 1342 4055 locum
1372 4000 1606 4061 Arianus
1632 4004 1851 4062 cuidam
1888 4008 1944 4063 in
1987 4022 2143 4064 suum

542 4090 847 4141 malum
868 4088 1236 4145 transtulerat.

613 4181 868 4254 Nuspiam
891 4188 1070 4241 exstat
1102 4190 1334 4258 epistola
1372 4192 1440 4247 ab
1469 4206 1588 4263 ipso
1622 4197 1823 4266 scripta
1853 4199 1918 4253 ad
1947 4206 2141 4269 quem-

430 4340 433 4345 _
542 4271 669 4326 dam
708 4269 976 4328 Joannem
1018 4275 1373 4347 episcopum;
1404 4294 1510 4349 qua
1553 4282 1853 4339 luculenter
1877 4287 2143 4357 probabat

542 4362 826 4419 criminum
848 4379 1001 4420 reum
1023 4368 1262 4423 smculari
1279 4369 1446 4438 judici
1474 4388 1585 4427 non
1615 4389 1738 4430 esse
1768 4365 2100 4433 tradendum.

610 4458 864 4536 Ruspina
880 4470 1100 4522 exstant
1127 4468 1247 4524 libri
1271 4470 1459 4526 decem
1492 4472 1559 4529 ad
1586 4466 1903 4546 Fabianum,
1933 4495 2001 4536 ex
2021 4484 2140 4553 qui-

542 4553 645 4611 bus
664 4556 875 4613 nonnisi
902 4555 1199 4627 l‘ragmenta
1220 4572 1531 4630 supersunt.

2267 2024 2461 2064 narum
2494 2011 2696 2066 calcem
2725 2013 2945 2069 notukn.
2985 2014 3161 2085 Atque
3200 2017 3404 2073 utinam
3440 2019 3494 2073 in
3530 2018 3634 2075 hoc
3668 2019 3857 2075 labora

2265 2098 2496 2170 amplius
2532 2102 2786 2171 progredi
2822 2104 3087 2181 licuissg
3117 2122 3290 2178 eaque
3313 2123 3443 2164 mss.
3475 2108 3631 2179 copia
3658 2118 3857 2179 praesto

2263 2187 2485 2259 fuisset,
2538 2192 2733 2260 quibus
2778 2196 3045 2263 permulta
3093 2211 3213 2265 quae
3265 2199 3493 2255 obscura
3544 2211 3856 2258 manserant

2261 2278 2521 2336 illustrari
2546 2283 2874 2352 potuissent!
2899 2284 2996 2365 Est
3015 2296 3195 2343 tamen
3224 2288 3428 2358 aliquid
3449 2291 3660 2347 ceteris
3678 2293 3734 2347 ia
3751 2292 3857 2348 hae

2262 2370 2881 2444 emendandi'diligentia
2910 2378 3200 2447 prae-ivisse,
3231 2395 3435 2449 eosque
3458 2381 3530 2437 ad
3553 2380 3697 2439 hanc
3716 2399 3854 2454 ope:

2260 2477 2378 2517 ram
2405 2462 2701 2532 majoribus
2731 2466 3052 2535 adjumentis
3070 2470 3436 2540 pratstandam
3466 2473 3755 2530 excitasse.

2333 2550 2581 2622 Capitum
2632 2557 2952 2625 partitiones
2993 2560 3278 2631 aliquoties
3324 2562 3638 2620 immutatus
3683 2565 3851 2622 lector

2262 2636 2516 2713 offendet,
2549 2647 2644 2703 sed
2673 2651 2986 2707 mutationis
3005 2668 3219 2709 causam
3247 2654 3407 2711 facile
3442 2657 3808 2728 deprehendet
3835 2679 3851 2715 :

2190 2775 2210 2819 Α
2260 2744 2410 2792 tanta
2438 2738 2582 2794 enim
2608 2739 2813 2798 incuria
2842 2745 3113 2801 sectiones
3138 2746 3243 2801 illis
3277 2747 3406 2803 olim
3431 2749 3588 2806 factae
3615 2752 3847 2820 fuerant,

2169 2830 2172 2833 “
2258 2836 2320 2882 ut
2344 2844 2455 2884 non
2494 2846 2618 2886 raro
2658 2831 2847 2888 eadem
2885 2836 3110 2904 periodo
3147 2838 3201 2893 in
3250 2838 3386 2895 duas
3432 2850 3616 2910 partes
3662 2846 3850 2912 scissa,

2258 2916 2409 2990 prior
2435 2916 2785 2990 praecedentis
2810 2927 3001 2996 capitis
3034 2928 3347 2997 clausulam,
3379 2932 3550 2988 altera
3578 2939 3851 3005 sequentis

2257 3010 2542 3066 exordium
2571 3012 2796 3084 faceret,
2827 3031 2892 3071 ac
2916 3018 2996 3074 sic
3030 3027 3142 3074 tota
3170 3023 3439 3078 sententia
3469 3024 3599 3080 lucis
3621 3042 3848 3095 prorsus

2258 3111 2315 3157 et
2333 3102 2643 3160 intellectus
2669 3121 2865 3177 expers
2885 3117 3046 3165 esset.

2330 3191 2512 3260 Sicubi
2538 3219 2672 3263 vero
2699 3222 2925 3278 operum
2953 3210 3092 3265 tituli
3123 3213 3367 3268 nonnihil
3394 3214 3478 3270 vel
3500 3217 3714 3283 mutati,
3755 3221 3843 3274 vel

2176 3285 2224 3351 C
2257 3296 2419 3360 aucti,
2445 3304 2557 3352 tum
2585 3290 2672 3353 vel
2699 3300 2839 3355 ratio
2867 3301 3027 3355 simul
3053 3301 3263 3373 addita,
3311 3321 3380 3360 ne
3416 3314 3617 3363 temere
3641 3307 3843 3364 factum
3962 3336 3971 3341 ι

2254 3386 2423 3442 videri
2474 3390 2674 3458 possit;
2726 3391 2872 3460 quod
2921 3393 3351 3453 animadvertere
3394 3408 3480 3453 est
3516 3400 3570 3454 in
3613 3403 3847 3458 tractatis

2253 3476 2322 3534 de
2350 3468 2482 3537 Fide
2505 3481 2574 3536 ad
2600 3479 2843 3553 Petrum,
2866 3484 2957 3541 ubi
2986 3495 3312 3558 expunctum
3334 3500 3484 3545 recte
3509 3490 3722 3549 diaconi
3748 3510 3847 3549 no-

2250 3580 2377 3623 men
2405 3585 2712 3642 novumque
2757 3573 3000 3631 additum
3040 3578 3250 3633 titulum
3290 3580 3343 3633 in
3387 3588 3514 3637 nota
3558 3585 3843 3652 probatum

2251 3665 2338 3713 est
2361 3673 2430 3713 ex
2459 3659 2576 3730 ipso
2604 3654 2912 3731 Fulgentio;
2939 3665 3024 3720 vel
3049 3667 3093 3722 si
3121 3668 3227 3724 hoc
3267 3669 3591 3739 quandoque
3618 3681 3842 3742 prseter-

2249 3750 2474 3804 missum
2504 3760 2611 3815 est,
2642 3751 2756 3821 ipsa
2783 3769 2843 3809 se
2870 3755 3170 3824 legentibus
3193 3759 3334 3813 ratio
3361 3760 3571 3829 prodet,
3600 3771 3660 3817 et
3688 3766 3841 3833 quasi

2249 3838 2306 3894 in
2340 3841 2526 3897 oculos
2564 3843 2821 3899 incurret.
2858 3844 2948 3901 Sic
2993 3848 3138 3902 enim
3181 3848 3319 3904 libro
3358 3849 3425 3905 de
3470 3849 3841 3915 incarnatione

2248 3928 2371 3986 Filii
2393 3930 2491 3997 Dei
2510 3932 2748 3988 additum
2776 3943 2858 3990 est
2886 3937 2941 3991 in
2969 3937 3124 3993 titulo
3148 3948 3197 3993 et
3227 3939 3402 3993 vilium
3419 3942 3724 3997 aninmliunt
3742 3960 3839 3996 au-

2247 4030 2420 4091 ctore;
2450 4033 2563 4080 tum
2591 4026 2715 4097 quia
2739 4027 2889 4082 istius
2917 4030 3096 4098 operis
3122 4047 3249 4102 pars
3268 4032 3379 4087 fere
3407 4032 3626 4089 dimidia
3656 4035 3710 4089 in
3736 4036 3843 4090 hoc

2249 4124 2569 4184 argumento
2596 4117 2937 4182 versabatur,
2973 4129 3084 4173 tum
3121 4122 3245 4192 quia
3282 4122 3477 4177 clarius
3515 4122 3619 4178 hac
3659 4139 3842 4179 acces-

2247 4204 2403 4262 sione
2431 4214 2692 4261 tractatus
2715 4207 2804 4261 ille
2832 4206 2901 4263 ab
2929 4206 3037 4264 alio
3073 4196 3499 4279 distinguebatur
3532 4213 3675 4269 hunc
3709 4216 3809 4268 titu

2247 4292 2361 4348 lum
2391 4293 2727 4364 praeferente,
2759 4298 2823 4352 de
2852 4295 3225 4356 Incarnalione
3246 4312 3294 4357 et
3333 4301 3536 4359 Gratia.

2320 4391 2491 4450 Erunt
2515 4394 2656 4451 forte
2682 4398 2775 4467 qui
2794 4399 3059 4455 mirentur
3081 4417 3149 4457 ex
3168 4402 3429 4461 mediocri
3457 4406 3731 4463 volumine
3760 4416 3841 4463 tot

2246 4498 2413 4556 Opera
2435 4484 2495 4545 in
2517 4490 2867 4559 appendicem
2893 4492 3150 4562 relegata.
3177 4490 3285 4550 Sed
3314 4496 3368 4551 id
3395 4513 3502 4553 non
3543 4498 3658 4554 sine
3676 4498 3839 4568 justis

2246 4578 2688 4652 evidentibusque
2707 4585 2882 4640 causis
2902 4584 3098 4640 factum
3119 4586 3172 4641 in
3189 4587 3448 4658 cujusque
3471 4592 3648 4661 operis
3661 4592 3840 4647 fronte

615 4655 741 4714 Haec
765 4658 834 4714 de
858 4658 1115 4730 operibus
1134 4659 1403 4731 Fulgentii
1431 4666 1639 4736 praefari
1667 4670 1860 4726 visum.
1892 4671 1970 4729 De
2016 4676 2139 4743 qui-
2164 4654 2226 4718 Β
2246 4667 2673 4727 demonstratum
2701 4683 2812 4741 est;
2843 4691 2944 4730 nec
2983 4676 3036 4730 id
3062 4654 3274 4747 privato
3300 4654 3523 4748 judicio-
3547 4691 3835 4747 tentatum,

539 4748 640 4804 bus
676 4749 799 4820 quis
830 4744 992 4806 fuerit
1030 4752 1376 4823 antiquorum
1423 4771 1613 4814 sensus
1651 4775 1719 4816 ex
1752 4758 1963 4819 Isidoro
2013 4762 2140 4823 sciri

537 4848 735 4911 potest,
769 4857 799 4895 a
828 4856 936 4911 quo
958 4840 1161 4899 dicitur
1185 4842 1241 4899 in
1271 4844 1562 4918 Scripturis
1582 4852 1772 4907 divinis
1794 4856 1999 4926 capiose
2018 4872 2138 4910 eru-

536 4931 696 5000 ditus,
724 4932 783 4987 in
806 4933 1062 5006 loquendo
1082 4932 1278 5005 dulcis,
1322 4940 1380 4993 in
1409 4940 1712 4999 disserendo
1731 4944 1962 5007 subtilis.
1994 4940 2135 5003 Eru-

536 5021 663 5079 ditis
702 5030 856 5079 certe
894 5026 1025 5079 noni
1074 5026 1252 5082 saeculi
1290 5029 1424 5084 viris
1472 5041 1581 5087 non
1616 5034 1733 5089 leve
1772 5037 2007 5092 studium
2038 5037 2137 5094 fuit

536 5120 760 5182 magnas
784 5128 851 5171 ex
890 5116 1008 5186 ipso
1040 5114 1267 5175 lacinias
1296 5125 1648 5194 excerpendi;
1694 5136 1807 5184 tota
1855 5140 1988 5185 vero
2031 5126 2133 5187 Ec-

535 5204 696 5260 clesia
724 5202 1097 5274 Lugdunensis
1118 5210 1228 5268 hoc
1253 5212 1428 5284 ipsum
1454 5216 1632 5286 elogio
1667 5216 1914 5289 dignatur
1946 5240 1958 5274 :
1990 5220 2130 5277 Bea-

536 5305 617 5350 tus
663 5299 882 5353 antistes
915 5309 966 5354 et
998 5302 1253 5373 gloriosus
1289 5308 1576 5377 confessor,
1612 5312 1699 5382 qui
1725 5310 1788 5365 ob
1822 5313 2131 5367 admiranda

533 5388 584 5441 et
600 5389 901 5447 manner)
933 5394 1126 5467 scripta
1155 5412 1356 5469 anuper
1393 5399 1456 5453 ab
1493 5399 1732 5457 Ecclesia
1777 5400 2002 5473 ﬁdeliter
2042 5422 2127 5459 re-

532 5487 741 5546 ceptus,
780 5491 834 5537 et
874 5483 1014 5539 inter
1039 5489 1331 5556 scriptores
1370 5490 1745 5549 ecclesiasticos
1797 5494 2128 5551 laudabiliter

534 5582 832 5631 numeratus
858 5587 953 5633 εει.
1435 5627 1438 5631 ~

603 5666 700 5728 Est
723 5682 874 5731 certe
912 5678 1197 5747 singularis
1226 5681 1279 5735 in
1321 5682 1438 5752 ipso
1472 5682 1555 5738 vis
1592 5684 1814 5753 ingenii,
1871 5701 1977 5740 non
2020 5689 2136 5743 vul-

530 5767 646 5833 gari
679 5770 944 5825 suavitate
983 5772 1219 5827 condita.
1246 5770 1391 5828 Sunt
1426 5784 1608 5831 tamen
1645 5775 1735 5848 qui
1766 5778 1939 5847 ipsum
1971 5781 2136 5833 astri-

529 5854 758 5918 ctiorem
792 5862 996 5920 vellent
1022 5872 1081 5921 et
1114 5862 1171 5923 in
1199 5863 1392 5926 iisdem
1418 5869 1704 5929 sententiis
1741 5871 2017 5930 versandis
2041 5887 2132 5930 re-

2246 4759 2342 4815 sed
2370 4762 2703 4818 eruditorum
2726 4764 2990 4835 suffragiis
3016 4767 3300 4836 diligenter
3324 4774 3592 4842 expensis.

2317 4850 2394 4907 De
2438 4852 2648 4909 duobus
2688 4859 3026 4914 sermonibus
3061 4844 3257 4916 additis
3301 4869 3352 4917 et
3393 4863 3521 4932 quid
3564 4866 3838 4921 videretur

2246 4946 2575 5017 expositum,
2598 4956 2653 5004 et
2671 4964 2758 5005 res
2787 4958 2901 5007 tota
2929 4951 2998 5008 ad
3021 4951 3284 5009 lectorum
3305 4955 3585 5012 arbitrium
3610 4959 3834 5014 remissa

2244 5046 2347 5091 est.

2318 5124 2545 5182 Additus
2574 5136 2659 5181 est
2678 5143 2804 5184 mss.
2830 5131 3323 5205 impressorunique
3351 5135 3594 5192 codicum
3620 5153 3688 5195 ex
3712 5139 3833 5210 qui-

2242 5216 2345 5271 bus
2372 5217 2486 5273 htec
2512 5217 2677 5273 editio
2702 5219 2987 5275 emendata
3011 5230 3092 5279 est
3121 5222 3279 5279 index
3306 5224 3374 5279 ad
3417 5226 3575 5297 hujus
3601 5228 3829 5284 volumi-

2240 5308 2325 5363 nis
2350 5309 2571 5364 calcem.

2315 5413 2425 5468 Nec
2445 5413 2804 5469 omittendum
2836 5416 2921 5472 hic
2947 5427 3030 5474 est
3048 5419 3285 5483 debitum
3314 5421 3583 5479 Chiﬂletio
3610 5420 3830 5480 Jesuita:

2242 5506 2454 5559 eximiae
2477 5505 2792 5560 eruditionis
2820 5506 2966 5574 viro,
2989 5520 3126 5580 grati
3152 5512 3314 5566 animi
3343 5514 3730 5583 testimonium,
3756 5518 3831 5571 ob

2242 5596 2512 5667 singulare
2532 5596 2647 5665 ejus
2667 5597 2734 5653 de
2763 5596 3041 5668 Fulgentio
3065 5613 3121 5656 et
3154 5604 3221 5657 de
3248 5603 3348 5658 hac
3373 5606 3671 5673 prtesertim
3713 5607 3830 5661 edi-

2244 5689 2395 5743 tione
2418 5689 2691 5744 meritum.
2719 5691 2864 5757 Quas
2904 5693 3045 5747 enim
3075 5711 3140 5754 ex
3182 5695 3344 5750 variis
3389 5696 3517 5753 olim
3552 5698 3833 5756 codicibus

2241 5778 2583 5835 bibliotheca:
2601 5777 2859 5836 Cartusitc
2887 5783 2952 5837 ad
2979 5782 3169 5840 Portas
3183 5787 3540 5857 exscripserat
3560 5790 3831 5845 variantes

2242 5871 2301 5932 in
2327 5870 2508 5929 omnia
2528 5870 2639 5931 fere
2667 5871 2930 5946 Fulgentii
2961 5890 3125 5948 opera
3152 5876 3415 5941 lectiones
3435 5921 3451 5951 ,
3481 5894 3575 5941 eas
3599 5878 3690 5942 ille
3724 5878 3830 5945 he-
