4124 6474
262 473 373 530 117
1622 473 2146 538 PROLEGOMENA.
3434 481 3537 537 H8

263 592 583 662 nignissime
609 606 732 648 cum
761 591 826 648 iis
853 592 1397 664 communicavit‘qui
1436 600 1719 665 postremae
1765 596 1852 651 isti
1876 597 1934 657 Α
2008 595 2152 653 .Haec
2179 602 2306 653 sunt
2330 610 2450 667 qua:
2486 598 2556 653 ad
2596 597 2867 669 publicam
2905 596 3188 655 utilitatem
3215 592 3541 669 promoven-

266 685 490 741 editioni
518 683 865 740 emendanda:
909 699 1129 755 operam
1158 684 1359 741 dabant
1404 704 1419 739 :
1448 701 1520 743 ex
1556 687 1749 756 quibus
1775 687 1853 743 illi
1955 689 2081 744 dam
2106 689 2195 745 vel
2220 690 2551 761 tentata,vel
2570 688 2761 747 effecta
2778 700 2922 747 sunt.
2948 692 3078 760 Qua:
3100 693 3145 749 si
3166 693 3341 747 minus
3360 706 3540 747 rerum

271 788 395 845 qm
418 773 727 830 excudenda
764 773 1039 830 restabant
1065 774 1332 844 Fulgentii
1374 776 1571 847 scripta
1602 793 1855 834 correxe-
1954 779 2192 851 ipsarum
2239 781 2434 851 pretio,
2483 783 2773 839 voluntatis
2818 793 2966 840 certe
3008 801 3073 841 ac
3116 785 3278 840 studii
3310 784 3541 852 merito,

275 870 414 927 runt,
442 863 614 918 serius
635 873 883 935 acceptas
903 865 956 920 in
975 864 1246 921 variarum
1274 866 1560 924 lectionum
1589 868 1853 941 syllabum
1955 870 2124 940 aequis
2162 870 2435 942 judicibus
2469 875 2755 945 probatum
2781 876 2849 931 iri
2893 892 3002 932 non
3030 877 3297 933 immerito
3326 890 3544 948 sperare

271 966 518 1011 accurate
539 952 858 1011 retulerunt.
1955 961 2111 1019 nobis
2138 962 2400 1020 videmur.

274 1059 2027 1081 “ii
2298 1062 2307 1074 .

1089 1136 1151 1199 s.
1179 1110 1614 1201 FULcsNTn
1649 1137 2005 1203 EPISCOPI
2035 1141 2457 1206 RUSPENSIS
2484 1145 2711 1221 VITA,

1323 1257 1370 1313 A
1397 1257 1474 1330 (a)
1502 1257 1740 1328 quodam
1768 1260 1886 1329 ejus
1911 1257 2174 1331 discipulo
2199 1264 2502 1337 conscripta

860 1427 865 1432 .
902 1389 983 1433 an
1009 1386 1401 1434 FELICIANUI
1431 1356 1790 1432 apisceron
1817 1387 1847 1431 s

1936 1387 2041 1432 στι
2074 1389 2422 1437 πυιαιιητιι
2452 1395 2910 1444 81100388οω

1725 1494 2056 1514 -σ--α-ο-

259 1575 573 1649 Pnonocus.
595 1574 713 1649 Duo
750 1575 1345 1649 doctoribuscatliolicg
1371 1574 1626 1649 Ecclesiae
1661 1592 1843 1629 neces~
1871 1578 1924 1640 B
1950 1575 2042 1631 diu
2062 1577 2248 1633 vivunt
2272 1577 2449 1634 adhuc
2473 1579 2566 1649 qui
2606 1587 2871 1635 noverunt
2899 1594 3021 1635 eum
3050 1579 3137 1634 vel
3162 1592 3193 1634 a
3219 1569 3537 1634 certissimis

334 1649 500 1710 saris,
529 1648 629 1717 vita
652 1647 787 1701 bona
803 1656 853 1701 et
871 1663 1004 1701 sana
1023 1647 1282 1701 doctrina.
1303 1644 1364 1699 Β.
1386 1644 1691 1717 Fulgentius
1709 1661 1847 1716 prta-

333 1734 509 1772 cessor
534 1716 792 1772 Feliciani
817 1719 1065 1789 episcopi.

339 1805 393 1859 ί.
409 1802 587 1860 Omnis
605 1803 741 1860 Novi
773 1804 1103 1861 Testamenti
1126 1800 1459 1858 ﬁdelissimus
1481 1801 1841 1873 dispensator,

258 1896 319 1949 in
348 1910 457 1964 quo
486 1895 715 1963 loquitur
739 1893 1004 1960 Christus,
1053 1901 1238 1949 sancte
1265 1891 1426 1947 Pater
1449 1891 1740 1956 Feliciane,
1786 1901 1845 1947 ut

259 1985 511 2055 exemplo
539 2000 638 2039 suo
659 1983 988 2041 credendum
1017 1983 1122 2038 sibi
1149 1982 1306 2040 facile
1335 1982 1678 2052 persuadeat,
1708 1996 1843 2052 ope-

256 2092 379 2131 rum
407 2077 671 2131 bonorum
718 2091 901 2131 curam
948 2075 1239 2130 maximam
1278 2075 1441 2143 gerit,
1486 2082 1542 2131 et
1587 2075 1845 2145 quidquid

256 2166 376 2221 aliis
404 2166 708 2221 faciendum
733 2164 878 2229 dicit,
925 2165 1042 2234 ipse
1071 2163 1319 2233 primitus
1356 2163 1500 2218 facit.
1525 2162 1654 2219 Sine
1680 2178 1843 2219 causa

254 2257 454 2327 quippe
475 2258 665 2311 nititur
689 2255 887 2312 docere
911 2254 1203 2324 sapienter,
1238 2254 1339 2312 nisi
1362 2254 1556 2308 vixerit
1582 2254 1843 2336 innocen-

257 2355 355 2401 ter.
385 2347 503 2401 Duo
528 2347 691 2415 igitur
713 2345 966 2401 Ecclesia:
1007 2344 1287 2401 catholicae
1313 2344 1625 2401 doctoribus
1653 2361 1843 2402 neces-

263 2438 394 2493 saria
420 2437 766 2507 judicantur:
812 2435 922 2490 vita
964 2437 1109 2491 bona
1155 2443 1211 2490 et
1251 2450 1381 2490 sana
1424 2433 1686 2491 doctrina.
1720 2435 1842 2493 Vita

252 2529 396 2582 enim
425 2529 567 2583 bona
595 2527 939 2583 commendat
969 2528 1242 2597 sapienter
1262 2525 1562 2592 docentem,
1594 2526 1841 2584 doctrina

246 2635 383 2674 sana
412 2627 568 2674 ornat
591 2620 727 2674 bene
743 2619 1035 2673 viventem.
1061 2617 1186 2672 Vita
1213 2616 1357 2673 bona
1385 2617 1513 2673 facit
1530 2618 1834 2685 amabilem,

246 2710 503 2765 doctrina
523 2726 654 2765 sana
675 2710 1016 2765 laudabilem.
1042 2710 1163 2764 Vita
1194 2710 1336 2766 bona
1363 2710 1618 2766 continuo
1659 2711 1836 2769 credi-

249 2810 348 2853 tur
372 2799 647 2863 imitanda,
694 2800 936 2855 doctrina
966 2815 1096 2855 sana
1123 2815 1395 2871 nunquam
1416 2800 1689 2871 judicatur
1716 2817 1839 2859 esse

250 2886 605 2957 repudianda.
625 2888 741 2943 Vita
756 2889 895 2943 bona
911 2888 1048 2943 tollit
1072 2892 1384 2946 occasiones
1404 2891 1834 2959 detrahentibus,

243 2981 501 3035 doctrina
547 2996 679 3036 sana
719 2980 922 3036 resistit
966 2981 1466 3039 contradicentibus.
1540 2978 1836 3055 Propterea

244 3072 380 3127 mihi
409 3072 706 3129 diutissime
748 3073 893 3129 beati
919 3073 1183 3145 Fulgentii
1203 3075 1477 3146 pontiﬁcis
1507 3077 1608 3148 (tui
1631 3077 1837 3135 scilicet

244 3166 608 3235 praecessoris,
638 3182 670 3221 a
692 3182 801 3237 quo
837 3166 998 3223 simul
1036 3168 1225 3224 nutriti
1270 3168 1502 3241 sumus),
1551 3177 1607 3225 et
1633 3187 1835 3229 nomen

242 3266 300 3314 et
326 3259 554 3327 gratiam
602 3259 890 3329 cogitanti,
939 3259 1069 3316 dum
1122 3261 1431 3337 frequenter
1475 3269 1604 3319 ante
1646 3266 1837 3321 oculos

242 3346 421 3403 cordis
465 3348 576 3403 mei
621 3349 876 3418 magister
922 3351 1171 3420 egregius
1204 3363 1530 3421 versaretur,
1581 3354 1834 3410 dolebam

243 3438 378 3493 tanti
405 3439 501 3494 viri
514 3438 709 3494 solatio
730 3441 966 3496 caruisse
987 3441 1216 3512 populos
1228 3442 1529 3499 Africanos.
1554 3443 1623 3499 Et
1641 3460 1833 3514 quam-

242 3530 324 3584 vis
368 3529 459 3585 ille
503 3530 709 3599 gaudiis
748 3532 1056 3587 caelestibus
1099 3533 1452 3591 oblectandus
1491 3535 1559 3590 ad
1604 3538 1831 3592 meliora

239 3619 584 3689 migraverit,
633 3621 776 3692 apud
819 3638 920 3677 nos
968 3631 1146 3679 tamen
1175 3623 1338 3680 modo
1380 3625 1609 3682 similem
1640 3627 1830 3683 deesse

240 3709 541 3781 doctorem,
568 3713 848 3783 sapientia:
875 3712 994 3782 ejus
1022 3714 1162 3770 bene
1192 3717 1439 3771 conscius
1468 3719 1824 3788 suspirabam.

317 3798 371 3854 2.
403 3799 632 3859 Dabatur
651 3817 782 3858 sane
810 3801 975 3857 flebili
996 3803 1361 3859 recordationi
1385 3806 1629 3876 quaedam
1658 3809 1830 3879 respi-

229 3891 404 3955 ratio,
429 3893 676 3961 quotiens
704 3892 1045 3947 dulcissimos
1072 3892 1240 3949 libros
1267 3891 1401 3963 ejus,
1427 3904 1529 3977 aut.|
1546 3896 1826 3966 epistolas,

228 3992 330 4036 aut
356 3997 493 4051 quos
513 3982 661 4039 dedit
690 3981 892 4054 populo
922 3992 1186 4053 prasente
1235 3998 1539 4048 sermones,
1593 3985 1679 4040 vel
1727 4000 1829 4056 ego
1867 4022 1879 4033 -

229 4070 505 4141 legebam,
548 4073 633 4128 vel
661 4072 899 4142 legentes
927 4072 1062 4129 alios
1107 4072 1409 4129 audiebam.
1441 4071 1828 4131 Verumtamen

237 4161 288 4215 in
318 4161 425 4217 illis
446 4161 718 4232 pneclaris
739 4161 1010 4233 opusculis
1052 4162 1324 4233 ingenium
1348 4161 1453 4218 viri
1478 4163 1828 4234 sapientiam-

229 4268 338 4322 que
360 4269 521 4324 posse
541 4254 759 4321 agnosci
782 4254 976 4309 tacitus
997 4252 1406 4310 considerabam
1431 4271 1445 4307 :
1469 4254 1622 4324 cujus
1642 4262 1824 4310 autem

221 4311 777 4414 justitiamprobitatis
802 4352 858 4401 et
878 4343 1259 4400 misericordiae
1279 4342 1458 4414 fuerit,
1474 4311 1821 4416 et'quomodo
1845 4327 1902 4390 Ῑ)
1932 4311 1972 4365 h

222 4436 571 4491 laudabiliter
595 4438 757 4492 vitam
786 4453 936 4493 suam
967 4436 1131 4510 (quod
1157 4444 1213 4492 tu
1238 4437 1379 4493 bene
1406 4438 1569 4511 nosti)
1601 4456 1723 4495 cum
1743 4438 1822 4495 fa-

223 4529 531 4585 miliaribus
555 4530 667 4586 suis
696 4530 1037 4600 transegerit,
1076 4532 1217 4593 sicut
1243 4531 1428 4587 docuit
1444 4533 1652 4599 vivens,
1681 4534 1821 4589 scire

220 4618 517 4689 plerosque
561 4635 668 4673 non
712 4619 1054 4690 dubitabam,
1116 4621 1286 4677 latere
1332 4628 1515 4677 tamen
1561 4622 1821 4694 plurimos

217 4716 548 4769 sentiebam.
598 4712 657 4769 In
707 4723 984 4785 posterum
1028 4730 1182 4782 vero,
1230 4731 1299 4770 ne
1345 4713 1616 4770 oblivione
1660 4716 1820 4785 longa

217 4808 656 4863 conversationis
696 4806 813 4877 ejus
837 4808 978 4863 bona
1009 4808 1364 4876 nescirentur,
1398 4822 1610 4877 semper
1638 4815 1693 4862 et
1719 4822 1826 4863 ve-.

214 4900 532 4955 hementius
551 4899 926 4955 formidabam.
956 4898 1076 4955 Dixi
1103 4913 1231 4969 ergo
1259 4899 1349 4955 diu
1380 4900 1652 4967 cogitans:
1675 4897 1815 4954 Ecce

215 4991 394 5061 fulget
416 4988 559 5046 beati
579 4988 846 5061 Fulgentii
875 5008 1006 5046 sana
1034 4991 1297 5056 doctrina,
1342 4991 1597 5060 quoniam
1624 4989 1815 5058 legun-

216 5094 315 5139 tur
342 5080 413 5138 ab
441 5084 688 5139 omnibus
716 5085 839 5139 libri
860 5083 995 5154 ejus.
1020 5083 1185 5152 Quasi
1208 5083 1297 5139 ille
1316 5083 1571 5154 loquitur,
1594 5081 1812 5152 quando

211 5176 394 5234 codex
426 5178 541 5247 ejus
572 5170 813 5234 titulatus
847 5179 1067 5233 nomine
1112 5177 1342 5246 legitur:
1366 5175 1459 5247 qui
1498 5183 1676 5231 autem
1718 5172 1813 5230 ﬁet

212 5280 279 5325 ut
312 5270 557 5324 similiter
585 5278 711 5326 nota
741 5271 811 5325 sit
839 5270 1088 5327 omnibus
1127 5271 1237 5325 vita
1267 5267 1384 5339 ejus
1409 5267 1591 5322 bona?
1628 5266 1811 5336 Quan-

296 5382 374 5452 (α)
408 5379 467 5452 Ρ.
495 5380 766 5452 Cbiilletio
806 5382 1032 5452 aliisque
1060 5382 1272 5438 videtur
1297 5378 1440 5452 quod
1470 5394 1501 5433 a
1530 5377 1813 5452 Ferrando

215 5450 478 5505 Ecclesim
506 5449 957 5522 Carthaginensis‘
972 5454 1221 5519 diacono,
1244 5449 1467 5522 propter
1486 5450 1722 5522 rationes
1743 5449 1815 5522 ab

215 5522 343 5592 ipso
372 5522 561 5592 allatas
588 5523 642 5576 in
668 5516 985 5592 praefatione
1007 5523 1072 5577 ad
1089 5516 1537 5591 opera—Fulgentii
1552 5516 1813 5574 Ferrandi

216 5591 449 5646 Divione
470 5591 613 5646 edita
636 5591 779 5648 anno
818 5591 973 5647 1649.
1023 5592 1171 5648 Alios
1199 5600 1379 5647 tamen
1410 5592 1491 5645 lite
1533 5604 1642 5643 non
1679 5602 1814 5644 con-

212 5662 475 5724 vincunt,
505 5678 624 5716 cum
649 5663 783 5717 Vita:
810 5673 1003 5718 auctor
1026 5662 1271 5716 videatur
1298 5677 1329 5715 a
1359 5660 1526 5714 latere
1545 5657 1813 5727 Fulgentii

218 5745 331 5800 non
357 5731 669 5787 discessisse
691 5774 706 5797 ,
733 5749 833 5789 nec
862 5733 912 5787 id
943 5734 1010 5788 de
1040 5732 1314 5787 Ferrando
1335 5729 1504 5800 possit
1533 5727 1808 5783 aﬂlrmari.

218 5799 561 5875 Vaﬂolland.
594 5808 616 5857 1
646 5801 804 5875 ζαη.9
833 5821 884 5875 p.
918 5803 1008 5869 3‘2,
1042 5801 1071 5874 δ
1100 5801 1153 5875 '5.

297 5871 371 5939 (b)
402 5872 459 5926 in
505 5888 604 5927 ms.
636 5865 801 5927 Colbf
834 5865 941 5928 'nec
987 5865 1094 5929 novo
1142 5873 1194 5926 in
1230 5868 1351 5925 Vita
1390 5885 1419 5923 a
1449 5865 1626 5939 Cirim.
1663 5866 1809 5939 edita

220 5936 366 5999 inter
392 5957 560 6016 opera
584 5940 861 6014 Fcrrandi,
888 5941 975 6001 ubi
999 5942 1266 6014 presbyter
1295 5937 1583 5996 habitabas.
1609 5936 1667 5994 In
1696 5936 1809 5996 An«
1878 6000 1885 6042 ὲ

1948 1669 2180 1726 testibus
2208 1670 2411 1741 aliquid
2437 1670 2505 1727 de
2526 1671 2642 1742 ejus
2682 1671 2973 1728 virtutibus
2999 1670 3315 1733 audierunt,
3365 1676 3542 1739 potest

1948 1759 2034 1815 illi
2060 1774 2299 1830 praesens
2335 1762 2596 1817 memoria
2624 1777 2812 1817 verum
2840 1762 3207 1817 testimonium
3236 1759 3538 1831 perbibere.

1950 1849 2090 1918 Quid
2119 1858 2241 1919 aget
2264 1859 2491 1907 ventura
2526 1852 2848 1922 progenies?
2893 1850 3032 1919 Quid
3075 1851 3133 1906 in
3173 1850 3542 1906 transmarinis

1947 1942 2195 2013 partibus
2220 1941 2379 2013 longe
2406 1944 2696 1999 constituta
2726 1941 2963 1999 fidelium
3006 1943 3202 1997 turba?
3248 1941 3383 1997 Cum
3410 1956 3540 2011 per-

1948 2033 2204 2087 venerint
2232 2032 2299 2087 ad
2327 2032 2574 2087 notitiam
2603 2032 2872 2098 lectionis,
2904 2033 2960 2087 in
2986 2045 3091 2101 qua
3119 2031 3263 2086 idem
3291 2030 3538 2085 beatissi-

1947 2137 2069 2178 mus
2114 2121 2355 2194 pontifex
2398 2123 2594 2179 absens
2638 2123 2896 2192 loquitur,
2943 2130 3191 2178 mortuus
3229 2120 3395 2187 vivit,
3442 2119 3542 2174 ad-

1947 2214 2291 2271 mirabuntur
2329 2213 2574 2284 profecto
2612 2214 2935 2285 sapientiam
2977 2232 2993 2268 :
3031 2213 3176 2268 unde
3215 2217 3543 2282 cognoscent

1946 2304 2352 2362 innocentiam?
2383 2302 2540 2363 Sicut
2567 2321 2697 2377 ergo
2721 2307 2869 2363 clara
2890 2313 2976 2363 est
3006 2305 3124 2376 ejus
3150 2303 3417 2368 doctrina,
3465 2301 3543 2358 sic

1944 2396 2147 2453 clarior
2170 2397 2264 2452 fiat
2289 2398 2456 2454 etiam
2483 2398 2616 2453 vita.
2637 2396 2948 2468 Loquamur
2971 2402 3029 2453 et
3056 2408 3332 2451 narremus
3362 2389 3542 2447 fratri-

1944 2487 2050 2544 bus
2073 2488 2275 2545 nostris
2299 2488 2575 2559 quomodo
2601 2494 2784 2544 tantus
2810 2487 3055 2559 pontifex
3083 2484 3303 2541 vixerit.

2016 2578 2072 2632 3.
2105 2575 2216 2635 Nec
2242 2579 2542 2637 timendum
2564 2587 2647 2636 est
2671 2593 2742 2635 ne
2768 2579 2980 2635 minore
3016 2573 3540 2633 factmdiasacerdo-

1943 2677 2079 2737 tem,
2108 2671 2201 2741 qui
2230 2686 2330 2741 per
2355 2672 2635 2727 universas
2674 2671 2822 2727 orbis
2847 2669 3117 2727 Ecclesias
3158 2680 3410 2736 magnum
3439 2680 3539 2721 no-

1943 2775 2071 2817 men
2115 2761 2369 2831 obtinuit,
2418 2776 2520 2831 ego
2549 2761 2743 2817 faciam
2784 2776 3029 2831 parvum.
3069 2758 3365 2829 Cujuslibet
3392 2757 3537 2812 enim

1943 2851 2018 2906 sit
2042 2852 2222 2907 meriti
2247 2852 2422 2908 oratio
2467 2867 2609 2919 mea,
2654 2866 2769 2913 nec-
2796 2865 2994 2923 augere
3029 2850 3232 2924 poterit
3260 2849 3391 2905 tanti
3433 2847 3537 2904 viri

1861 2950 1912 3017 ο
1942 2941 2160 3011 merita,
2200 2956 2306 2999 nec
2330 2942 2617 3000 minuere:
2646 2944 2742 3000 sed
2766 2942 3032 3014 proiicere
3068 2940 3442 2996 tantummodo
3467 2938 3537 2994 ad

1943 3036 2314 3092 testimonium
2357 3036 2622 3103 caritatis,
2669 3036 2725 3089 in
2765 3049 2871 3104 qua
2918 3034 2997 3088 illi
3041 3044 3257 3102 semper
3274 3031 3537 3084 inhaerere
3602 3031 3606 3033 ‘

1943 3126 2278 3191 desiderans,
2328 3126 2618 3183 salutiferis
2645 3126 2765 3197 ejus
2789 3126 3009 3181 monitis
3047 3123 3115 3178 ad
3142 3121 3535 3193 suscipiendam

1941 3218 2339 3290 professionem
2364 3220 2755 3276 monachorum
2781 3232 3095 3283 conversus,
3121 3217 3176 3271 in
3205 3216 3296 3270 illo
3324 3214 3536 3284 parvis-

1939 3312 2078 3367 simo
2097 3311 2427 3366 monasterio
2442 3310 2588 3382 quod
2608 3310 2713 3365 sibi
2730 3309 2869 3380 apud
2888 3308 3193 3364 Sardiniam
3216 3320 3315 3376 pro
3334 3301 3537 3360 Christi

1940 3403 2160 3457 nomine
2208 3402 2480 3472 relegatus
2524 3401 2808 3468 effecerat,
2859 3399 2950 3455 ubi
2998 3399 3110 3469 jam
3148 3404 3206 3451 tu
3258 3394 3536 3465 presbyter

1943 3493 2018 3566 (b)
2035 3494 2261 3562 habitas,
2284 3493 2473 3549 diebus
2489 3509 2553 3550 ac
2577 3495 2847 3559 noctibus,
2871 3499 2998 3548 ante
3020 3506 3143 3546 eum
3173 3490 3382 3560 positus
3402 3486 3536 3552 vixi,

1939 3585 2157 3654 quando
2177 3600 2267 3640 me
2293 3600 2455 3656 super
2475 3585 2584 3640 mel
2612 3592 2668 3640 et
2694 3584 2872 3639 favum
2894 3582 3135 3638 dulciora
3159 3579 3395 3636 caelestis
3415 3577 3536 3646 ejus

1940 3676 2140 3745 eloquii
2168 3675 2389 3730 flumina
2414 3675 2729 3744 frequenter
2758 3674 2832 3746 (c)
2859 3673 3169 3742 irrigabant.
3196 3671 3265 3727 Et
3302 3671 3406 3726 nisi
3433 3678 3536 3725 ste-

1939 3765 2109 3819 rilitas
2124 3767 2325 3820 arentis
2347 3765 2544 3833 ingenii
2563 3764 2904 3833 praepediret,
2929 3762 3283 3819 centesimum
3305 3761 3536 3817 fructum

1938 3855 2095 3921 gleba
2125 3855 2293 3909 nostri
2321 3855 2556 3923 pectoris
2582 3854 2871 3908 attulisset.
2904 3853 3011 3907 Sed
3058 3852 3309 3919 indignus
3336 3864 3438 3918 ego
3466 3850 3535 3905 de

1937 3951 2088 3997 tanta
2133 3943 2467 4012 plenitudine
2503 3944 2589 3996 vix
2638 3943 2887 4010 exiguam
2915 3955 3115 4017 capere
3150 3939 3294 3994 valui
3323 3941 3533 4008 portio-

1939 4047 2085 4086 nem.
2136 4031 2264 4086 Tuae
2287 4040 2467 4086 tamen
2504 4032 2846 4101 paternitatis
2871 4030 3206 4086 orationibus
3234 4028 3420 4093 fretus,
3463 4029 3532 4083 li-

1935 4122 2066 4177 belli
2095 4123 2374 4192 praesentis
2421 4122 2665 4177 laborem
2713 4122 2990 4190 suscipere
3032 4118 3306 4188 cogitavi:
3341 4119 3393 4172 in
3420 4132 3532 4187 quo

1932 4214 2120 4268 omnia
2149 4228 2269 4283 quae
2288 4213 2604 4267 memoriter
2630 4212 2788 4268 nobis
2817 4210 3158 4267 audientibus
3183 4209 3300 4280 ipse
3325 4208 3530 4264 refen-

1976 4317 2050 4375 at,
2080 4317 2138 4364 et
2160 4309 2248 4363 illa
2280 4310 2502 4379 insuper
2527 4322 2649 4377 qum
2668 4308 2840 4362 oculis
2868 4304 3068 4361 nostris
3086 4304 3415 4374 aspeximus,
3436 4310 3530 4357 aut

1926 4409 1995 4456 ut
2015 4402 2128 4470 jam
2154 4400 2316 4470 positi
2345 4400 2400 4453 in
2438 4398 2684 4455 doctrina
2731 4399 2875 4453 illius
2921 4393 3375 4468 quemadmodum
3417 4393 3528 4447 sint

1928 4500 2082 4562 gesta
2113 4508 2221 4547 non
2248 4492 2582 4559 ignoramus,
2614 4490 2853 4544 breviter
2876 4486 3160 4558 explicabo
3184 4502 3197 4538 :
3224 4491 3409 4539 notam
3428 4482 3526 4539 fal-

1928 4584 2108 4638 sitatis
2136 4584 2434 4637 -incurrere
2477 4581 2785 4635 nullatenus
2825 4580 3036 4643 timens,
3085 4584 3280 4633 cuncta
3324 4576 3526 4645 quippe

1930 4675 2159 4731 senilem
2187 4682 2332 4728 tuam
2374 4672 2755 4743 paternitatem
2784 4671 3007 4724 minime
3035 4670 3223 4724 latent.
3273 4668 3383 4723 Nec
3425 4666 3522 4720 tibi

1938 4782 2081 4823 nunc
2104 4765 2283 4834 aliqua
2307 4764 2461 4834 quasi
2498 4763 2762 4818 nescienti
2789 4761 3056 4822 dicuntur,
3104 4758 3199 4814 sed
3226 4768 3320 4815 tuo
3345 4758 3523 4829 potius

1931 4858 2247 4915 testimonio
2271 4853 2640 4912 confirmanda
2663 4852 2976 4922 simpliciter
2995 4852 3078 4922 (ά)
3098 4851 3427 4921 digeruntur.

1930 4990 2117 5047 CAPUT
2156 5004 2374 5044 PRIMUM.
2408 4984 2576 5041 Genus
2609 4984 2891 5057 Fulgentii.
2922 4984 3168 5040 Mariana
3191 4995 3361 5057 mater
3388 4981 3521 5037 Ful-

2004 5060 2184 5185 gentii.
2225 5057 2493 5129 Fulgentii
2522 5054 2799 5138 institutio.
2834 5054 3116 5110 Paternam
3164 5056 3370 5109 domum
3414 5068 3513 5123 gu-
3595 5090 3601 5117 ς

2036 5140 2206 5184 eruat.
2232 5128 2550 5183 Procurator
2572 5127 2863 5181 ordinatur.
3590 5134 3599 5184 ξ

2036 5140 2206 5184 eruat.
2232 5127 2550 5183 Procurator
2572 5127 2863 5181 ordinatur.

1997 5265 2049 5320 4.
2081 5262 2279 5321 Beatus
2304 5263 2464 5333 igitur
2492 5273 2564 5318 et‘
2584 5278 2711 5318 vere
2733 5238 3062 5331 Fulgentius,
3110 5257 3278 5314 nobili
3321 5272 3514 5320 secun,

1852 5363 1885 5370 7'
1928 5387 2109 5446 tuerp.
2159 5373 2417 5446 editione,
2462 5374 2686 5446 (inbitas.
2736 5371 2877 5446 Hinc
2905 5371 3140 5446 Joannes
3179 5368 3513 5446 Molanusin

1930 5464 2026 5502 sua
2047 5440 2114 5500 ad
2144 5443 2390 5501 eamdem
2420 5444 2715 5513 editionem
2739 5442 3070 5513 prcefatione,
3082 5440 3342 5513 scriptam
3367 5441 3512 5496 arbi-

1927 5525 2107 5571 tratur
2133 5516 2275 5570 hanc
2303 5515 2481 5570 Vitam
2525 5512 2591 5568 ad
2620 5509 2948 5568 Felicianum
2991 5510 3048 5566 S.
3078 5509 3344 5581 Fulgentii
3385 5526 3510 5567 suc-

1924 5601 2201 5643 cessorem
2249 5585 2302 5639 in
2329 5584 2641 5640 monasterii
2673 5581 2949 5651 regimine,
3000 5598 3110 5638 non
3135 5578 3265 5639 vero
3306 5578 3363 5638 in
3391 5581 3508 5638 eni-

1928 5664 2229 5795 “(253115”
2252 5725 2538 5797 rigabantL
2536 5721 2784 5797 additque
2805 5720 2938 5797 haec,
2961 5721 3093 5777 velut
3114 5722 3347 5797 parqu
3367 5722 3504 5797 riuus

1917 5790 2070 5868 aqua:
2088 5790 2432 5868 abundantius
2457 5792 2725 5868 eﬁluebant
2752 5790 2919 5868 perhn
2958 5808 3022 5868 ea;
3055 5790 3143 5849 ore
3183 5792 3302 5865 ejus
3321 5834 3339 5861 ,
3382 5792 3505 5848 etis

1921 5860 2132 5921 niodum
2161 5865 2402 5933 lacrymm
2423 5860 2687 5934 oculorum
2714 5862 2824 5934 ejus
2851 5860 3111 5934 rigabant.

1995 5936 2073 6005 (ά)
2099 5934 2158 5994 In
2179 5931 2574 6005 posterioribus
2602 5931 2941 6002 editibnibus,
2974 5931 3281 6008 diriguntur.
