4124 6480
632 434 735 488 119
804 445 810 452 ’

1775 425 1829 481 s.
1873 413 2307 479 FULGENTIUS
2343 378 2754 474 ausaausrs:

3798 412 3899 471 120

627 549 755 604 dum
782 563 998 604 carnem
1025 561 1222 617 genere
1247 551 1584 618 procreatus,
1633 549 1882 613 parentes
1925 538 2113 594 habuit
2140 552 2206 601 ex
2235 543 2288 599 Α
2315 542 2420 597 tur,
2456 534 2579 589 hinc
2609 532 2820 588 initium
2851 544 3068 586 sumens
3092 528 3408 601 imperandi.
3456 535 3511 582 et
3557 529 3898 603 consulendi,

628 654 852 695 numero
874 637 1372 709 Carthaginensium
1405 645 1735 693 senatorum.
1767 633 1912 687 Avus
1943 630 2022 703 (a)
2067 629 2210 684 enim

629 732 743 800 ejus
771 732 987 787 nomine
1013 731 1335 798 Gordianus,
1363 731 1489 784 dum
1524 745 1622 784 rex
1647 727 1721 799 (b)
1751 725 2073 797 Geysericus
2098 738 2212 778 tne-

627 831 891 876 moratam
941 821 1323 890 Carthaginem
1369 821 1541 875 victor
1588 817 1871 880 invadens,
1933 823 2214 870 senatores

628 911 916 981 plurimos,
955 912 1061 967 imo
1087 921 1342 977 cunctos,
1385 910 1596 964 amissis
1634 909 1882 964 omnibus
1923 907 2110 971 bonis,
2145 905 2214 960 ad

627 1001 832 1058 Italiam
870 1005 1124 1076 navigare
1163 1003 1540 1074 compelleret,
1596 1001 1736 1055 inter
1782 1008 2008 1054 czeteros
2049 997 2212 1052 etiam

629 1099 743 1166 ipse
797 1098 1099 1168 impositam
1148 1096 1636 1168 peregrinationem
1693 1093 1880 1147 libenti
1936 1091 2217 1146 voluntate

628 1191 863 1259 suscepit
905 1209 917 1243 :
961 1191 1148 1243 volens
1194 1189 1383 1242 saltem
1423 1185 1767 1241 facultatibus
1812 1182 2055 1254 perditis,
2105 1184 2242 1236 non'

629 1280 853 1350 perdere
878 1280 1182 1334 libertatem
1215 1278 1374 1349 (Vide
1403 1277 1493 1332 lib.
1527 1293 1543 1332 ι
1577 1276 1638 1330 Β.
1677 1275 1900 1329 Victoris
1929 1274 1992 1328 de
2025 1273 2215 1327 Perse-

629 1373 830 1425 rutione
859 1371 1260 1438 Vandalorum).
1291 1369 1422 1424 Post
1447 1369 1600 1437 cujus
1627 1367 1834 1422 obitum
1863 1365 1970 1419 duo
2003 1379 2072 1418 ex
2094 1361 2217 1418 ﬁliis

628 1461 762 1528 ejus,
791 1477 886 1529 spe
909 1461 1292 1530 recuperanda:
1336 1459 1683 1520 haereditatis,
1736 1455 2045 1510 Africanam
2085 1469 2216 1524 pro-

634 1552 862 1606 vinciam
892 1561 1218 1622 repetentes,
1251 1567 1471 1606 manere
1500 1552 1570 1620 (ε)
1616 1559 1794 1603 tamen
1825 1549 1964 1602 intra
1986 1546 2215 1602 Cartha-

611 1643 804 1708 ginem
829 1643 1049 1697 minime
1071 1652 1381 1712 potuerunt,
1399 1643 1559 1697 domo
1582 1640 1796 1710 pr0pria
1817 1639 2013 1692 donata
2035 1652 2219 1693 sacer-

611 1734 842 1794 dotibus
870 1735 1100 1789 Arianis.
1136 1735 1242 1789 Sed
1270 1733 1702 1803 possessionibus
1730 1732 1840 1786 suis
1857 1745 1926 1784 ex
1945 1737 2098 1800 parte
2117 1743 2217 1799 per

626 1826 1006 1879 auctoritatem
1056 1826 1260 1892 regiam
1308 1825 1551 1894 repetitis
1581 1821 1660 1895 (d)
1687 1823 1754 1876 ad
1792 1821 2217 1890 Bizaciunrper-

2314 643 2378 683 ac
2406 626 2734 696 gubernandi
2765 627 3207 696 quamplurimos.

2618 716 2800 773 CAPUT
2831 734 2888 773 ιι.
2913 715 3167 772 Felicitas
3194 717 3583 772 monachorum.

2303 803 2308 806 ’
2387 809 2437 864 6.
2473 811 2707 880 Accepta
2757 817 2938 864 tamen
2984 809 3086 864 hac
3121 817 3392 880 potestate
3432 809 3557 863 dum
3607 809 3906 866 clementer

2315 903 2503 969 utitur,
2553 910 2609 958 et
2646 900 2917 956 neminem
2946 899 3140 955 laedere
3169 915 3268 972 pro
3303 901 3548 968 ingenita
3574 900 3674 955 sibi
3701 900 3907 970 pietate

2317 994 2413 1070 (at.
2446 993 2707 1064 bonitate)
2731 992 3022 1058 desiderat,
3046 1001 3207 1062 atque
3238 993 3290 1048 in
3321 992 3601 1063 exigendis
3629 993 3910 1064 pensioni-

2316 1086 2418 1142 bus
2447 1085 2817 1142 crudelitatem
2841 1084 3059 1171 jubetur
3083 1100 3359 1152 exercere,
3387 1085 3550 1156 cos-pit
3571 1085 3909 1141 saecularium

2316 1177 2658 1246 negotiorum
2685 1175 2864 1250 gravis
2889 1189 3152 1244 apparere
3180 1176 3409 1242 sarcina,
3437 1185 3492 1230 et
3524 1175 3806 1246 displicere
3829 1173 3910 1230 fe-

2317 1268 2492 1323 licitas
2522 1283 2689 1332 vana;
2739 1266 3102 1336 paulatimque
3131 1267 3383 1323 laudabili
3429 1268 3686 1338 patientia
3713 1282 3908 1323 succe-

2317 1361 2500 1427 dente,
2531 1363 2695 1433 coepit
2721 1363 2842 1418 vita:
2871 1361 3128 1434 spiritalis
3166 1376 3318 1416 amor
3345 1374 3653 1430 exsurgere,
3695 1347 3911 1416 deside-

2318 1453 2458 1508 rium
2489 1453 2734 1509 lectionis
2773 1455 3014 1524 insuper,
3045 1461 3100 1508 et
3136 1453 3399 1508 orationis
3430 1451 3756 1508 indefessum
3785 1464 3911 1507 cret-

2318 1560 2470 1601 scere
2497 1546 2751 1602 studium.
2800 1546 3252 1602 Monasteriorum
3296 1545 3523 1616 proinde
3562 1545 3912 1601 suavissimos

2317 1649 2509 1706 greges
2533 1637 2871 1707 frequentius
2900 1637 3142 1701 visitans,
3165 1652 3446 1692 servorum
3463 1635 3558 1692 Dei
3580 1650 3761 1696 mores
3780 1651 3911 1706 pro-

2317 1729 2661 1799 positumque
2698 1729 2958 1785 discebat.
3005 1729 3152 1785 lnter
3199 1729 3549 1797 abstinentes,
3598 1728 3744 1783 nulla
3791 1743 3910 1783 esse

2317 1819 2510 1888 gaudia
2537 1821 2736 1887 saeculi,
2783 1821 2879 1876 sed
2909 1821 3055 1876 nulla
3085 1835 3204 1876 esse
3239 1820 3402 1876 etiam
3433 1819 3584 1875 taedia
3618 1819 3906 1875 sentiebat.

627 1927 901 1972 rexeruut.
930 1919 1112 1989 Ibique
1142 1920 1195 1973 in
1225 1917 1466 1988 Tellepte
1489 1918 1703 1972 civitate
1731 1933 1866 1971 unus
1897 1931 2084 1970 eorum
2113 1930 2212 1970 no-
2238 1907 2290 1970 Β
2316 1907 2376 1964 Ιιι
2410 1925 2619 1965 summa
2666 1911 2990 1966 abstinentia
3027 1911 3316 1980 ξνὶνεηῑθεν
3367 1909 3584 1965 Videbat
3639 1910 3902 1965 Ilenlinem

627 2010 772 2063 mine
791 2008 1060 2074 Claudius,
1094 2025 1160 2062 ex
1187 2009 1415 2077 conjuge
1444 2009 1658 2062 nomine
1683 2007 1752 2078 (ε)
1777 2007 2033 2071 Mariana,
2067 2005 2217 2061 Chri-

608 2101 798 2154 stiana
827 2100 1033 2154 scilicet
1059 2109 1114 2153 et
1155 2100 1383 2154 honesta
1434 2099 1653 2164 femina,
1703 2100 1882 2162 istum,
1932 2099 2018 2153 cui
2065 2105 2214 2152 tanta

627 2189 797 2257 gloria
839 2189 1154 2253 debebatur,
1206 2187 1433 2242 feliciter
1474 2189 1684 2256 genuit;
1735 2203 1965 2256 eumque
2010 2188 2212 2253 statim,

627 2279 781 2348 quasi
813 2281 881 2351 (ι’)
910 2280 1164 2349 praescius
1207 2279 1381 2348 qualis
1410 2287 1554 2334 esset
1599 2279 1827 2344 futurus,
1877 2279 2213 2347 Fulgentium

627 2371 946 2425 nominavit.
996 2369 1168 2436 Quem
1198 2370 1447 2438 religiosa
1479 2378 1652 2424 mater
1678 2369 1939 2424 moriente
1967 2370 2216 2424 celeriter

629 2470 782 2529 patre
810 2460 1010 2516 Graecis
1057 2461 1250 2516 litteris
1298 2459 1639 2516 imbuendum
1669 2461 1916 2530 primitus
1957 2460 2210 2516 tradidit:

629 2559 684 2605 et
711 2553 946 2620 quandiu
975 2560 1149 2607 totum
1195 2553 1353 2606 simul
1379 2551 1670 2607 Homerum
1699 2553 2011 2608 memoriter
2039 2552 2217 2608 reddi-

629 2639 817 2705 disset,
848 2641 1127 2696 Menandri
1155 2657 1374 2711 quoque
1403 2643 1568 2697 multa
1599 2654 1968 2714 percurreret;
1997 2646 2129 2700 nihil
2147 2645 2216 2700 de

630 2728 834 2786 Latinis
877 2733 1126 2802 permisit
1173 2733 1365 2788 litteris
1404 2734 1659 2790 edoceri:
1693 2737 1878 2791 volens
1903 2752 2026 2792 eum
2054 2752 2214 2808 pere-

630 2822 796 2888 grinae
824 2821 1017 2892 lingua:
1058 2824 1259 2878 teneris
1301 2825 1475 2880 adhuc
1523 2827 1678 2880 annis
1716 2829 1994 2898 percipere
2035 2829 2214 2884 notio-

629 2929 776 2980 nem,
806 2930 914 2985 quo
943 2915 1152 2972 facilius
1182 2926 1385 2987 posset,
1416 2919 1656 2974 victurus
1685 2920 1824 2975 inter
1852 2919 2029 2987 Afros,
2067 2922 2217 2978 locu-

630 3005 834 3060 tionem
855 3005 1116 3076 Gmeam,
1145 3010 1373 3065 servatis
1401 3013 1837 3082 aspirationibus,
1863 3021 2119 3085 tanquam
2140 3015 2218 3071 ibi

629 3098 864 3153 nutritus
892 3099 1214 3169 exprimere.

606 3234 608 3236 .
701 3188 756 3242 5.
787 3188 896 3244 Nec
939 3189 1128 3244 fefellit
1165 3201 1391 3247 matrem
1436 3193 1579 3262 piam
1627 3203 1785 3250 cauta
1822 3197 2081 3266 provisio.
2126 3195 2216 3252 Sic

2318 1993 2766 2056 calumniatorem
2792 2002 3002 2068 timere,
3035 2003 3130 2058 sed
3158 2019 3218 2059 se
3243 2003 3470 2058 invicem
3495 2002 3734 2071 diligere.
3768 2001 3903 2057 Con-

2317 2092 2592 2148 siderabat
2617 2093 2780 2149 etiam
2807 2093 3007 2149 multos
3035 2095 3406 2149 adolescentes
3453 2102 3725 2164 perpetua:
3773 2110 3909 2150 con-

2317 2185 2560 2241 tinentiae
2583 2185 2814 2252 deditas,
2846 2187 2913 2240 ab
2942 2187 3088 2242 omni
3114 2202 3274 2257 posse
3299 2185 3570 2241 abstinere
3598 2187 3908 2241 concubitu.

2321 2274 2542 2332 Talibus
2565 2277 2707 2349 apud
2735 2278 3084 2348 semetipsum
3132 2276 3550 2346 cogitationibus
3596 2276 3910 2343 ﬂuctuabat,

2319 2378 2484 2440 atque
2513 2372 2567 2426 in
2589 2371 2703 2427 haec
2721 2371 2887 2427 verba
2915 2370 3414 2443 prorumpens,Cur
3440 2371 3687 2436 obsecro,
3711 2354 3913 2436 aiebat,

2319 2461 2439 2516 sine
2465 2467 2561 2532 spe
2590 2460 2890 2517 futurorum
2935 2463 3199 2518 bonorum
3231 2462 3535 2517 laboramus
3581 2461 3635 2515 in
3682 2460 3914 2515 saeculo?

2321 2550 2462 2617 Quid
2509 2551 2666 2607 nobis
2705 2551 2995 2621 aliquando
3018 2541 3284 2623 praestare
3327 2551 3529 2622 poterit
3569 2551 3830 2606 mundus?
3857 2551 3915 2607 Si

2319 2642 2558 2708 gaudere
2606 2641 2997 2708 desideramus,
3054 2643 3181 2698 licet
3233 2643 3304 2697 sit
3345 2642 3536 2698 melius
3583 2643 3721 2697 bene
3760 2641 3914 2710 ﬂere,

2319 2749 2485 2806 quam
2506 2735 2648 2792 male
2671 2735 2908 2805 gaudere
2934 2755 2946 2788 :
2980 2744 3183 2805 quanto
3226 2735 3421 2790 melius
3469 2744 3651 2790 tamen
3680 2735 3914 2804 gaudent

2320 2843 2554 2898 quorum
2580 2829 2659 2884 sic
2685 2829 2739 2883 in
2767 2829 2937 2884 Deum
2965 2828 3251 2898 tranquilla
3289 2837 3372 2883 est
3399 2829 3748 2895 conscientia,
3780 2845 3914 2899 quos

2320 2922 2548 2977 minime
2575 2930 2748 2978 terret
2775 2923 3046 2977 exactoris
3071 2922 3298 2993 improbi
3328 2921 3603 2988 violentia,
3652 2923 3746 2991 qui
3785 2922 3914 2978 nihil

2321 3016 2521 3071 timent
2548 3015 2652 3070 nisi
2691 3023 2937 3087 peccata,
2988 3015 3121 3069 nihil
3160 3023 3324 3084 agunt
3363 3013 3466 3068 nisi
3507 3014 3644 3070 unde
3689 3022 3916 3084 possunt

2322 3108 2505 3164 divina
2535 3107 2761 3178 implere
2784 3107 3070 3161 mandata!
3105 3105 3222 3160 Non
3251 3105 3536 3175 fatigantui'
3558 3104 3782 3175 publicis
3809 3119 3914 3158 ex-

2325 3198 2592 3263 cursibus,
2617 3214 2725 3253 non
2744 3197 2938 3252 damna
2965 3198 3044 3252 rei
3073 3195 3352 3251 familiaris
3380 3203 3636 3266 coguntur
3659 3202 3754 3248 aut
3776 3193 3914 3250 ﬂere

631 3279 774 3333 enim
820 3280 1069 3347 quotiens
1110 3281 1160 3334 ei
1185 3279 1370 3337 Crtece
1419 3284 1566 3352 loqui
1614 3285 1878 3354 placebat,
1930 3296 2051 3356 post
2097 3289 2218 3343 lon-
2243 3279 2295 3344 ϐ
2326 3288 2724 3355 miserabiliter,
2748 3296 2840 3344 aut
2863 3289 3054 3343 timere
3075 3287 3407 3344 deformiter.
3430 3287 3722 3360 Operantes
3739 3287 3916 3342 mani-

633 3381 755 3435 gam
797 3369 875 3440 (g)
903 3368 1310 3427 desuetudinem
1362 3372 1647 3431 locutionis
1695 3375 1812 3446 ejus
1850 3386 1906 3434 et
1950 3379 2218 3446 lectionis,

610 3473 742 3520 non
769 3458 1054 3514 inconditis
1082 3461 1230 3515 sonis
1257 3463 1422 3518 verba
1448 3465 1779 3535 proferebat,
1809 3475 1869 3524 ut
1907 3473 2058 3539 quasi
2084 3486 2220 3541 quo-

607 3549 761 3611 ,tidie
803 3551 944 3606 inter
988 3550 1206 3609 Graecos
1259 3553 1502 3612 habitare
1548 3567 1844 3627 putaretur.
1894 3559 2219 3618 Litterarum

628 3639 853 3709 proinde
878 3638 1188 3698 Graecarum
1215 3655 1472 3716 percepta
1502 3649 1749 3714 scientia,
1777 3650 1983 3710 Latinis
2021 3655 2219 3711 litteris

630 3731 786 3798 (quas
830 3732 1071 3801 magistri
1112 3734 1223 3790 ludi
1267 3736 1465 3794 docere
1493 3746 1915 3814 consueverunt)
1958 3747 2012 3800 in
2054 3747 2217 3806 domo

627 3821 874 3889 edoctus,
894 3825 1024 3881 artis
1052 3826 1212 3882 etiam
1244 3833 1608 3898 grammaticae
1654 3836 1880 3894 traditur
1908 3838 2212 3898 auditorio:

625 3913 995 3982 magnitudine
1043 3917 1244 3988 ingenii
1267 3931 1462 3978 cuncta
1509 3925 1612 3980 sibi
1657 3928 1853 3984 tradita
1898 3934 2218 3990 memoriter

624 4012 681 4060 et
707 4008 974 4064 veraciter
999 4001 1256 4067 retinens.
1299 4011 1428 4070 Inde
1455 4023 1636 4072 tamen
1665 4018 2085 4078 domesticorum
2113 4041 2214 4081 ne-
2258 4016 2269 4024 ’

624 4099 894 4167 gotiorum
941 4112 1165 4171 urgente
1191 4105 1514 4163 necessitate
1539 4109 1648 4165 cito
1683 4112 1946 4183 sublatus,
1976 4123 2215 4185 paterna:

625 4188 815 4245 domus
861 4193 1303 4261 gubernationem
1347 4200 1585 4268 suscepit
1629 4201 1943 4261 adolescens
1966 4245 1981 4270 ,
2032 4208 2106 4262 ita
2154 4225 2216 4265 se

621 4281 882 4336 maternis
910 4283 1146 4353 imperiis
1165 4284 1420 4352 subdens,
1448 4297 1506 4342 ut
1534 4289 1607 4344 ibi
1627 4307 1843 4361 quoque
1866 4293 2063 4352 Christi
2093 4301 2212 4354 exi-

621 4379 795 4428 steret
823 4375 1078 4442 imitator,
1109 4377 1177 4433 de
1201 4391 1310 4447 quo
1332 4395 1485 4435 sacra
1507 4380 1798 4453 Evangelia
1820 4396 2211 4458 contestantur,

621 4461 695 4516 Et
716 4474 828 4519 erat
854 4464 1087 4522 subditus
1110 4469 1217 4523 illis
1240 4468 1390 4541 (Luc.
1421 4488 1480 4540 ιι,
1508 4471 1622 4547 51),
1669 4476 1723 4530 id
1751 4487 1835 4534 est
1875 4483 2209 4551 parentibus.

621 4552 902 4610 Gaudebat
929 4559 1251 4614 venerabilis
1278 4569 1471 4630 mater,
1521 4571 1578 4618 et
1603 4567 1859 4634 praeclara
1903 4571 2084 4629 indole
2120 4590 2209 4630 sa-

2315 3381 2430 3436 ‘bus
2453 3380 2563 3436 suis
2589 3396 2694 3436 non
2726 3381 3079 3437 adversantur
3115 3380 3434 3436 utilitatibus
3473 3380 3658 3436 alienis
3685 3399 3698 3433 :
3731 3380 3916 3435 vivunt

2324 3468 2470 3544 inter
2496 3485 2616 3525 sese
2635 3468 2863 3541 paciﬁci,
2895 3471 3081 3533 sobrii,
3112 3471 3292 3538 mites,
3323 3471 3552 3525 humiles
3593 3479 3756 3540 atque
3782 3485 3913 3525 con-

2325 3562 2542 3618 cordes.
2565 3561 2721 3616 Nulla
2740 3561 2845 3617 illis
2871 3577 3000 3617 cura
3026 3553 3260 3618 libidinis
3294 3581 3306 3615 :
3349 3562 3459 3616 imo
3485 3575 3679 3630 magna
3717 3561 3916 3616 sollici-

2323 3654 2460 3708 tudo
2489 3661 2546 3709 et
2568 3653 2710 3723 jugis
2728 3653 2972 3710 custodia
2993 3655 3274 3710 castitatis.
3301 3653 3573 3709 imitemur
3595 3662 3704 3708 tam
3734 3653 3917 3708 lauda-

2325 3741 2464 3798 biles
2491 3743 2656 3811 viros,
2702 3743 3024 3814 arripiamus
3068 3744 3210 3800 hanc
3238 3746 3377 3800 bene
3421 3743 3633 3798 vivendi
3662 3751 3917 3799 constan-

2324 3837 2479 3891 tiam.
2508 3833 2590 3889 Sit
2617 3834 2773 3891 nobis
2803 3835 2932 3891 utile
2955 3837 3098 3905 quod
3128 3835 3404 3891 revelante
3423 3835 3594 3904 gratia
3618 3837 3912 3890 meruimus

2319 3929 2552 3984 meliora
2577 3943 2922 3998 cognoscere.
2975 3929 3303 3998 Abjiciamus
3341 3929 3599 3999 pristinos
3627 3945 3834 3995 mores,
3863 3937 3917 3983 et

2323 4031 2600 4079 mutemus
2628 4023 2858 4078 labores.
2889 4021 3205 4077 Nitebamur
3228 4022 3378 4092 prius
3416 4023 3558 4076 inter
3585 4022 3790 4077 amicos
3820 4037 3920 4076 no-

2319 4115 2461 4171 biles
2483 4131 2748 4186 apparere
2770 4115 3087 4181 nobiliores,
3120 4115 3354 4168 nitamur
3374 4113 3535 4169 modo
3563 4114 3705 4168 inter
3733 4127 3922 4168 servos

2324 4205 2424 4262 Dei
2469 4222 2732 4278 pauperes
2786 4205 2922 4262 effici
2977 4208 3344 4278 pauperiores.
3401 4206 3457 4262 Si
3509 4207 3685 4262 coacti
3733 4223 3922 4263 sumus

2325 4300 2543 4368 exigere
2565 4299 2859 4367 debitores,
2889 4316 3148 4356 conemur
3174 4298 3339 4356 modo
3368 4310 3688 4356 convertere
3716 4315 3920 4370 pecca-

2323 4398 2492 4445 tores.
2543 4388 2694 4445 Solet
2723 4391 2886 4445 etiam
2928 4390 2997 4447 de
3039 4391 3267 4462 publicis
3314 4391 3656 4446 exactoribus
3703 4389 3926 4447 efﬁcere

2322 4481 2569 4536 Christus
2597 4479 2856 4537 Dominus
2885 4491 3071 4538 noster
3107 4482 3394 4551 magistros
3423 4481 3672 4539 Ecclesiae
3697 4501 3711 4537 :
3743 4483 3821 4539 de
3849 4493 3926 4540 te-

2322 4569 2475 4627 lonio
2504 4572 2648 4626 enim
2674 4580 2897 4628 vocatus
2923 4582 3006 4628 est
3031 4573 3334 4641 Matthzeus,
3359 4582 3418 4628 ut
3442 4574 3716 4645 apostolus
3745 4573 3927 4632 ﬁeret.

621 4643 819 4713 pientis
849 4645 943 4700 lilii
966 4662 1254 4704 maerorem
1275 4650 1378 4705 viri
1397 4651 1579 4709 amissi
1593 4657 1991 4716 consolabatur.
2018 4661 2209 4736 Ctepe-
2234 4653 2296 4718 Ῑ)
2327 4662 2519 4735 Neque
2547 4680 2649 4719 nos
2687 4665 2747 4736 (i)
2770 4665 2896 4721 huic
2917 4665 3110 4721 honori
3139 4681 3421 4736 personam
3445 4643 3732 4722 convenire
3753 4669 3929 4724 credi-

618 4742 707 4788 rat
735 4736 788 4789 in
811 4737 899 4791 illa
929 4736 1128 4794 familia
1157 4755 1295 4807 esse,
1345 4743 1438 4812 qui
1466 4745 1653 4801 amicis
1696 4747 2013 4820 obsequium
2041 4754 2208 4813 bene-

620 4824 774 4880 volus
803 4827 1071 4894 redderet,
1094 4830 1339 4888 inimicos
1370 4834 1450 4904 (h)
1481 4836 1873 4896 rationabiliter
1899 4844 2207 4916 repelleret,

620 4929 808 5006 servos
843 4927 1153 4975 mansuetus
1180 4930 1236 4977 et
1261 4939 1480 4981 severus
1523 4938 1737 4994 regeret
1783 4940 1838 4986 et
1887 4927 2206 5006 corrigeret,

617 5005 1000 5094 patrimonium
1022 5008 1248 5078 diligens
1275 5013 1500 5081 coleret,
1510 5017 1917 5077 sublimioribus
1931 5005 2207 5094 potestati-

619 5093 720 5151 bus
748 5098 1054 5156 carissimus
1082 5099 1254 5159 ﬁeret.
1285 5103 1449 5176 Cujus
1477 5111 1555 5164 rei
1583 5113 1775 5180 gratia,
1807 5093 2085 5175 crescente
2107 5137 2208 5192 per

619 5189 855 5259 singulos
887 5192 1000 5251 dies
1023 5193 1163 5252 fama
1191 5197 1329 5267 ejus,
1368 5211 1592 5272 repente
1639 5218 1960 5275 procurator
1987 5189 2205 5270 ordina-

913 5470 1014 5538 m's'.
1045 5457 1104 5512 In
1131 5460 1368 5538 reliquis,
1401 5464 1636 5538 denique.

689 5521 1270 5615 Elysillono‘ricusz
1297 5521 1445 5601 Ant.,
1476 5521 1770 5595 Heniericus
1797 5553 1846 5596 et
1868 5543 2198 5615 chsericus,

617 5599 673 5648 et
695 5597 748 5646 in
779 5597 1042 5666 margine,
1074 5597 1380 5658 Geisericus.
1432 5597 1440 5601 ⁷

686 5663 757 5729 (c)
785 5663 884 5720 Ms.
918 5675 974 5722 et
992 5667 1167 5723 Chim.
1187 5712 1201 5729 .
1234 5675 1524 5729 manere'ia

686 5663 757 5806 ξε)
785 5663 884 5720 Ms.
904 5663 974 5722 'et
992 5667 1167 5723 Chim.
1187 5712 1201 5738 ,
1234 5689 1441 5729 manere
1452 5675 1594 5746 'jam.

930 5737 1527 5825 etAntq‘Bgzantium.
1560 5747 1714 5825 Apud
1739 5749 1918 5825 Chil'il.
1945 5771 2096 5825 vero,
2128 5759 2199 5811 ad

930 5805 1088 5892 ld'etn‘

616 5875 936 5948 additurque
966 5877 1294 5950 Bythyniam.

2329 4771 2456 4810 mus
2483 4763 2724 4810 nostram
2755 4773 2767 4809 :
2793 4754 2886 4811 sed
2908 4757 2952 4810 si
2983 4757 3094 4826 ille,
3125 4757 3371 4828 deposito
3401 4755 3578 4813 ofﬁcio
3598 4759 3928 4826 exactionis,

2309 4847 2540 4918 'accepit
2567 4845 2802 4903 officium
2829 4847 3254 4917 praedicationis,
3284 4849 3413 4904 mihi
3433 4865 3542 4906 non
3571 4849 3768 4916 licebit,
3800 4861 3931 4923 post

2325 4941 2629 5010 depositam
2677 4938 3130 5010 proéurationem,
3166 4941 3478 5011 paenitentis
3523 4957 3806 4998 assumere
3849 4947 3931 5000 la-

2322 5031 2752 5086 mentationem?
2783 5029 3067 5101 Refugium
3099 5040 3341 5088 nostrum
3371 5034 3513 5090 Deus
3536 5028 3636 5090 eSt.
3667 5034 3833 5092 Nulla
3863 5039 3932 5093 de

2325 5122 2504 5202 aetatis
2551 5121 2920 5176 imbecillitate
2962 5130 3216 5177 nascatur
3262 5125 3581 5181 excusatio:
3613 5134 3815 5195 potens
3847 5138 3932 5182 est

2327 5215 2530 5285 quippe
2559 5215 2720 5281 Deus,
2743 5214 2836 5283 qui
2869 5213 2962 5269 dat
2988 5215 3375 5273 continentiam
3409 5219 3568 5275 tantis
3595 5218 3929 5277 adolescen-

2421 5547 2466 5623 Ῑ
2623 5557 2679 5603 et
2705 5547 3122 5623 Ant.,_prt_escia.
3140 5551 3358 5623 _Chiﬂl.,
3383 5555 3652 5623 prwscius.

2316 5618 2592 5743 δὺξὲὶέἰε
2620 5633 2720 5675 ms.
2751 5619 2820 5674 At
2840 5618 3017 5674 Chifll.
3047 5629 3103 5676 et
3121 5620 3246 5677 Ant.
3273 5625 3324 5677 in
3346 5618 3620 5694 margine,
3643 5638 3930 5682 consuetu-

2418 5759 2473 5831 h)
2502 5759 2626 5831 Ms.,
2666 5761 3016 5823 rationabilis.

2418 5760 2473 5831 Ιι)
2502 5760 2626 5823 Ms.,
2666 5761 3016 5823 rationabilis.

2392 5760 2455 5910 gi)
2495 5830 2585 5885 Sic
2608 5847 2871 5910 ms._cum
2903 5830 3080 5910 Chim.
3132 5829 3190 5886 In
3243 5831 3370 5889 Ant.
3400 5849 3549 5898 vero,
3596 5835 3776 5896 Nepae
3824 5854 3928 5896 nos

2315 5897 2472 5968 hujus
2494 5903 2752 5956 cxactoris
2783 5903 2936 5957 hanc?
2953 5905 2989 5958 i.

2320 5472 2330 5490 ⁸
2421 5477 2471 5548 σ)
2503 5478 2657 5544 Ant.,
2691 5476 2988 5532 Marriaua.

2395 5477 2466 5690 ἔθ’)
2492 5547 2591 5630 Ms.
2623 5557 2679 5603 et
2705 5547 2856 5614 Ant.,
2881 5566 2988 5630 pra:

2347 5687 2372 5690 η
2419 5620 2473 5690 g)
2503 5619 2592 5674 SIC
2620 5633 2720 5675 ms.
2751 5619 2820 5674 At
2840 5618 2988 5674 Chtfﬂ
