4124 6556
359 505 454 563 121

1754 491 2268 551 ΡΒΟιΕὺΟΜΕΝΛ.
2325 543 2327 546 1

3515 489 3616 547 122

355 621 522 685 tibus,
565 631 703 687 quos
728 612 968 670 videmus
996 613 1051 668 in
1073 612 1152 686 (α)
1183 612 1526 669 monasteriis
1551 610 1753 676 vivere,
1803 608 1934 662 mihi
1963 611 2011 670 Α
2040 605 2171 660 dere
2194 601 2485 674 pollicenti,
2503 599 2684 687 dicens
2704 598 2774 687 ei,
2801 599 2999 687 Quare,
3024 595 3116 687 fili,
3137 597 3399 687 mentiris,
3418 607 3474 652 ut
3499 618 3616 657 ser-

351 723 574 783 quoque
601 705 870 778 peccatori
899 704 1128 759 similem
1154 705 1382 772 gratiam
1410 703 1633 759 donare.

351 825 537 881 Carur
567 839 644 879 ιιι.
677 820 962 876 Meditatur
999 823 1343 876 monasticam
1390 823 1562 875 vitam.
1599 819 1660 875 Β.
1692 819 1935 890 Augusti—

805 908 928 945 num
956 891 1129 963 legens
1153 892 1480 946 convertitur.

424 988 476 1042 7.
511 986 643 1061 Post
661 986 776 1040 haec
796 984 959 1039 verba
979 983 1175 1038 diutius
1197 984 1250 1036 in
1275 999 1375 1038 suo
1403 990 1622 1053 pectore
1643 980 1932 1045 ruminata,

345 1079 610 1144 decrevit,
629 1077 830 1148 Spiritu
840 1065 1026 1130 sancto
1046 1074 1339 1138 revelante,
1358 1073 1701 1129 saacularibus
1713 1073 1934 1127 omnino

345 1169 664 1226 renuntiare
705 1166 948 1236 deliciis,
978 1173 1036 1220 et
1073 1165 1214 1219 illius
1251 1165 1370 1220 vitae
1405 1165 1584 1220 socius
1621 1162 1736 1218 fieri
1772 1177 1933 1233 quam

343 1261 624 1317 laudabat.
674 1259 828 1314 Prius
867 1267 1048 1312 tamen
1080 1257 1320 1326 cogitans
1368 1273 1436 1312 ne
1484 1256 1658 1311 subita
1707 1253 1934 1309 mutatio

341 1360 589 1408 mentem
618 1350 777 1406 simul
800 1363 1101 1418 corpusque
1126 1349 1466 1417 perturbans,
1495 1347 1635 1401 inter
1662 1345 1774 1415 ipsa
1803 1360 1934 1400 con-

341 1441 617 1496 versionis
644 1439 816 1504 initia,
844 1437 1212 1509 gravissimum
1241 1437 1343 1492 sibi
1378 1437 1463 1491 vel
1495 1436 1934 1506 impedimentum

342 1512 438 1587 vel
463 1529 773 1586 scandalum
814 1529 1086 1598 gigneret,
1137 1528 1348 1582 occulte
1375 1526 1599 1596 arripuit
1623 1541 1746 1580 rara
1773 1540 1932 1580 exer-

342 1636 478 1678 cere
500 1619 730 1690 jejunia;
753 1619 947 1673 dehinc
970 1618 1241 1688 paululum
1282 1618 1651 1689 progrediens,
1684 1618 1933 1687 antiquo-

343 1726 472 1768 rum
500 1710 761 1767 sodalium
804 1709 1045 1764 tentabat
1070 1710 1243 1764 vitare
1271 1710 1562 1764 consortia.
1612 1707 1935 1777 Segregatus

346 1803 658 1872 frequenter
685 1817 717 1854 a
749 1798 937 1866 turbis,
969 1799 1022 1854 in
1051 1801 1392 1870 possessione
1418 1799 1656 1870 propria,
1684 1799 1932 1854 nescien-

347 1895 500 1950 tibus
523 1892 830 1964 parentibus
857 1899 914 1946 et
941 1891 1241 1957 clientibus,
1275 1891 1428 1960 quasi
1457 1899 1680 1961 propter
1706 1889 1932 1946 actionis

2039 704 2139 744 vos
2168 688 2260 742 Dei
2288 687 2472 742 fallere
2499 683 2820 740 delecteris?
2849 680 2999 736 Tune
3037 681 3144 737 eris
3174 677 3466 738 monachus
3489 723 3503 748 ,
3529 695 3618 736 aut

2046 773 2323 848 antiquam
2364 777 2676 831 deliciarum
2707 784 2916 828 tuarum
2945 771 3383 828 consuetudinem
3432 774 3510 828 sic
3533 783 3616 822 re-

2038 877 2201 939 pente
2229 867 2479 930 mutabis,
2523 874 2582 921 ut
2623 879 2866 920 escarum
2905 864 3087 919 vilium
3125 863 3480 934 negligentior
3522 879 3616 935 ap-

2037 969 2291 1031 paratus,
2341 968 2396 1014 et
2440 960 2668 1014 vestium
2719 957 3053 1014 sordidarum
3084 957 3158 1028 (f)
3188 966 3332 1012 tuum
3381 957 3618 1012 animum
3683 994 3697 1008 .

2040 1071 2148 1109 non
2172 1052 2406 1108 offendat
2435 1052 2702 1120 ahjectio?
2729 1049 2884 1106 Prius
2903 1059 3004 1114 est,
3035 1057 3094 1105 ut
3122 1050 3196 1105 sis
3224 1051 3414 1104 saltem
3452 1046 3619 1104 laiCus

2039 1147 2214 1202 minus
2243 1145 2549 1212 deliciosus,
2599 1153 2655 1199 et
2691 1139 2819 1200 tunc
2848 1143 3068 1223 forsitan
3106 1141 3360 1198 credibile
3396 1141 3616 1211 putabo,

2037 1238 2182 1310 quod
2233 1238 2542 1293 renuntiare
2586 1237 2781 1292 saeculo
2835 1247 2928 1291 aut
2977 1237 3130 1298 velis,
3175 1245 3268 1290 aut
3309 1236 3507 1290 valeas.
3537 1234 3620 1288 Ad

2037 1330 2151 1386 hmo
2179 1331 2267 1386 ille
2291 1331 2503 1400 juvenis
2530 1330 2699 1398 magis
2726 1345 2790 1385 ac
2831 1331 2999 1399 magis
3046 1329 3420 1391 inﬂammatus,
3452 1328 3620 1398 repel-

2036 1421 2197 1476 lentis
2221 1436 2437 1475 manum
2465 1421 2780 1491 suppliciter
2801 1421 3090 1484 osculatus,
3121 1421 3198 1475 sic
3239 1420 3407 1474 oculis
3437 1419 3488 1473 in
3519 1427 3619 1473 ter-

2035 1529 2149 1568 ram
2173 1514 2430 1583 depositis
2453 1514 2774 1583 precabatur
2799 1531 2811 1566 :
2841 1515 3037 1569 Potens
3069 1523 3170 1582 est,
3200 1513 3415 1568 domine
3442 1521 3616 1584 pater,

2035 1604 2166 1660 dare
2196 1604 2397 1659 volenti
2443 1603 2774 1671 facultatem,
2804 1604 2896 1672 qui
2925 1603 3128 1658 nolenti
3159 1603 3344 1656 tribuit
3371 1603 3618 1657 volunta-

2034 1705 2164 1750 tem.
2207 1695 2464 1750 Permitte
2504 1709 2590 1749 me
2639 1703 2849 1748 tantum
2897 1693 3002 1748 tuis
3050 1692 3310 1746 inhaerere
3337 1691 3615 1760 vestigiis;

2035 1785 2186 1854 aperi
2222 1783 2352 1837 mihi
2379 1783 2596 1852 januam
2624 1783 2962 1848 monasterii,
3006 1782 3184 1852 praebe
3219 1790 3415 1836 sancta:
3453 1781 3619 1836 zedifi-

2034 1873 2265 1927 cationis
2295 1872 2638 1941 adjutorium,
2663 1871 2748 1927 fac
2774 1887 2860 1926 me
2881 1886 3044 1926 unum
3072 1871 3140 1925 de
3168 1870 3440 1940 discipulis
3469 1871 3574 1926 tuis
3598 1889 3612 1925 :

342 1983 588 2040 laborem
602 1984 772 2040 tristis
797 1981 1042 2048 sedebat,
1066 1990 1121 2036 et
1137 1983 1209 2036 ibi
1235 1982 1447 2050 orabat,
1469 1982 1701 2049 legebat,
1722 1981 1931 2064 jejuna:

2037 1975 2092 2020 et
2116 1965 2258 2020 Deus
2286 1966 2438 2020 novit
2474 1964 2744 2034 quomodo
2801 1979 2890 2019 me
2941 1964 3128 2019 liberet
3157 1963 3224 2019 ab
3252 1963 3620 2032 iniquitatibus

340 2075 463 2144 bat,
491 2074 878 2145 epularumque
919 2072 1324 2128 immoderatam
1372 2073 1584 2143 copiam
1631 2071 1930 2134 minuebat,

337 2164 416 2220 ad
436 2165 658 2223 balneas
681 2165 897 2236 penitus
922 2179 1030 2219 non
1060 2163 1353 2230 accedens;
1400 2172 1454 2218 et
1492 2163 1590 2220 sub
1618 2163 1733 2233 ipsa
1759 2162 1935 2219 adhuc

339 2257 682 2327 professione
709 2257 865 2322 laica,
894 2255 1087 2326 plenus
1102 2254 1216 2324 jam
1245 2253 1542 2311 monachus
1569 2255 1932 2311 conversaba-

337 2359 456 2406 tur.
490 2349 797 2421 Stupebant
823 2363 1012 2405 omnes
1039 2348 1133 2418 qui
1161 2356 1426 2404 noverant
1446 2363 1587 2424 eum,
1614 2347 1690 2420 (b)
1717 2348 1935 2403 delicati

341 2442 453 2496 viri
482 2441 782 2496 mirabilem
819 2439 1222 2510 parcimoniam,
1269 2453 1594 2509 causamque
1620 2439 1937 2495 mutationis

339 2532 506 2601 hujus
524 2531 1020 2602 interpretabantur
1047 2545 1116 2586 ex
1161 2530 1407 2598 angustia
1443 2537 1626 2584 natam
1653 2529 1932 2600 pusillani-

341 2621 569 2676 mitatis.
600 2619 758 2690 Apud
782 2620 931 2675 illum
958 2635 1090 2676 vero
1118 2635 1216 2690 per
1233 2619 1472 2688 singulos
1499 2620 1613 2674 dies
1639 2635 1792 2674 amor
1817 2634 1934 2674 san-

344 2719 450 2765 ctae
493 2710 842 2780 professionis
881 2719 938 2767 et
990 2710 1420 2767 mortificationis
1468 2711 1761 2782 impensior
1802 2726 1931 2766 cura

351 2803 646 2856 crescebat.

424 2893 478 2949 8.
504 2894 804 2964 Aliquando
823 2895 981 2964 igitur
1007 2897 1096 2952 ubi
1133 2913 1311 2953 omnia
1337 2912 1456 2966 qua:
1494 2897 1595 2952 sibi
1623 2897 1756 2951 dura
1786 2897 1934 2952 vide-

349 2983 549 3040 bantur
579 2995 852 3056 expertus,
882 2987 1146 3056 adjutorio
1170 2991 1356 3058 gratiae
1385 2990 1639 3060 spiritalis
1670 2991 1934 3046 voluntati

344 3091 460 3130 suae
488 3077 660 3132 sensit
678 3087 962 3150 suppetere
987 3079 1314 3144 facultatem,
1357 3081 1502 3136 beati
1529 3080 1811 3150 Augustini
1839 3096 1935 3137 ex-

341 3169 598 3238 ponentis
645 3169 973 3225 tricesimum
1009 3179 1222 3226 sextum
1265 3171 1529 3242 psalmum
1569 3171 1936 3241 disputatione

340 3260 706 3317 commonitus
732 3269 786 3316 et
813 3271 1188 3334 compunctus,
1235 3263 1510 3332 publicare
1551 3278 1707 3317 suum
1747 3263 1934 3318 statuit

2037 2057 2188 2111 meis.
2218 2054 2342 2110 Haec
2368 2055 2590 2110 audiens
2625 2055 2964 2125 beatissimus
3009 2068 3196 2121 senex,
3249 2053 3618 2122 gravissimum

2035 2149 2244 2220 putavit
2293 2147 2682 2219 supplicantem
2730 2147 2930 2202 diutius
2969 2162 3252 2217 spernere;
3296 2147 3620 2216 tandemque

2035 2242 2207 2299 ﬂexus
2244 2242 2312 2298 ad
2357 2242 2820 2309 consentiendum,
2854 2241 3028 2304 Mane,
3075 2241 3269 2310 inquit,
3318 2241 3616 2306 nobiscum,

2037 2336 2146 2401 fili,
2203 2337 2344 2392 sicut
2393 2336 2474 2392 vis
2506 2354 2521 2390 :
2552 2335 2892 2407 experiamur
2940 2334 3125 2405 paucis
3170 2333 3389 2401 diebus,
3441 2343 3618 2390 utrum

2034 2427 2212 2482 verbis
2239 2426 2380 2483 facta
2410 2427 2761 2484 concordent.
2795 2425 3010 2481 Utinam
3036 2425 3335 2495 superﬂuus
3361 2428 3431 2482 sit
3461 2426 3618 2481 timor

2034 2535 2205 2587 meus,
2234 2529 2290 2576 et
2315 2519 2580 2590 professio
2608 2530 2699 2575 tua
2726 2521 3028 2576 inveniatur
3055 2520 3297 2575 stabilis!

2106 2611 2192 2666 10.
2237 2609 2528 2681 Postquam
2576 2611 2738 2680 igitur
2785 2610 3105 2681 supplicanti
3133 2625 3453 2666 consensum
3483 2624 3618 2681 prae-

2033 2701 2156 2756 buit
2173 2708 2389 2757 sanctus
2420 2700 2651 2757 Faustus
2679 2702 2962 2772 episcopus
2979 2742 2994 2768 ,
3037 2701 3217 2757 sonuit
3246 2702 3388 2758 illico
3415 2718 3514 2773 per
3540 2702 3617 2757 af-

2036 2790 2170 2848 fines
2197 2802 2254 2848 et
2295 2802 2484 2861 notos,
2515 2793 2854 2863 Fulgentium
2882 2795 3204 2850 monachum
3231 2793 3450 2851 factum.
3479 2794 3616 2851 Gra-

2034 2883 2344 2939 tulabantur
2370 2885 2518 2951 boni,
2561 2884 3024 2940 confundebantur
3058 2886 3203 2940 mali.
3231 2885 3500 2953 Quosdam
3540 2888 3614 2942 fa-

2034 2976 2212 3031 ciebat
2264 2978 2374 3032 vita
2430 2977 2547 3047 ejus
2600 2985 2871 3033 transacta
2925 2979 2981 3032 in
3033 2977 3238 3034 deliciis
3289 2979 3616 3050 desperare;

2034 3069 2294 3137 quosdam
2309 3069 2592 3139 singularis
2612 3069 2810 3138 ingenii
2831 3069 3109 3124 notissima
3130 3069 3352 3124 scientia
3369 3083 3616 3138 magnum

2035 3159 2235 3230 aliquid
2262 3160 2525 3216 suadebat
2552 3159 2619 3215 de
2659 3159 2900 3230 profectu
2936 3159 3051 3228 ejus
3093 3159 3349 3214 velociter
3376 3175 3615 3230 sperare.

2037 3254 2264 3323 Quidam
2291 3269 2423 3309 vero
2452 3252 2742 3308 familiares
2770 3251 2885 3322 ejus
2906 3294 2922 3316 ,
2953 3251 3145 3323 quibus
3174 3251 3240 3306 ab
3275 3251 3495 3306 infantia
3525 3265 3615 3307 ca~

340 3361 531 3409 votum
564 3369 576 3408 :
606 3362 812 3409 mutare
856 3355 1094 3423 gestiens
1130 3355 1392 3420 habitum,
1425 3371 1494 3410 ne
1522 3354 1611 3410 vel
1637 3354 1933 3411 amicabili-
1957 3370 2005 3428 η
2037 3348 2279 3402 rissimus
2306 3346 2509 3402 amicus
2537 3358 2590 3400 et
2633 3343 2971 3401 fidelissimus
3017 3343 3209 3408 fuerat,
3258 3357 3378 3398 eum
3424 3343 3616 3398 imitari

341 3450 431 3498 ter
456 3441 528 3496 ad
555 3457 615 3498 se
641 3443 919 3498 venientes
966 3444 1078 3514 pati
1117 3453 1419 3513 cogeretur,
1457 3459 1580 3500 cum
1608 3444 1801 3516 quibus
1838 3444 1932 3501 diu

339 3533 672 3588 mculariter
697 3535 768 3605 (c)
800 3535 1027 3589 vixerat.
1059 3532 1345 3602 Cogitabat
1372 3543 1550 3590 autem
1579 3535 1662 3588 vir
1695 3535 1932 3605 pruden-

342 3624 579 3680 tissimus
606 3625 1019 3681 conversionem
1053 3627 1136 3680 sui
1169 3626 1346 3682 cordis
1372 3626 1473 3682 sibi
1518 3626 1621 3681 soli
1647 3625 1834 3682 utilem
1857 3625 1935 3682 fu-

346 3725 538 3786 turam,
587 3719 632 3772 si
673 3719 842 3775 latere
877 3720 1170 3790 potuisset;
1221 3720 1544 3790 publicatam
1571 3735 1720 3788 vero,
1750 3721 1934 3776 multis

347 3806 468 3862 aliis
511 3810 817 3879 exemplum
863 3811 1064 3864 bonum
1111 3809 1412 3864 dimittendi
1458 3820 1680 3881 peccata
1707 3811 1933 3881 pristina

341 3901 719 3969 pmstituram.
772 3899 902 3966 Quis
943 3900 1086 3955 enim
1133 3899 1420 3954 mediocris
1456 3909 1550 3954 aut
1586 3916 1791 3971 pauper
1817 3901 1933 3956 fieri

337 3991 642 4046 monachus
669 3991 1032 4056 erubesceret,
1073 3991 1201 4046 dum
1236 3989 1578 4058 Fulgentium
1608 3992 1814 4046 videret
1838 4007 1933 4062 ge-

331 4081 494 4136 nuini
537 4081 706 4138 fastus
751 4083 1053 4152 arrogantia
1089 4081 1377 4138 recedente
1402 4121 1419 4147 ,
1460 4081 1622 4136 duras
1659 4082 1932 4138 abstinen-

333 4171 432 4227 tiae
460 4172 578 4227 vias
605 4173 876 4244 patientia:
903 4173 1176 4242 gressibus
1205 4173 1606 4228 ambulantem?

329 4285 525 4342 CAPUT
562 4303 644 4341 ιν.·
662 4286 740 4358 Ad
769 4285 1022 4358 F_austum
1051 4289 1344 4358 episcopum
1367 4303 1424 4341 se
1458 4288 1674 4358 confert.
1705 4285 1797 4342 Fit
1821 4303 1932 4342 mo-

553 4357 766 4411 nachus.
798 4356 1144 4412 Imitantur...
1171 4356 1262 4412 alii
1289 4359 1577 4428 exemplum
1603 4357 1736 4427 ejus.

410 4447 468 4503 9.
500 4447 624 4501 Fuit
669 4455 850 4502 autem
899 4457 1025 4503 tunc
1077 4448 1337 4518 temporis
1381 4449 1664 4518 episcopus
1711 4449 1928 4518 quidam

332 4538 684 4596 laudabiliter
720 4539 1125 4608 przedicandus,
1172 4541 1390 4595 nomine
1431 4538 1680 4605 Faustus,
1711 4541 1802 4608 qui
1828 4555 1928 4610 pro

332 4630 447 4685 ﬂde
471 4629 736 4685 catholica
765 4645 874 4684 non
898 4629 1057 4697 longe
1085 4645 1116 4684 a
1142 4629 1394 4686 cathedra
1429 4646 1526 4684 sua
1547 4630 1727 4698 jussus
1754 4629 1928 4686 fuerat

2037 3439 2336 3509 cupientes,
2364 3437 2466 3507 ipsi
2505 3451 2721 3507 quoque
2771 3435 3026 3491 saeculum
3065 3442 3525 3506 contempserunt,
3565 3443 3616 3493 et

2035 3545 2095 3585 se
2150 3529 2598 3585 monasteriorum
2647 3528 2899 3597 gregibus
2960 3526 3281 3582 mortificata
3345 3527 3617 3583 voluntate

2030 3619 2342 3690 junxerunt.

2033 3708 2214 3766 CAPUT
2244 3728 2296 3767 v.
2340 3710 2512 3764 Mater
2543 3709 2654 3781 ejus
2685 3709 3316 3781 proposito_excruciatur.
3350 3709 3512 3765 Matri
3547 3711 3615 3766 il-

2123 3783 2230 3836 lum
2265 3781 2468 3835 videndi
2490 3779 2638 3848 copia
2666 3779 2900 3852 negatur.
2931 3779 3232 3834 Constantia
3261 3779 3545 3853 Fulgentii.

2107 3899 2194 3955 11.
2225 3897 2392 3953 Audit
2431 3899 2536 3953 hoc
2569 3906 2743 3952 mater
2773 3895 3130 3954 referentibus
3169 3897 3372 3964 multis,
3402 3897 3467 3952 ad
3496 3913 3614 3953 con-

2034 3991 2200 4045 sortia
2245 3989 2630 4044 monachorum
2683 3986 2881 4056 fugisse
2934 3987 3295 4057 Fulgentium,
3345 3989 3614 4059 totiusque

2033 4081 2222 4135 domus
2251 4079 2494 4148 regendae
2523 4088 2684 4148 atque
2711 4079 3068 4147 gubernanda:
3087 4094 3270 4134 curam
3290 4080 3503 4150 penitus
3530 4079 3613 4135 di-

2033 4171 2263 4237 misisse,
2287 4187 2388 4227 nec
2412 4172 2632 4230 omnino
2657 4171 2768 4240 jam
2812 4187 2972 4242 posse
3000 4172 3069 4228 de
3108 4172 3198 4227 tali
3228 4173 3504 4244 proposito
3528 4189 3614 4229 re~

2032 4265 2233 4320 vocari.
2273 4263 2563 4328 Turbatur,
2608 4266 2936 4336 expavescit,
2975 4273 3031 4321 et
3059 4266 3258 4320 amoris
3292 4267 3439 4321 nimii
3466 4267 3611 4322 desit

2031 4356 2182 4412 derio
2225 4357 2562 4422 concitante,
2611 4358 2762 4428 quasi
2804 4357 2916 4426 jam
2965 4356 3275 4427 Fulgentius
3314 4367 3613 4414 moreretur

2031 4447 2298 4518 (quamvis
2330 4449 2468 4503 bene
2496 4456 2816 4510 moreretur,
2861 4447 2951 4516 qui
2985 4448 3063 4503 sic
3100 4448 3471 4519 moriebatur),
3503 4465 3612 4504 cm-

2030 4539 2140 4594 lum
2167 4540 2346 4595 nimiis
2386 4539 2854 4594 lamentationibus
2900 4538 3096 4608 pulsat,
3151 4547 3207 4593 et
3249 4541 3386 4593 sicut
3436 4540 3612 4595 solent

2030 4641 2230 4688 matres
2255 4633 2308 4687 in
2338 4632 2614 4687 funeribus
2648 4631 2896 4696 filiorum,
2929 4630 3147 4686 modum
3196 4631 3366 4686 neScit
3412 4630 3611 4687 habere

333 4721 591 4789 relegari.
615 4719 693 4776 De
718 4722 900 4775 multis
936 4722 1081 4778 enim
1115 4721 1485 4777 sacerdotibus
1522 4723 1624 4777 hoc
1647 4723 1724 4792 (ά)
1753 4721 1930 4779 Hune-
1952 4745 2006 4806 υ
2031 4726 2404 4797 lacrymarum.
2439 4723 2664 4794 Rapitur
2692 4721 3101 4777 inconsideratis
3128 4722 3371 4776 cursibus
3396 4721 3463 4776 ad
3488 4737 3609 4777 mo-

333 4811 437 4867 rici
462 4810 676 4881 tyranni
700 4811 1061 4880 persecutoris
1093 4817 1272 4865 astuta
1312 4811 1614 4879 malignitas
1641 4811 1927 4868 ordinave-

333 4909 444 4961 rat.
477 4908 535 4956 ut
570 4899 724 4968 juxta
764 4902 989 4971 patriam
1038 4903 1310 4972 propriam
1355 4903 1802 4971 peregrinationis
1844 4904 1927 4958 in-

335 4990 685 5046 commodum
724 4992 1070 5057 sustinentes,
1117 4992 1182 5046 ad
1223 4992 1522 5059 negandum
1563 4992 1728 5047 Deum
1771 4993 1928 5050 facile

338 5081 704 5137 ﬂecterentur.
756 5083 815 5137 ln
865 5084 1060 5140 eodem
1098 5083 1322 5155 proinde
1375 5083 1495 5138 loco
1534 5083 1621 5138 ubi
1660 5084 1928 5152 relegatus

339 5172 642 5239 tenebatur,
695 5175 1080 5230 monasterium
1129 5175 1229 5230 sibi
1277 5182 1671 5239 construxerat,
1719 5175 1772 5228 in
1818 5191 1924 5245 quo

338 5266 652 5336 spiritaliter
676 5269 880 5335 vivens,
912 5269 1054 5338 apud
1101 5283 1289 5323 omnes
1323 5266 1654 5322 Christianos
1693 5267 1926 5323 honora-

339 5355 520 5413 biliter
547 5357 861 5413 habebatur.
892 5358 972 5413 Ad
1011 5360 1153 5415 hunc
1193 5374 1321 5428 ergo
1356 5365 1574 5412 sanctus
1613 5357 1927 5426 Fulgentius

339 5445 464 5503 (fuit
489 5449 688 5518 quippe
723 5449 774 5503 ei
804 5451 1133 5522 notissimus)
1173 5451 1420 5505 alacriter
1444 5449 1613 5518 venit,
1642 5449 1800 5519 eique
1829 5465 1926 5504 vo-

311 5605 313 5607 ι
341 5544 456 5593 tum
477 5540 559 5594 sui
588 5539 764 5594 cordis
785 5537 1011 5595 fideliter
1031 5541 1302 5597 indicavit.
1329 5543 1399 5613 (e)
1430 5541 1524 5596 llle
1540 5549 1720 5595 autem
1745 5540 1924 5596 sciens

342 5631 652 5687 stecularem
702 5632 924 5687 omnino
974 5633 1247 5702 juvenem,
1297 5635 1579 5691 verebatur
1625 5633 1751 5689 talia
1800 5649 1920 5691 cre-

317 5799 326 5801 _.
413 5741 490 5812 (ᾳ)
516 5740 638 5812 Ms,
667 5742 723 5795 in
748 5745 1086 5799 monasterio.

435 5806 487 5883 ὁ)
525 5810 602 5883 ita
624 5828 724 5883 ms_.
758 5813 829 5868 At
855 5813 1068 5883 reliqui,
1092 5823 1140 5870 et
1169 5822 1272 5874 tam
1297 5814 1505 5869 delicati
1532 5817 1646 5882 viri,
1676 5827 1782 5876 etc.

435 5815 463 5862 ο
525 5815 602 5865 Ita
624 5828 724 5866 ms.
758 5815 829 5868 At
855 5815 1068 5883 reliqui,
1092 5823 1140 5870 et
1169 5822 1272 5874 tam
1297 5815 1505 5869 delicati
1532 5817 1624 5872 viri

412 5815 487 6021 Ec;
526 5880 647 5946 Ms.,
679 5881 806 5937 Cum
833 5883 1016 5967 quibus
1044 5887 1273 5963 nequiter
1297 5886 1383 5939 diu
1410 5887 1624 5942 riserat.

437 5951 492 6021 ά)
530 5949 656 6021 515.,
688 5953 956 6011 Honortct.

437 5951 492 6022 ά)
530 5949 626 6008 Ms.
639 5994 656 6022 ,
688 5949 956 6011 Honorici.

2029 4814 2323 4870 nasterium
2377 4811 2690 4877 furibunda,
2741 4811 3078 4867 contumeliis
3122 4821 3176 4866 et
3207 4811 3463 4867 conviciis
3494 4827 3610 4882 san-

2027 4916 2171 4962 ctum
2200 4904 2453 4960 Faustum
2492 4903 2620 4957 nihil
2654 4902 2901 4958 dubitans
2932 4901 3253 4970 aggreditur.
3293 4902 3493 4968 Redde,
3525 4903 3609 4982 in-

2027 4999 2236 5068 quiens,
2269 4995 2434 5050 lilium
2476 4993 2653 5060 matri,
2692 4993 2860 5049 redde
2892 4993 3166 5048 dominum
3195 4995 3382 5049 servis.
3414 4992 3607 5048 Sacer-

2027 5089 2178 5144 dotes
2213 5102 2428 5163 semper
2453 5086 2618 5140 multa
2646 5083 2904 5140 beneficia
2933 5085 3106 5139 viduis
3133 5091 3406 5155 prazstant,
3441 5099 3608 5152 quare

2031 5197 2172 5236 nunc
2209 5180 2399 5235 domus
2440 5179 2610 5234 viduae
2651 5194 2750 5249 per
2784 5186 2838 5234 te
2865 5178 3048 5249 perit?
3072 5176 3171 5232 Cui
3215 5177 3482 5248 patienter
3510 5176 3605 5246 (al.

2030 5272 2321 5343 sapienter)
2350 5270 2709 5340 respondebat
2733 5271 3054 5342 episcopus:
3081 5269 3138 5325 Si
3179 5277 3235 5324 tu
3275 5268 3403 5323 mihi
3441 5267 3644 5325 ﬁlium-

2032 5361 2261 5427 tulisses,
2284 5377 2386 5432 ego
2414 5369 2488 5427 te,
2517 5362 2725 5427 mulier,
2749 5362 3001 5418 deberem
3025 5367 3282 5429 quantum
3323 5359 3480 5415 dolor
3509 5360 3605 5414 im-

2031 5461 2242 5524 peraret
2279 5467 2541 5522 arguere;
2591 5452 2751 5509 modo
2798 5461 2852 5508 tu
2882 5453 3012 5506 mihi
3049 5450 3192 5519 juste
3228 5452 3605 5506 contumeliam

2031 5544 2182 5613 facis,
2209 5544 2334 5615 quia
2381 5559 2482 5614 ego
2533 5546 2627 5600 tibi
2675 5544 2840 5599 filium
2890 5543 3007 5598 tuli.
3057 5540 3280 5609 Quando
3322 5543 3464 5597 enim
3513 5543 3606 5598 tibi

2025 5637 2270 5709 displicet
2293 5639 2419 5709 quia
2458 5641 2751 5695 serviturus
2780 5645 2862 5693 est
2883 5636 3117 5706 Christo,
3150 5638 3290 5693 bene
3317 5636 3447 5692 facis
3474 5651 3604 5690 con-

2023 5750 2171 5876 vexa)
2210 5754 2331 5819 Ms.,
2364 5751 2464 5808 Ille
2483 5769 2598 5807 vero
2628 5755 2794 5808 sciens
2813 5768 2928 5807 eum
2952 5753 3270 5810 necuter-iter
3297 5750 3506 5806 omnino
3530 5750 3579 5806 vi

2171 5842 2242 5876 m.

2099 5893 2168 5965 (Ι)
2207 5895 2265 5953 in
2288 5911 2412 5956 ms...
2447 5894 2518 5947 tui
2547 5894 2708 5949 animi
2733 5898 3066 5968 propositum.
3155 5907 3159 5912 '
