4124 6494
488 452 592 508 125

1622 455 1681 513 S.
1719 445 2151 513 FULGENTIUS
2169 441 2578 505 'RUSPENSIS.

3641 435 3746 492 124

487 566 728 624 lamellas
751 575 988 632 inferens
1014 570 1233 630 Fausto.
1272 570 1387 629 Sub
1424 572 1507 628 bis
1529 571 1691 627 etiam
1719 569 2059 626 sermonibus
2084 569 2140 633 Α
2163 565 2322 620 minis
2348 563 2591 628 fulciens,
2633 559 2895 617 velociter
2929 561 2980 616 ei
3017 559 3352 630 corporalem
3391 555 3625 613 restituit
3661 569 3754 609 sa-

488 658 851 729 equanimiter
877 663 1128 728 tolerans,
1166 671 1220 718 et
1243 663 1341 735 ’(a)
1364 663 1648 718 affabiliter
1675 662 1938 728 arridens,
1979 658 2063 714 vi-

489 750 643 807 dendi
682 749 873 806 saltem
914 747 1079 804 ﬁliuni
1117 755 1317 808 nullam
1367 769 1584 824 prorsus
1629 753 1722 806 dat
1771 752 2061 806 licentiam.

447 899 460 912 ,
489 841 576 896 tlla
613 841 788 896 sciens
833 850 1092 911 quantum
1137 841 1446 910 diligeretur
1473 858 1504 896 a
1545 841 1674 909 lilio,
1705 841 1912 910 magnis
1940 849 2070 909 ante,

489 949 697 1000 januam
725 935 1037 989 monasterii
1061 933 1382 988 clamoribus
1418 934 1678 1004 ejulabat;
1712 940 1768 988 et
1800 929 2065 1000 Fulgentii

489 1040 680 1080 nomen
724 1024 1058 1096 frequentius
1102 1025 1432 1090 inclamans,
1481 1025 1867 1081 desolationem
1912 1037 2065 1076 suam

489 1114 863 1169 miserabiliter
891 1115 1177 1184 allegabat.

560 1203 642 1259 12.
677 1204 801 1260 llaec
825 1207 995 1275 prima
1021 1207 1239 1261 beatum
1265 1206 1605 1278 Fulgentium
1634 1206 1860 1260 tentatio
1885 1205 2068 1258 multis

490 1294 687 1351 viribus
701 1297 927 1367 impulit,
960 1297 1084 1352 dum
1108 1297 1183 1368 (ὁ)
1205 1314 1357 1353 suam
1383 1297 1713 1367 genitricem,
1743 1313 1903 1366 quam
1927 1313 2068 1351 sem-

491 1403 586 1458 per
613 1397 904 1452 amaverat,
949 1389 1036 1444 cui
1067 1390 1300 1445 maxima
1336 1390 1621 1444 devotione
1659 1389 1938 1453 servierat,
1971 1403 2068 1440 au-

492 1480 626 1536 diret
653 1481 763 1536 suis
791 1470 1009 1535 auribus
1035 1478 1183 1536 ﬂere.
1207 1479 1430 1536 Sursum
1459 1480 1820 1535 tamencorde
1842 1479 2069 1549 positus,

491 1573 762 1642 audiebat,
793 1581 849 1628 et
875 1589 983 1628 non
1014 1573 1298 1639 audiebat;
1341 1589 1441 1628 nec
1485 1573 1626 1628 illius
1664 1588 1850 1642 preces
1879 1572 2070 1625 adver-

492 1672 604 1718 tere
627 1663 845 1732 diguum
876 1665 1114 1734 putabat,
1145 1665 1268 1734 quia
1296 1665 1553 1734 pietatem
1580 1664 1790 1720 solitam
1821 1663 2072 1728 religiosa

492 1756 805 1811 crudelitate
844 1758 1108 1828 vincebat.
1137 1757 1213 1811 Ibi
1243 1757 1354 1825 jam
1394 1756 1586 1811 futura:
1613 1755 1884 1825 patientia:
1913 1755 1966 1807 in
1999 1754 2076 1806 la-

492 1846 710 1904 boribus
749 1849 928 1903 multis
984 1849 1288 1919 exemplum
1349 1847 1712 1903 fidelissimum
1758 1846 2069 1916 praebebat,

2166 662 2410 716 nitatem.

2271 754 2454 810 CAPUT
2484 769 2574 808 vn.
2611 751 2910 807 Portionem
2945 748 3251 804 substantia
3279 747 3442 802 donat
3463 746 3640 800 matri.

2238 845 2326 899 l4.
2360 844 2510 899 Tunc
2538 843 2746 898 animus
2771 843 2874 896 viri
2895 840 3149 910 sapientis
3176 838 3354 892 altiori
3380 838 3582 907 pietate
3603 850 3753 891 com-

2167 944 2368 1001 motus,
2392 951 2511 991 cum
2540 942 2656 989 tota
2687 941 2872 989 mente
2907 931 3160 986 mundum
3187 931 3288 985 sibi
3314 926 3668 997 cruciﬁgeret,
3698 934 3759 984 et

2165 1027 2280 1098 ipse
2298 1025 2494 1081 mundo
2508 1025 2812 1092 crucilixus,
2825 1025 2923 1076 iter
2933 1031 3125 1076 rectum
3137 1038 3168 1073 a
3178 1022 3440 1092 juventute
3454 1036 3552 1074 sua
3567 1015 3755 1090 (Eccli.

2167 1133 2241 1184 ιι,
2268 1115 2383 1184 ³20),
2427 1118 2568 1171 sicut
2613 1115 2874 1184 scriptum
2908 1120 3010 1177 est,
3065 1111 3401 1175 ambularet;
3449 1109 3756 1180 portionem

2168 1208 2480 1264 substantiae
2507 1209 2754 1278 proprim,
2797 1206 3040 1276 quamvis
3069 1204 3294 1260 haberet
3326 1202 3546 1257 fratrem
3578 1201 3762 1272 junio-

2169 1316 2288 1355 rem
2315 1300 2534 1355 nomine
2567 1298 2865 1362 Claudium,
2893 1312 2989 1368 per
3022 1297 3368 1351 donationem
3397 1294 3499 1352 soli
3531 1294 3762 1350 contulit

2172 1391 2365 1456 matri,
2405 1399 2462 1444 ut
2501 1405 2532 1444 a
2577 1397 2751 1444 matre
2789 1387 3164 1459 postmodum,
3213 1387 3259 1441 si
3306 1386 3445 1440 bene
3482 1386 3762 1456 servisset,“

2173 1483 2466 1538 donaretur
2501 1491 2557 1536 et
2599 1480 2770 1536 fratri.
2817 1479 2908 1536 Sic
2952 1481 3153 1534 salubri
3189 1479 3416 1535 consilio
3454 1478 3761 1548 superbiam

2169 1576 2398 1645 junioris
2434 1573 2611 1629 fratris
2638 1573 2892 1628 edomare
2920 1571 3251 1636 desiderans,
3294 1578 3356 1625 ut
3401 1570 3493 1641 qui
3540 1567 3764 1624 nolebat

2176 1685 2297 1724 esse
2325 1668 2543 1722 humilis
2570 1675 2793 1738 propter
2825 1666 3106 1735 pietatem,
3138 1665 3370 1719 disceret
3401 1662 3620 1718 humilis
3645 1675 3764 1716 esse

2175 1771 2400 1833 propter
2421 1760 2788 1816 bmreditatem
2814 1777 2828 1827 ;
2859 1769 3264 1828 mater-quoque
3285 1756 3618 1812 sanctissima
3639 1761 3764 1824 post

2181 1853 2480 1909 discessum
2506 1849 2799 1906 dulcissimi
2831 1849 2921 1903 lilii
2940 1892 2953 1914 ,
2985 1849 3136 1918 cujus
3155 1848 3262 1916 jam
3293 1859 3398 1902 non
3425 1853 3639 1917 poterat
3667 1846 3767 1900 ob-

493 1951 545 1996 et
571 1941 760 1995 similis
787 1940 938 1995 ebrio
967 1956 1061 2009 per
1090 1940 1384 2010 spiritalem
1417 1938 1648 2008 gratiam
1671 1935 1863 2001 factus,
1891 1944 2070 1990 utrum
2100 1944 2149 2005 Β
2175 1944 2363 2010 soquio
2393 1941 2486 2015 (al.
2529 1939 2837 2013 praesentia)
2868 1939 3124 1995 laetificari
3145 1980 3158 2004 ,
3209 1937 3325 2007 ejus
3354 1937 3637 1992 meruisset
3665 1937 3767 1991 be-

493 2041 663 2086 mater
685 2041 829 2087 esset
854 2031 1250 2100 quodammodo
1280 2031 1579 2098 ignorabat.
1612 2027 1711 2082 Hic
1737 2043 1858 2081 eum
1887 2026 2075 2081 beatus

495 2125 718 2180 Faustus
745 2125 1028 2194 episcopus
1057 2135 1122 2177 ex
1153 2131 1266 2177 toto
1291 2121 1457 2178 corde
1485 2136 1801 2178 conversum
1830 2118 2076 2189 primitus

495 2215 851 2284 approbavit,
899 2221 954 2267 et
991 2229 1111 2268 cum
1135 2212 1330 2281 gaudio
1371 2212 1577 2267 caeteris
1620 2211 1872 2265 fratribus
1911 2209 2074 2264 dixit:

496 2305 673 2361 Facile
702 2306 901 2376 poterit
928 2305 1014 2360 hic
1046 2304 1259 2372 juvenis
1289 2303 1522 2358 tolerare
1561 2316 1934 2370 quemcunque
1963 2300 2077 2368 lim-

497 2397 831 2466 posuerimus
869 2395 1136 2460 laborem,
1171 2395 1264 2465 qui
1300 2403 1478 2464 potest
1518 2403 1820 2448 maternum
1845 2393 1957 2462 jam
1986 2393 2081 2446 de-

497 2487 702 2557 spicere
731 2487 989 2542 dolorem.
1021 2485 1114 2539 llla
1137 2496 1311 2541 mater
1330 2484 1455 2540 dum
1484 2500 1542 2539 se
1571 2484 1823 2556 plangere
1859 2484 2078 2553 saepius,

497 2592 597 2632 nec
621 2576 689 2631 ad
731 2592 790 2631 se
825 2576 989 2630 lilium
1015 2575 1232 2646 prodire
1259 2584 1630 2646 cognosceret,
1659 2576 1712 2630 iu
1741 2575 1929 2630 eodem
1960 2575 2082 2630 loco

499 2683 620 2722 eum
636 2666 744 2736 jam
775 2682 883 2721 non
913 2681 1031 2721 esse
1059 2665 1338 2732 credebat;
1363 2666 1486 2735 quia
1518 2667 1562 2721 si
1592 2664 1665 2720 ibi
1695 2673 1858 2729 esset,
1879 2665 1948 2736 (ε)
1974 2680 2082 2719 ιιοιι

501 2757 639 2812 ferre
672 2772 828 2827 posse
871 2755 1113 2811 dolorem
1146 2757 1353 2825 matris,
1376 2756 1550 2811 adhuc
1595 2755 1804 2810 virtutis
1835 2755 1950 2824 ejus
1990 2769 2084 2809 ne-

500 2847 611 2902 scia
638 2847 879 2917 putabat.
912 2848 1065 2916 Saepe
1089 2861 1217 2916 ergo
1257 2847 1373 2902 iens
1399 2861 1462 2901 ac
1489 2845 1720 2911 rediens,
1745 2854 1801 2900 et
1830 2846 2084 2914 episcopo

478 2923 792 3008 molestias,
816 2948 871 2996 et
916 2939 1026 2995 lilio
1058 2939 1315 3011 plurimas
1351 2938 1610 2995 afferebat
1647 2938 1886 3005 insidias,
1915 2938 2086 2994 donec

503 3035 659 3089 taedio
685 3035 825 3088 victa
851 3032 1124 3104 propriam
1154 3039 1516 3087 reverteretur
1544 3031 1611 3085 ad
1641 3031 1878 3086 domum.

503 3123 681 3179 CAPUT
727 3139 798 3178 γι.
839 3120 1164 3176 Abstinentia
1211 3121 1321 3192 ejus
1375 3119 1712 3174 incredibilis.
1770 3118 2086 3189 Proﬁciendi

1121 3212 1454 3266 desiderium.

2177 2032 2374 2089 nelicio
2401 2031 2690 2091 consolari.
2720 2031 2958 2100 Quantas
2983 2039 3108 2085 tunc
3137 2031 3207 2085 ibi
3231 2028 3465 2084 universi
3491 2027 3682 2082 laudes
3712 2033 3766 2084 et

2179 2124 2380 2191 gratias
2423 2120 2653 2176 Domino
2700 2119 3028 2200 retulerunt!
3075 2136 3197 2175 cum
3256 2118 3503 2174 viderent
3549 2118 3766 2174 beatum

2179 2212 2538 2282 Fulgentium,
2567 2212 2806 2268 saeculari
2848 2211 3140 2281 cupiditate
3180 2211 3404 2276 calcata,
3447 2211 3608 2266 rebus
3634 2223 3768 2278 quas

2182 2304 2482 2360 distrahere
2519 2311 2573 2358 et
2594 2304 2797 2359 donare
2831 2302 3157 2374 pauperibus
3196 2319 3303 2356 non
3343 2309 3577 2372 poterat,
3601 2317 3668 2356 ne
3689 2301 3768 2356 of-

2181 2396 2426 2451 fenderet
2466 2396 2664 2452 bonam
2708 2405 2935 2450 matrem
2960 2435 2975 2459 ,
3026 2394 3362 2449 renuntiasse
3406 2395 3656 2462 penitus,
3708 2401 3766 2448 ut

2183 2487 2452 2542 Christum
2475 2486 2718 2542 invenire
2747 2493 3046 2540 mereretur
3067 2485 3370 2540 doetorem.

2183 2575 2365 2632 CAPUT
2394 2592 2502 2631 vm.
2538 2575 2760 2646 Propter
2787 2576 3188 2646 persecutionem
3224 2575 3286 2628 de
3324 2575 3488 2643 priori
3511 2585 3768 2630 monaste-

2571 2648 2654 2702 rio
2678 2645 2886 2717 migrat.
2909 2645 3144 2699 Coabbas
3165 2646 3391 2715 eligitur.

2258 2757 2345 2812 l5.
2389 2758 2566 2812 Finita
2603 2757 2715 2827 jam
2750 2765 2906 2812 erant
2938 2765 3132 2813 cuncta
3164 2771 3284 2825 quae
3311 2771 3433 2810 eum
3463 2757 3516 2810 in
3541 2771 3772 2811 conver~

2186 2852 2353 2907 sionis
2385 2851 2679 2924 primordio
2706 2849 3029 2905 videbantur
3064 2847 3318 2917 afﬂigere.
3367 2848 3473 2902 Sed
3507 2850 3628 2917 quia
3658 2849 3774 2905 hmc

2185 2945 2298 2998 vita
2325 2957 2598 3012 nunquam
2637 2949 2823 3012 potest
2857 2941 2974 2996 sine
3017 2941 3128 2995 suis
3163 2939 3548 2995 tentationibus
3575 2949 3773 3009 praete-

2185 3035 2302 3099 riri,
2328 3033 2562 3088 nascitur
2581 3047 2769 3087 rursus
2797 3031 2919 3086 talis
2940 3031 3243 3100 persecutio
3267 3028 3409 3092 ﬁdei,
3433 3045 3550 3101 quas
3572 3040 3769 3084 sancta!

2186 3124 2462 3177 memoriae
2491 3122 2746 3176 Faustum
2786 3123 3095 3192 episcopum
3141 3130 3357 3188 cogeret
3397 3135 3490 3190 per
3529 3119 3765 3174 diversas

2187 3212 2425 3267 latebras
2445 3213 2820 3280 commigrare,
2861 3228 2965 3267 nec
2995 3212 3049 3265 in
3084 3211 3202 3280 ipso
3224 3211 3550 3264 monasterio
3573 3209 3771 3279 iugiter

577 3302 663 3357 15.
701 3302 894 3358 Beatus
922 3316 1052 3369 ergo
1081 3301 1393 3369 Fulgentius
1435 3316 1594 3370 supra
1633 3299 1939 3355 eredibiIem
1970 3315 2085 3354 mo-
2111 3323 2161 3386 α
2189 3304 2391 3358 sineret
2433 3304 2794 3372 requiescere.
2827 3298 2981 3359 Tunc
3009 3305 3198 3358 beatus
3236 3302 3547 3372 Fulgentius
3581 3304 3777 3359 timens

507 3394 631 3448 dum
659 3393 929 3449 laboribus
957 3391 1293 3447 abstinentia:
1321 3406 1380 3445 se
1405 3390 1696 3454 cruciabat,
1737 3391 1852 3444 sine
1880 3390 2004 3444 vino
2032 3397 2087 3443 et

507 3485 628 3540 oleo
654 3485 984 3540 manducans
1013 3492 1067 3538 et
1092 3483 1310 3547 bibens,
1344 3482 1422 3537 sic
1463 3497 1624 3552 parce
1662 3491 1716 3537 et
1746 3482 1995 3548 tenuiter,
2029 3491 2086 3538 ut

508 3576 699 3632 inediae
730 3576 1039 3646 magnitudo
1073 3575 1331 3629 siccatam
1362 3576 1605 3646 corporis
1633 3584 1811 3630 cutem
1841 3575 2088 3631 fatiscere

509 3667 733 3725 diversis
764 3667 1032 3724 ulceribus
1057 3676 1295 3738 cogeret,
1343 3683 1407 3722 ac
1448 3667 1771 3738 superducta
1814 3683 1974 3738 quam
2004 3668 2088 3722 di-

509 3768 637 3816 cunt
661 3759 971 3831 impetigine
1015 3761 1229 3815 delicati
1269 3761 1512 3830 corporis
1555 3761 1894 3830 pulchritudo
1923 3761 2091 3817 foeda-

508 3860 676 3907 retur.
730 3851 995 3906 Putabant
1040 3851 1257 3923 plurimi
1306 3860 1434 3906 tunc
1477 3851 1694 3906 beatum
1729 3851 2086 3921 Fulgentium,

508 3944 606 4002 sub
641 3945 922 4000 occasione
951 3945 1114 4016 ipsius
1143 3945 1488 4014 infirmitatis,
1519 3952 1612 4000 aut
1653 3961 1993 4000 recessurum
2017 3947 2089 4000 si-

509 4035 616 4091 mul
647 4052 676 4091 a
697 4037 974 4108 proposito
999 4037 1319 4106 sanctitatis,
1363 4045 1455 4090 aut
1484 4035 1810 4091 reddendum
1840 4037 2093 4106 deinceps

511 4126 772 4199 tepidum,
802 4145 870 4185 ne
899 4129 983 4184 vel
1010 4129 1208 4198 regulce
1251 4127 1553 4183 communis
1580 4127 1967 4196 parcimoniam
1995 4142 2092 4182 cu-

509 4220 754 4276 stodiret.
796 4220 891 4276 Ille
919 4237 1047 4276 vero
1076 4229 1272 4276 contra
1305 4235 1456 4288 spem
1491 4220 1753 4289 omnium,
1786 4220 2091 4274 misericor~

511 4311 613 4367 dim
653 4311 750 4368 Dei
787 4313 1164 4383 praevenientis
1214 4312 1414 4365 auxilio
1459 4311 1804 4380 gubernatus,
1848 4326 1914 4365 ex
1942 4309 2094 4364 inﬁr-

511 4403 697 4458 mitate
726 4403 970 4473 corporis
1011 4404 1301 4474 ampliores
1339 4403 1499 4456 animi
1543 4403 1682 4458 vires
1729 4403 1992 4473 capiebat,
2043 4412 2098 4457 et

512 4501 662 4550 tanto
688 4493 1064 4562 abstinentior,
1110 4500 1312 4565 quanto
1353 4495 1596 4561 debilior,
1647 4496 1715 4550 de
1761 4497 1932 4552 salute
1973 4511 2098 4568 per-

513 4593 673 4656 petua
712 4585 913 4657 jugiter
947 4587 1237 4655 cogitabat,
1279 4587 1506 4642 salutem
1555 4602 1685 4644 vero
1728 4590 1973 4661 corporis
2010 4603 2098 4644 ar-

2191 3395 2359 3448 autin
2383 3393 2476 3448 illo
2498 3393 2623 3449 loco
2647 3393 2796 3448 solus
2833 3409 3137 3463 remanere,
3162 3403 3254 3448 aut
3279 3394 3345 3450 de
3383 3395 3508 3450 loco
3525 3396 3578 3450 in
3597 3393 3780 3450 locum

2190 3485 2524 3555 frequentius
2568 3486 2974 3554 transmigrare,
3026 3486 3274 3540 consulto
3332 3487 3479 3554 prius
3527 3487 3782 3556 episcopo

2191 3576 2410 3643 Fausto,
2437 3577 2672 3634 vicinum
2702 3577 3085 3631 monasterium
3131 3577 3303 3646 petiit,
3337 3577 3428 3631 ubi
3454 3578 3661 3646 paucis,
3685 3575 3783 3637 sed

2193 3668 2524 3739 simplicibus
2562 3667 2818 3723 fratribus
2867 3667 3019 3724 Felix
3061 3669 3278 3722 nomine
3321 3668 3487 3722 abbas
3530 3677 3784 3738 praeerat,

2193 3760 2396 3817 amicus
2419 3760 2533 3829 ejus
2553 3761 2622 3815 ab
2654 3760 3039 3826 adolescentia,
3071 3777 3195 3817 cum
3230 3776 3338 3830 quo
3365 3775 3580 3831 semper
3620 3763 3786 3818 etiam
3826 3762 3828 3765 ’

2191 3855 2364 3911 laicus
2388 3857 2722 3912 familiariter
2743 3859 2967 3912 vixerat.
2999 3856 3149 3911 Tunc
3174 3857 3335 3925 igitur
3359 3871 3483 3912 eum
3505 3855 3657 3911 Felix
3685 3855 3786 3910 ab-

2194 3948 2292 4003 bas
2319 3963 2442 4004 cum
2476 3949 2672 4017 gaudio
2708 3951 3023 4018 suscipiens,
3063 3949 3430 4018 imparemque
3459 3963 3517 4003 se
3546 3946 3662 4016 ejus
3684 3947 3787 4002 vir-

2197 4040 2398 4095 tutibus
2421 4041 2618 4107 sciens,
2643 4048 2697 4095 et
2718 4055 2914 4094 nomen
2944 4047 3000 4094 et
3019 4047 3345 4110 potestatem
3375 4041 3426 4096 ei
3449 4039 3665 4094 tradidit
3686 4039 3786 4094 ab-

2196 4131 2358 4186 batis.
2388 4130 2482 4185 ille
2510 4132 2700 4201 plenus
2727 4130 2903 4185 studio
2942 4130 3280 4197 humilitatis,
3309 4128 3388 4202 (ά)
3417 4138 3642 4187 excusat
3672 4130 3788 4199 pri-

2196 4223 2449 4292 vilegium
2472 4225 2753 4294 potestatis
2777 4242 2790 4277 :
2815 4233 2870 4278 et
2895 4232 3016 4294 post
3044 4225 3209 4278 multa
3235 4225 3530 4278 certamina
3553 4223 3786 4292 pietatis,

2201 4332 2268 4371 ex
2296 4330 2562 4372 consensu
2594 4315 2758 4370 totius
2785 4316 3234 4386 congregationis,
3263 4331 3453 4385 passus
3475 4313 3788 4369 violentiam

2201 4407 2460 4474 caritatis,
2505 4407 2589 4460 vix
2613 4406 2884 4462 consentit
2923 4422 3042 4461 esse
3080 4406 3285 4474 collega
3320 4407 3448 4461 boni
3495 4405 3786 4460 consortis.

2201 4498 2278 4553 lta
2306 4500 2412 4554 duo
2453 4500 2552 4555 viri
2601 4500 2945 4566 sanctissimi,
2987 4501 3270 4567 diligentes
3307 4501 3584 4569 aequaliter
3617 4498 3789 4556 Deum

2203 4598 2257 4645 et
2279 4592 2602 4660 proximum,
2636 4592 2793 4646 ambo
2823 4592 3063 4648 moribus
3099 4591 3320 4655 similes,
3353 4592 3513 4646 ambo
3537 4591 3790 4648 meliores

513 4677 673 4733 bitrio
715 4678 926 4734 Domini
977 4679 1364 4745 committebat,
1414 4679 1518 4734 hoc
1570 4679 1839 4750 plerisque
1864 4681 2048 4738 dicens
2078 4701 2091 4736 :
2123 4701 2180 4764 D
2202 4680 2502 4750 proposito,
2531 4681 2944 4737 conversatione
2981 4679 3233 4749 aequales,
3260 4695 3400 4735 unus
3437 4682 3660 4736 scientia
3700 4690 3811 4736 su~'

514 4767 723 4836 Scimus
762 4785 951 4825 omnes
987 4785 1052 4824 ex
1095 4770 1265 4840 epulis
1294 4771 1456 4824 vitam
1504 4771 1679 4827 solere
1725 4772 1947 4839 servari,
1982 4788 2092 4828 non

514 4861 797 4915 sanitatem
824 4876 983 4931 posse
1010 4861 1259 4916 conferri.
1288 4861 1421 4916 Nam
1451 4870 1509 4916 ut
1546 4873 1764 4918 sanetur
1792 4863 2089 4932 infirmitas,

513 4953 558 5010 si
585 4952 845 5024 explenda
866 4953 1075 5008 videtur
1093 4953 1231 5022 gulm
1251 4955 1530 5025 cupiditas,
1563 4972 1727 5026 quare
1757 4957 2095 5012 inlirmantur

515 5044 673 5098 etiam
705 5043 781 5098 illi
809 5047 899 5114 qui
928 5045 1186 5100 conviviis
1226 5045 1544 5102 lautioribus
1579 5047 1816 5117 quotidie
1845 5049 2095 5116 saginan-

516 5135 644 5189 tur?
673 5132 964 5190 Tolerabat
993 5152 1120 5206 ergo
1150 5136 1511 5192 infirmitatem
1540 5139 1806 5208 patienter
1825 5177 1840 5204 ,
1872 5154 2093 5196 exerce-

514 5226 608 5280 bat
657 5223 1032 5284 abstinentiam
1072 5229 1201 5283 satis
1247 5229 1540 5284 humiliter.
1591 5225 1818 5284 Parvum
1863 5244 2098 5300 namque

515 5323 711 5385 putans
739 5332 897 5372 omne
939 5317 1083 5387 quod
1110 5316 1362 5385 faciebat,
1391 5317 1458 5372 de
1501 5317 1588 5372 die
1637 5318 1691 5371 in
1734 5317 1878 5373 diem
1904 5319 2099 5376 melior

515 5405 633 5462 fieri
676 5409 956 5476 gestiebat.
1009 5407 1122 5464 Hoc
1169 5410 1501 5480 propositum
1547 5409 1726 5463 cordis
1765 5409 1884 5478 ejus
1936 5413 2099 5468 mise-

515 5505 665 5554 rator
715 5506 770 5552 et
815 5499 1120 5556 misericors
1166 5500 1305 5554 Deus
1359 5497 1625 5569 adjutorio
1671 5499 1890 5572 superni
1935 5502 2095 5572 juva-

611 5692 664 5764 tt)
701 5692 825 5764 Ms,
857 5689 1139 5764 aﬁ‘abiliter
1167 5692 1409 5747 irridens.

611 5707 664 5763 α)
703 5707 825 5758 MS.,
857 5707 1139 5764 aﬂuvtttter
1167 5707 1256 5745 trn

590 5707 664 5836 ll!)
700 5763 826 5836 _Ms.,
858 5764 1256 5836 sanctissimum.

589 5832 659 5906 ('c)
699 5834 754 5887 ln
784 5850 907 5906 ms.,
951 5849 1054 5888 non
1096 5832 1286 5897 dolere,
1330 5833 1495 5886 adhuc
1523 5834 1726 5888 uirtutis
1764 5833 1874 5904 ejus
1900 5837 2094 5905 nescia,

520 5923 621 5960 non
643 5901 883 5975 putabat.

2204 4772 2417 4841 perior,
2465 4771 2652 4840 jugum
2703 4771 2904 4826 bonum
2955 4769 3313 4840 gubernandac
3361 4775 3792 4844 congregationis

2204 4861 2498 4930 excipiunt.
3314 4903 3318 4908 .
3634 4914 3635 4917 η

2279 4951 2364 5006 16.
2395 4951 2439 5007 Ο
2466 4969 2625 5023 quam
2667 4953 2793 5008 felix
2815 4969 3092 5010 servorum
3120 4951 3219 5009 Dei
3244 4970 3496 5009 numerus
3519 4954 3632 5016 fuit,
3663 4952 3789 5022 qui-

2203 5046 2304 5100 bus
2333 5055 2570 5116 cmperat
2599 5062 2826 5116 pmesse
2847 5045 3182 5114 Fulgentius!
3208 5046 3251 5102 Ο
3275 5056 3531 5117 quantum
3554 5043 3789 5113 fulgebat

2207 5137 2339 5194 illud
2367 5141 2770 5202 monasterium,
2804 5139 2889 5194 cui
2921 5139 3259 5209 dispensator
3287 5147 3655 5209 permanserat
3680 5136 3788 5192 Fe-

2198 5230 2315 5286 lix!
2350 5230 2557 5288 Dabant
2598 5231 2698 5286 sibi
2737 5231 2935 5286 mutuis
2979 5231 3282 5285 nominibus
3325 5230 3488 5286 etiam
3532 5231 3629 5301 ipsi
3681 5244 3791 5283 non

2200 5322 2423 5378 minoris
2449 5321 2622 5377 laudis
2649 5323 2963 5393 auspicium.
2987 5321 3137 5377 Felix
3160 5324 3456 5378 vocabatur
3476 5321 3791 5391 Fulgentius

2199 5416 2342 5469 viam
2375 5413 2586 5470 Domini
2615 5429 2868 5477 currens,
2900 5420 2957 5468 et
2983 5412 3123 5468 fama
3157 5414 3226 5484 (e)
3259 5423 3536 5470 crescente
3560 5413 3789 5480 Fulgenv

2207 5506 2286 5573 tii,
2313 5504 2560 5577 capiebat
2588 5503 2818 5560 fructum
2848 5504 2930 5560 sui
2957 5498 3203 5561 culminis
3229 5503 3397 5560 Felix.
3435 5503 3582 5561 Unus
3609 5513 3790 5561 tamen

2296 5700 2368 5782 ά).
2392 5698 2518 5753 Αιιι.
2562 5699 2854 5782 recusabat.
2883 5700 2953 5753 At
2997 5697 3172 5756 Chifll.
3203 5714 3326 5754 cum
3353 5711 3450 5754 ms.
3488 5705 3542 5752 et
3571 5700 3691 5752 Ant.
3732 5713 3788 5752 ιιι

2201 5778 2462 5837 margine,
2488 5778 2720 5824 excusat.

2280 5842 2351 5911 (e)
2385 5841 2533 5903 Ant.,
2560 5840 2922 5894 crebrescente.
