4074 6468
244 382 354 442 illi

1616 385 2166 448 PROLEGOMENA.‘

234 514 456 566 eorutn,
486 498 680 555 beatus
714 495 969 555 videlicet
996 496 1333 569 Fulgentiu,
1373 499 1634 558 docendis
1654 499 1842 559 fratri-
1868 512 1922 570 Α
1945 503 2126 589 batur}
2171 500 2299 574 quid
2341 503 2721 576 profecissent,
2758 506 2806 563 si
2831 504 3056 577 flagellis
3079 502 3320 563 membra
3357 506 3544 562 omnia

237 592 345 649 bus
363 589 714 662 peeuliariter
739 589 989 655 vacabat,
1014 591 1151 647 alter
1164 591 1222 647 in
1240 592 1562 662 quotidiana
1588 594 1839 651 ministe-

234 684 328 755 ιείο
350 682 635 740 sollicitius
663 668 962 737 laborabat.
1000 681 1521 753 Supervenientibue
1561 683 1836 754 fratribus,

236 790 383 833 unus
416 775 644 832 verbum
680 775 777 830 Dei
804 774 1149 859 singulariter
1182 779 1540 847 prmdicabat,
1570 781 1712 838 alter
1738 781 1840 836 bo-

235 865 592 938 spitalitatem
637 864 926 936 diligenter
962 868 1314 937 ptmparabat,
1348 876 1402 923 et
1433 868 1679 924 hilariter
1700 864 1839 925 oile-

232 958 412 1015 rebat.
436 957 579 1013 Nibll
605 958 743 1015 almr
762 958 888 1014 sine
914 970 1185 1015 consensu
1228 960 1452 1017 alterius
1478 961 1704 1032 faciens,
1740 963 1839 1018 sed

227 1050 500 1107 sicambo
524 1051 740 1108 caeteris
756 1060 917 1107 erant
954 1052 1313 1124 imperantes,
1346 1062 1407 1108 ut
1443 1054 1545 1111 sub
1582 1055 1737 1109 unius
1775 1070 1835 1110 se

229 1140 428 1212 togula
450 1142 743 1199 crederm
779 1144 1125 1223 constitutos.
1180 1144 1261 1200 Ita
1288 1146 1416 1203 dum
1458 1147 1684 1202 timebat
1710 1145 1853 1214 Fulu,

228 1229 479 1305 gentium
522 1234 804 1291 eﬂeudere
850 1235 1037 1304 Felix,
1096 1236 1444 1308 Felicemque
1492 1238 1832 1308 Fulgentius,

228 1328 581 1386 mortiﬁcatis
601 1328 969 1386 voluntatibus
1001 1333 1236 1402 propriis
1256 1342 1485 1402 uterque
1512 1333 1750 1399 vivebat,
1779 1341 1838 1388 et

230 1422 303 1479 de
338 1422 568 1479 fratrum
612 1423 808 1493 quibus
849 1424 1207 1480 consulebant
1250 1424 1483 1480 utilitate
1514 1424 1832 1490 laudabiles,

225 1522 284 1570 et
310 1514 382 1570 de
409 1522 597 1570 munia
622 1528 786 1585 quam
804 1516 910 1571 sibi
930 1512 1230 1571 reddebant
1249 1516 1479 1571 invicem
1500 1515 1835 1585 snbjectione

224 1608 511 1664 sublimes;
556 1606 691 1675 Quis
742 1609 898 1665 istius
938 1608 1166 1665 allectus
1220 1610 1495 1679 explicare
1540 1611 1707 1680 possit
1754 1611 1838 1666 lo-

227 1701 446 1772 quendo
469 1702 729 1757 virtutem
751 1704 776 1756 ?
805 1702 956 1769 Quos
983 1703 1167 1771 quieta
1203 1714 1310 1772 pax
1344 1702 1698 1768 adunaverat,
1732 1718 1835 1758 nec

231 1791 373 1847 bella
394 1793 679 1850 valuerunt
699 1792 885 1875 feralia
916 1809 1191 1864 separare.
1388 1866 1398 1875 Ι
1482 1790 1489 1795 “

339 1885 516 1941 Carm
540 1902 616 1952 rx.
650 1872 863 1959 Cogitur
891 1890 1073 1960 fugam
1090 1903 1357 1956 capessere
1379 1872 1495 1941 cum
1522 1885 1718 1943 Felice.
1755 1880 1767 1892 ’

297 1976 384 2031 l7.
418 1977 526 2034 Sed
550 1993 677 2034 cum
702 1979 886 2035 subito
914 1978 990 2049 (α)
1018 1979 1316 2035 barbariem
1344 1980 1521 2049 gentis
1547 1979 1827 2050 provincia

220 2068 540 2123 turbaretur
587 2070 811 2125 incursu
833 2111 849 2137 ,
888 2070 1140 2126 videntes
1191 2070 1420 2127 salutem
1467 2070 1826 2141 temporalem

219 2159 361 2229 fuga:
390 2160 639 2231 praesidio
659 2161 1057 2227 vindicandam,
1088 2162 1305 2218 labores
1325 2163 1468 2219 illico
1491 2161 1828 2234 perferendas

219 2254 676 2326 peregrinationis
705 2253 1000 2326 excipiunt,
1050 2254 1350 2325 limatoque
1378 2255 1607 2313 consilio
1636 2254 1826 2327 procul

223 2346 562 2416 abscedunt,
615 2349 704 2405 ubi
763 2348 911 2405 nulla
956 2349 1084 2407 belli
1136 2350 1408 2407 nascentis
1463 2350 1648 2422 opinio
1695 2366 1826 2407 con-

217 2436 466 2493 struendi
502 2441 824 2496 monasterii
861 2442 1130 2510 praeberet
1171 2442 1441 2511 integram
1486 2440 1821 2499 facultatem.

221 2527 552 2586 Promovent
578 2530 741 2600 igitur
783 2538 961 2587 castra
996 2530 1260 2603 spiritalia
1302 2531 1473 2593 duces
1500 2532 1686 2605 inclyti
1714 2548 1827 2590 cu.¥

219 2624 373 2681 testis
408 2625 707 2691 exercitus,
738 2633 803 2680 et
830 2640 929 2698 per
965 2626 1181 2696 ignotas
1209 2623 1401 2681 Africa:
1430 2626 1681 2696 regiones
1702 2641 1823 2709 mp-

220 2716 519 2773 uachorum
570 2733 793 2774 suorum
846 2724 1068 2773 caterva
1109 2717 1406 2773 conﬁtente
1451 2718 1658 2789 pariter
1700 2732 1825 2787 gra-

219 2813 461 2883 diuntur,
489 2814 691 2884 ubique
726 2811 996 2869 facientes
1036 2811 1294 2882 gaudium
1332 2812 1509 2880 bonis,
1560 2812 1821 2867 invidiam

219 2906 394 2961 malis.
433 2904 494 2960 In
521 2905 800 2962 territorio
837 2905 1074 2975 denique
1121 2901 1370 2958 Siccensi
1409 2901 1537 2956 dum
1580 2901 1824 2972 cogitant

221 3008 397 3055 cet-tas
421 2998 580 3056 sedes
600 3008 868 3069 statuere,
904 2998 1147 3068 regionis
1174 2996 1507 3055 fecunditate
1544 2997 1819 3066 delectati,

218 3090 456 3146 virorum
487 3092 656 3147 etiam
686 3086 931 3146 ﬁdelium
960 3087 1040 3163 (b)
1072 3089 1366 3146 devotione
1387 3088 1647 3161 suscepti,
1673 3104 1825 3161 pres—

217 3190 374 3244 inter
391 3183 608 3253 quidam
634 3191 804 3241 sectae
839 3182 1054 3241 Arianm
1083 3185 1139 3239 in
1179 3169 1347 3241 fundo
1373 3182 1685 3241 Gabardilla
1704 3199 1827 3257 per»

1943 588 2328 669 dissipautibus
2370 614 2404 654 a
2450 599 2556 657 fide
2595 614 2726 658 vera
2774 600 3000 658 minime
3050 596 3400 656 defecissent.
3440 588 3546 656 Ne-

1941 688 2179 745 scientes
2211 703 2342 759 ergo
2370 692 2728 761 cogitationes
2761 691 2983 762 maligni
3009 690 3305 762 serpentis,
3337 688 3545 743 haben-

1942 789 2131 851 tesque
2158 779 2405 839 fiduciam
2431 785 2797 851 conscientiae,
2823 783 2955 839 nihil
2980 784 3254 851 timentes,
3282 782 3443 837 ambo
3467 780 3544 837 si-

1934 874 2054 927 mul
2076 874 2461 944 gradiebantur
2484 892 2672 935 secum
2699 879 3005 948 loquentes.

1940 984 2123 1062 CAl’U'l'
2153 1004 2206 1062 χῖ.
2236 988 2508 1062 S_istuntur
2534 959 2732 1046 Ariona
2755 990 3071 1062 presbytero.
3095 987 3238 1062 Mira
3262 985 3540 1062 crudelitas

2008 1058 2215 1183 2ft;an
2258 1059 2541 1137 Vehemens
2587 1048 2780 1117 caritas
2821 1048 3016 1116 Felicis
3053 1060 3279 1123 abbatis.
3304 1048 3541 1113 Caeditur

2064 1146 2091 1183 e
2114 1146 2189 1183 ως.

2064 1146 2189 1184 eux.

2011 1242 2076 1297 Et
2118 1260 2246 1301 ecce
2291 1247 2472 1302 subito
2503 1248 2657 1317 quasi
2684 1248 2941 1303 violentia
2987 1247 3297 1302 mevissimze
3326 1230 3537 1313 tempe-

1936 1338 2093 1392 statis
2122 1339 2326 1394 invadit
2371 1341 2636 1406 incautos,
2675 1340 2865 1396 dividit
2888 1341 3127 1412 junctos,
3157 1341 3287 1410 ligat
3312 1339 3534 1401 divisos,

1937 1435 1995 1480 et
2033 1426 2290 1484 feralibus
2329 1430 2554 1485 vinculis
2596 1439 2852 1485 oneratos
2879 1431 3126 1501 perducit
3162 1429 3229 1483 ad
3256 1428 3537 1499 presbyte-

1938 1532 2059 1572 rum
2087 1518 2318 1575 vinctos.
2343 1517 2663 1574 Efflciuntur
2689 1520 2869 1575 subito
2891 1521 3008 1576 sine
3034 1520 3262 1575 crimine
3288 1519 3387 1583 rei,
3418 1517 3538 1571 sine

1938 1609 2065 1664 belli
2094 1619 2244 1666 sorte
2273 1612 2492 1682 captivi.
2520 1610 2728 1679 Quibus
2757 1611 2898 1666 enim
2933 1610 3259 1680 fugientibus
3285 1608 3418 1663 nihil
3444 1620 3538 1661 no-

1936 1712 2375 1773 cerepotuerunt
2414 1702 2605 1770 Mauri,
2643 1718 2833 1774 poenas
2861 1703 3112 1771 ingerunt
3137 1701 3339 1756 Ariani.
3382 1699 3536 1755 Tunc

1937 1806 2226 1865 antequam
2278 1803 2611 1861 tenerentur,
2658 1794 2810 1850 Felix
2855 1795 3022 1849 abbas
3064 1807 3266 1864 paucos
3310 1790 3532 1856 solidos,

1864 1898 1911 1960 Β
1939 1886 2079 1940 unde
2120 1885 2348 1942 fratrum
2394 1887 2808 1942 sustentabatur
2850 1887 3052 1957 inopia,
3101 1883 3417 1955 simpliciter
3440 1881 3535 1937 ubi

1928 1986 2114 2034 suetus
2142 1988 2391 2034 suaserat
2413 1979 2511 2051 (at.
2543 1978 2839 2049 invaserat)
2864 1976 3116 2049 projeeit,
3147 1985 3206 2032 et
3231 1974 3535 2032 custodien-

1924 2068 2030 2124 dos
2057 2068 2153 2125 Dei
2182 2070 2389 2139 servis,
2429 2071 2531 2140 ipsi
2572 2070 2685 2125 Deo
2733 2070 3043 2126 committit.
3073 2069 3117 2122 Ο
3143 2068 3308 2123 divini
3348 2066 3535 2134 singu-

1931 2161 2061 2217 laris
2104 2163 2349 2233 potentia
2399 2162 2678 2219 miraculi!
2729 2162 2899 2218 Nemo
2950 2161 3118 2216 valuit
3160 2159 3361 2216 solidos
3412 2157 3534 2214 illas

1928 2255 2207 2327 proiectos
2237 2256 2500 2326 aspicere,
2540 2254 2716 2311 nullus
2740 2255 3036 2326 permissus
3063 2262 3144 2309 est
3170 2253 3370 2308 victum
3398 2260 3534 2322 pau-

1928 2361 2119 2419 perum
2147 2349 2478 2418 pauperibus
2504 2348 2698 2403 tollere
2729 2365 2742 2400 :
2773 2345 2870 2401 sed
2916 2344 2993 2399 illi
3039 2344 3141 2399 soli
3168 2344 3259 2413 qui
3299 2343 3379 2397 sic
3404 2354 3534 2412 pro-

1926 2438 2094 2494 batldi
2135 2438 2351 2494 fuerant
2396 2448 2666 2505 tenentur,
2716 2439 2951 2507 ligantur
2972 2478 2987 2503 ,
3038 2436 3107 2490 ad
3151 2434 3531 2506 presbyterum

1925 2529 2319 2609 perducuntur.
2345 2529 2554 2597 Quibus
2578 2544 2676 2585 ore
2701 2529 2929 2585 terribili
2948 2528 3217 2585 violentus
3247 2525 3532 2599 presbyter

1927 2620 2159 2686 intonat,
2186 2621 2297 2675 Cur
2339 2636 2403 2676 ex
2444 2623 2637 2676 vestris
2686 2620 2999 2689 regionibus
3044 2619 3261 2675 occulte
3304 2616 3531 2673 venistis

1927 2712 2266 2769 Christianos
2290 2727 2446 2781 reges
2475 2713 2760 2767 evertere?
2787 2696 2935 2766 Bene
2977 2711 3123 2766 enim
3167 2709 3334 2763 miser
3367 2707 3530 2763 Chri-

1926 2805 2134 2860 stianos
2162 2817 2317 2871 reges
2344 2819 2465 2859 esse
2493 2804 2726 2869 dicebat,
2775 2804 2830 2857 in
2870 2803 3064 2871 quibus
3101 2800 3372 2857 Christum
3418 2798 3530 2854 Re-

1926 2910 2051 2965 gem
2087 2911 2277 2965 regum
2329 2897 2713 2951 miserabiliter
2758 2895 3156 2963 exsulilaverat,
3197 2903 3253 2950 et
3279 2908 3416 2964 quos
3442 2891 3530 2946 Fin-

1928 2989 2061 3043 lium
2100 2987 2249 3043 Patri
2275 2988 2538 3058 aequalem
2586 3002 2786 3055 negare
2838 2988 3028 3042 similis
3074 2987 3407 3042 Antichristo
3431 2984 3529 3040 do-

1929 3088 2135 3136 cuerat.
2193 3078 2303 3134 Illis
2345 3078 2424 3151 (f)
2469 3078 2536 3133 ad
2590 3079 2707 3134 hmo
2752 3078 3113 3133 veracissinue
3159 3077 3530 3147 responsionis

1929 3174 2097 3230 verba
2148 3174 2465 3245 parantibus
2488 3211 2504 3237 ,
2566 3172 2750 3227 inferri
2816 3171 3079 3242 praecepit
3139 3170 3363 3226 verbera
3417 3169 3529 3239 pri-

217 3270 399 3329 ﬁdiam
422 3274 746 3345 praedicans,
782 3275 871 3331 cui
911 3286 1111 3331 nomen
1148 3275 1370 3345 quidem
1407 3275 1508 3331 fuit
1541 3276 1685 3332 inter
1723 3276 1825 3332 bo—
1849 3291 1897 3356 α
1928 3269 2114 3323 mittis-

216 3367 389 3423 mines
416 3365 589 3435 Felix,
626 3368 727 3425 sed
773 3368 1023 3424 voluntas
1071 3367 1334 3426 adversus
1387 3369 1560 3427 Deum
1605 3384 1824 3442 semper

215 3456 442 3524 infelix;
473 3459 697 3515 natione
727 3459 1009 3529 barbarus,
1038 3461 1281 3518 moribus
1318 3476 1509 3530 savus,
1551 3460 1823 3520 facultati-

214 3549 318 3605 bus
367 3560 564 3620 potens
586 3590 601 3616 ,
653 3550 1051 3607 catholicorum
1101 3560 1427 3624 persecutor
1480 3554 1780 3611 acerrimus
1803 3596 1819 3620 ,

214 3640 292 3713 (ο)
318 3642 469 3696 beati
509 3640 777 3710 Fulgentii
807 3656 1007 3698 nomen
1030 3643 1086 3698 in
1131 3628 1238 3701 illis
1272 3646 1588 3715 regionibus
1616 3646 1821 3703 clarum

213 3731 335 3787 fieri
357 3732 619 3797 sentiens,
640 3733 1077 3790 reconciliandos
1098 3734 1301 3789 multos
1324 3750 1463 3805 quos
1486 3738 1700 3793 occulte
1726 3738 1822 3793 de-

214 3830 461 3893 ceperat,
502 3822 830 3892 suspicot‘ur.
859 3822 975 3880 Nec
1011 3825 1191 3879 virum
1235 3826 1457 3893 dignum
1484 3829 1817 3893 sacerdotio.

212 3930 343 3971 vere
382 3912 559 3970 adhuc
608 3928 731 3970 esse
758 3914 1087 3972 monachum
1130 3914 1379 3982 credidit,
1420 3917 1517 3972 sed
1553 3931 1678 3972 eum
1719 3920 1822 3974 sub

211 3998 402 4057 habitu
434 4005 714 4071 monachi,
752 4006 1061 4063 sacerdotis
1103 3994 1344 4063 ofﬁcium
1387 4007 1617 4079 implere
1645 4018 1818 4079 putat.

211 4090 280 4148 Et
306 4108 495 4150 revera
522 4097 828 4156 sacerdotis
851 4097 1091 4154 ofﬁcium
1126 4099 1476 4156 laudabiliter
1501 4100 1667 4156 etiam
1690 4108 1820 4162 tunc

210 4183 491 4256 implebat,
519 4188 599 4260 (ut)
630 4202 739 4245 non
770 4190 983 4262 aliquos
1026 4190 1452 4257 reconciliando,
1496 4191 1593 4248 sed
1632 4206 1823 4248 omnes

209 4293 351 4347 quos
398 4280 670 4351 attingere
719 4292 958 4354 poterat,
1013 4266 1082 4339 a'd
1124 4286 1627 4344 reconciliationem
1675 4288 1821 4343 salu-

209 4368 419 4425 taribus
443 4372 668 4429 monitis
695 4374 993 4429 invitando.
1041 4372 1208 4445 Cujus
1236 4392 1417 4433 sermo
1440 4377 1615 4435 dulcis
1648 4386 1705 4435 et
1741 4393 1824 4435 re-

207 4474 348 4530 ctus,
378 4467 505 4535 quia
536 4467 673 4523 dura
702 4483 920 4540 quoque
945 4470 1113 4526 corda
1154 4471 1454 4540 molliebat,
1488 4488 1592 4530 nec
1617 4474 1817 4531 imme-

200 4556 317 4610 rito
346 4556 489 4612 hunc
534 4559 911 4631 presbyterum
952 4561 1033 4617 sic
1073 4561 1267 4617 timere
1309 4577 1410 4633 pro
1447 4578 1545 4620 sua
1593 4561 1817 4636 perﬁdia

209 4647 594 4716 compellebat.

283 4734 371 4791 18.
395 4736 601 4809 Arripit
637 4739 801 4811 igitur
828 4740 1133 4813 presbyter,
1157 4742 1333 4799 insani
1362 4742 1561 4801 furoris
1584 4746 1817 4801 stimulis

209 4828 535 4893 concitatus,
580 4844 769 4886 servos
811 4830 906 4887 Dei
958 4833 1253 4889 crudeliter
1298 4837 1574 4905 persequi,
1616 4844 1674 4892 et
1718 4851 1818 4907 per

209 4934 400 4977 omnes
409 4921 523 4977 vias
532 4922 850 4979 custodibus
867 4923 940 4997 (e)
955 4925 1257 4982 distributis
1277 4928 1669 4983 ambulantium
1681 4931 1814 4984 sim-

210 5005 423 5079 pliciter
463 5014 678 5071 obsidet
723 5017 941 5073 itinera.
993 5017 1371 5075 Necessarium
1403 5022 1605 5092 quippe
1642 5022 1819 5078 fuerat

215 5106 445 5163 athtetas
470 5106 794 5167 fortissimos
815 5111 1142 5167 voluntariis
1169 5112 1515 5169 abstinentiae
1543 5115 1820 5171 laboribus

207 5199 275 5250 ιι
317 5213 535 5254 omnem
568 5202 929 5258 tolerantiam
985 5214 1319 5276 praeparatos
1368 5208 1817 5278 persequentium

205 5289 347 5342 tradi
397 5289 675 5360 paululum
716 5295 987 5362 manibus,
1012 5304 1078 5351 ut
1117 5298 1445 5371 martyrialis
1472 5298 1665 5368 agonis
1691 5314 1819 5370 par-

205 5384 401 5455 ticipes
420 5382 622 5455 cll’ecti,
644 5384 791 5440 illata
815 5386 1089 5444 discerent
1110 5388 1376 5461 supplicia
1402 5389 1670 5458 tolerare;
1694 5406 1820 5461 pro-

280 5524 359 5595 (α)
395 5522 485 5597 §ic
533 5524 659 5580 Ant.
708 5518 912 5591 Chifﬂ.,
943 5526 1233 5584 barbarica:
1273 5530 1660 5597 multitudinis;
1707 5547 1810 5588 ms.

206 5591 361 5661 vero,
388 5591 722 5653 Maurorum.

282 5665 496 5746 (b)
540 5676 726 5725 noster
743 5683 866 5746 cum
896 5668 1249 5746 aliquot__a_liis
1274 5685 1303 5724 a
1330 5670 1515 5746 Chifil.
1547 5674 1696 5746 visis,
1730 5676 1813 5746 fa-

205 5736 868 5829 voéeildemque‘prmfert
1043 5739 1212 5829 editio
1235 5741 1290 5829 in
1320 5758 1417 5797 ora
1447 5742 1589 5797 libri.

248 5806 601 5892 .A(c)'Si-t3..ms.
631 5806 823 5868 Cteteri
853 5812 931 5868 sic
954 5811 1312 5882 distinguunt,
1335 5824 1633 5884 persecutor
1660 5831 1810 5870 acer-

209 5876 394 5937 rimus.
428 5876 558 5947 Hic.
587 5892 692 5941 etc.

2002 3362 2091 3419 l9.
2122 3362 2290 3431 Igitur
2335 3361 2484 3417 Felix
2530 3361 2700 3415 abbas
2745 3360 3055 3414 vehementi
3100 3358 3328 3414 caritate
3380 3369 3531 3413 conr-

1926 3463 2125 3522 motus,
2159 3453 2398 3519 Parcite,
2428 3454 2527 3521 ait,
2557 3451 2711 3507 fratri
2750 3449 3060 3521 Fulgentio,
3086 3451 3178 3520 qui
3213 3465 3320 3505 non
3350 3452 3532 3520 potest

1922 3554 2195 3602 tormenta
2251 3545 2515 3617 perferre.
2566 3544 2746 3600 Nolite
2801 3545 2963 3599 istum
3012 3543 3224 3598 caedere
3259 3543 3403 3597 inter
3437 3557 3531 3597 ve-

1922 3649 2062 3696 stras
2090 3651 2286 3695 manus
2308 3638 2535 3695 forsitan
2576 3638 2920 3693 moriturum.
2968 3633 3334 3690 Convertatur
3361 3634 3414 3688 in
3441 3642 3531 3689 me
3583 3690 3596 3710 .

1924 3742 2105 3789 vestra
2135 3733 2427 3788 crudelitas
2457 3750 2470 3784 :
2502 3745 2604 3801 ego
2642 3732 2757 3786 scio
2781 3731 2906 3801 quid
2937 3728 3216 3793 confitear,
3249 3729 3304 3783 in
3333 3742 3421 3782 me
3448 3730 3533 3782 est

1923 3826 2101 3882 omnis
2127 3839 2313 3880 causa.
2346 3822 2498 3878 Tunc
2544 3823 2853 3878 dilectionis
2888 3822 3250 3877 admiratione
3292 3817 3532 3890 stupefa-

1923 3925 2062 3983 ctus,
2085 3917 2356 3971 removeri
2397 3915 2674 3986 paulisper
2712 3914 2929 3969 beatum
2970 3912 3317 3982 Fulgentium
3353 3910 3529 3980 jubet,

1925 4017 2099 4078 atque.
2116 4007 2263 4062 illum
2289 4007 2508 4076 gravius
2546 4003 2680 4060 caedi
2714 4005 2979 4060 ministris
3017 4004 3324 4059 saevissimis
3354 4004 3529 4073 impea

1924 4107 2030 4155 rat.
2062 4099 2217 4154 Tunc
2243 4098 2404 4153 hilari
2428 4098 2611 4153 animo
2634 4096 2788 4152 Felix
2811 4096 2978 4151 abbas
3002 4095 3316 4152 verberibus
3341 4094 3527 4151 subdi-

1925 4201 2030 4247 tur.
2066 4191 2320 4247 Dolorem
2355 4190 2559 4262 quippe
2608 4204 2733 4246 cum
2782 4189 2980 4260 gaudio
3032 4187 3352 4255 sustinebat,
3402 4185 3530 4261 quia

1923 4287 2142 4342 beatum
2188 4285 2532 4354 Fulgentium
2576 4283 2711 4338 nihil
2749 4283 2925 4339 adhuc
2961 4284 3076 4354 pati
3114 4280 3356 4338 videbat.
3388 4278 3532 4338 Ecce

1924 4381 2099 4453 qualis
2123 4378 2227 4435 fuit
2253 4380 2447 4436 beatus
2474 4374 2790 4447 Fulgentius
2836 4377 2979 4434 circa
3008 4377 3231 4443 amicos,
3274 4384 3334 4433 ut
3359 4388 3532 4447 usque

1925 4472 1992 4526 ad
2048 4479 2281 4527 mortem
2334 4470 2484 4539 diligi
2534 4477 2858 4526 mereretur.
2916 4468 3027 4526 lsta
3072 4469 3276 4541 quippe
3330 4470 3530 4526 caritas

1923 4562 2070 4617 beati
2091 4562 2310 4631 Felicis,
2337 4564 2459 4617 vitae
2486 4562 2628 4617 illius
2648 4568 2853 4617 sanctae
2888 4575 3142 4631 magnum
3171 4560 3421 4632 perhibet
3449 4571 3531 4617 te-

1848 4668 1902 4733 n
1927 4656 2260 4710 stimonium.
2291 4654 2477 4724 Neque
2510 4654 2657 4709 enim
2689 4640 2925 4709 salutem
2961 4668 3115 4709 suam
3141 4668 3243 4725 pro
3275 4652 3418 4709 illius
3443 4667 3531 4709 sa-

1926 4749 2038 4803 lute
2065 4748 2391 4818 despiceret,
2438 4747 2541 4801 nisi
2592 4747 2694 4803 sibi
2739 4747 3012 4819 primitus,
3038 4753 3097 4803 et
3130 4744 3317 4802 multis
3340 4744 3530 4802 utilem

1921 4837 2329 4908 jocundumque
2375 4839 2623 4893 sentiret.
2653 4837 2941 4893 Imitentur
2977 4846 3236 4909 utrosque
3282 4838 3378 4910 qui
3419 4835 3532 4910 pla-

1925 4946 2051 4986 cere
2081 4932 2193 4987 Deo
2216 4930 2548 4987 desiderant.
2580 4931 2729 4988 Alios
2762 4930 2963 4987 doceat
2999 4930 3193 4988 beatus
3217 4929 3530 5001 Fulgentius

1926 5024 2006 5079 sic
2029 5024 2213 5079 vivere
2266 5023 2409 5078 inter
2453 5021 2668 5090 fratres,
2712 5032 2774 5078 ut
2817 5031 3087 5095 amentur,
3138 5022 3441 5090 foveantur,
3476 5026 3530 5078 et

1923 5114 1980 5169 in
2002 5116 2226 5169 summis
2257 5114 2677 5171 necessitatibus
2702 5113 3014 5186 adjuvandi,
3057 5114 3268 5170 etiamsi
3312 5114 3528 5185 pericu‘

1922 5204 2033 5260 lum
2064 5221 2173 5260 non
2202 5205 2454 5274 defuerit,
2482 5206 2816 5276 judiceutur.
2864 5207 3095 5263 Sumant
3141 5206 3231 5261 alii
3271 5205 3340 5262 de
3383 5206 3529 5263 bono

1929 5297 2070 5353 facto
2090 5297 2288 5355 Felicis
2319 5299 2531 5355 abbatis
2572 5302 2901 5372 exemplum,
2932 5298 3249 5355 melioribus
3274 5298 3530 5356 fratribus

1923 5398 1979 5447 et
2016 5392 2070 5447 in
2110 5392 2209 5449 Dei
2238 5393 2436 5449 timore
2470 5394 2589 5465 plus
2622 5392 3029 5465 proﬁcientibus
3052 5406 3270 5449 omnem
3298 5394 3530 5464 gratiam

1998 5532 2075 5604 (ά)
2105 5533 2195 5589 Sic
2240 5549 2368 5600 ms.,
2405 5533 2707 5605 etquidem
2748 5533 2969 5596 rectius,
3003 5541 3062 5588 ut
3089 5534 3324 5605 videtur,
3365 5548 3530 5603 quam

1923 5605 2101 5659 caeteri
2133 5605 2187 5659 in
2213 5606 2408 5673 quibus
2435 5605 2685 5673 habetur,
2722 5620 2826 5659 non
2849 5612 3047 5659 tantm
3074 5606 3276 5676 aliquos
3302 5606 3529 5662 recensi.

1922 5675 2120 5738 liando.
2148 5678 2262 5744 sed,
2295 5685 2402 5730 etc.

1996 5745 2064 5816 (e)
2096 5745 2172 5799 lta
2225 5762 2323 5801 ms.
2374 5754 2431 5800 et
2472 5746 2688 5801 codices
2740 5747 2793 5801 in
2840 5747 2983 5802 notis
3016 5761 3048 5800 a
3076 5745 3257 5801 Chifll.
3294 5744 3525 5805 laudati.

1922 5816 2068 5871 Editi
2102 5832 2253 5888 vero,
2284 5816 2542 5888 deputans
2565 5834 2583 5884 ;
2606 5818 2663 5875 in
2689 5818 2954 5888 margine,
2982 5817 3296 5874 distributis.

1994 5888 2061 5959 (Ι)
2100 5884 2224 5959 Ms,
2254 5884 2447 5943 adhuc.

2542 5993 2613 6009 δ’.
