4124 6484
593 333 691 388 127
722 292 728 298 ’

1751 347 1802 403 S.
1845 346 2271 404 FULGENTIUS
2311 345 2698 405 RUSPENSIS.

3746 351 3847 406 128

585 449 741 504 honre
771 451 1060 508 voluntatis
1106 456 1432 527 impendere.
1483 461 1708 528 Quando
1755 463 1898 515 enim
1927 461 2046 515 talis
2074 478 2178 532 ca-g
2196 473 2247 532 Α
2275 477 2278 480 ’
2344 439 2431 516 22.
2462 459 2606 517 Inter
2634 463 2770 516 alios
2793 473 3009 532 quoque
3035 459 3357 516 Arianorum
3394 459 3679 530 episcopus
3705 460 3851 517 dolet

584 542 715 596 ritas
753 544 889 599 inter
940 544 1131 604 fratres
1178 548 1357 616 fuerit,
1403 554 1576 622 qualis
1619 555 1757 609 inter
1799 537 2165 610 sanctissimos

585 634 728 691 viros
757 636 875 703 fuit,
909 639 985 694 vis
1013 643 1178 696 totius
1217 646 1528 701 tentationis
1552 645 1709 702 facile
1733 656 2038 716 superatur,
2063 647 2164 701 ini-

580 727 842 784 micorum
870 747 998 787 vero
1027 734 1320 802 pertinacia
1350 739 1604 793 continuo
1649 738 1927 809 frangitur.
1959 738 2162 805 Quam-

578 820 660 874 vis
691 830 816 879 tunc
837 826 1160 884 saevissimus
1179 831 1460 902 presbyter
1487 833 1647 888 etiam
1679 833 1746 888 de
1771 832 1964 887 Felicis
1991 832 2159 887 abba-

577 915 645 968 tis
672 916 863 985 injuria
897 921 1118 977 minime
1141 924 1388 993 satiatus,
1419 941 1519 980 nec
1548 927 1706 981 beato
1735 925 2014 993 Fulgentio
2039 940 2162 995 par-

573 1008 800 1064 cendum
829 1015 1054 1080 putavit.
1362 1056 1364 1060 -
1816 1098 1819 1102 η

573 1119 753 1177 CAPUT
787 1141 858 1179 χι.
902 1125 1212 1205 Verberetur
1238 1132 1394 1205 etiam
1430 1130 1755 1205 Fulgentius.
1793 1136 1917 1193 Post
1944 1137 2157 1192 verbera

885 1213 1001 1252 cum
1034 1200 1151 1254 aliis
1173 1202 1512 1272 ignominiosa
1536 1200 1841 1262 'dimitlitur.

640 1285 726 1340 ΞΟ.
761 1288 957 1346 Beatus
1002 1307 1134 1347 vero
1181 1294 1513 1363 Fulgentius,
1557 1299 1640 1354 vir
1677 1302 1898 1357 omnino
1943 1303 2158 1359 delicati

570 1380 831 1446 corporis,
867 1391 925 1435 ut
953 1392 1081 1452 pote
1118 1401 1188 1440 ex
1216 1385 1416 1443 familia
1461 1399 1621 1445 natus
1647 1393 1858 1459 illustri,
1890 1395 2159 1450 violentos

567 1468 796 1538 impetus
853 1472 1072 1529 fustium
1127 1480 1396 1547 repentini
1447 1481 1648 1538 doloris
1701 1486 1998 1541 acerbitate
2047 1501 2160 1542 cre-

566 1572 749 1616 scenle
777 1563 866 1617 vix
891 1565 1148 1634 tolerans,
1179 1569 1318 1623 sicut
1338 1571 1452 1639 ipse
1476 1573 1631 1628 nobis
1654 1583 1839 1643 postea
1862 1574 2155 1643 referebat,

565 1654 823 1722 cogitavit
848 1659 1151 1729 presbyteri
1197 1660 1424 1718 furentis
1460 1665 1719 1719 insaniam
1749 1668 1835 1722 vel
1873 1669 2083 1723 mollire
2111 1671 2157 1724 si

564 1756 765 1814 posset,
795 1750 882 1804 vel
919 1759 1067 1806 certe
1094 1754 1367 1821 paululum
1395 1755 1569 1812 donec
1588 1759 1994 1815 recrudesceret
2021 1776 2155 1816 avo-

2269 560 2558 607 mactatum
2601 553 2750 622 gravi
2781 553 2928 609 caede
2969 553 3188 608 beatum
3225 552 3581 621 Fulgentium.
3613 551 3680 606 Et
3724 554 3851 622 quia

2266 653 2516 714 parentes
2547 645 2664 715 ejus
2691 647 2936 715 cognitos
2962 646 3196 702 habebat
3243 647 3386 702 idem
3422 648 3725 718 episcopus,
3763 649 3851 729 ip-

2263 752 2489 808 sumque
2508 739 2724 794 beatum
2744 739 3082 808 Fulgentium
3101 739 3441 809 singulariter
3458 740 3631 795 adhuc
3655 740 3852 797 laicum

2262 829 2542 894 dilexerat,
2574 830 2828 886 adversus
2853 831 3222 904 presbyterum
3250 845 3358 886 suae
3384 831 3656 899 religionis
3680 839 3736 886 et
3751 846 3853 901 pa-

2262 922 2480 988 rochiaa,
2511 923 2603 992 qui
2623 923 2783 978 caedis
2802 937 2992 979 auctor
3019 925 3320 988 exstiterat,
3345 923 3582 992 graviter
3607 938 3851 979 commo-

2262 1019 2436 1076 vetur,
2466 1013 2739 1069 vindicare
2767 1015 2983 1070 beatum
3011 1013 3348 1084 Fulgentium
3375 1029 3591 1086 parans,
3619 1015 3666 1070 si
3712 1029 3850 1083 que-

2260 1101 2430 1156 relam
2472 1103 2540 1157 de
2583 1114 2884 1176 memorato
2913 1105 3228 1178 presbytero
3267 1105 3541 1176 deponere
3569 1104 3847 1162 voluisset.

2261 1191 2369 1246 Sed
2392 1193 2582 1249 beatus
2600 1194 2931 1264 Fulgentius,
2961 1197 3144 1252 multis
3169 1205 3226 1252 ut
3249 1197 3354 1253 hoc
3381 1195 3584 1252 faceret
3610 1195 3849 1251 suaden-

2261 1284 2426 1354 tibus,
2455 1286 2572 1341 Non
2603 1288 2746 1354 licet,
2776 1289 2871 1352 ait,
2902 1290 2958 1342 in
2987 1289 3094 1344 hoc
3139 1289 3336 1345 saeculo
3378 1289 3664 1345 vindictam
3693 1303 3849 1358 quze-

2259 1390 2382 1431 rere
2431 1375 2753 1434 Christiano.
2782 1378 2942 1436 Novit
2969 1380 3227 1435 Dominus
3259 1382 3532 1450 quomodo
3565 1396 3849 1436 servorum

2259 1481 2479 1523 suorum
2507 1468 2760 1526 defendat
2788 1471 3027 1542 injurias.
3052 1471 3160 1528 Iste
3180 1474 3461 1546 presbyter
3479 1475 3524 1529 si
3543 1475 3849 1544 gravissimi

2259 1559 2477 1614 sceleris
2506 1559 2646 1614 inter
2675 1562 2918 1617 homines
2943 1579 3029 1618 me
3057 1573 3248 1632 agente
3269 1566 3533 1635 receperit
3560 1565 3848 1636 ultionem,

2259 1648 2534 1718 patientia:
2562 1665 2661 1705 nos
2687 1652 2829 1722 apud
2856 1653 3024 1707 Deum
3050 1654 3376 1724 perdidimus
3411 1657 3848 1718 retributionem;

2261 1740 2495 1795 maxime
2521 1743 2647 1810 quia
2669 1745 2868 1798 multos
2892 1746 3144 1815 parvulos
3163 1747 3526 1803 scandalizare
3552 1749 3770 1820 poterit,
3802 1752 3850 1808 si

563 1852 707 1904 care,
735 1855 845 1910 quo
892 1841 1101 1899 facilius
1141 1845 1281 1900 inter
1325 1847 1466 1916 ipsas
1511 1864 1692 1906 moras
1729 1851 1995 1908 inveniret
2030 1869 2156 1923 spa-
2186 1860 2235 1921 Β
2260 1832 2498 1902 episcopi
2523 1834 2707 1889 Ariani
2730 1835 2992 1904 ju‘u‘uum
3026 1839 3412 1909 qualiscunque
3455 1851 3727 1924 P9°W°ri
3762 1851 3852 1897 ιδ’

563 1929 696 1984 tium
724 1933 1043 2002 respirandi,
1075 1951 1143 1992 ne
1169 1939 1482 1994 continuata
1516 1955 1678 2010 ptena
1706 1944 1928 2000 omnino
1960 1945 2155 2000 intole-

561 2019 745 2074 rabilis
799 2023 970 2077 fieret.
1028 2026 1158 2082 Dico
1213 2028 1413 2099 aliquid
1442 2072 1458 2098 ,
1509 2031 1555 2087 si
1612 2033 1867 2102 loquendi
1914 2045 2156 2106 potestas

563 2111 834 2180 tribuitur,
865 2114 992 2170 dum
1016 2120 1336 2188 caederetur,
1371 2123 1657 2178 exclamat.
1690 2123 1842 2182 Tunc
1872 2129 2156 2200 presbyter

562 2211 758 2271 putans
785 2221 907 2260 eum
929 2205 1177 2265 confiteri
1198 2213 1358 2280 velle,
1381 2213 1537 2283 jubet
1555 2219 1835 2286 quiescere
1863 2221 2152 2292 caedentes,

559 2301 617 2348 et
655 2295 734 2352 sic
774 2296 950 2354 adhuc
993 2300 1061 2354 ad
1109 2299 1317 2370 flagella
1362 2320 1678 2376 suspensum
1717 2310 1864 2380 loqui
1909 2315 2153 2384 praecipit

557 2386 704 2454 quod
730 2390 969 2446 volebat.
997 2391 1097 2448 Ubi
1125 2394 1252 2450 dum
1279 2396 1471 2454 beatus
1491 2399 1804 2470 Fulgentius
1830 2405 2152 2474 eloquentia:

557 2477 731 2534 solitae
779 2484 1118 2540 sermonibus
1167 2486 1375 2543 blandis
1419 2505 1531 2545 suae
1573 2494 2022 2561 peregrinationis
2068 2506 2152 2552 est

557 2589 778 2631 narrare
806 2593 1091 2648 aggressus
1129 2582 1430 2653 historiam,
1481 2589 1854 2662 presbyterum
1895 2594 2022 2649 facit
2061 2602 2148 2650 at-

557 2667 808 2735 tonitum,
841 2669 1040 2742 diuque
1085 2675 1248 2730 nimia
1275 2662 1588 2735 verborum
1641 2684 1905 2740 suavitate
1957 2685 2149 2742 delini-

557 2762 692 2823 tum,
719 2773 860 2828 pene
891 2762 1057 2817 totius
1085 2765 1418 2824 crudelitatis
1441 2769 1618 2825 reddit
1645 2772 1889 2829 oblitum.
1921 2774 2149 2832 Miratur

527 2849 852 2927 _presbyter.
871 2854 1017 2910 beati
1044 2855 1311 2928 Fulgentii
1358 2862 1683 2930 facundiam,
1713 2868 1906 2936 probat
1932 2871 2147 2940 sapien-

554 2939 704 3008 tiam,
739 2959 1098 3017 magnumque
1123 2950 1355 3020 aliquem
1405 2954 1579 3010 virum
1608 2957 1921 3028 conjiciens,
1952 2964 2146 3020 erube-

551 3034 652 3089 scit
678 3035 876 3094 inferre
901 3039 1235 3098 violentiam.
1283 3045 1390 3101 Sed
1434 3064 1503 3103 ne
1550 3052 1662 3106 suis
1707 3053 1964 3122 proderet
1991 3072 2142 3112 suam

550 3137 858 3196 superatam
907 3130 1072 3188 fuisse
1102 3133 1181 3204 (ὰ)
1209 3137 1501 3206 satvitiam,
1539 3140 1758 3208 Caedite,
1798 3146 1891 3211 ait,
1946 3146 2139 3202 iterum

2260 1938 2382 1977 men
2430 1926 2728 1998 catholicus
2762 1937 2818 1984 et
2865 1930 3160 1986 monachus
3204 1947 3459 2001 quaeram.
3488 1932 3688 1988 Nolens
3715 1948 3851 2003 ergo

2258 2015 2558 2072 retribuere
2581 2020 2719 2074 mala
2748 2036 2846 2090 pro
2875 2022 3050 2087 malis,
3081 2033 3137 2078 et
3169 2024 3331 2078 vitam
3360 2041 3512 2080 suam
3541 2026 3720 2082 sciens
3748 2042 3854 2082 ne-

2256 2108 2544 2162 cessariam
2571 2110 2747 2178 bonis,
2772 2128 3014 2183 nequam
3037 2112 3215 2169 forsan
3237 2115 3612 2172 haereticorum
3637 2118 3854 2173 violen-

2256 2196 2385 2250 tiam
2407 2198 2581 2254 denuo
2609 2209 2942 2271 paterentur,
2969 2221 3036 2260 ex
3064 2206 3153 2260 illa
3183 2208 3460 2276 provincia
3487 2224 3670 2264 rursus
3696 2225 3854 2279 egre

2253 2288 2492 2360 diuntur,
2521 2301 2575 2348 et
2595 2293 2663 2348 ad
2683 2296 2857 2350 vicina
2887 2299 3176 2366 provincia:
3202 2315 3313 2354 suae
3341 2301 3459 2358 loca
3479 2303 3731 2358 celeriter
3757 2318 3849 2359 re-

2252 2391 2556 2448 vertuntur,
2610 2388 2780 2456 magis
2827 2389 3084 2457 eligentes
3132 2392 3338 2449 vicinos
3382 2394 3584 2451 habere
3627 2395 3848 2452 Mauros

2250 2485 2412 2540 quam
2443 2475 2552 2544 pati
2581 2478 2987 2535 molestissimos
3013 2482 3262 2538 Arianos.

2249 2563 2433 2652 Carm
2475 2568 3239 2652 in.fulgentiusnmetlitatur
3269 2579 3382 2652 iter
3423 2580 3478 2632 in
3525 2579 3840 2652 ﬁgi/ptum.

2320 2637 2549 2723 Appellit
2581 2637 2981 2723 sura}:_usas.nS.
3002 2644 3242 2723 Eulalius
3259 2637 3845 2723 Syroeusanuszpisco-

2319 2703 2437 2775 pus.
2469 2703 2855 2791 Monasteriunl
2876 2714 2937 2769 S.
2990 2714 3204 2791 Eulalii.
3237 2703 3328 2770 Ab"
3352 2719 3537 2791 itinere
3566 2703 3842 2791 ciebis};-

2318 2788 2528 2855 uocatur
2553 2782 3154 2855 propterzEgyptiorum
3183 2790 3554 2844 monachorum
3587 2782 3838 2849 scltisma.

2319 2846 2526 2916 Hospes
2550 2846 2953 2922 hospitalitatem
2980 2869 3200 2912 exercet.

2319 2937 2407 2993 25.
2447 2940 2607 2998 Juxta
2635 2946 2908 3002 civitatem
2937 2950 3164 3019 proinde
3202 2966 3321 3020 qua:
3351 2953 3430 3024 (ά)
3468 2950 3604 3010 [didi
3633 2973 3841 3014 nuncu-

2245 3043 2424 3103 patur,
2451 3033 2676 3093 fundare
2701 3043 3087 3097 monasterium
3109 3044 3392 3116 incipiunt,
3414 3049 3504 3102 ubi
3519 3064 3681 3119 parvo
3704 3060 3832 3105 tem-

2245 3141 2382 3196 pore
2427 3127 2654 3185 Domino
2682 3135 2982 3190 servientes
3011 3136 3330 3196 insistebant
3357 3141 3602 3210 operibus
3627 3142 3827 3196 carita-

550 3215 760 3274 fortiter
782 3263 798 3288 ,
853 3230 910 3276 et
962 3225 1332 3295 multiplicatis
1381 3227 1604 3298 flagellis
1659 3232 1893 3290 lacerate
1949 3239 2144 3293 verbo-
2171 3228 2218 3292 C
2251 3217 2340 3284 us,
2368 3217 2540 3274 donec
2563 3223 2740 3278 suum
2768 3224 2958 3280 bemus
2978 3225 3288 3296 Fulgentius
3314 3229 3685 3302 Egypuurum
3713 3249 3830 3302 mu?

549 3322 688 3362 sum.
742 3309 918 3367 Etiam
972 3330 1092 3382 me,
1149 3326 1311 3387 puto,
1360 3319 1621 3377 seducere
1659 3326 1902 3393 cogitat;
1954 3328 2145 3399 longo-

548 3410 655 3466 que
683 3399 856 3456 inanis
903 3401 1096 3460 fabulae
1141 3408 1368 3465 circuitu
1413 3412 1540 3482 quid
1577 3414 1844 3474 conﬁcere
1890 3421 2146 3478 moliatur

545 3489 758 3558 ignoro.
819 3491 1169 3553 Recrudescit
1215 3499 1412 3556 iterum
1451 3518 1646 3562 manus
1681 3507 1754 3578 (ὁ)
1783 3525 1980 3567 vesana
2028 3523 2143 3569 tor-

547 3582 700 3649 toris,
727 3583 1056 3658 flagellisque
1092 3588 1388 3649 innumeris
1431 3595 1623 3654 beatus
1670 3599 1982 3670 Fulgentius
2011 3621 2142 3661 exa-

545 3682 712 3728 ratur.

544 3816 546 3818 ,
613 3764 703 3820 21.
733 3765 973 3826 Tandem
1021 3775 1308 3848 presbyter
1348 3779 1416 3835 de
1467 3781 1614 3838 illata
1661 3787 1806 3842 aede
1861 3791 2134 3860 confusus,

542 3856 780 3914 virorum
817 3861 1164 3921 laudabilium
1201 3871 1396 3927 merita
1425 3877 1610 3941 sentit,
1643 3893 1742 3934 nec
1781 3882 1924 3951 apud
1952 3900 2012 3938 se
2041 3901 2137 3942 eos

541 3957 728 4007 tenere
767 3952 965 4011 diutius
997 3973 1160 4014 ausus
1195 3970 1298 4031 est,
1337 3965 1432 4020 sed
1459 3965 1774 4026 deformiter
1803 3972 2129 4040 decalvatos,

540 4040 730 4098 ablatis
759 4046 920 4100 etiam
949 4052 1198 4108 omnibus
1233 4057 1590 4127 vestimentis,
1620 4078 1689 4118 ex
1717 4064 1878 4122 domo
1907 4084 2003 4123 sua
2033 4087 2132 4123 nu-

538 4128 636 4184 dos
692 4133 987 4208 inanesque
1014 4143 1262 4211 projecit.
1293 4147 1401 4202 Sed
1431 4166 1533 4206 nec
1557 4153 1647 4208 illa
1671 4154 1974 4214 decalvatio
2003 4161 2132 4216 viris

537 4227 888 4285 sanctissimis
913 4236 1320 4304 turpitudinem,
1357 4257 1456 4297 nec
1483 4244 1702 4301 nuditas
1731 4250 1910 4304 attulit
1937 4253 2128 4308 confu-

536 4314 744 4371 sionem
778 4337 790 4372 :
823 4323 950 4390 quia
980 4324 1074 4394 (al.
1107 4329 1265 4399 quos)
1291 4331 1519 4387 tolerata
1545 4336 1616 4405 (c)
1639 4348 1862 4409 prOpter
1889 4357 2127 4399 amorem

535 4407 807 4476 religionis
827 4412 1020 4482 injuria
1043 4419 1227 4486 primae
1248 4420 1360 4489 jam
1392 4407 1756 4485 confessionis
1775 4429 2126 4490 decoraverat

535 4511 855 4557 ornamento
886 4521 1118 4576 superna
1155 4513 1329 4578 gratia
1366 4513 1686 4574 fulciendos.
1736 4519 2125 4582 Processerunt

2250 3310 2545 3365 nachorum
2603 3313 2739 3368 vitas
2793 3315 3135 3374 admirabiles
3181 3320 3384 3388 legens,
3439 3323 3832 3384 institutionum

2246 3402 2407 3456 simul
2426 3411 2587 3472 atque
2616 3407 2964 3463 collationum
2990 3411 3215 3480 spiritali
3230 3415 3581 3472 meditatione
3608 3433 3833 3473 succen-

2246 3510 2358 3563 sus,
2391 3509 2718 3555 memoratas
2747 3509 2920 3558 terras
2957 3507 3171 3575 navigio
3199 3518 3386 3578 petere
3425 3513 3610 3567 statuit
3643 3531 3656 3566 :
3701 3514 3833 3569 dua-

2241 3587 2342 3643 bus
2382 3589 2630 3647 videlicet
2677 3607 2745 3648 ex
2793 3597 2988 3663 causis,
3041 3607 3098 3652 ut
3123 3600 3207 3654 vel
3236 3600 3309 3654 ibi
3337 3601 3585 3672 deposito
3611 3607 3832 3664 nomine

2241 3683 2470 3750 abbatis,
2495 3685 2594 3740 sub
2623 3689 2808 3756 regula
2836 3689 3042 3746 viveret
3069 3693 3123 3746 in
3153 3694 3475 3762 humilitate,
3499 3699 3585 3752 vel
3612 3698 3834 3756 distric-

2239 3775 2392 3829 tioris
2414 3777 2752 3836 abstinentia:
2772 3782 2978 3852 legibus
3006 3785 3344 3842 subderetur.
3371 3787 3439 3842 Et
3466 3792 3592 3860 quia
3618 3792 3834 3849 deside-

2237 3868 2376 3922 rium
2400 3885 2555 3924 suum
2582 3873 2830 3944 impediri
2863 3885 3083 3946 "poterat
3111 3879 3459 3949 publicatum,
3491 3884 3684 3952 quaerit
3712 3886 3834 3954 pri-

2236 3959 2398 4014 mitus
2426 3964 2766 4020 occasionem
2795 3968 3595 4037 proficiscendi"Carthaginem.
3620 3973 3833 4034 Dehinc

2237 4053 2455 4107 veniens
2483 4055 2550 4109 ad
2579 4057 2745 4126 ipsius
2759 4060 2958 4113 muenia
2983 4062 3233 4129 civitatis,
3262 4080 3369 4118 uno
3400 4074 3606 4121 tantum
3635 4069 3829 4140 fratre,

2235 4145 2320 4199 cui
2333 4161 2528 4200 nomen
2551 4161 2669 4203 erat
2688 4149 3038 4221 Redemptus,
3072 4157 3222 4210 socio
3251 4161 3696 4227 peregrinationis
3716 4163 3832 4219 ele-

2232 4244 2341 4302 cto,
2374 4239 2550 4292 navim
2598 4242 2927 4308 conscendit,
2961 4245 3337 4303 Alexandriam
3366 4253 3629 4320 petiturus
3663 4258 3830 4311 :nul—

2230 4327 2312 4383 los
2360 4329 2499 4384 forte
2551 4343 2794 4402 sumptus
2838 4343 2998 4392 tanta:
3037 4342 3455 4409 peregrinationi
3485 4349 3830 4406 necessarios

2228 4433 2410 4474 secum
2443 4421 2621 4477 ferens
2641 4466 2657 4492 ,
2689 4425 2782 4480 sed
2806 4426 2858 4480 in
2889 4427 3001 4484 Deo
3029 4432 3119 4499 qui
3163 4432 3314 4491 dives
3353 4443 3456 4502 est,
3487 4452 3637 4506 spem
3663 4454 3826 4496 suam

2229 4511 2454 4568 firmiter
2477 4531 2704 4584 ponens,
2735 4523 2974 4576 suaviter
2999 4523 3228 4578 canebat
3249 4541 3371 4580 cum
3403 4528 3568 4582 David
3587 4571 3603 4596 ,
3635 4529 3827 4586 Domi-

531 4591 713 4661 itaque
739 4594 808 4650 de
836 4597 997 4655 domo
1026 4604 1327 4675 presbyteri
1368 4616 1620 4680 umquam
1649 4613 1717 4668 de
1757 4615 1877 4672 ιοοο
1900 4619 2121 4688 gloriosi
2151 4613 2199 4673 ι)
2224 4620 2321 4659 nus
2342 4608 2510 4676 pascit
2536 4625 2637 4677 me,
2660 4619 2708 4663 et
2737 4612 2867 4665 nihil
2886 4614 3011 4666 mihi
3040 4615 3201 4669 deerit
3222 4616 3394 4687 (Psal.
3420 4635 3549 4685 xxu,
3582 4591 3826 4690 i).Ven-

529 4688 856 4756 certaminis,
890 4691 1110 4762 insignis
1133 4697 1373 4754 victoriae,
1403 4700 1600 4758 laureis
1623 4709 1886 4763 coronati.
1918 4709 2122 4767 Rever-

526 4775 682 4845 sique
708 4793 804 4847 per
829 4795 1078 4851 campum
1101 4785 1190 4840 ubi
1213 4786 1424 4844 fuerant
1449 4794 1609 4862 capti,
1635 4796 1836 4853 solidos
1856 4813 1992 4868 quos
2019 4803 2117 4857 ab-

527 4864 708 4921 batem
754 4868 987 4927 Felicem
1031 4877 1321 4946 projecisse
1361 4880 1612 4946 diximus.
1662 4864 1890 4957 integro
1911 4890 1984 4945 ibi
2014 4909 2116 4949 nu-

527 4971 678 5013 mero
705 4971 948 5018 servatos
995 4965 1294 5042 inveniunt,
1334 4980 1389 5026 et
1432 4976 1586 5042 quasi
1633 4991 1701 5031 ex
1742 4979 1918 5035 divina
1951 4999 2116 5041 manu

525 5050 803 5108 restitutos
832 5037 1398 5130 hilariterlaccipiunt,
1447 5037 1771 5139 agentesque
1818 5073 2112 5133 ineffabiles

525 5142 722 5208 gratias
749 5144 881 5209 Deo,
923 5149 1013 5217 qui
1044 5152 1354 5208 consolatur
1381 5156 1609 5213 humiles
1637 5160 1689 5213 in
1716 5163 1863 5217 omni
1890 5166 2114 5222 tribula-

525 5231 669 5287 tione
698 5249 906 5301 eorum,
937 5249 1282 5298 revertuntur
1303 5246 1369 5301 ad
1390 5250 1668 5317 proximos
1699 5251 1912 5309 fratres.
1943 5255 2112 5327 Hujus

524 5336 701 5381 autem
731 5331 1083 5390 crudelissimi
1112 5334 1238 5392 facti
1258 5338 1611 5398 “detestabilis
1646 5347 1830 5414 opinio
1859 5358 2112 5404 cunctam

521 5417 678 5473 simul
707 5425 1010 5482 morstilicat
1040 5430 1311 5500 regionem
1337 5450 1352 5498 ;
1387 5437 1658 5493 nuntiatur
1687 5440 1847 5494 etiam
1879 5442 2106 5499 Cartha-

519 5509 643 5577 gine
671 5511 830 5569 fama.

590 5647 666 5724 (tt)
695 5649 1114 5724 _Ms.pequitiam.

589 5719 662 5859 to;
692 5717 748 5773 In
770 5717 904 5786 aliis,
933 5741 1114 5781 manus
1143 5745 1299 5784 steva.

589 5791 636 5856 (c
692 5789 789 5845 Ms.
821 5803 876 5847 et
915 5795 1222 5858 Bpllandus.
1254 5811 1299 5856 el

589 5789 660 5872 ςε)
692 5789 1222 5883 Msﬁ‘llpllandus,
1254 5811 1310 5856 et
1337 5803 1460 5883 A_nt.
1506 5821 1562 5883 in
1582 5807 1853 5883 margine,
1883 5822 2096 5883 propter

516 5858 708 5916 odium.
755 5861 1050 5937 Utrumque
1078 5863 1254 5926 bene:
1287 5858 1410 5942 quia
1448 5858 1560 5932 etsi
1581 5858 2093 5952 illataU-est'

2225 4700 2294 4754 tis
2324 4701 2508 4768 itaque
2533 4701 2660 4756 flatu
2689 4718 2951 4773 prospero
2998 4709 3486 4775 consequentibus,
3517 4709 3824 4782 Syracusa-

2225 4809 2352 4848 num
2379 4795 2608 4862 contigit
2635 4795 2863 4851 feliciter
2889 4806 3126 4867 portum,
3175 4800 3378 4871 Deique
3405 4805 3600 4859 summi
3630 4807 3824 4876 provi-

2223 4884 2405 4940 dentia
2433 4887 2766 4955 gubernante
2793 4887 2984 4943 ductus
3013 4899 3094 4944 est
3131 4894 3201 4945 ad
3227 4893 3366 4948 hanc
3395 4895 3687 4959 civitatem,
3718 4899 3819 4954 ubi

2223 4990 2351 5037 tunc
2381 4981 2677 5038 Ecclesiam
2701 4984 3021 5041 catholicam
3050 4987 3238 5043 beatus
3266 5005 3404 5060 papa
3447 4990 3682 5046 Eulalius
3707 5007 3820 5061 gu-

2218 5075 2498 5142 bernabat,
2521 5078 2604 5131 vir.
2631 5077 2841 5132 eximia:
2867 5079 3188 5143 sanctitatis,
3211 5081 3540 5138 admirabilis
3568 5084 3818 5154 hospite.-

2218 5167 2402 5232 litatis,
2428 5169 2833 5238 perfectissimae
2855 5170 3116 5234 caritatis,
3150 5172 3204 5226 in
3229 5172 3380 5242 cujus
3409 5176 3572 5230 corde
3597 5177 3816 5231 thesau-

2217 5274 2308 5314 rus
2336 5261 2613 5328 sapientiae
2642 5262 2899 5330 spiritalis
2927 5262 3306 5331 absconditus,
3339 5267 3539 5322 multos
3568 5269 3808 5323 talento-

2216 5365 2332 5403 rum
2361 5349 2755 5406 dominicorum
2783 5353 3147 5420 negotiatione
3174 5355 3399 5412 ditabat.
3422 5359 3630 5414 Virtute
3657 5360 3806 5414 enim

2214 5443 2553 5502 discretionis
2605 5461 2768 5515 super
2820 5449 3002 5504 omnia
3051 5450 3358 5520 decoratus,
3409 5455 3801 5511 monachorum

2215 5536 2601 5606 professionem
2641 5539 2984 5607 singulariter
3035 5542 3330 5615 diligebat:
3379 5545 3581 5602 habens
3635 5547 3799 5601 etiam

2208 5675 2387 5753 odium
2413 5673 2704 5753 religionis,
2738 5685 2918 5734 tamen
2941 5690 3164 5753 propter
3183 5684 3420 5752 ejusdem
3447 5703 3686 5745 amorem
3711 5698 3798 5746 to‘

2207 5746 2375 5800 lerata
2402 5754 2484 5800 est
2515 5746 2723 5813 injuria.

2276 5816 2816 5890 (d)_lu_quibusdam,
2849 5820 3032 5889 Ydidi;
3064 5823 3115 5876 in
3141 5825 3274 5889 aliis,
3309 5825 3507 5886 Indidi.
3533 5830 3664 5888 Vide
3693 5849 3792 5890 πιθα

2207 5897 2312 5942 tam
2343 5886 2520 5944 Chifll.
2554 5888 2622 5945 ad
2653 5886 3081 5950 hunc’locum'in
3113 5886 3407 5958 Ferrando.
