4124 6538
277 404 381 465 ωτι

1708 404 2231 466 PROLEGOMENA.

3436 401 3544 458 1'60

275 523 394 592 ipse
417 517 804 574 monasterium
828 517 1126 588 proprium,
1167 518 1254 574 cui
1280 532 1497 588 semper
1525 515 1855 582 adhaarebat,
1882 526 1934 584 Α
1962 527 2152 576 saneto
2197 516 2406 573 Eulalio
2457 517 2731 589 praebente
2775 515 2975 572 victum
3003 523 3060 570 et
3101 512 3391 584 hOSpitium
3411 529 3546 570 eon-

273 612 488 685 quoties
513 611 581 666 ab
607 611 985 666 ecclesiasticis
1024 610 1230 666 actibus
1257 610 1505 666 vacabat.

342 703 432 759 24.
476 703 555 756 Ad
577 703 718 756 hunc
742 715 872 771 ergo
898 701 1089 756 beatus
1117 700 1428 769 Fulgentius
1451 699 1688 762 veniens,
1722 699 1863 753 inter

273 797 413 854 alios
441 794 756 866 peregrinos
785 794 1166 863 hospitalitatis
1183 793 1366 848 ollicio
1394 793 1630 848 libenter
1655 792 1862 863 excipi-

270 898 392 954 tur;
434 901 612 956 neque
636 893 818 941 tamen
843 885 934 940 diu
962 886 1130 941 latere
1173 887 1519 956 permittitur.
1569 885 1696 941 Mox
1721 886 1868 940 enim

275 981 440 1051 (sicut
464 978 632 1033 moris
660 986 746 1032 est
779 977 834 1032 in
856 977 1103 1033 convivio
1128 976 1204 1051 (a)
1235 977 1620 1048 sacerdotum),
1643 977 1772 1032 dum
1797 977 1868 1032 de

271 1069 470 1124 divinis
487 1059 648 1122 rebus
668 1073 822 1122 ortus
848 1053 933 1122 est
959 1081 1157 1133 sermo,
1188 1067 1365 1122 virum
1389 1067 1674 1136 singularis
1693 1069 1868 1122 scien-

270 1161 360 1215 tia:
402 1159 603 1214 locutio
633 1172 730 1213 sua
757 1158 1016 1215 continuo
1051 1159 1306 1228 prodidit.
1343 1159 1618 1216 Intellexit
1658 1161 1871 1232 episco-

270 1264 376 1322 pus
400 1241 691 1304 ex'ornatu
737 1234 1023 1315 sermonis,
1071 1257 1128 1303 et
1166 1250 1576 1319 responsionum
1615 1250 1868 1314 modera-

269 1342 444 1402 tione,
473 1337 572 1392 sub
600 1337 918 1393 monachico
965 1338 1152 1394 habitu
1179 1353 1433 1410 magnum
1460 1340 1630 1395 latere
1675 1340 1869 1397 docto-

269 1448 426 1498 rem;
479 1429 688 1487 distulit
734 1437 917 1485 tamen
964 1430 1212 1486 eumdem
1239 1432 1328 1487 vel
1355 1432 1477 1501 quis
1511 1439 1673 1497 esset,
1705 1446 1871 1489 curve

269 1522 604 1590 advenisset,
637 1513 894 1577 convivis
920 1522 1274 1592 praesentibus
1303 1524 1445 1579 inter
1484 1524 1671 1594 epulas
1717 1538 1868 1592 quac-

270 1630 420 1672 rere.
455 1613 586 1669 Post
613 1613 895 1684 prandium
925 1628 1055 1670 vero
1081 1630 1202 1669 cum
1231 1614 1542 1670 meridianis
1573 1614 1720 1669 horis
1745 1622 1873 1668 ante

270 1722 559 1778 vesperam
586 1706 642 1761 in
671 1704 840 1761 domo
886 1721 984 1761 sua
1027 1705 1421 1775 deambularet,
1459 1709 1747 1778 episcopus
1774 1723 1873 1778 per

274 1799 570 1853 fenestram
598 1797 909 1867 respiciens,
936 1792 1312 1856 obversantem
1335 1801 1438 1856 sibi
1467 1802 1608 1857 sicut
1646 1810 1874 1858 caeteros

1965 623 2177 678 gruum.
2209 607 2317 664 Sed
2345 607 2469 678 quia
2495 607 2651 662 bona:
2678 606 2877 662 mentis
2902 605 2980 678 (ά)
3021 605 3228 660 indoles
3275 617 3547 672 nunquam

1965 707 2128 753 vacat
2163 698 2404 754 caritatis
2431 712 2596 768 opera
2623 710 2839 766 semper
2863 709 3144 758 exercens,
3176 693 3228 746 in
3259 693 3375 761 ipso
3418 707 3546 761 par-

1969 787 2173 844 vissimi
2215 786 2435 858 hospitii
2489 786 2632 856 quod
2682 792 2968 854 acceperat
3007 782 3332 847 habitaculo,
3385 782 3550 852 coepit

1967 879 2388 950 hospitalitatem
2409 878 2588 933 multis
2613 875 3114 948 supervenientibus
3141 875 3398 931 exhibere
3418 888 3548 943 per-

1968 969 2192 1040 egrinis,
2221 979 2277 1024 et
2304 969 2524 1023 alterius
2561 968 2806 1036 indigens
2844 965 3037 1022 solatio
3058 963 3415 1021 consolandos
3440 978 3553 1018 sus-

1969 1061 2152 1131 cipere
2179 1059 2512 1131 peregrinos.
2545 1059 2771 1115 Miratur
2791 1068 3010 1115 sanctus
3038 1057 3276 1112 Eulalius
3322 1053 3549 1110 afﬂuen-

1914 1123 1921 1132 ’
1965 1123 2076 1207 tein
2105 1123 2276 1206 sancti
2296 1123 2460 1205 animi
2488 1149 2810 1216 libertatem,
2842 1163 3143 1219 magnoque
3179 1147 3372 1216 gaudio
3395 1146 3543 1214 sagi:-

1971 1250 2151 1309 natur,
2181 1241 2307 1295 dum
2336 1255 2433 1310 per
2459 1255 2679 1295 manum
2721 1240 2866 1295 beati
2909 1238 3193 1307 Fulgentii,
3226 1237 3310 1293 cui
3357 1236 3554 1292 victum

1972 1333 2347 1418 quotidjanum
2375 1332 2510 1387 nihil
2537 1332 2756 1388 habenti
2781 1331 3136 1396 ministrabat,
3175 1329 3428 1385 alimenta
3454 1327 3556 1382 mi-

1970 1423 2189 1478 nistrari
2230 1439 2340 1478 non
2370 1424 2690 1478 habentibus
2717 1423 2956 1490 videret;
2987 1431 3042 1478 et
3073 1423 3118 1477 si
3161 1423 3240 1476 fas
3265 1430 3350 1477 est
3375 1421 3556 1476 dicere

1972 1514 2378 1583 comparatione
2433 1513 2702 1568 minorum
2761 1527 3006 1568 crescere
3056 1511 3235 1568 solere
3301 1508 3555 1580 majores,

1972 1604 2223 1673 quamvis
2251 1612 2394 1658 esset
2419 1611 2641 1658 sanctus
2679 1599 2918 1656 Eulalius
2947 1601 3000 1656 in
3021 1600 3343 1674 pauperibus
3366 1599 3560 1667 guber-

1973 1695 2164 1750 nandis
2189 1696 2410 1750 omnino
2431 1693 2724 1764 perfectus,
2751 1707 2916 1764 opera
2950 1700 3129 1746 tamen
3156 1691 3302 1747 beati
3331 1688 3558 1758 Fulgen-

1973 1787 2033 1841 tii
2076 1787 2446 1850 considerans,
2472 1789 2540 1841 de
2567 1785 2654 1840 die
2681 1786 2737 1840 in
2779 1785 2924 1840 diem
2951 1784 3070 1856 plus
3100 1783 3406 1839 misericors
3443 1778 3558 1836 effl-

275 1893 501 1947 beatum
537 1889 878 1960 Fulgentium
931 1890 1080 1945 vidit.
1109 1889 1277 1958 Quem
1307 1892 1563 1946 continuo
1587 1892 1869 1961 peculiari-
1905 1889 1953 1950 B
1978 1877 2221 1933 οίθδδιιπ
2246 1877 2498 1948 θιιπευε

276 1996 371 2043 ter
397 2001 617 2054 vocans,
645 1985 723 2041 De
771 1985 1216 2050 institutiOnibus,
1247 1985 1343 2049 ait,
1387 1991 1448 2039 et
1497 1983 1876 2039 collationibus

274 2077 434 2147 loqui
477 2091 743 2146 cmperas,
791 2075 919 2130 dum
973 2073 1379 2145 pranderemus.
1412 2073 1578 2138 Aﬁ‘er,
1626 2075 1874 2138 obsecro,

273 2167 413 2224 mihi
460 2164 726 2229 codicem,
758 2164 803 2219 si
849 2171 1056 2234 portas.
1078 2161 1173 2218 Ille
1201 2163 1319 2218 sine
1364 2178 1516 2218 mora
1555 2163 1720 2233 jussis
1745 2164 1876 2220 obe-

276 2258 439 2312 diens
467 2255 713 2312 codicem
741 2254 954 2319 detulit,
988 2255 1043 2309 in
1073 2270 1180 2324 quo
1202 2254 1331 2324 quid
1359 2255 1730 2310 contineretur
1755 2269 1876 2310 ver—

276 2347 366 2404 bis
393 2347 627 2418 propriis
650 2348 834 2417 jussus
853 2346 1096 2415 exponit.
1128 2344 1437 2400 Admiratur
1461 2353 1683 2400 sanctus
1709 2343 1888 2410 Eulas

277 2437 387 2496 lius
404 2437 684 2494 scientiam
706 2435 939 2506 juvenis,
973 2445 1029 2490 et
1078 2436 1169 2490 tali
1199 2435 1414 2506 hospite
1434 2435 1751 2504 delectatus,
1779 2434 1878 2491 cur

281 2548 352 2588 ex
397 2530 574 2586 Africa
618 2529 849 2595 venerit,
885 2527 1173 2596 diligenter
1210 2528 1451 2597 inquirit.
1488 2526 1583 2582 Ille
1628 2535 1877 2582 metuens

278 2624 605 2700 arrogantiae
634 2631 840 2704 notam,
877 2622 923 2676 si
943 2621 1270 2677 desiderium
1300 2637 1454 2676 suum
1477 2619 1763 2689 fateretur,
1793 2619 1877 2691 in-

279 2731 508 2773 currere
540 2715 856 2782 :Parentes,
906 2714 1099 2785 inquit,
1149 2728 1300 2769 meos
1331 2712 1570 2784 requiro,
1595 2727 1730 2782 quos
1773 2711 1878 2767 illis

282 2809 346 2863 in
376 2807 618 2877 partibus
645 2806 829 2861 vivere
849 2805 1166 2875 peregrinos
1188 2803 1385 2859 audivi.
1417 2801 1559 2857 Vere
1603 2802 1746 2858 enim
1775 2818 1876 2874 pa-

289 2903 481 2952 rentes
502 2911 630 2953 suos
651 2895 980 2964 requirebat,
1030 2910 1261 2966 quorum
1305 2893 1654 2950 suavissimos
1697 2908 1880 2949 mores

285 2988 499 3043 imitari
527 2988 794 3058 cupiebat.
817 2985 1083 3043 Intellexit
1110 2986 1395 3057 episcopus
1423 2999 1739 3056 responsum
1767 2999 1878 3039 non

281 3078 658 3144 manifestum,
692 3079 961 3150 totiusque
1003 3079 1210 3136 itineris
1238 3076 1356 3146 ejus
1379 3093 1477 3149 per
1511 3077 1742 3133 alterum
1770 3076 1879 3132 fra-

281 3179 431 3233 trem
463 3168 539 3241 (ὁ)
561 3169 651 3238 qui
676 3167 777 3224 fuit
801 3168 1050 3239 simplex,
1079 3167 1367 3236 investigat
1390 3181 1604 3224 causas.
1641 3165 1719 3224 lbi
1749 3174 1878 3222 tunc

1979 1988 2162 2044 CAPUT
2201 2002 2314 2040 xm.
2361 1986 2701 2056 Ruﬁnianum
2733 1987 3025 2056 episwpum
3051 1985 3182 2040 adit.
3226 1983 3447 2040 Romam
3467 2001 3558 2054 pe-

2049 2059 2113 2112 tit
2147 2057 2414 2128 religionis
2443 2073 2623 2110 causa.
2647 2055 2940 2125 Martyrum
2965 2065 3296 2110 monumenta
3318 2056 3509 2109 invisit.

2048 2166 2139 2220 26.
2182 2163 2410 2220 Peracto
2440 2165 2620 2234 itaque
2641 2165 2923 2234 prmsentis
2947 2165 3136 2219 hiemis
3156 2173 3416 2234 tempore,
3434 2179 3566 2222 cura

1981 2255 2278 2310 vehemens
2325 2255 2541 2310 beatum
2587 2253 2923 2323 Fulgentium
2964 2262 3304 2319 commovet,
3354 2254 3562 2323 episco-

1975 2360 2104 2417 pum
2125 2343 2410 2414 quemdam
2431 2343 2772 2399 Ruﬁnianum
2804 2347 3040 2410 nomine,
3065 2345 3156 2414 qui
3178 2344 3561 2414 persecutionis

1976 2435 2293 2491 violentiam
2327 2433 2582 2502 fugiendo
2611 2435 2888 2490 declinans
2915 2451 2983 2491 ex
3019 2435 3297 2508 Byzaceno
3335 2435 3562 2491 concilio

1977 2529 2280 2600 navigarat,‘
2315 2528 2496 2598 ibique
2537 2529 2826 2599 provinciae
2873 2528 3069 2584 Sicilia:
3096 2528 3303 2583 vicinus
3345 2527 3398 2582 in
3428 2542 3562 2597 qua-

1978 2624 2105 2678 dam
2129 2622 2447 2678 brevissima
2475 2622 2913 2679 commorabatur
2941 2623 3110 2677 insula
3137 2663 3154 2690 ,
3183 2622 3346 2676 vitam
3374 2636 3562 2676 mona-

1979 2715 2068 2771 chi
2096 2713 2437 2770 laudabiliter
2464 2727 2686 2782 gerens,
2730 2714 2912 2769 videre
2949 2713 3330 2778 indiflerenter,
3363 2721 3422 2766 ut
3449 2711 3563 2780 ejus

1979 2804 2352 2860 admonitione
2399 2805 2637 2860 secundo
2686 2803 2949 2871 ﬁrmatus,
2979 2805 3106 2874 quid
3139 2806 3316 2859 facere
3343 2802 3564 2858 deberet

1979 2888 2324 2963 agnosceret.
2348 2893 2465 2950 Hoc
2515 2904 2696 2950 autem
2744 2894 2981 2959 volebat,
3029 2911 3138 2950 non
3185 2895 3310 2964 quia
3356 2893 3564 2949 Eulalio

1982 2982 2226 3056 pontiﬁci
2254 2985 2433 3040 minus
2459 2984 2734 3050 credebat,
2758 2985 2852 3039 sed
2887 2985 2938 3039 in
2960 2986 3120 3040 rebus
3145 2984 3320 3040 dubiis
3348 2966 3564 3039 utilissi-

1981 3092 2130 3132 mum
2169 3091 2385 3146 semper
2439 3090 2558 3133 esse
2610 3075 2901 3130 multorum
2948 3075 3230 3132 consilium
3277 3075 3563 3130 sentiebat.

1981 3168 2087 3224 Per
2116 3169 2209 3240 (al.
2236 3153 2386 3237 Post)
2409 3168 2610 3224 multos
2637 3168 2820 3237 itaque
2843 3168 3104 3238 pedestris
3124 3162 3336 3224 labores
3363 3169 3566 3224 itineris

281 3257 483 3317 beatus
509 3257 820 3326 Fulgentius
837 3258 1123 3314 salubriter
1149 3255 1414 3327 proditus,
1435 3255 1722 3313 veritatem
1745 3257 1876 3313 sim-
1903 3254 1951 3318 C
1984 3261 2052 3315 ad
2077 3259 2228 3315 illum
2257 3259 2455 3315 Sicilia:
2479 3259 2700 3315 veniens
2736 3259 2913 3315 locum
2957 3261 3044 3315 cui
3069 3261 3191 3330 plus
3218 3261 3567 3331 prepinquior

281 3350 510 3422 pliciter
532 3349 836 3415 conﬁtetur,
860 3357 1164 3418 nurumque
1187 3366 1247 3406 se
1269 3351 1339 3406 ad
1373 3351 1615 3406 ultimam
1649 3347 1878 3408 Thebai—
1983 3349 2074 3403 illa
2122 3348 2298 3403 insula
2325 3347 2503 3404 fuerat
2550 3349 2641 3404 ubi
2679 3357 2898 3406 sanctus
2946 3349 3261 3406 Ruﬁnianus
3289 3351 3567 3421 episcopus

285 3439 374 3493 die
399 3437 636 3504 regionis
659 3452 902 3495 eremum
929 3437 1080 3501 dicit,
1106 3446 1165 3492 ut
1183 3439 1315 3504 illic,
1344 3441 1484 3495 sicut
1505 3440 1665 3496 lectio
1688 3456 1879 3496 mone-
1981 3436 2280 3503 habitabat,
2304 3435 2515 3492 modica
2546 3438 2792 3493 navicula
2821 3438 3160 3508 deportatus,
3189 3441 3454 3496 sacerdoti
3483 3457 3569 3496 ve-

286 3526 407 3591 hat,
434 3526 634 3584 mundo
660 3536 910 3586 mortuus
929 3528 1154 3595 viveret,
1176 3529 1267 3584 ubi
1299 3530 1473 3598 major
1499 3531 1890 3591 abstinentium
1984 3529 2213 3586 nerabili
2239 3529 2502 3588 velociter
2528 3537 2904 3600 praesentatur.
2938 3531 2982 3584 Α
3019 3547 3125 3602 quo
3146 3533 3388 3587 similiter
3419 3548 3486 3587 ne
3515 3533 3569 3587 in

288 3633 553 3674 numerus
575 3618 927 3688 assnnptioni
977 3634 1088 3675 sum
1125 3619 1328 3674 nullum
1370 3624 1614 3691 gigneret
1651 3621 1882 3692 impedi-
1987 3621 2280 3694 Egyptum
2306 3621 2574 3692 prolicisci
2603 3631 2976 3692 perseveraret
3021 3611 3351 3690 admonitus,
3395 3625 3570 3681 redire

292 3718 562 3776 mentum,
587 3711 680 3766 sed
709 3710 848 3770 forte
878 3712 1058 3781 potius
1082 3713 1349 3783 praeberet
1370 3703 1692 3786 exemplum.
1717 3713 1884 3770 Recte
1984 3713 2234 3784 protinus
2261 3713 2328 3767 ad
2380 3713 2660 3785 proprium
2707 3715 3115 3782 monasterium,
3165 3713 3342 3786 netjue
3395 3725 3571 3772 tamen

295 3799 461 3864 facis,
489 3803 766 3872 respondit
792 3803 1098 3872 episcopus,
1147 3805 1368 3876 cupiens
1394 3805 1619 3860 meliora
1645 3808 1844 3861 sectari
1868 3824 1880 3858 :
1987 3801 2358 3872 apostolorum
2383 3801 2696 3859 memoriam
2718 3804 3126 3872 praetermittere
3157 3805 3358 3860 statuit.

293 3893 399 3948 sed
443 3894 541 3949 scis
565 3894 820 3964 quoniam
849 3892 960 3948 Deo
989 3896 1102 3948 sine
1123 3895 1559 3966 ﬁdeimpossibile
1585 3907 1661 3952 est
1685 3897 1889 3967 placere
1980 3948 1984 3952 ,
2061 3893 2152 3947 27.
2192 3891 2486 3952 Occasione
2515 3893 2678 3960 igitur
2703 3894 2901 3963 navigii
2925 3893 3178 3949 felicioris
3206 3896 3439 3958 inventa,
3461 3895 3572 3952 Ro-

287 3980 493 4054 (Hebr.
523 4000 595 4048 xx,
621 3982 700 4053 6).
732 3983 930 4046 Taras
947 3984 1014 4038 ad
1044 4000 1178 4055 quas
1205 3999 1430 4057 pergere
1472 3988 1826 4057 concupiscis,
1857 4003 1888 4042 a

284 4075 683 4130 communione
714 4075 861 4130 beati
884 4073 1029 4133 Petri
1057 4073 1259 4145 perﬁda
1288 4076 1552 4136 dissensio
1596 4078 1884 4148 separavit.

287 4166 503 4220 Omnes
527 4165 601 4219 illi
623 4167 894 4231 monachi,
909 4182 1136 4239 quorum
1153 4166 1474 4237 prtedicatur
1491 4168 1750 4224 mirabilis
1774 4169 1890 4223 abs-

289 4249 565 4320 tinentia,
612 4273 722 4312 non
766 4258 1039 4313 habebunt
1084 4267 1261 4314 tecum
1317 4261 1504 4319 altaris
1556 4245 1909 4315 sacramenta.

288 4345 637 4401 communia.
681 4344 816 4412 Quid
839 4362 969 4417 ergo
990 4348 1231 4417 proderit
1258 4347 1496 4418 alﬁigere
1519 4350 1739 4422 jejuniis
1765 4367 1889 4407 eor-

286 4446 417 4504 pus,
456 4430 556 4486 ubi
606 4433 814 4489 solatiis
846 4434 1173 4504 spiritalibus
1219 4436 1478 4506 indigebit
1514 4439 1722 4505 anima,
1773 4454 1892 4509 qua:

288 4523 485 4577 multo
526 4521 717 4577 melior
746 4531 830 4578 est
872 4525 1138 4592 corpore?
1169 4523 1482 4596 Revertere,
1531 4527 1624 4594 ﬁli,
1668 4545 1736 4584 ne
1771 4509 1914 4584 vitm,

1989 3998 2134 4038 mam
2163 3984 2332 4050 venit,
2362 3992 2417 4037 et
2435 3991 2716 4044 auctorum
2742 3984 3074 4040 saecularium
3103 4001 3342 4042 consono
3365 4003 3573 4057 semper

1990 4086 2087 4127 ore
2108 4071 2408 4140 laudatam,
2429 4080 2697 4143 caputque
2739 4074 2920 4130 mundi
2943 4075 3208 4130 veraciter
3232 4077 3574 4147 appellatam,

1990 4161 2218 4216 festinus
2265 4162 2561 4232 ingreditur
2613 4163 2904 4221 civitatem.
2947 4165 3076 4221 Fuit
3121 4174 3301 4222 autem
3351 4177 3476 4224 tunc
3519 4170 3571 4225 in

1999 4250 2142 4307 Urbe
2170 4253 2465 4308 maximum
2483 4253 2762 4323 gaudium,
2792 4253 2864 4330 (ο)
2901 4255 3218 4316 Theoderici
3246 4259 3388 4330 regis
3432 4277 3572 4332 pnn-

1994 4345 2169 4401 sentia
2200 4344 2433 4402 Romani
2482 4354 2702 4404 senatus
2729 4355 2784 4404 et
2804 4351 2987 4422 populi
3017 4350 3323 4410 laitilicante
3347 4370 3576 4411 conven-

1995 4439 2129 4486 tum.
2152 4430 2304 4487 Unde
2325 4433 2550 4503 contigit
2577 4441 2640 4488 ut
2654 4435 2850 4492 beatus
2873 4434 3202 4511 Fulgentius,
3234 4440 3322 4494 cui
3348 4442 3578 4499 mundus

1997 4522 2126 4577 olim
2181 4521 2356 4578 fuerat
2410 4523 2716 4591 cruciﬁxus,
2743 4534 3030 4597 postquam
3077 4543 3230 4586 sacra
3279 4541 3574 4605 martyrum

287 4609 557 4667 melioris
608 4611 805 4666 intuitu
883 4613 1179 4683 perieulum
1247 4623 1409 4671 rectae
1479 4617 1600 4675 ﬁdei
1646 4620 1888 4689 patiaris.
1919 4615 2116 4686 Dloca
2159 4616 2544 4672 venerabiliter
2573 4616 2840 4685 circuivit,
2891 4635 3186 4691 omnesque
3229 4637 3415 4680 servos
3461 4625 3578 4695 Dei,

295 4701 374 4770 (ε)
389 4700 549 4755 Ecce
577 4709 634 4754 et
660 4714 761 4769 ego
789 4703 1058 4770 quondam
1069 4704 1297 4774 juvenis,
1314 4713 1893 4782 antequammepouti-

287 4789 488 4846 ficalis
510 4788 730 4844 honoris
754 4790 925 4858 gratia
956 4795 1273 4860 praeveniret
1300 4796 1596 4865 indignum,
1627 4800 1716 4854 diu
1746 4803 1894 4877 cogi-

286 4882 409 4935 tavi
445 4879 806 4934 sanctissima:
833 4880 992 4948 hujus
1013 4881 1364 4952 professionis
1389 4885 1443 4940 in
1467 4887 1632 4956 ipsius
1676 4892 1912 4958 provin—'

283 4970 392 5023 cia:
425 4968 808 5022 ‘monasteriis
861 4969 1153 5040 adimplere
1199 4975 1532 5044 propositum
1579 4992 1593 5028 :
1635 4978 1728 5032 sed
1783 4979 1898 5035 bmc

282 5071 478 5111 causa
507 5071 593 5110 me
622 5057 895 5126 prohibuit
922 5069 1196 5130 assumpta
1224 5063 1510 5132 perlicere.

297 5191 302 5196 .
361 5143 469 5198 25.
507 5141 787 5201 Consentit
829 5147 1018 5202 beatus
1065 5147 1377 5218 Fulgentius
1414 5155 1685 5210 monentis
1734 5160 1900 5227 patris

283 5236 543 5292 consilio
569 5238 812 5307 salutari,
826 5253 1044 5312 suaeque
1063 5242 1377 5300 intentionis
1399 5245 1609 5303 fervore
1630 5249 1901 5321 deposito,

283 5326 570 5382 suadetur
592 5326 666 5382 ibi
693 5327 835 5398 apud
851 5326 1170 5400 Syracusam
1187 5334 1370 5404 paucis
1394 5337 1666 5394 mensibus
1685 5339 1899 5411 degere,

365 5478 462 5554 (ᾳ)
505 5478 661 5554 apud
683 5477 950 5554 Chiﬂl.__et
977 5474 1101 5547 ms.,
1130 5482 1451 5540 Saceraotis.

320 5625 330 5632 _
365 5547 462 5632 (ὁ)
505 5547 602 5604 Ms.
622 5550 794 5632 paulo
823 5550 1000 5616 aliter,
1022 5569 1114 5620 per
1135 5555 1352 5610 alterum
1372 5559 1610 5628 fratrem,
1637 5560 1734 5630 fuit
1760 5565 1897 5617 enim

281 5623 554 5691 simplex,
584 5631 689 5676 etc.
1372 5623 1381 5628 ’
1600 5623 1603 5624 ν
1637 5623 1646 5630 ’
1738 5683 1743 5688 ,

362 5693 450 5775 ge)
500 5687 589 5745 Sic
631 5691 771 5760 apud
796 5690 975 5746 Chifﬂ.
1006 5690 1064 5745 In
1096 5691 1248 5761 Ant.,
1280 5695 1391 5767 Ego
1420 5699 1594 5756 etiam.
1633 5701 1756 5769 Ms.,
1789 5703 1901 5773 Ego

283 5779 466 5819 csum.
647 5785 650 5790 -
837 5781 840 5785 ι

359 5831 456 5888 ια)
508 5829 704 5899 Cliiﬂl.,
727 5833 874 5889 bona:
891 5833 1084 5888 indolis
1104 5849 1263 5889 mens.

2003 4721 2231 4775 quorum
2254 4707 2307 4761 in
2331 4706 2484 4762 brevi
2502 4723 2696 4778 capere
2715 4709 2960 4766 notitiam
2990 4714 3186 4782 potuit,
3217 4715 3404 4772 humili
3433 4717 3582 4774 obse-

2003 4797 2131 4865 quio
2154 4797 2430 4861 salutavit,
2461 4798 2513 4852 in
2549 4798 2670 4853 loco
2691 4800 2782 4868 qui
2811 4797 2992 4860 Palma
3029 4802 3210 4862 Aurea
3232 4804 3442 4871 dicitur,
3469 4823 3580 4866 me-

2005 4895 2218 4942 morato
2247 4887 2582 4942 Theoderico
2606 4901 2734 4957 rege
2758 4891 3074 4949 concionem
3108 4892 3363 4960 faciente,
3390 4895 3581 4952 Roma-

2004 4995 2088 5033 me
2126 4979 2287 5033 curia:
2327 4979 2663 5035 nobilitatem
2685 5020 2700 5045 ,
2737 4980 2901 5038 decus
2942 4983 3298 5057 ordinemque
3319 4989 3582 5046 distinctis

2004 5071 2089 5142 (ί)
2112 5069 2418 5125 decoratam
2446 5070 2696 5138 gradibus
2729 5082 3048 5144 aspectaret,
3080 5084 3138 5132 et
3177 5078 3389 5136 favores
3433 5079 3584 5138 liberi

2002 5163 2185 5235 populi
2215 5163 2378 5217 castis
2406 5165 2625 5220 auribus
2652 5165 2892 5232 audiens,
2919 5169 3091 5239 qualis
3128 5179 3274 5228 esset
3298 5170 3458 5241 hujus
3477 5188 3582 5228 sat-

2003 5251 2108 5306 culi
2131 5251 2361 5319 gloriosa
2390 5267 2585 5323 pompa
2607 5266 2977 5325 cognosceret.
3002 5257 3184 5329 Neque
3205 5267 3385 5315 tamen
3407 5262 3460 5316 in
3483 5263 3586 5321 hoc

2003 5345 2312 5413 spectaculo
2333 5343 2534 5413 aliquid
2563 5345 2792 5402 libenter
2820 5350 3074 5416 intuetur,
3109 5349 3185 5423 (g)
3215 5365 3315 5406 nec
3339 5354 3493 5424 nugis
3521 5357 3583 5411 il-

2080 5494 2159 5574 (ε)Δ
2193 5491 2356 5574 Ant,
2375 5492 2696 5574 Theoderici.
2725 5495 3086 5574 Emendamus
3110 5517 3176 5558 ex
3198 5518 3297 5560 ms.
3323 5517 3378 5561 et
3403 5507 3580 5564 Chilﬂ.

2006 5571 2229 5634 propter
2256 5565 2521 5619 rationem
2553 5565 2620 5619 ab
2649 5567 2839 5622 eodem
2870 5569 2920 5622 in
2967 5572 3108 5626 notis
3135 5575 3368 5632 allatam.

2081 5636 2154 5756 (1')
2199 5632 2289 5687 Sic
2317 5649 2415 5689 ms.
2450 5635 2737 5693 referendo
2765 5638 2831 5691 ad
2872 5641 3230 5713 nobilitatem;
3260 5649 3460 5717 caueri,
3490 5650 3583 5705 de-

2081 5721 2131 5756 ra
2156 5721 2259 5756 um.

2008 5721 2259 5758 coratum.

2012 5773 2348 5912 ὁυξῗζῖέξωᾱ
2400 5775 2597 5843 Chiﬂl.,
2655 5777 2898 5845 intuitus,
2958 5787 3108 5856 nugis
3160 5788 3263 5843 illis
3320 5789 3584 5849 arculari-
