4074 6498
588 411 687 471 131

1766 412 1823 466 S.
1864 401 2294 465 FBLGENTIUS
2333 402 2722 464 RUSPENSIS.

3769 415 3881 476 152

582 521 648 581 iis
675 521 1018 582 molaribus
1038 522 1305 597 superflua
1331 521 1545 579 illectus
1564 518 2170 581 delectatione‘consen-
2195 520 2250 580 Α
2275 515 2454 570 oneris
2483 516 2758 584 abjicerct,
2790 524 2846 574 et
2871 519 2968 574 sub
2998 518 3227 576 aliorum
3256 521 3518 594 regimine
3543 527 3883 589 constitutus

581 617 678 680 sit;
709 616 805 671 sed
832 617 957 673 inde
1002 618 1180 687 potius
1206 616 1271 671 ad
1320 615 1465 670 illam
1515 615 1593 686 (α)
1644 627 1890 683 superum
1936 610 2170 666 civitatis

581 704 916 762 Hierusalem
976 707 1385 762 desiderandam
1442 706 1754 762 felicitatem
1820 704 2173 758 vehementer

581 798 806 866 exarsit,
829 798 1027 852 salubri
1048 797 1415 869 disputatione
1429 805 1723 869 praesentes
1742 795 1820 851 sic
1837 794 2165 849 admonens:

581 889 819 958 Fratres,
851 890 1005 957 Qun
1027 906 1270 947 srecrosa
1294 897 1473 961 potest
1498 905 1617 947 esse
1642 887 1978 944 Hierusalem
2005 887 2173 943 ctele-

575 981 694 1049 stis,
726 981 770 1036 si
790 981 869 1036 sic
890 979 1057 1050 fulget
1076 981 1248 1037 Roma
1272 981 1577 1037 terrestris!
1599 979 1663 1035 Et
1684 981 1728 1036 si
1756 980 1811 1034 in
1838 979 1947 1035 hoc
1972 978 2190 1035 saaculo.

576 1074 737 1129 datur
776 1076 912 1130 tanti
960 1076 1182 1131 honoris
1210 1076 1438 1145 dignitas
1467 1075 1811 1144 diligentibus
1850 1073 2166 1137 vanitatem,

575 1165 750 1233 qualis
771 1166 949 1221 honor
975 1175 1027 1221 et
1053 1166 1222 1235 gloria
1249 1176 1304 1222 et
1332 1182 1436 1238 pax
1458 1166 1801 1238 praestabitur
1814 1165 2015 1221 sanctis
2035 1179 2167 1220 con-

575 1259 958 1328 templantibus
985 1259 1266 1315 veritatem
1285 1261 1311 1315 ?

576 1345 760 1418 Cagu'r
797 1363 905 1401 xw.
950 1346 1016 1401 In
1043 1349 1276 1418 Africam
1299 1349 1452 1404 redit.
1477 1347 1742 1405 Construit
1769 1350 2163 1405 monasterium.

646 1416 792 1491 Ciam
819 1416 1462 1491 aliud_pc§'tcenobium,
1502 1422 1670 1491 posito
1695 1420 1896 1477 abbatis
1939 1423 2165 1475 nomine.

648 1487 916 1544 Exercitia
947 1487 1010 1544 S.
1033 1487 1328 1561 Fulgentii.

645 1576 733 1631 28.
763 1574 931 1631 Multa
959 1577 1043 1632 bis
1062 1577 1255 1635 similia
1278 1578 1467 1634 beatus
1489 1578 1800 1650 Fulgentius
1844 1581 1938 1637 illo
1966 1582 2053 1637 die
2080 1598 2169 1636 sa-

575 1670 800 1729 lubriter
824 1672 1138 1742 disputavit,
1183 1681 1240 1728 et
1280 1674 1395 1744 jam
1422 1682 1539 1733 toto
1570 1675 1734 1730 corde
1774 1676 2165 1731 monasterium

573 1777 728 1819 suum
750 1761 989 1817 revisere
1015 1762 1257 1832 cupiens,
1290 1762 1358 1818 ad
1382 1763 1617 1819 Africam
1638 1763 1896 1819 velociter
1916 1780 2014 1835 per
2034 1764 2164 1820 Sar-

572 1849 770 1904 diniam
801 1851 1093 1920 navigavit,
1142 1851 1230 1905 vix
1259 1851 1607 1908 credentibus
1632 1868 1743 1924 prae
1766 1854 1932 1910 nimio
1969 1856 2167 1923 gaudio

574 1939 852 1999 monachis
875 1939 987 1994 suis
1013 1939 1233 1996 beatum
1260 1940 1599 2011 Fulgentium
1620 1942 1863 1997 rediisse.
1886 1942 2167 2000 Nesciebat

575 2030 735 2101 plane
754 2039 941 2086 sancta
972 2031 1286 2089 lraternitas
1311 2032 1440 2102 quid
1464 2033 1712 2103 primitus
1739 2044 1952 2103 ageret,
1985 2044 2164 2092 utrum

573 2122 643 2178 de
671 2123 926 2183 absentia
949 2120 1126 2179 Patris
1160 2131 1500 2193 quereretur,
1532 2140 1599 2178 an
1628 2125 1809 2195 potius
1835 2124 1904 2182 de
1932 2142 2167 2196 putescu-

575 2215 648 2268 tia
673 2215 965 2270 laetaretur.
998 2214 1185 2271 Nullus
1213 2224 1394 2271 tamen
1419 2233 1580 2273 ausus
1608 2226 1690 2274 est
1718 2234 1841 2274 eum
1886 2221 2015 2289 quia
2052 2221 2161 2278 dis-

502 2356 508 2364 ,
573 2311 816 2359 cesserat
869 2303 1116 2373 culpare,
1150 2304 1244 2360 sed
1289 2306 1467 2361 cuncti
1509 2308 1687 2376 potius
1715 2311 2033 2379 satagebant
2067 2301 2167 2383 pro

575 2392 755 2447 reditu
809 2390 924 2461 ejus
951 2390 1062 2447 Deo
1100 2392 1299 2462 gratias
1341 2408 1520 2464 agere.
1550 2394 1852 2464 Junguntur
1886 2415 2169 2459 servorum

579 2484 674 2540 Dei
701 2485 909 2553 gaudiis
934 2486 1098 2540 etiam
1129 2485 1283 2552 laici;
1323 2486 1568 2544 lmtantur
1612 2505 1804 2545 omnes
1841 2491 2056 2549 honesti
2103 2510 2173 2551 ac.

574 2576 785 2634 nobiles
813 2577 915 2633 viri
937 2578 1083 2650 quod
1128 2577 1320 2634 beatus
1346 2577 1658 2647 Fulgentius
1687 2581 1952 2639 Africana:
1980 2582 2169 2647 Eccle—

576 2668 667 2723 sia:
695 2666 885 2723 doctor
912 2668 1350 2740 praedestinatus,
1374 2685 1479 2725 non
1501 2669 1594 2726 diu
1621 2670 1883 2729 defuisset
1909 2683 2171 2740 transma-

575 2757 710 2813 rinis
737 2758 1047 2828 regionibus
1076 2770 1390 2832 occupatus.
1424 2761 1683 2820 Certatim
1711 2766 1944 2837 denique
1971 2770 2169 2839 singuli

577 2858 871 2921 properant
895 2852 1156 2923 ampliora
1180 2855 1423 2924 praebere
1452 2856 1644 2911 solatia
1667 2858 1883 2927 pietatis
1904 2846 1996 2932 (at.
2030 2862 2170 2918 cari-

579 2940 750 3009 tatis),
781 2942 978 3014 quibus
1018 2945 1295 3002 i‘overetur
1317 2946 1527 3003 animus
1555 2952 1895 3008 revertentis.
1936 2950 2173 3010 Oilertur

577 3032 811 3105 denique
838 3050 869 3090 a
898 3037 1134 3106 quodam
1164 3040 1383 3095 nomine
1412 3039 1487 3111 (b)
1513 3041 1814 3114 Sylvestro,
1841 3045 1983 3101 bene
2010 3045 2167 3102 Chri.

575 3125 751 3183 stiano
770 3134 825 3183 et
852 3129 1147 3199 provincia:
1172 3130 1245 3204 (c)
1268 3130 1560 3204 Byzacena:
1585 3136 1867 3205 primario,
1896 3139 2046 3195 locus
2074 3156 2171 3210 ap-

577 3226 666 3274 tus
720 3222 1055 3277 monasterio
1097 3221 1435 3291 fabricando,
1469 3226 1621 3295 cujus
1648 3229 1805 3295 gleba
1842 3230 2055 3300 pinguis
2106 3249 2171 3289 ac

578 3306 771 3366 fertilis
816 3310 1161 3368 instituendis
1186 3314 1361 3373 hortis
1408 3317 1634 3387 optabili
1675 3318 2009 3377 fecunditate
2034 3339 2168 3378 con-

578 3408 819 3469 grueret,
842 3408 898 3458 et
924 3402 1071 3475 quod
1099 3404 1221 3475 plus
1245 3405 1557 3475 eligendum
1572 3409 1873 3477 videbatur,
1899 3413 2059 3482 longe
2086 3415 2175 3471 ad-

579 3493 687 3550 huc
709 3510 741 3551 a
787 3494 969 3552 furore
1015 3496 1214 3554 bellico
1241 3500 1586 3568 constitutus,
1632 3504 1979 3573 quietissimus
2025 3509 2173 3577 pacis

580 3584 924 3641 securitatem
946 3585 1312 3658 plenissimam
1335 3590 1487 3647 daret
1511 3610 1523 3645 :
1550 3592 1790 3650 honestis
1813 3596 2057 3665 plurimis
2075 3615 2175 3670 per

579 3677 784 3734 vicinas
830 3681 1204 3750 possessiones
1254 3687 1752 3755 commmentibus,
1782 3704 2010 3758 quorum
2038 3734 2039 3737 η
2066 3692 2175 3748 ire-

578 3783 749 3839 quens
804 3770 1006 3827 oblatio
1063 3773 1481 3831 transactiouem
1526 3774 1839 3833 facillimam
1892 3783 2175 3839 monachis

580 3859 951 3929 promittebat,
981 3869 1041 3918 ut
1066 3876 1293 3931 regnum
1331 3864 1426 3921 Dei
1455 3869 1820 3935 quaerentibus
1845 3872 1989 3927 nulla
2040 3890 2170 3931 cura
2192 3914 2206 3930 .

577 3948 849 4005 saecularis
875 3953 1255 4009 transactionis
1277 3954 1634 4026 obstreperet.

647 4037 736 4094 29.
779 4039 1035 4098 Libenter
1062 4043 1246 4115 itaque
1272 4046 1465 4102 beatus
1490 4047 1799 4118 Fulgentius
1830 4053 2065 4110 hominis
2084 4071 2172 4111 re-

576 4133 752 4202 ligiosi
782 4135 1033 4193 devotam
1062 4139 1362 4208 suscipiens
1388 4142 1739 4209 oblationem,
1772 4149 1891 4203 sine
1921 4165 2071 4205 mora
2114 4152 2168 4206 in

576 4225 699 4280 loco
718 4224 820 4280 sibi
848 4241 1109 4285 concesso
1148 4231 1539 4286 monasterium
1562 4233 1767 4301 fundat,
1802 4238 2175 4310 plurimosque

577 4314 645 4370 ad
669 4317 1077 4375 conversionem
1109 4319 1210 4389 piis
1238 4322 2168 4390 monitisimitanlo,monachorum

574 4422 855 4462 numerum
901 4410 1247 4480 multiplicat,
1276 4420 1331 4467 et
1372 4427 1579 4480 magnae
1619 4415 1699 4487 (ό)
1738 4423 2171 4489 congregationis

575 4494 807 4552 ellicitnr
821 4507 990 4568 pater.
1010 4498 1111 4567 Qui
1140 4503 1386 4571 quamvis
1413 4505 1674 4572 spiritalia
1705 4508 1948 4564 meditari
1969 4512 2171 4580 jugiter

576 4588 1009 4657 concupisceret,
1053 4593 1301 4661 ampliori
1333 4602 1510 4650 tamen
1556 4596 1919 4656 sollicitudine
1956 4603 2027 4669 (ε)
2056 4604 2165 4660 dis.

575 4679 720 4734 tendi
747 4684 1106 4753 compellitur,
1137 4701 1304 4740 OTIUI
1350 4702 1595 4742 sancruu
1624 4704 1873 4757 quarrens
1900 4708 1965 4747 ex
1996 4695 2164 4751 dilec-

574 4769 722 4824 tione
749 4773 1010 4838 veritatis,
1034 4776 1250 4843 negotia
1272 4777 1439 4831 multa
1461 4779 1762 4848 suscipiens
1783 4796 1851 4835 ex
1879 4787 2166 4842 necessita-

574 4866 628 4912 te
671 4860 930 4919 caritatis.
977 4862 1126 4920 Unde
1166 4866 1341 4922 victus
1377 4867 1669 4937 aliquando
1710 4876 2167 4945 contemplatione

574 4953 880 5022 meliorum,
912 4955 1131 5013 lectioni
1158 4966 1214 5013 et
1242 4959 1479 5015 orationi
1518 4969 1731 5017 tantum
1776 4981 1973 5024 vacare
2022 4971 2165 5027 desi-

572 5043 786 5112 derans,
828 5048 1085 5119 cogitavit
1110 5049 1204 5105 diu
1241 5054 1516 5120 quomodo
1566 5058 1831 5113 sarcinam
1885 5068 2164 5130 prmsentis

643 5180 720 5259 (al
760 5179 1055 5259 Siephiill.
1083 5200 1206 5239 cum
1234 5201 1418 5259 ms.,7a
1459 5204 1570 5258 quo
1599 5192 1752 5248 abest
1780 5212 1885 5251 vox
1917 5200 2163 5259 civitatis.

570 5247 720 5336 Ant...
744 5252 813 5304 ad
837 5254 985 5307 illam
1026 5271 1303 5325 supernam
1346 5247 1681 5317 Hier-nantem
1711 5247 2169 5336 felicitatisdes‘id;

570 5322 853 5482 ζιῖῗῖἷιὶῗίε.
887 5410 1009 5448 cum
1057 5398 1328 5453 nonnullis
1372 5416 1403 5454 a
1452 5401 1627 5457 Chilil.
1662 5406 1911 5474 laudatis,
1949 5412 2164 5482 Sylva-

572 5470 715 5601 mile.)
756 5533 853 5625 ys.
888 5550 1008 5589 cum
1053 5538 1178 5593 Ant.
1211 5540 1262 5625 in
1296 5548 1467 5625 testu,
1485 5543 1827 5625 ﬁngentium.
1882 5550 1939 5605 In
1992 5568 2162 5625 marg.

570 5619 720 5663 vero.
749 5603 1031 5672 Byzacente
1048 5649 1063 5672 ,
1104 5603 1464 5667 conformiter'
1480 5603 1657 5671 οιῖηη.

664 5675 720 5747 d)
761 5675 1330 5747 llis.,_conversationis.

664 5675 720 5747 ά)
761 5675 882 5738 Ms.,
912 5682 1330 5737 conversationis.

644 5675 715 5815 le)
757 5743 846 5826 Sic
873 5744 1076 5826 Chilll.,
1101 5756 1508 5826 exceptoquod
1557 5774 1653 5826 pro
1696 5760 1928 5815 discendi
1971 5779 2161 5819 emen-

570 5813 761 5907 damus
781 5816 1008 5907 distendi
1038 5813 1107 5874 ex
1131 5813 1350 5907 μηδ’ςυί
1380 5813 2164 5907 paulo-laliter_lcgitsic,"e-/i-

572 5884 707 5939 citur
722 5896 871 5959 pater
900 5893 1188 5962 :quamvis,
1239 5884 1345 5950 etc.
1377 5884 1633 5967 Kmpliori
1677 5884 2020 5959 sollicitudine
2051 5884 2162 5962 iiii-

2275 607 2391 677 ipsc
2418 610 2598 678 potius
2627 610 2725 664 sub
2754 611 2937 680 regula
2964 612 3166 668 viveret
3194 629 3355 686 quam
3384 617 3599 675 vivendi
3625 622 3879 691 regulam

2274 700 2485 755 caeteris
2506 700 2760 766 traderet,
2777 703 3070 759 secundum
3098 716 3425 777 praiceptum
3457 709 3669 767 Domini
3698 716 3879 784 magis

2275 787 2407 842 utile
2429 787 2675 856 judicans
2696 792 3087 865 imperantibus
3116 796 3342 853 obedire
3371 816 3533 871 quam
3560 803 3878 862 obedienti-

2272 877 2376 934 hus
2406 881 2692 951 imperare.
2724 883 2995 954 Cogitanti
3028 903 3157 943 vero
3205 889 3304 945 ista
3355 890 3574 959 diutius,
3608 896 3731 959 talis
3779 914 3878 953 sn-

2273 971 2389 1027 bito
2417 975 2684 1029 sententia
2706 978 2963 1033 nascitur.
2996 976 3092 1034 Est
3115 980 3168 1034 in
3196 980 3377 1037 medio
3400 984 3583 1040 vadosi
3606 988 3776 1043 maris
3801 990 3881 1062 (ﬂ

2272 1062 2394 1118 sinu
2435 1066 2821 1122 monasterium
2860 1067 3141 1150 Yivecensi
3193 1072 3359 1128 littori
3405 1077 3733 1144 proximum,
3795 1084 3880 1153 (9)

2271 1150 2595 1209 Bennetensi
2642 1165 2825 1212 autem
2854 1159 3087 1213 maxima
3122 1176 3189 1216 ex
3219 1172 3372 1232 parte
3410 1166 3745 1235 contiguum,
3779 1150 3879 1229 ubi

2270 1256 2447 1314 neque
2477 1245 2669 1302 hortos
2706 1249 2887 1305 colere
2933 1251 3238 1322 parvissimi
3289 1254 3498 1331 scopuli
3542 1258 3697 1315 limes
3740 1261 3883 1319 sinit

2272 1343 2552 1403 angustus,
2585 1351 2761 1409 neque
2809 1338 2937 1409 ligni
2965 1340 3051 1396 vel
3082 1343 3335 1412 potabilis
3383 1362 3535 1416 aqua:
3563 1353 3879 1411 consolatio

2270 1423 2465 1478 saltem
2519 1427 2861 1484 ministratur
2906 1431 3137 1501 exigua;
3192 1434 3287 1489 sed
3336 1434 3414 1491 rei
3453 1440 3731 1510 utriusque
3780 1459 3883 1514 pa

2273 1515 2623 1573 brevissimas
2649 1520 2926 1575 naviculas
2969 1524 3212 1592 quotidie
3241 1526 3563 1585 suﬂicientia
3593 1548 3880 1605 praepara-

2271 1616 2377 1663 tur.
2413 1609 2469 1663 ln
2500 1611 2604 1666 hoc
2624 1614 2954 1669 monasterio
2976 1616 3133 1685 rigidi
3163 1620 3427 1691 propositi
3456 1624 3739 1696 disciplina
3773 1643 3879 1682 an-

2272 1700 2419 1769 tiqua
2449 1710 2723 1768 servatur,
2756 1704 2824 1759 ab
2853 1705 3073 1761 infantia
3100 1725 3194 1763 sua
3221 1711 3467 1780 plurimis
3494 1723 3667 1791 usque
3688 1718 3761 1773 ad
3781 1719 3882 1775 de-

2266 1794 2534 1863 crepitam
2566 1804 2900 1851 senectutem
2929 1801 3271 1856 sanctissime
3303 1804 3376 1858 ibi
3400 1806 3727 1873 viventibus,
3747 1826 3883 1867 san-

2197 1904 2240 1964 B
2271 1893 2480 1955 cunque
2502 1886 2826 1956 professioni
2858 1905 3025 1960 opera
3051 1908 3288 1961 congrua
3328 1895 3671 1954 laudabiliter
3708 1915 3882 1957 exer—

2268 1976 2536 2031 ccntibus.
2575 1977 2671 2033 Ubi
2706 1989 2836 2035 tunc
2876 1982 2984 2037 duo
3014 1984 3316 2055 presbyteri
3345 1987 3643 2057 peculiares
3672 2001 3731 2046 et
3761 2008 3887 2050 me-

2272 2069 2379 2123 rito
2410 2071 2706 2151 mirabiles,
2730 2082 2785 2127 et
2813 2075 3172 2131 immaculata:
3205 2082 3500 2135 senectutis
3539 2082 3754 2141 honore
3783 2103 3885 2149 ve-

2270 2160 2537 2216 nerabiles
2557 2205 2572 2230 ,
2604 2163 2814 2219 abbatis
2852 2166 3029 2222 ollicio
3059 2167 3454 2239 fungebantur,
3486 2190 3771 2247 nunquam
3810 2179 3881 2240 de

2268 2252 2519 2307 emnobio
2546 2252 2883 2321 recedentes,
2909 2258 3003 2311 sed
3035 2260 3420 2317 ecclesiastica:
3448 2262 3697 2332 dignitati
3724 2270 3880 2333 mni-

2270 2352 2355 2399 tos
2381 2345 2529 2400 viros
2561 2345 2787 2403 idoneos
2810 2351 3129 2406 nutrientes.

2338 2434 2428 2489 30.
2470 2435 2550 2489 Ad
2592 2436 2696 2492 hoc
2745 2453 2875 2507 ergo
2921 2444 3307 2498 monasterium
3341 2447 3482 2502 clam
3512 2448 3704 2507 beatus
3733 2452 3870 2515 Ful-

2268 2529 2481 2598 gentius
2522 2529 2905 2600 proficiscitur,
2957 2532 3151 2611 ibique
3188 2535 3238 2589 in
3289 2542 3711 2608 congregatione
3760 2552 3872 2602 tam

2268 2620 2504 2674 maxima
2533 2635 2727 2675 nomen
2770 2622 2993 2693 deponit
3032 2625 3276 2681 abbatis:
3310 2637 3367 2681 et
3397 2629 3662 2689 adunatus
3684 2636 3873 2691 multi-

2270 2710 2441 2764 tudini
2492 2713 2905 2775 monachorum,
2952 2713 3121 2783 fulget
3167 2717 3382 2786 quidem
3433 2735 3598 2793 super
3644 2733 3877 2783 (πωπω-οι

2268 2798 2501 2853 mirabili
2529 2800 2756 2855 scientia
2785 2802 3206 2875 eloquentiaque
3235 2808 3495 2877 speciali;
3528 2812 3625 2869 sed
3655 2816 3872 2886 subjici.

2270 2900 2360 2946 tur
2407 2892 2660 2947 omnibus
2708 2892 2961 2949 laudabili
3012 2896 3316 2954 humilitate
3362 2910 3527 2973 atque
3564 2907 3874 2969 obedientia

2270 2982 2549 3051 singulari.
2583 2982 2793 3039 Memor
2820 2988 3021 3057 quippe
3044 2989 3187 3044 illius
3210 2992 3535 3060 evangelicae
3564 3001 3871 3069 sententia,

2270 3087 2377 3142 qua
2408 3074 2668 3129 Dominus
2698 3085 2885 3130 noster
2904 3078 3055 3143 dicit,
3072 3077 3199 3135 Non
3221 3084 3335 3139 veni
3364 3089 3539 3155 [acere
3558 3088 3862 3149 volutata:

2270 3165 2564 3229 meam,sed
2586 3166 2902 3222 voluntatem
2922 3170 3033 3240 ejus
3063 3173 3151 3243 qui
3177 3172 3315 3227 misit
3334 3191 3413 3229 me
3436 3174 3619 3249 (Joau.
3647 3179 3857 3250 “,58);

2196 3284 2243 3350 Ο
2273 3268 2463 3308 omnes
2489 3270 2615 3309 suas
2660 3257 2953 3312 mortiiicat
3001 3262 3327 3333 voluntates,
3372 3264 3595 3337 jejuniis
3634 3271 3866 3343 insuper.

2273 3345 2628 3404 orationibus.
2660 3347 2856 3417 vigiliis
2884 3359 2941 3405 et
2969 3351 3310 3409 abstinentia:
3344 3372 3567 3429 vacans,
3591 3369 3869 3435 totumqm

2272 3450 2331 3491 se
2354 3452 2478 3492 cum
2507 3439 2652 3496 vitiis
2695 3447 2751 3494 et
2791 3444 3245 3514 concupiscentiis
3284 3448 3632 3507 siccularibus
3656 3455 3867 3510 cruciﬁ-
3912 3484 3935 3491 -

2272 3546 2428 3600 gens,
2460 3534 2708 3589 manibus
2741 3535 2851 3589 suis
2881 3537 3042 3591 etiam
3090 3536 3484 3599 delectabiliter
3522 3547 3867 3617 operabatur.

2272 3621 2407 3676 Nam
2455 3631 2513 3678 et
2562 3625 2845 3693 scriptoris
2894 3638 3011 3682 arte
3041 3627 3381 3687 laudabiliter
3425 3636 3696 3704 utebatur,
3728 3648 3867 3699 etes

2270 3720 2569 3807 palmarum
2599 3719 2746 3778 foliis
2785 3720 3027 3779 ﬂabellos
3073 3727 3373 3799 sepissime
3401 3733 3731 3791 conterebat
3762 3738 3868 3807 (cui

2272 3815 2445 3884 operi,
2493 3816 2655 3870 etiam
2703 3832 2825 3873 cum
2870 3815 3059 3874 fuisset
3101 3822 3291 3890 abbas,
3318 3823 3371 3878 in
3402 3840 3502 3881 suo
3540 3829 3872 3885 monasterio

2274 3904 2542 3975 vacabat),
2576 3905 2798 3962 lectioni
2826 3918 3006 3964 autem
3040 3910 3093 3965 in
3125 3912 3318 3969 cellula
3348 3912 3660 3983 frequenter
3687 3934 3871 3981 coram

2273 3994 2524 4052 fratribus
2553 3999 2853 4066 insistebat,
2888 4001 3031 4073 apud
3060 4018 3249 4060 omnes
3270 4006 3537 4072 amabilis,
3569 4009 3866 4069 honorabi-

2274 4088 2339 4143 lis
2366 4091 2722 4161 etjocundus.

2272 4179 2454 4236 CAPUT
2484 4198 2573 4236 xv.
2616 4180 2830 4253 Cogitur
2850 4183 3022 4266 redire
3050 4184 3121 4239 ad
3148 4184 3347 4266 abbatis
3377 4190 3618 4261 alliciunt.
3655 4192 3872 4266 Presby-

2842 4264 2920 4306 ter
2948 4265 3297 4311 consecratur.

2344 4341 2430 4398 Si.
2474 4336 2581 4398 Sed
2612 4352 2814 4414 quanta
2837 4344 2889 4398 in
2911 4344 3104 4402 eodem
3134 4350 3467 4406 monasterio
3489 4351 3693 4420 laetitia,
3720 4364 3873 4415 tanta

2274 4435 2325 4488 in
2357 4434 2498 4489 illius
2524 4435 2600 4506 (It)
2631 4437 2853 4507 proprio
2884 4446 3075 4493 exorta
3097 4447 3182 4493 est
3208 4451 3434 4512 repente
3458 4445 3693 4503 tristitia.
3719 4446 3870 4509 Gutt-

2270 4527 2470 4581 debant
2490 4527 2576 4582 isti
2605 4528 2695 4597 qui
2718 4543 2842 4583 eum
2865 4539 3236 4601 susceperant,
3251 4531 3508 4590 dolebant
3534 4535 3609 4591 illi
3631 4539 3724 4609 qui
3742 4541 3875 4601 ami-

2270 4628 2473 4674 serant.
2520 4619 2772 4676 Nascitur
2797 4622 2940 4677 inter
2974 4637 3069 4678 eos
3098 4638 3237 4679 nova
3266 4639 3447 4695 pugna
3476 4629 3740 4684 caritatis.
3771 4630 3874 4695 isti

2276 4728 2475 4767 novum
2508 4716 2714 4769 socium
2745 4717 3012 4771 tenaciter
3034 4716 3451 4786 amplectuntur,
3482 4719 3557 4775 illi
3587 4722 3877 4792 antiquum

2274 4815 2484 4876 patrem
2525 4807 2673 4863 reddi
2696 4809 2799 4863 sibi
2822 4808 3140 4878 suppliciter
3163 4809 3543 4885 deprecantur.
3575 4814 3668 4872 isti
3692 4833 3752 4874 se
3781 4834 3882 4882 or-

2276 4898 2390 4951 nari
2424 4898 2490 4954 de
2530 4899 2816 4969 prmsentia
2848 4900 2987 4970 ejus,
3018 4900 3095 4959 illi
3119 4901 3187 4958 de
3214 4903 3458 4960 absentia
3483 4904 3716 4966 deﬁcere
3742 4925 3883 4971 oon-

2275 4986 2511 5043 titentnr.
2544 4990 2740 5046 Beatus
2762 5007 2891 5047 vero
2913 4991 3228 5060 Fulgentius
3252 4995 3425 5064 magis
3445 4997 3635 5055 volens
3665 4988 3886 5060 discere

2272 5096 2434 5150 quam
2465 5082 2682 5147 docere,
2715 5084 2987 5138 consentit
3014 5082 3105 5139 hic
3131 5098 3254 5143 esse
3279 5086 3374 5143 ubi
3407 5085 3507 5145 fuit
3533 5088 3788 5158 inferior;
3819 5102 3881 5149 et

2276 5217 2415 5271 tendi
2437 5218 2776 5288 compellitur.
2812 5219 2935 5275 Ant.
2970 5229 3172 5291 autem,
3208 5222 3455 5290 Quamuis
3475 5246 3624 5296 sane,
3655 5240 3762 5288 etc.

2347 5310 2415 5381 (f)
2457 5309 2555 5364 Hic
2592 5312 3068 5393 variant'codices.
3100 5316 3244 5393 Nam
3256 5319 3403 5393 _Ant.
3422 5322 3474 5377 in
3506 5326 3767 5393 margine,
3804 5328 3883 5380 si-

2272 5387 2379 5463 tum
2407 5384 2776 5463 monasterium
2804 5382 3069 5463 Vincensi,
3095 5397 3201 5463 etc.
3226 5390 3349 5463 Ms,
3370 5382 3878 5463 {uncensi:Cliifﬂ.,

2278 5449 2499 5532 vicensi.
2555 5452 2808 5532 Quidam
2839 5449 3064 5511 codices
3106 5460 3125 5531 (
3149 5476 3216 5515 ex
3259 5449 3495 5531 enim),
3561 5449 3870 5532 Vinacensivf

2270 5520 2534 5589 plerique,
2567 5521 2828 5577 Vineensi.

2342 5610 2417 5679 (9)
2458 5608 2548 5692 ξίθ
2577 5625 2677 5690 Ψδ·
2711 5626 2831 5692 (“Lm
2864 5612 2985 5692 aliis
3030 5632 3062 5671 a
3110 5616 3287 5692 Chilll.
3331 5620 3580 5692 laudatis.
3620 5622 3678 5679 lu
3719 5594 3903 5692 Ant“?

2281 5676 2617 5761 lfefmeiens‘i,
2657 5681 3011 5761 _conl'or_mite_r
3046 5690 3319 5761 nonnullis
3357 5691 3514 5746 codd.
3548 5676 3885 5761 abiendi};

2273 5748 2417 5803 visis.
2449 5748 2626 5804 Chilll.
2657 5753 2791 5821 ipse,
2826 5753 3119 5830 Benefeusi.

2343 5839 2419 5909 (It)
2451 5840 2540 5895 Sic
2570 5842 2711 5911 apud
2730 5841 2905 5900 Cbilil.
2928 5845 3077 5918 Ant,
3095 5851 3150 5904 in
3176 5850 3318 5907 illius
3340 5852 3587 5910 discessu.
3620 5854 3719 5912 Ms.
3738 5869 3881 5914 vero

2270 5916 2498 5980 utraque
2526 5927 2660 5968 voce
2694 5921 2861 5969 caret.
