4124 6474
332 380 442 442 155

1710 373 2231 436 PROLEGOMENA.

3498 377 3600 433 154

319 492 562 565 trepidat
588 491 716 550 illuc
731 491 931 559 redire,
951 491 1044 548 ubi
1068 492 1276 549 cunctis
1301 493 1471 562 possit
1499 505 1620 548 esse
1644 493 1907 563 superior.
1937 492 1992 554 Δ
2017 506 2158 557 nem,
2190 490 2364 546 donec
2385 491 2650 548 inveniret
2677 493 2893 550 beatum
2917 491 3271 562 Fulgentium,
3301 501 3594 562 cogitabat.

319 585 477 641 Tunc
523 584 733 640 abbatis
774 582 972 639 Felicis
996 593 1052 637 et
1079 583 1319 639 omnium
1349 581 1583 650 fratrum,
1615 597 1752 652 quos
1781 584 1909 638 reli-

318 681 515 748 querat
541 674 700 730 dolor
717 690 784 730 ex
805 675 1134 729 necessitate
1159 674 1443 730 consilium
1464 689 1700 740 sumens,
1725 684 1912 745 patro-

322 767 465 822 cinio
493 765 670 822 sancti
696 763 881 820 Fausti
909 765 1148 835 episcopi
1172 765 1443 821 insulanos
1464 767 1758 822 monachos
1783 768 1907 838 pul-

319 865 416 913 sat.
462 855 559 912 Ille
605 857 852 926 protinus
901 856 1196 926 episcOpali
1226 859 1549 913 auctoritate
1593 875 1750 914 suum
1788 875 1907 915 esse

313 949 639 1005 monachum
660 947 1001 1016 Fulgentium
1031 947 1250 1016 allegat,
1284 948 1495 1018 sibique
1531 949 1705 1017 reddi,
1733 958 1790 1006 et
1813 951 1904 1006 ubi

285 1042 428 1110 'ipse
463 1038 687 1108 jusserit
728 1039 914 1094 vivere
959 1037 1160 1094 debere
1188 1038 1490 1094 conﬁrmat.
1549 1039 1780 1096 Minatur
1809 1057 1903 1096 ex-

301 1130 858 1186 eommunicationem
879 1127 1413 1196 contradicentibus;
1437 1146 1611 1200 ipsum
1633 1147 1764 1186 vero
1785 1131 1908 1187 Ful-

298 1225 570 1292 gentium,
600 1223 703 1276 nisi
723 1223 1047 1283 consentiat,
1074 1221 1507 1277 inobedientibus
1532 1223 1758 1278 similem
1781 1240 1905 1292 pro-

298 1314 524 1369 nuntiat
545 1311 914 1381 judicandum.
948 1310 1087 1378 Quid
1115 1311 1320 1366 multa?
1369 1310 1668 1382 Deponitur
1714 1329 1903 1368 rursus

295 1407 499 1460 beatus
529 1402 838 1472 Fulgentius
858 1402 926 1456 ad
952 1401 1342 1457 monasterium
1369 1401 1674 1471 proprium,
1717 1402 1902 1458 subire
1941 1450 1948 1464 .

293 1496 618 1567 praecipitur
643 1493 854 1548 abbatis
879 1493 1137 1548 ofﬁcium.
1158 1491 1223 1546 Et
1253 1507 1322 1547 ne
1347 1491 1542 1546 iterum
1573 1507 1604 1546 a
1633 1492 1900 1548 desiderio

291 1586 534 1657 spiritali
563 1585 837 1640 mutabilis
869 1583 1044 1646 fieret,
1077 1593 1301 1652 repente
1329 1598 1454 1637 eum
1483 1584 1740 1638 sacerdos
1768 1599 1900 1639 con-

294 1685 482 1732 secrat
511 1675 904 1746 presbyterum,
933 1682 993 1728 ut
1019 1673 1230 1727 abbatis
1253 1680 1307 1727 et
1337 1672 1636 1743 presbyteri
1665 1672 1895 1728 decora-

295 1776 389 1823 tus
421 1766 623 1834 ofﬁcio,
655 1782 756 1821 nec
785 1764 1176 1821 monasterium
1206 1764 1534 1832 relinquere,
1581 1778 1683 1818 nec
1709 1764 1762 1817 in
1791 1765 1896 1819 alia

295 1862 541 1920 Ecclesia
568 1869 754 1932 posset
778 1859 1040 1914 ordinari.
1072 1904 1077 1908 .

365 1953 458 2008 52.
499 1952 691 2008 Victus.
711 1951 871 2019 igitur
924 1957 980 2004 et
1015 1949 1238 2004 honoris
1284 1949 1636 2017 compedibus
1662 1948 1890 2014 vinctus,

285 2045 462 2116 empit
493 2041 606 2112 jam
635 2043 827 2098 beatus
851 2039 1167 2108 Fulgentius
1209 2038 1587 2108 aequanimiter
1615 2045 1891 2094 monaste-

284 2137 436 2191 rium
464 2149 621 2190 suum
650 2145 860 2201 regere,
885 2129 1136 2200 famaque
1174 2139 1458 2188 crescente
1486 2129 1764 2198 laudabili,
1805 2147 1895 2186 su-

284 2244 388 2300 per
418 2240 612 2282 omnes
642 2225 835 2280 Africae
861 2224 1172 2296 provincias
1200 2223 1564 2289 innotescere,
1587 2224 1640 2278 in
1663 2224 1782 2294 ipso
1803 2240 1892 2278 au-

281 2328 401 2375 tem
445 2319 522 2390 (a)
553 2317 855 2372 Nuntorum
885 2315 1163 2370 territorio
1193 2324 1450 2393 tanquam
1499 2316 1748 2385 proprius
1771 2317 1891 2386 epit

279 2424 491 2480 scapus
545 2407 826 2472 honorari,
873 2406 1076 2477 paratis
1132 2406 1413 2468 omnibus,
1463 2405 1892 2478 quandocunque

280 2501 519 2557 facultas
545 2498 829 2555 ordinandi
849 2499 1162 2569 episcopum
1183 2498 1563 2564 concessisset,
1587 2499 1748 2554 beato
1772 2498 1892 2553 Ful-

282 2593 478 2664 gentio
505 2592 740 2661 primum
775 2589 850 2662 (ὁ)
881 2589 1242 2648 sacerdotium
1279 2589 1506 2645 vocibus
1534 2599 1592 2644 et
1619 2591 1890 2646 mentibus

281 2692 503 2752 petere,
551 2697 652 2738 nec
697 2681 926 2737 alterum
972 2683 1074 2738 nisi
1125 2683 1344 2738 beatum
1397 2681 1740 2752 Fulgentium
1787 2684 1889 2738 sibi

291 2772 606 2829 consecrari
632 2773 962 2842 permittere.
983 2773 1315 2832 Desiderium
1343 2773 1538 2830 deinde
1565 2775 1889 2844 populorum

294 2863 442 2919 Deus
469 2863 704 2929 videbat,
722 2863 898 2933 ipsum
923 2878 1140 2933 quoque
1167 2865 1381 2920 beatum
1409 2865 1753 2934 Fulgentium
1778 2882 1887 2922 non

288 2954 522 3012 latebat.

283 3069 474 3126 Cum
515 3085 625 3125 xvi.
647 3068 982 3140 #Interdicto
1033 3070 1176 3140 regio
1223 3079 1428 3140 eavetur
1473 3086 1538 3122 ne
1577 3070 1885 3124 ordinen'ur

353 3143 612 3212 ερίιεορί.Δ
639 3138 797 3212 Fugit
829 3138 1197 3210 episcopatum.
1230 3139 1359 3194 Post
1391 3141 1588 3210 factum
1611 3143 1884 3211 episcopo-

354 3210 471 3266 rum
499 3210 881 3266 ordinationem
907 3212 1201 3265 revertitur.

248 3320 257 3327 ·
351 3301 465 3358 Sed
502 3300 628 3372 quia
668 3309 799 3355 tunc
844 3301 1040 3369 regalis
1085 3303 1382 3357 auctoritas
1425 3303 1709 3374 episcopos
1739 3303 1883 3358 ordi-

278 3391 402 3449 nari
451 3391 823 3462 prohibuerat,
873 3405 976 3446 nec
1028 3391 1262 3447 viduatis
1303 3392 1552 3462 plebibus
1597 3394 1883 3464 providere

277 3492 530 3557 pastores
573 3483 790 3549 licebat,
822 3498 1047 3538 securus
1094 3483 1490 3540 interdictionis
1532 3483 1691 3553 hujus
1738 3493 1878 3539 tem-

279 3588 415 3647 pora
444 3573 794 3642 transigebat,
824 3573 1150 3644 superfluum
1173 3573 1423 3642 judicans
1446 3575 1708 3630 honorem
1745 3574 1882 3644 fugae

282 3665 532 3735 praesidio
555 3677 831 3728 recusare,
855 3678 1017 3734 quem
1045 3678 1148 3720 nec
1175 3663 1304 3719 dare
1325 3664 1487 3720 alicui
1512 3665 1590 3720 fas
1611 3673 1746 3730 erat,
1779 3681 1882 3722 nec

287 3756 550 3825 accipere.

359 3846 443 3903 55.
484 3845 778 3916 Postquam
798 3858 930 3910 vero
959 3859 1112 3900 sacra
1142 3847 1298 3901 turba
1326 3846 1640 3917 pontiﬁcum
1667 3851 1760 3919 qui
1789 3866 1880 3905 re-

275 3946 616 4007 manserant,
645 3935 1046 3994 communicato
1077 3937 1219 3992 inter
1258 3951 1320 3993 se
1358 3938 1604 4003 consilio,
1653 3939 1880 3996 deﬁnie-

271 4038 407 4088 runt
433 4031 694 4086 adversus
722 4035 1054 4098 pmceptum
1083 4028 1225 4096 regis
1256 4029 1311 4084 in
1342 4029 1592 4084 omnibus
1622 4029 1756 4085 locis
1787 4046 1879 4084 or-

267 4122 582 4178 diuationes
609 4119 886 4175 celebrare
917 4117 1254 4188 pontiﬁcum,
1281 4120 1588 4189 cogitantes
1617 4128 1711 4174 aut
1737 4121 1881 4190 regis

267 4211 630 4277 iracundiam,
675 4210 720 4266 si
757 4224 864 4279 qua
909 4208 1136 4265 forsitan
1177 4211 1460 4279 existeret,
1505 4211 1877 4282 mitigandam,

266 4321 386 4377 quo
423 4304 635 4360 facilius
677 4301 915 4358 ordinati
943 4302 999 4357 in
1027 4303 1139 4358 suis
1168 4303 1302 4358 locis
1330 4303 1418 4358 vel
1446 4302 1696 4374 plebibus
1725 4303 1875 4358 vive-

266 4405 419 4466 rent,
450 4405 545 4451 aut
572 4395 618 4450 si
645 4393 1038 4465 persecutionis
1063 4393 1323 4449 violentia
1361 4402 1699 4459 nasceretur,
1725 4410 1881 4450 coro-

265 4489 482 4544 nandos
510 4487 673 4542 etiam
717 4485 842 4541 ﬁdei
887 4484 1224 4541 confessione
1252 4499 1390 4554 quos
1418 4485 1612 4555 dignos
1636 4484 1880 4540 invenie-

264 4579 404 4637 bant
423 4578 786 4650 promotione,
818 4576 1174 4632 ministerium
1190 4592 1322 4634 vero
1343 4593 1501 4632 suum
1529 4576 1737 4634 facilius
1772 4578 1875 4632 im-

263 4673 546 4744 pleturos,
603 4677 766 4738 atque
814 4668 956 4723 inter
1007 4668 1152 4739 ipsas
1207 4667 1582 4725 tribulationes
1635 4671 1868 4741 propriis

262 4763 518 4836 plebibus
556 4760 752 4816 solatia
801 4759 1162 4829 pnestituros;
1213 4758 1271 4814 ﬁt
1307 4767 1534 4831 repente
1567 4763 1868 4819 communis

260 4854 590 4924 assumptio,
618 4852 983 4923 presbyteros,
1011 4851 1290 4918 diaconos,
1321 4860 1376 4906 et
1398 4852 1444 4908 si
1473 4867 1612 4922 quos
1655 4853 1864 4908 inveni-

259 4952 352 5001 ret
395 4944 612 5011 electio,
662 4957 877 5013 rapere,
923 4942 1274 5010 benedicere,
1325 4957 1650 4999 consecrare
1690 4935 1866 4999 certa-

261 5041 364 5094 tim
396 5037 467 5110 (c)
490 5037 624 5094 locis
650 5036 873 5106 singulis
891 5037 1341 5107 properantibus;
1375 5051 1442 5092 ne
1477 5037 1529 5090 in
1561 5036 1656 5090 tali
1685 5037 1864 5092 studio

260 5129 482 5200 aliquis,
503 5135 598 5184 aut
623 5127 807 5184 tardus
844 5136 939 5183 aut
967 5129 1294 5184 novissimus
1331 5127 1682 5182 inveniretur.
1710 5126 1864 5184 Tunc

260 5223 456 5277 beatus
496 5218 808 5289 Fulgentius
854 5220 1166 5291 eligentium
1206 5228 1332 5275 vota
1366 5221 1624 5276 velociori
1653 5235 1860 5292 prmve-

262 5311 421 5369 niens
447 5309 826 5381 fuga,latebris
856 5312 1071 5368 incertis
1092 5313 1460 5376 absconditur,
1483 5328 1579 5368 nec
1600 5313 1865 5382 qumsitus

262 5405 536 5460 ullatenus
557 5404 848 5462 invenitur.
880 5404 1040 5462 Plebs
1070 5408 1235 5477 ipsius
1266 5406 1372 5462 loci
1415 5406 1505 5461 ubi
1535 5404 1710 5460 fuerat
1739 5421 1858 5460 mo-

261 5498 558 5553 nasterium
579 5500 948 5566 constitutum,
978 5499 1192 5556 diﬁerre
1219 5517 1371 5556 suam
1398 5516 1619 5571 prorsus
1640 5500 1859 5556 electio-

333 5617 415 5686 (α)
446 5614 574 5686 Ant.
600 5615 654 5686 in
680 5627 894 5686 marg.,_
911 5612 1202 5686 Yintorum.
1229 5613 1365 5686 Vide
1395 5622 1576 5667 notam
1605 5613 1782 5686 Chim.

356 5687 409 5754 ὁ)
435 5685 584 5752 Ant.,
608 5685 822 5740 Beatam
843 5683 1188 5755 Futgentium
1204 5685 1425 5755 primum
1446 5685 1783 5738 sacerdotem.

268 5749 591 5880 ωξδίῖὶηιζ,
622 5759 677 5811 in
707 5757 852 5812 locis.
882 5749 984 5811 ns.
1019 5769 1142 5861 cum
1171 5749 1347 5809 Chifﬁ.
1378 5764 1528 5811 caret
1557 5755 1658 5811 hac
1684 5755 1857 5825 parti-

300 5842 386 5882 llla
416 5842 492 5881 ιιι.
1072 5858 1076 5861 -

1909 3243 1960 3308 Ο

2013 582 2395 639 Verumtamen
2425 584 2620 640 timens
2663 599 2752 651 ne,
2798 584 2925 642 dum
2947 583 3039 638 diu
3065 584 3258 640 beatus
3285 581 3597 652 Fulgentius

2010 676 2287 743 quaeritur,
2320 677 2459 732 fama
2503 677 2618 732 haec
2660 675 3039 747 Carthaginem
3075 673 3400 747 perveniret,
3433 682 3599 745 atque

2011 765 2135 820 inde
2182 783 2367 821 rursus
2415 768 2610 837 regalis
2640 766 2945 822 interdictio
2975 773 3306 830 nasceretur,
3338 764 3412 818 ita
3441 779 3594 819 com-

2009 858 2246 928 pelleute
2273 857 2627 914 festinationis
2673 860 3015 924 necessitate,
3049 857 3344 914 suadentur
3384 855 3485 910 sibi
3529 855 3598 911 de

2009 950 2120 1005 suis
2140 949 2351 1004 clericis
2377 950 2606 1005 alterum
2635 964 2895 1021 quaerere.
2916 948 3006 1004 Sic
3033 964 3132 1019 per
3160 946 3325 1002 multa
3354 944 3474 1001 loca
3504 945 3595 1000 ubi

2007 1041 2198 1096 beatus
2235 1040 2550 1109 Fuigentius
2579 1049 2670 1095 aut
2707 1041 2931 1112 primus,
2963 1048 3054 1098 aut
3082 1039 3229 1095 solus
3258 1038 3462 1093 electus
3491 1044 3594 1100 est,

2007 1139 2291 1200 postquam
2320 1131 2540 1185 minime
2571 1131 2749 1200 potuit
2776 1130 3021 1193 inveniri,
3065 1128 3211 1184 dedit
3257 1127 3372 1183 aliis
3417 1127 3592 1182 bono-

2006 1221 2079 1275 ris
2107 1220 2184 1290 (ά)
2215 1219 2408 1275 summi
2436 1219 2728 1274 licentiam.

2075 1310 2162 1365 '54.
2207 1309 2429 1380 Repleta
2455 1310 2565 1378 jam
2615 1309 2787 1366 fuerat
2815 1310 3090 1379 provincia
3119 1309 3398 1382 Byzacena
3441 1307 3594 1364 novis

2007 1404 2398 1466 sacerdotibus,
2433 1411 2488 1458 et
2514 1418 2649 1473 pene
2693 1403 2778 1457 vix
2821 1418 3112 1473 paucarum
3143 1402 3377 1472 plebium
3403 1401 3592 1456 cathe-

2003 1494 2114 1548 drae
2157 1500 2526 1547 remanserant
2571 1490 2855 1546 destitutae.
2891 1490 3050 1560 Regis
3077 1505 3292 1560 quoque
3320 1497 3593 1546 commota

2002 1585 2223 1649 saevitia,
2255 1591 2476 1639 cunctos
2499 1583 2610 1652 jam
2633 1584 2949 1638 decreverat
2970 1583 3160 1638 exsilio
3183 1582 3589 1652 mancipandos,

2003 1675 2056 1729 in
2086 1676 2256 1744 ipsum
2290 1674 2537 1744 primitus
2565 1674 2954 1738 ordinatorem,
2986 1673 3039 1727 id
3069 1681 3152 1728 est
3179 1674 3463 1746 primatem
3491 1689 3592 1729 no-

2001 1766 2146 1823 mine
2176 1765 2469 1829 Victorem,
2501 1764 2830 1835 procedente
2858 1764 3146 1831 sententia,
3176 1765 3264 1835 qui
3284 1764 3397 1834 jam
3419 1778 3449 1818 a
3470 1777 3589 1817 ser.

1925 1868 1978 1931 Β
2003 1859 2083 1912 vis
2099 1858 2250 1926 ,regis
2279 1857 2602 1913 exeuntibus
2641 1865 2850 1926 captus,
2896 1856 2962 1910 ad
2993 1856 3370 1924 Carthaginem
3420 1856 3589 1911 duce-

1999 1951 2175 2004 batur.
2207 1948 2273 2002 Et
2302 1948 2524 2003 omnino
2555 1947 2878 2002 succedente
2908 1947 3113 2017 majore
3153 1947 3399 2020 tristitia,
3431 1962 3586 2004 versa

1996 2039 2095 2094 fuit
2123 2040 2176 2094 in
2204 2039 2447 2110 publicos
2472 2038 2646 2093 luctus
2677 2037 3030 2092 ordinationis
3066 2046 3350 2106 assumpta:
3379 2037 3582 2092 laetitia.

1997 2133 2147 2188 Tunc
2175 2132 2401 2188 occultis
2427 2131 2629 2205 nuntiis
2670 2129 3023 2184 edocentibus
3073 2129 3331 2184 transisse
3372 2136 3584 2200 tempus

1995 2225 2251 2282 facienda:
2274 2223 2653 2285 ordinationis,
2679 2221 2870 2277 beatus
2916 2219 3230 2290 Fulgentius
3266 2229 3464 2291 putans
3491 2235 3585 2276 ca-

1996 2317 2200 2373 thedris
2245 2331 2408 2386 quam
2462 2315 2698 2369 maxime
2748 2313 3010 2384 proximis
3061 2312 3342 2383 episcopos
3396 2313 3583 2371 haberi

1994 2409 2261 2480 proprios,
2299 2408 2416 2478 ipse
2441 2422 2628 2461 rursus
2657 2404 2971 2460 monasterii
2997 2404 3078 2458 sui
3107 2404 3582 2473 congregationem

1992 2502 2293 2569 gubernare
2321 2500 2632 2566 revertitur,
2649 2499 2778 2552 nihil
2800 2497 3052 2552 dubitans
3068 2512 3241 2566 neque
3267 2493 3579 2562 formidans,

1991 2594 2086 2648 sed
2109 2593 2328 2647 omnino
2349 2608 2408 2648 se
2432 2590 2753 2662 pontiﬁcalis
2767 2590 3039 2659 dignitatis
3062 2590 3295 2645 evasisse
3313 2590 3578 2647 sarcinam
3630 2591 3632 2594 ’

1990 2681 2246 2754 gaudens.

1989 2798 2171 2854 Caru'r
2202 2813 2328 2853 xvn.
2370 2797 2525 2852 Felix
2554 2797 2803 2853 diaconus
2839 2796 3157 2868 Ruspensem
3185 2795 3360 2851 sedem
3395 2796 3575 2850 ambit.

2062 2869 2370 2940 Futgentius
2409 2871 2611 2940 cogitur
2650 2865 3367 2940 episcopatum_Ruspensem
3413 2868 3577 2920 διεδεί-

2060 2935 2198 3009 ρενέ.
2243 2938 2398 2993 Felix
2439 2935 2688 2992 diaconus
2727 2935 2962 3008 repulsus
3003 2935 3283 3009 Fulgentio
3311 2948 3462 2991 uarat
3490 2940 3575 2990 in-

2059 3011 2245 3063 sidias.

2061 3120 2148 3174 3⁸5.
2191 3119 2572 3175 Verumtamen
2603 3119 2778 3174 altiori
2806 3117 3032 3174 consilio
3058 3117 3199 3173 Deus
3231 3125 3418 3174 noster
3437 3133 3574 3188 prae.

1990 3211 2255 3268 destinata
2285 3209 2590 3280 perﬁciens,
2636 3208 2724 3264 cui
2766 3208 2988 3262 dederat
3033 3207 3265 3264 docendi
3292 3207 3576 3264 salubriter

1987 3305 2320 3369 facultatem,
2348 3302 2604 3359 doctrinae
2626 3301 2878 3356 salutaris
2906 3299 3036 3356 dare
3067 3299 3179 3370 jam
3205 3300 3423 3356 volebat
3444 3315 3575 3357 auc-

1989 3397 2282 3459 toritatem,
2317 3409 2386 3448 ne
2414 3394 2628 3448 deesset
2657 3390 2781 3448 ﬁdei
2806 3391 3086 3448 catholicae
3131 3399 3320 3447 contra
3349 3391 3578 3450 Arianos

1988 3489 2328 3545 ﬁdelissimus
2343 3487 2678 3558 praedicator.
2712 3485 2770 3540 In
2802 3494 3044 3556 tempore
3064 3499 3193 3554 ergo
3212 3484 3576 3540 tribulationis

1985 3581 2315 3637 abscondere
2339 3579 2508 3634 noluit
2533 3578 2629 3648 (at.
2653 3578 2842 3646 voluit)
2864 3592 2959 3633 vas
2984 3577 3284 3644 electionis,
3297 3592 3395 3648 per
3416 3591 3576 3648 quem

1984 3672 2321 3742 disposuerat
2336 3671 2560 3741 implere
2577 3668 2809 3740 ofﬁcium
2829 3670 3243 3741 praedicationis.
3256 3669 3385 3725 Erat
3400 3669 3576 3726 adhuc

1986 3765 2167 3836 Ruspe
2188 3764 2364 3819 nobile
2385 3764 2662 3834 Oppidum,
2685 3763 2994 3818 clarissimis
3015 3763 3407 3818 habitatoribus
3427 3776 3576 3832 pror-

1983 3877 2076 3913 sus
2113 3860 2336 3924 illustre,
2375 3859 2460 3912 cui
2498 3858 2676 3912 nullus
2717 3855 2893 3910 fuerat
2933 3857 3219 3926 episc0pus
3264 3854 3572 3919 ordinatus,

1983 3949 2108 4019 quia
2131 3949 2388 4001 diaconus
2416 3946 2632 4016 quidam
2663 3944 2811 4000 Felix
2841 3946 3058 3998 nomine
3077 3985 3091 4008 ,
3123 3944 3212 4012 qui
3242 3942 3444 3996 ambire
3473 3957 3574 3997 vo-

1984 4039 2156 4092 luerat
2180 4036 2442 4090 honorem
2471 4032 2761 4104 pontiticis,
2783 4032 3116 4103 repudiatus,
3139 4032 3191 4085 in
3220 4029 3310 4084 illo
3332 4030 3452 4084 loco
3474 4045 3574 4086 nec

1982 4131 2098 4200 ipse
2118 4127 2445 4192 merebatur,
2471 4142 2569 4181 nec
2592 4126 2817 4180 alterum
2841 4126 3084 4195 recipere
3100 4123 3424 4194 patiebatur.
3451 4121 3574 4177 Fra-

1985 4231 2066 4277 ter
2099 4221 2296 4291 quippe
2329 4219 2446 4288 ejus
2483 4233 2770 4288 germanus
2811 4217 3012 4271 amicus
3050 4214 3437 4286 procuratoris,
3475 4229 3574 4286 per

1983 4312 2275 4383 potentiam
2313 4309 2583 4366 smeularis
2613 4309 2839 4364 actionis
2869 4307 3207 4362 ministrabat
3233 4306 3376 4361 vires
3403 4307 3571 4362 ambi~

1984 4407 2162 4462 tionis.
2201 4404 2367 4459 Dolor
2407 4405 2757 4461 honestorum
2801 4404 2996 4459 civium
3040 4410 3250 4456 mentes
3291 4399 3363 4472 (e)
3402 4401 3569 4456 vehe-

1981 4513 2132 4552 mens
2172 4496 2510 4563 exagitabat,
2555 4511 2652 4550 cur
2688 4494 2788 4549 soli
2831 4493 3214 4548 remansissent
3254 4492 3370 4546 sine
3417 4499 3571 4562 patre

1982 4589 2226 4660 spiritali,
2251 4588 2342 4656 qui
2366 4587 2683 4641 videbantur
2703 4601 2864 4655 super
2885 4593 3110 4640 czeteros
3129 4585 3395 4640 excellere
3417 4583 3569 4638 nobi-

1981 4683 2129 4736 litate
2159 4679 2378 4745 carnali,
2410 4681 2474 4750 (ι’)
2506 4695 2627 4734 cum
2657 4686 2881 4750 repente
2911 4675 3050 4732 fama
3079 4690 3243 4732 verax
3263 4675 3570 4732 dolentibus

1973 4772 2186 4827 nuntiat
2231 4771 2447 4824 beatum
2496 4769 2862 4838 Fulgentium,
2916 4783 3076 4837 quem
3117 4775 3199 4821 tot
3237 4767 3355 4822 loca
3395 4767 3568 4837 primo

1970 4864 2274 4920 sacerdotio
2299 4862 2673 4932 judicavcrant
2701 4862 2948 4931 dignum,
2979 4861 3283 4914 nullatenus
3322 4868 3569 4928 tempore

1971 4956 2326 5011 ordinationis
2357 4955 2652 5017 inventum,
2688 4954 3009 5009 remansisse
3030 4955 3422 5024 presbyterum,
3448 4951 3566 5019 glo-

1971 5046 2051 5100 ria
2077 5045 2282 5116 majore
2310 5045 2585 5110 vestitum,
2604 5044 2746 5114 quod
2775 5043 3000 5098 honoris
3030 5041 3322 5112 superioris
3350 5039 3428 5093 sic
3457 5038 3568 5093 cal-

1973 5146 2190 5193 caverat
2231 5138 2547 5207 appetitum.
2590 5136 2697 5190 lllis
2735 5137 2928 5207 quibus
2957 5133 3276 5205 displicebat
3304 5130 3567 5200 superbus

1971 5231 2221 5295 ambitor,
2251 5230 2428 5300 placet
2456 5231 2555 5285 iste
2583 5229 2866 5283 laudabilis
2896 5235 3200 5284 excusatur.
3219 5222 3567 5278 Consentitur

1969 5319 2037 5375 ab
2067 5321 2314 5376 omnibus
2343 5320 2514 5390 ipsum
2541 5320 2641 5374 sibi
2672 5336 2790 5375 esse
2819 5326 3108 5380 servatum,
3151 5323 3436 5386 propterea
3465 5315 3565 5368 mi-

1972 5412 2113 5467 nime
2128 5412 2290 5468 tantis
2306 5412 2547 5484 plebibus
2562 5411 2919 5466 ambientibus
2936 5409 3258 5462 ordinatum.
3278 5406 3564 5461 Nesciente

1968 5506 2129 5575 igitur
2156 5507 2317 5563 beato
2347 5507 2650 5575 Fulgentio,
2682 5505 2868 5558 Victor
2890 5502 3092 5572 primas
3119 5502 3172 5557 in
3203 5501 3394 5556 itinere
3421 5498 3562 5570 peti-

2038 5619 2117 5690 (d7)
2147 5617 2344 5684 Cliim.,
2378 5618 2589 5673 honoris
2628 5615 2880 5690 sumendi.

2062 5685 2111 5758 ε)
2144 5690 2294 5758 Ant.,
2328 5685 2918 5758 t'ehementeriangebat.

2051 5689 2090 5744 'e
2144 5690 2294 5758 Ant.,
2328 5693 2646 5744 vehementer
2673 5689 2918 5757 angebat.

2040 5689 2114 5831 li;
2144 5759 2234 5818 Sic
2263 5778 2364 5816 ms.
2388 5760 2599 5823 Czcteri,
2637 5757 2764 5812 Tum
2793 5764 3019 5812 recente.
