4124 6498
540 387 644 443 133

1702 384 1759 442 S.
1803 379 2236 442 FULGENTIUS
2274 382 2667 441 RUSPENSIS.

3716 385 3738 439 l
3753 383 3816 437 .56

536 515 624 560 tur
652 523 681 559 ει
720 501 1084 573 Ruspensibus
1115 500 1193 572 (α)
1230 508 1290 555 ut
1316 501 1504 556 vicinis
1539 500 1803 570 episcopis
1840 499 2124 555 ordinandi
2150 503 2203 560 Α
2229 511 2452 568 accepta
2496 498 2766 570 pontiﬁcis
2805 501 3088 572 dignitate,
3137 504 3491 573 professionis
3532 504 3822 574 praeteritas

535 596 872 665 Fulgentium
914 593 1182 648 licentiam
1229 592 1474 647 donaret.
1521 591 1670 646 Tunc
1716 606 1784 646 eo
1831 598 2120 655 annuente,

536 697 822 762 aggregata
844 688 1093 742 violentae
1114 684 1468 740 multitudinis
1491 700 1673 750 manu,
1694 691 1918 754 repente
1937 684 2126 738 beatus

537 782 869 851 Fulgentius,
896 779 1084 834 dolens
1114 778 1320 844 oculos,
1352 779 1404 832 in
1434 778 1564 832 cella
1596 778 1809 847 propria
1837 776 2124 847 reperitur,

535 872 822 936 invaditur,
857 879 1092 933 tenetur,
1136 869 1366 931 ducitur,
1398 876 1452 922 et
1479 868 1722 938 pontifex
1748 883 1867 924 esse
1897 884 2004 922 non
2033 883 2125 923 ro-

535 975 712 1036 gatur,
743 964 837 1020 sed
864 965 1091 1033 cogitur.
1115 961 1245 1017 Inde
1266 961 1330 1015 ad
1354 960 1681 1030 episc0pum,
1706 961 1796 1029 qui
1825 960 2128 1015 admonitus

537 1060 711 1113 luerat
738 1056 1129 1112 ordinationem
1158 1053 1449 1116 celebrare,
1491 1053 1799 1123 perductus,
1833 1053 1997 1122 ignoti
2023 1067 2126 1122 po-

536 1151 648 1221 puli
685 1150 1032 1206 constituitur
1078 1155 1259 1218 pater,
1309 1147 1382 1201 ita
1424 1155 1483 1201 ut
1522 1147 1575 1200 in
1617 1146 1710 1200 illo
1754 1146 2127 1216 propheticum

536 1241 665 1296 illud
695 1241 950 1310 compleri
969 1239 1237 1294 videretur
1265 1234 1539 1293 oraculum
1566 1256 1577 1291 :
1611 1236 1836 1308 Populus
1856 1254 2003 1307 quem
2023 1254 2126 1292 non

535 1337 749 1406 cognovi
773 1335 976 1389 servivit
1006 1333 1131 1386 mihi
1161 1331 1336 1402 (Psat.
1369 1347 1496 1394 xvn,
1521 1329 1633 1401 45).

609 1425 698 1480 56.
755 1425 923 1480 Nimis
973 1431 1152 1478 autem
1206 1422 1295 1494 (ὁ)
1349 1421 1683 1491 gratissimus
1723 1421 1825 1475 viri
1871 1421 2128 1491 sapientis

534 1525 804 1590 aspectus,
835 1524 890 1572 et
911 1513 1122 1571 favores
1151 1514 1334 1585 populi
1359 1512 1699 1582 suffragantis
1725 1511 1990 1581 augebat;
2013 1519 2069 1566 et
2096 1528 2128 1567 a

534 1622 856 1680 quocunque
885 1615 1013 1662 tunc
1039 1605 1319 1660 videbatur
1345 1605 1666 1673 incognitus,
1698 1603 2002 1671 humilitate
2029 1618 2126 1658 ve-

533 1701 692 1759 stium
721 1698 967 1764 blandus,
993 1697 1347 1767 modestoque
1371 1696 1581 1750 incessu
1611 1693 1936 1749 venerabilis
1961 1693 2129 1748 habe-

533 1790 710 1850 batur.
756 1789 889 1845 Cum
932 1805 1061 1844 vero
1101 1788 1249 1858 loqui
1289 1787 1562 1857 quidpiam
1593 1793 1821 1856 cogente
1855 1785 2125 1840 interdum

2227 591 2460 644 servavit
2477 591 2863 660 integritatem.
2877 593 3102 649 Servata
3124 611 3252 650 vero
3270 595 3622 666 professionis
3640 592 3720 666 (ἀ)
3739 594 3824 649 in-

2227 682 2450 748 tegritas
2474 683 2594 752 plus
2621 686 2832 740 ornavit
2859 687 3129 757 pontiﬁcis
3172 687 3507 756 dignitatem.
3541 687 3822 756 Nunquam

2229 773 2462 845 denique
2493 779 2726 846 pretiosa
2747 781 3068 836 vestimenta
3096 781 3358 852 qumsivit,
3390 788 3483 835 aut
3509 779 3825 849 quotidiana

2224 863 2426 933 jejunia
2457 870 2827 936 przetermisit,
2870 882 2964 926 aut
2990 871 3237 926 conditos
3263 873 3502 926 suaviter
3528 871 3697 936 cibos,
3738 869 3828 926 vel

2230 957 2373 1013 inter
2410 959 2652 1029 hOSpites
2690 961 3048 1027 manducavit,
3092 971 3186 1017 aut
3213 961 3603 1018 discumbendo
3630 961 3827 1016 saltem

2231 1051 2591 1119 requiescere,
2614 1061 2670 1107 et
2698 1054 2973 1109 resolvere
2998 1054 3228 1125 rigidum
3256 1055 3592 1126 propositum
3619 1054 3826 1121 voluit;

2229 1140 2325 1194 sed
2361 1157 2465 1196 una
2502 1151 2707 1198 tantum
2748 1145 3004 1199 vilissima
3035 1145 3237 1210 tunica,
3267 1145 3382 1201 sive
3423 1161 3521 1216 per
3559 1153 3828 1214 aestatem,

2230 1232 2344 1286 sive
2388 1248 2484 1302 per
2519 1232 2750 1288 hiemem
2787 1235 3056 1304 patienter
3078 1234 3315 1303 indutus,
3359 1236 3541 1290 orario
3580 1235 3824 1307 quidem,

2231 1321 2367 1375 sicut
2387 1338 2578 1378 omnes
2602 1324 2861 1396 episcopi,
2878 1341 3151 1396 nunquam
3173 1327 3441 1396 utebatur,
3456 1327 3682 1398 pelliceo
3703 1329 3792 1383 cin

2231 1413 2357 1482 gulo
2386 1422 2641 1484 tanquam
2671 1417 2968 1472 monachus
2995 1419 3250 1473 utebatur
3278 1421 3435 1491 (forte
3461 1419 3826 1488 cingebatur).

2231 1505 2320 1562 Sic
2349 1507 2528 1563 studio
2565 1508 2883 1564 humilitatis
2910 1510 3261 1566 ambitionem
3294 1513 3526 1566 vestium
3565 1511 3830 1581 fugiebat,

2231 1609 2291 1655 ut
2330 1616 2428 1656 nec
2473 1602 2586 1672 ipsa
2616 1597 2986 1658 calceamenta
3013 1605 3310 1675 suscipiens
3347 1605 3687 1667 clericorum.
3733 1615 3832 1660 aut

2233 1696 2307 1762 (e)
2353 1693 2556 1749 ultimis
2599 1695 2784 1764 caligis
2822 1696 2876 1749 in
2915 1703 3158 1766 tempore
3195 1696 3546 1760 hiemis,‘aut
3583 1695 3828 1765 caligulis

2231 1784 2286 1838 in
2308 1793 2554 1856 tempore
2575 1786 2781 1842 aestatis
2808 1795 3069 1842 uteretur.
3104 1787 3250 1842 Intra
3279 1789 3669 1844 monasterium
3697 1804 3832 1844 sane

533 1883 744 1941 ratione
770 1881 1046 1947 voluisset,
1081 1880 1134 1934 in
1177 1894 1272 1934 ore
1300 1878 1418 1948 ejus
1445 1878 1619 1932 omnis
1649 1878 1803 1932 turba
1831 1876 2121 1946 pendebat,
2153 1879 2203 1941 B
2230 1876 2499 1932 interdum
2527 1877 2704 1931 soleas
2731 1877 3051 1948 accipiebat,
3082 1878 3391 1948 frequenter
3419 1879 3573 1935 nudis
3601 1880 3829 1950 pedibus

533 1994 600 2034 ex
633 1977 903 2034 locutione
931 1974 1176 2028 familiari
1209 1971 1561 2028 considerans
1589 1970 1763 2040 qualis
1792 1977 1938 2024 esset
1964 1968 2126 2038 spiri-

533 2069 655 2124 talis
683 2067 924 2136 magistri
945 2065 1123 2120 futura
1151 2063 1416 2119 doctrina.
1443 2060 1672 2132 Propter
1691 2060 1837 2131 quod
1860 2076 1926 2115 ex
1953 2061 2130 2115 omni-

533 2157 633 2216 bus
661 2157 1089 2229 possessionibus
1115 2156 1418 2225 ubicunque
1441 2155 1718 2219 transibat,
1745 2153 1977 2224 populus
2005 2167 2132 2208 con-

534 2250 734 2306 ﬂuebat
761 2249 829 2303 ad
856 2247 1174 2312 favendum,
1208 2245 1472 2316 Ruspensi
1499 2243 1774 2311 Ecclesire,
1806 2253 2010 2313 quanto
2039 2259 2129 2299 se—

535 2343 667 2411 rius,
683 2349 834 2396 tanto
847 2341 1126 2396 meliorem
1141 2338 1461 2394 confitentes
1474 2338 1786 2408 provenisse
1796 2336 2124 2408 pontiﬁcem.

534 2431 803 2488 Diaconus
831 2447 994 2501 porro
1018 2428 1207 2484 videns
1234 2444 1344 2483 suae
1372 2427 1678 2482 ambitionis
1696 2427 1922 2481 Conatus
1950 2428 2130 2482 vanis-

535 2522 701 2578 simos
727 2521 1024 2587 defecisse,
1069 2517 1213 2588 quod
1244 2519 1416 2573 solum
1447 2532 1730 2574 remanere
1759 2515 1948 2572 delusa
1975 2525 2132 2587 pote—

537 2620 641 2675 rat,
669 2612 838 2675 saevit,
873 2610 945 2683 (c)
982 2619 1038 2665 et
1065 2609 1414 2664 traditoribus
1443 2607 1739 2663 innumeris
1767 2608 2127 2676 congregatis,

536 2703 776 2760 venienti
816 2703 924 2757 tilio
967 2703 1118 2772 pacis
1157 2701 1462 2755 scandalum
1502 2701 1664 2770 (sicut
1700 2715 1854 2755 sacer
1895 2689 2132 2769 loqtiitur

537 2795 777 2868 psalmus
801 2794 1040 2868 [cxxxrx,
1069 2791 1146 2864 6])
1171 2794 1328 2864 juxta
1354 2793 1590 2846 semitam
1610 2793 1772 2864 ponit.
1796 2792 1949 2846 Viam
1969 2793 2132 2862 igitur

538 2905 637 2960 per
664 2903 823 2959 quam
854 2885 1105 2941 veniebat
1129 2885 1227 2957 pei
1272 2899 1460 2940 servus
1486 2884 1689 2940 electus
1718 2883 1930 2940 obsedit
1956 2884 2130 2940 ambi-

537 2987 626 3033 tor
660 2977 906 3032 infestus.
949 2975 1058 3031 Sed
1095 2975 1292 3044 ubique
1325 2975 1657 3046 simplicibus
1693 2975 1943 3030 subvenit
1976 2975 2132 3030 Chri-

536 3079 670 3133 stus,
705 3083 804 3124 nec
827 3067 1072 3138 impediri
1094 3075 1273 3138 potest
1292 3066 1360 3120 ab
1381 3067 1597 3121 homine
1619 3065 1914 3121 sacerdotis
1935 3066 2132 3121 electio

538 3177 698 3233 quam
726 3177 835 3228 non
862 3158 1120 3230 przecedit
1149 3158 1391 3212 ambitio.
1415 3157 1609 3212 Nescio
1636 3171 1744 3226 quo
1766 3156 1938 3212 sancti
1960 3156 2134 3227 Spiri-

2233 1970 2559 2024 ambulabat.
2599 1969 2848 2024 Casulam
2876 1972 3199 2042 pretiosam,
3234 1974 3321 2028 vel
3349 1973 3563 2043 superbi
3591 1973 3824 2042 coloris,

2234 2076 2335 2116 nec
2363 2062 2477 2131 ipse
2506 2061 2710 2128 habuit,
2737 2077 2837 2117 nec
2856 2064 3151 2119 monachos
3179 2079 3306 2119 suos
3335 2065 3533 2120 habere
3562 2066 3826 2135 permisit.

2232 2151 2432 2207 Subtus
2462 2153 2700 2208 casulam
2725 2153 2930 2221 nigello
2957 2155 3043 2209 vel
3075 2155 3293 2210 lactinio
3317 2155 3384 2226 (f)
3406 2155 3570 2225 pallio
3594 2155 3829 2211 circum~

2232 2243 2390 2297 datus
2419 2243 2659 2298 incessit.
2685 2243 2912 2310 Quando
2933 2245 3224 2315 temperies
3246 2247 3387 2300 aeris
3413 2246 3690 2311 invitabat,
3709 2247 3829 2303 solo

2198 2371 2209 2382 .
2231 2335 2400 2406 pallio
2429 2336 2568 2391 intra
2589 2337 2977 2396 monasterium
3000 2345 3082 2393 est
3103 2347 3411 2409 coopertus.
3436 2339 3679 2410 Scapulis
3697 2355 3828 2395 vero

2234 2427 2392 2482 nudis
2420 2443 2693 2498 nunquam
2716 2443 2746 2482 a
2780 2428 2935 2484 nobis
2955 2429 3099 2484 visus
3121 2438 3220 2496 est,
3247 2445 3348 2485 nec
3372 2430 3620 2501 deposito
3648 2430 3828 2488 saltim

2233 2518 2446 2586 cingulo
2474 2534 2724 2574 somnum
2753 2519 2960 2590 petivit.
2991 2520 3115 2576 Suae
3143 2528 3323 2577 autem
3355 2521 3430 2593 (g)
3465 2522 3826 2587 continentiaz,

2233 2608 2346 2664 Deo
2377 2617 2536 2673 teste,
2567 2608 2817 2665 fiduciam
2842 2625 3058 2680 gerens,
3081 2611 3136 2665 in
3163 2626 3269 2680 qua
3298 2612 3476 2666 tunica
3505 2611 3827 2675 dormiebat,

2233 2701 2288 2756 in
2327 2701 2440 2771 ipsa
2469 2700 2839 2768 sacriﬁcabat;
2882 2710 2940 2757 et
2981 2711 3222 2772 tempore
3259 2702 3539 2771 sacriﬁcii,
3577 2701 3831 2760 mutanda

2234 2807 2353 2849 esse
2381 2793 2550 2849 corda
2569 2793 2751 2864 potius
2775 2809 2938 2864 quam
2967 2794 3286 2851 vestimenta
3316 2794 3543 2850 dicebat.

2306 2881 2400 2937 58.
2433 2881 2573 2940 Huic
2600 2884 2912 2940 beatissimo
2939 2885 3208 2942 sacerdoti
3227 2885 3408 2942 nullus
3428 2885 3715 2954 aliquando
3739 2902 3831 2943 ex-

2234 2973 2395 3028 torsit
2440 2973 2729 3042 cujuslibet
2773 2975 2989 3044 generis
3033 2991 3225 3031 cames
3271 2977 3547 3047 accipere,
3582 2976 3678 3032 sed
3717 2977 3834 3035 sola

2234 3064 2551 3135 simpliciter
2575 3066 2745 3130 olera,
2777 3067 3016 3137 ptisanas
3042 3075 3100 3122 et
3119 3083 3242 3133 ova,
3289 3069 3524 3148 quandiu
3551 3068 3650 3123 fuit
3668 3069 3834 3137 juve-
3899 3073 3908 3089 ‘

2198 3173 2200 3175 ’
2237 3157 2339 3223 nis,
2373 3158 2492 3213 sine
2522 3159 2675 3222 oleo;
2703 3168 2991 3228 postquam
3021 3175 3150 3216 vero
3176 3163 3372 3226 senuit,
3398 3153 3670 3232 superfuso
3699 3161 3824 3216 olea

539 3262 625 3308 tus
646 3252 986 3307 admonentis
1006 3251 1232 3320 imperio
1255 3265 1354 3319 per
1373 3249 1598 3303 alteram
1626 3250 1768 3303 viam
1788 3250 2019 3320 populus
2037 3251 2130 3320 qui
2157 3258 2205 3324 ο
2237 3247 2612 3311 manducavit;
2632 3247 2710 3318 (ἡ)
2743 3249 2848 3304 deo
2869 3250 3048 3305 oleum
3070 3267 3358 3320 persuasus
3379 3251 3638 3322 accipere,
3656 3267 3726 3306 ne
3744 3267 3825 3307 ca-

539 3343 879 3414 praecedebat
907 3341 1218 3405 ambulavit,
1261 3352 1317 3395 et
1352 3341 1572 3396 beatum
1609 3339 1968 3410 Fulgentium,
2009 3342 2136 3397 dum

539 3434 715 3489 adhuc
747 3433 917 3490 hostis
957 3431 1170 3487 sederet
1196 3433 1263 3486 in
1290 3432 1396 3497 via,
1441 3446 1602 3502 super
1636 3447 1789 3488 suam
1825 3434 2137 3489 cathedram

541 3524 847 3581 collocavit.
881 3523 1165 3578 Celebrata
1212 3531 1339 3578 sunt
1366 3525 1562 3579 eodem
1599 3524 1687 3580 die
1715 3526 1896 3581 divina
1935 3527 2135 3582 solem-

542 3615 684 3670 niter
710 3623 1068 3681 sacramenta,
1090 3623 1145 3670 et
1173 3613 1240 3669 de
1262 3614 1510 3671 manibus
1535 3616 1680 3671 beati
1700 3615 1966 3688 Fulgentii
1988 3633 2137 3674 com-

541 3707 821 3761 municans
845 3706 1021 3761 omnis
1051 3707 1279 3778 populus
1301 3707 1453 3762 laetus
1467 3707 1743 3764 abscessit.
1769 3709 1924 3776 Quod
1948 3721 2137 3782 postea

542 3797 800 3853 diaconus
849 3791 1100 3864 audiens,
1153 3797 1348 3854 divinae
1395 3800 1686 3868 voluntati,
1739 3796 1864 3858 licet
1913 3803 2134 3869 tardius,

541 3889 724 3946 cessit.
750 3889 903 3944 Hunc
929 3889 1072 3946 illico
1093 3885 1456 3946 revertentem
1478 3890 1538 3946 Β.
1552 3891 1865 3961 Fulgentius
1884 3895 2134 3966 benigne,

541 3981 826 4038 atlabiliter
867 3981 1270 4052 clementerque
1311 3984 1542 4053 excepit,
1575 3984 1649 4038 ita
1692 3992 1750 4039 ut
1785 4001 1908 4039 eum
1948 3995 2137 4056 postea

540 4075 916 4147 presbyterum
941 4074 1236 4130 ordinaret.
1267 4073 1374 4129 Sed
1401 4075 1660 4130 ultionem
1691 4075 1928 4132 debitam
1956 4076 2136 4133 divina

542 4167 746 4238 justitia
793 4166 1183 4222 demonstravit
1214 4168 1434 4222 omnino
1463 4167 1741 4223 velociter.
1777 4168 1992 4225 Etenim
2023 4171 2139 4241 ipse

543 4257 802 4314 diaconus
822 4258 934 4327 jam
958 4260 1240 4330 presbyter
1260 4259 1400 4313 intra
1428 4274 1625 4313 annum
1649 4271 1912 4328 mortuus,
1935 4272 1990 4318 et
2011 4278 2138 4333 pro-

544 4355 765 4404 curator
808 4348 858 4402 ei
903 4348 1250 4403 consentiens
1298 4349 1364 4402 ad
1413 4351 1690 4419 penuriam
1739 4361 1822 4406 est
1867 4354 2134 4410 redactus.

545 4435 818 4494 Dederunt
862 4438 1007 4492 enim
1055 4454 1242 4508 poenas
1293 4441 1603 4510 temporalis
1648 4443 1902 4511 audaciaa,
1943 4447 2138 4516 quibus

547 4538 738 4601 potens
767 4537 850 4585 est
877 4528 1019 4584 Deus
1047 4545 1350 4601 praeparare
1379 4531 1432 4586 in
1453 4532 1634 4588 futuro
1653 4536 1880 4603 gratiam
1906 4537 2138 4594 cmlestis

2233 3338 2350 3407 'ligo
2363 3339 2660 3408 praevalens
2673 3339 2951 3395 oculorum
2966 3342 3213 3397 lectionis
3225 3342 3511 3413 impediret
3519 3341 3772 3397 ofﬁcium.
3787 3344 3831 3399 A

2241 3427 2370 3483 vino
2399 3437 2578 3484 autem
2613 3445 2776 3486 sanus
2804 3446 3017 3502 semper
3043 3433 3316 3488 abstinuit.
3363 3433 3420 3488 Si
3459 3434 3676 3504 quando
3703 3449 3832 3491 vero

2241 3521 2601 3591 compellente
2630 3521 2954 3579 inﬁrmitatis
2990 3526 3309 3586 necessitate
3338 3527 3464 3582 vino
3505 3525 3718 3582 modico
3747 3527 3826 3582 uti

2241 3612 2552 3683 compulsus
2588 3620 2692 3680 est,
2737 3614 2992 3670 calicibus
3027 3616 3200 3687 plenis
3239 3631 3396 3686 aqua,
3439 3615 3834 3686 superfundens

2241 3705 2517 3776 quidpiam
2544 3706 2702 3774 meri,
2731 3721 2832 3770 nec
2861 3707 3072 3777 saporis
3099 3708 3233 3775 ejus,
3257 3721 3359 3762 nec
3386 3706 3567 3762 odoris
3589 3705 3834 3776 jocundi-

2241 3805 2353 3852 tate
2380 3796 2673 3853 fruebatur.
2705 3798 3010 3868 Antequam
3039 3798 3232 3866 vigilite
3265 3798 3642 3853 nuntiarentur
3666 3813 3697 3852 a
3726 3797 3833 3852 fra-

2242 3890 2432 3955 tribus,
2476 3890 2590 3960 ipse
2629 3904 2845 3960 semper
2891 3889 3056 3946 corde
3089 3899 3146 3944 et
3187 3905 3416 3960 corpore
3456 3889 3702 3959 vigilans,
3744 3895 3833 3943 aut

2241 3985 2450 4048 orabat,
2485 3991 2578 4038 aut
2605 3982 2836 4051 legebat,
2869 3990 2962 4037 aut
2991 3981 3248 4046 dictabat,
3280 3990 3373 4036 aut
3396 3982 3696 4051 cuicunque
3723 3982 3837 4053 spi-

2239 4075 2382 4130 ritali
2426 4074 2765 4129 meditationi
2811 4074 2959 4127 solus
3005 4074 3250 4139 vacabat,
3285 4074 3410 4144 quia
3450 4090 3509 4129 se
3551 4089 3648 4144 per
3691 4073 3836 4130 diem

2242 4167 2472 4221 filiorum
2498 4164 2750 4221 Ecclesiae
2770 4164 3180 4221 necessitatibus
3199 4167 3449 4236 occupari
3473 4165 3675 4235 jugiter
3693 4165 3834 4221 scie-

2241 4261 2351 4314 bat.
2385 4258 2465 4312 Ad
2495 4257 2731 4326 agendas
2752 4273 2874 4312 cum
2904 4258 3075 4313 servis
3094 4257 3190 4314 Dei
3209 4259 3419 4328 vigilias
3439 4259 3709 4315 interdum
3734 4260 3832 4315 de-

2243 4351 2550 4415 scendebat,
2566 4349 2660 4404 sed
2682 4350 2917 4420 privatas
2938 4349 3081 4420 apud
3103 4366 3162 4407 se
3188 4351 3412 4420 vigilias,
3428 4352 3618 4406 studiis
3639 4352 3834 4422 quibus

2243 4445 2370 4510 dixi,
2408 4444 2575 4498 multo
2605 4443 2924 4498 laudabilius
2953 4444 3259 4499 exercebat.

2407 4535 2589 4591 CAPUT
2619 4551 2729 4590 xu.
2761 4534 3033 4608 Nusquam
3064 4537 3202 4607 degit
3229 4538 3341 4590 sine
3368 4536 3653 4590 monachis.

547 4621 908 4690 indulgentize.
953 4621 1062 4678 Nos
1100 4623 1240 4677 istud
1271 4633 1557 4696 propterea
1587 4628 1671 4684 vel
1709 4644 2138 4689 commemoran-
2163 4637 2216 4698 D
2313 4629 2402 4683 59.
2446 4627 2504 4681 ιιι
2535 4627 2682 4682 nullo
2735 4635 2916 4683 autem
2959 4627 3080 4682 1000
3109 4627 3254 4681 Visus
3282 4635 3365 4680 εει
3397 4627 3512 4680 Sine
3553 4623 3838 4681 “100301115

547 4715 673 4769 dum
692 4716 1018 4785 putavimus,
1035 4723 1097 4771 ut
1112 4717 1519 4786 ostenderemus
1537 4721 1662 4777 hinc
1683 4725 1841 4780 beato
1856 4726 2137 4795 Fulgentio

548 4805 808 4877 majorem
849 4808 1081 4864 crevisse
1123 4808 1265 4864 circa
1307 4811 1545 4880 singulos
1582 4816 1979 4885 auctoritatem,
2009 4818 2138 4873 dum

548 4906 938 4966 cognoscerent
967 4899 1020 4954 in
1061 4901 1177 4956 istis
1214 4902 1461 4972 vigilasse
1500 4905 1733 4961 divinam
1772 4911 2137 4967 severitatem.

549 4991 926 5069 CAPUT__xvt_tl.
969 4993 1217 5069 Honores
1241 4997 1516 5069 Futgentio
1558 5018 1660 5055 non
1704 5012 1903 5058 mutant
1951 5022 2136 5060 mores.

741 5063 966 5118 Vestitus
995 5065 1126 5136 ejus.
1159 5063 1427 5123 [Carnitius
1455 5083 1695 5142 perpetuo
1721 5073 1960 5130 abstinet.

620 5156 711 5211 57.
727 5156 976 5227 Suscepit
990 5158 1202 5214 interim
1218 5160 1408 5218 beatus
1421 5163 1731 5234 Fulgentius
1746 5170 2134 5240 episcopatum,

552 5250 669 5306 sine
701 5250 879 5320 aliqua
909 5252 1232 5318 ambitione,
1265 5272 1386 5310 cum
1415 5259 1650 5315 maxima
1683 5261 1990 5329 devotione,
2024 5281 2140 5320 ma-

551 5349 717 5396 nente
731 5343 784 5396 in
807 5345 1295 5403 contradictoribus
1308 5348 1489 5404 divina
1505 5351 1728 5408 ultione.
1747 5354 1860 5412 Nec
1878 5358 1950 5410 ita
1971 5356 2142 5414 factus

553 5446 639 5490 est
678 5434 990 5506 episcopus,
1043 5446 1101 5494 ut
1146 5455 1266 5494 esse
1315 5439 1599 5498 desisteret
1667 5449 1992 5514 monachus;
2043 5449 2138 5506 sed

629 5546 706 5619 (a)
735 5547 791 5602 In
823 5549 972 5616 Ant.,
1002 5559 1050 5631 et
1073 5553 1280 5608 vicinis.
1298 5593 1311 5607 .
1333 5592 1348 5607 .
1379 5555 1589 5609 licentia
1617 5556 1793 5623 datur,
1819 5558 2139 5631 desuntque,

559 5617 693 5681 inec,
723 5635 782 5672 eo
809 5629 1085 5675 annuente.

627 5688 703 5820 (ὁζ
725 5688 847 5755 Ms.,
867 5689 1039 5745 Nimis
1057 5701 1225 5749 autem
1240 5696 1572 5765 gravissimus
1591 5699 1668 5752 vir
1687 5700 1893 5770 sapiens
1912 5710 2136 5773 aspectu.

629 5768 676 5820 lc
732 5759 789 5812 In
817 5776 942 5820 ms..
974 5764 1118 5816 swvit
1145 5773 1193 5817 et
1218 5766 1413 5820 tardus.
1449 5767 1744 5820 Ittmtmeris
1771 5771 1988 5820 άεηὶηηε
2014 5789 2136 5820 mn-

629 5759 699 5829 (c)
725 5759 789 5844 in
817 5776 942 5842 ms.,
974 5764 1122 5844 struit
1145 5773 1193 5817 et
1218 5759 1413 5844 tardus.
1449 5759 1988 5844 [autumet-isdemque
2014 5789 2140 5828 con-

557 5830 780 5902 gregatis
801 5832 1021 5912 uenienti
1044 5833 1155 5903 ﬁlio
1176 5837 1337 5908 pacis,
1365 5846 1468 5895 etc.
1498 5839 1646 5909 Ant.,
1669 5830 1953 5901 innumeris
1969 5846 2031 5900 de
2046 5846 2139 5900 viis

559 5909 898 5973 congreaatis.

2244 4721 2517 4776 habitare:
2542 4729 2763 4791 propter
2781 4720 2927 4789 quod
2949 4736 2979 4773 a
3000 4718 3206 4774 civibus
3227 4717 3707 4788 Rnspensibushoc
3721 4718 3839 4788 pri-

2244 4827 2390 4866 mum
2419 4811 2734 4868 beneficium
2764 4811 3042 4865 ordinatus
3078 4810 3363 4880 episcopus
3405 4809 3728 4878 postulavit,
3773 4816 3840 4864 ut

2246 4903 2554 4958 fabricando
2583 4903 2915 4958 monasterio
2943 4902 3121 4955 locum
3136 4915 3431 4969 congruutn
3455 4899 3664 4954 darent.
3681 4899 3839 4956 Tunc

2248 5010 2313 5048 ex
2329 4993 2570 5063 pluribus
2585 4988 2790 5049 civibus
2807 4993 3025 5048 obedire
3037 4991 3431 5059 festinantibus,
3443 4991 3647 5061 optimo
3659 5005 3839 5046 sacer-

2249 5085 2361 5140 doti
2381 5087 2598 5156 quidam
2624 5086 2842 5158 nomine
2870 5083 3308 5148 Posthumianus,
3328 5083 3838 5150 Christianissimus,

2248 5188 2304 5234 et
2319 5180 2593 5234 intersuos
2617 5177 3146 5243 nobilissimus’civis,
3166 5178 3394 5247 agellum
3417 5178 3692 5248 proprium
3706 5175 3840 5232 fide.

2243 5271 2366 5325 liter
2380 5271 2592 5335 obtulit,
2611 5285 2715 5325 non
2733 5270 2891 5338 longe
2912 5270 2979 5323 ab
2991 5269 3218 5324 ecclesia
3240 5269 3613 5325 constitutum:
3640 5269 3729 5323 ubi
3755 5268 3840 5339 pi-
3905 5267 3916 5279 '

2244 5360 2327 5414 nis
2356 5361 2696 5428 surgentibus
2717 5360 2769 5414 in
2799 5360 3098 5425 excelsum,
3123 5360 3353 5431 speciosi
3376 5360 3611 5415 nemoris
3630 5361 3839 5418 virebat

2246 5453 2552 5509 amoenitas.
2581 5451 2808 5522 Excepit
2825 5451 3017 5508 beatus
3044 5451 3359 5520 Fulgentius
3381 5451 3731 5507 libentissime
3752 5452 3839 5508 lo-

2321 5563 2398 5634 (d)
2430 5563 2550 5634 Ms.,
2575 5564 2890 5634 integritate.

2284 5633 2500 5717 "(eilta
2529 5633 2748 5690 codices
2776 5635 2962 5690 nostri.
2988 5635 3087 5690 Alii
3111 5635 3329 5705 quidam
3358 5649 3390 5689 a
3411 5633 3590 5692 Cbifll.
3615 5633 3838 5704 laudati,

2247 5705 2528 5759 vilissimis.

2320 5778 2386 5846 (ι)
2413 5774 2537 5842 Ms,
2569 5775 2782 5832 lactinio
2807 5777 3021 5846 pallido.
3054 5777 3216 5833 Forte
3235 5794 3344 5833 non
3372 5779 3531 5834 male.

2321 5848 2394 5916 (Ω)
2429 5846 2577 5916 Am,
2609 5847 2953 5902 conscientiw.

2269 6002 2275 6008 Ι
2326 5915 2404 5988 (tu)
2433 5915 2637 5988 Chim.,
2666 5917 2781 5974 ideo
2806 5918 2918 5974 ntus
2947 5935 3128 5975 suasus
3154 5921 3318 5980 oleum
3344 5920 3593 5995 accipere.
