4124 6472
229 333 344 398 157

1629 284 2153 407 mommsens.

3426 334 3536 400 158

224 469 388 523 cum,
416 450 568 524 cujus
614 452 780 510 etiam
824 450 971 526 ligna
1019 453 1322 511 necessaria
1368 452 1561 511 futurae
1614 454 1831 511 fabrica:
1858 461 1908 519 Α
1937 470 2039 510 nec
2057 456 2411 524 praesumeret
2440 451 2642 525 aliquid
2675 460 3000 525 extorquere
3038 450 3364 509 nolentibus.
3405 450 3540 511 Post

222 544 620 616 conspiciebat,
656 545 1008 617 protinusque
1035 546 1253 601 beatum
1301 545 1552 602 abbatem
1590 545 1827 601 Felicem

224 638 411 694 venire
437 637 681 694 velocius
717 638 1015 710 persuasit,
1061 655 1183 695 cum
1222 640 1455 694 maxima
1492 653 1633 711 pene
1661 639 1827 695 totius

175 717 197 726 ”
230 730 664 799 congregationis
711 731 1075 802 multitudine,
1117 731 1219 788 nisi
1272 731 1417 802 quod
1472 732 1828 803 paucissimos

233 822 419 878 fratres
447 822 505 878 in
531 822 625 880 illo
654 825 983 881 monasterio
1026 824 1349 897 dereliquit,
1380 824 1573 895 quibus
1600 840 1766 881 unum
1794 840 1827 880 e

232 914 480 970 fratribus
534 916 753 972 nomine
785 917 1013 973 Vitalem
1038 918 1330 989 praeposuit
1354 935 1368 971 :
1395 917 1487 972 tali
1517 916 1594 991 (a)
1624 917 1826 974 carita-

228 1006 289 1060 tis
327 1006 454 1076 lege
498 1008 827 1064 monasteria
876 1016 1107 1079 utraque
1150 1008 1469 1079 pracipiens
1512 1009 1716 1076 vivere,
1766 1014 1837 1061 ut'

218 1100 371 1168 quasi
402 1114 518 1155 non
559 1099 786 1156 fuissent
831 1101 968 1157 locis
1002 1101 1204 1168 divisa,
1243 1101 1322 1157 sic
1348 1109 1529 1157 essent
1557 1099 1827 1156 unanimi-

179 1250 191 1285 s
216 1200 326 1248 tate
352 1192 670 1263 coniuncta.
705 1193 763 1248 Si
794 1209 933 1264 quos
956 1202 1140 1248 autem
1170 1209 1343 1249 novos
1383 1194 1694 1259 monachos,
1739 1190 1826 1247 vel

214 1281 265 1337 in
293 1284 440 1351 isto,
471 1285 560 1340 vel
604 1285 660 1340 in
699 1286 791 1341 illo
828 1287 1160 1342 monasterio
1201 1286 1447 1342 Christus
1495 1286 1820 1356 acquireret,

212 1386 434 1447 tempus
466 1379 606 1434 inter
647 1395 707 1434 se
735 1382 1106 1437 conversionis
1134 1380 1490 1450 ordinemque
1517 1390 1817 1436 servarent.

209 1463 279 1521 Et
326 1471 374 1522 si
403 1468 625 1538 quando
671 1469 738 1524 ad
787 1486 846 1526 se
892 1464 1155 1527 videndos
1195 1472 1505 1542 iubentibus
1559 1472 1823 1527 duntaxat

208 1557 491 1628 prioribus
518 1559 797 1627 venirent,
831 1575 940 1616 non
970 1571 1029 1616 ut
1057 1562 1298 1632 hospites
1318 1603 1334 1627 ,
1366 1561 1462 1617 sed
1482 1562 1636 1631 quasi
1662 1562 1823 1616 unius

209 1649 658 1719 congregationis
705 1652 955 1708 homines
999 1653 1442 1724 susciperentur;
1485 1653 1633 1707 beati
1688 1666 1822 1709 vero

209 1733 490 1805 Fulgentii
518 1740 760 1811 episcopi
790 1742 1191 1811 provisionibus
1220 1742 1580 1799 communiter
1618 1742 1821 1812 guber-

1935 545 2340 602 deliberationis
2366 553 2547 600 autem
2568 545 2911 614 longissimas
2932 559 3132 611 moras,
3165 542 3428 614 quidquid
3448 545 3541 600 de-

1933 637 2105 692 finitio
2130 637 2432 692 communis
2469 637 2781 703 invenerat,
2827 637 3144 707 eloquenter
3199 636 3542 704 allcgandum

1932 726 2183 782 sensibus
2209 733 2528 782 cmlerorum
2553 769 2566 794 ,
2610 727 2771 782 beato
2817 726 3102 795 Fulgentio
3144 726 3537 781 dimittebatur.

1933 817 2072 875 Huic
2114 819 2280 874 etiam
2322 820 2751 891 quandocunquc
2800 820 3174 876 transmarinis
3222 820 3418 875 litteris
3472 819 3543 875 de

1932 908 2066 977 fide,
2116 910 2202 965 vel
2246 910 2315 965 de
2359 911 2586 966 diversis
2628 913 3018 980 qumstionibus
3067 913 3543 982 interrogabantur

1931 1004 2192 1076 episcopi,
2223 1005 2558 1075 respondere
2588 1022 2686 1076 pro
2710 1006 2959 1061 omnibus
2982 1007 3049 1061 ab
3080 1006 3330 1060 omnibus
3358 1005 3539 1074 impo-

1929 1097 2181 1152 nebatur.
2213 1095 2293 1150 Ita
2314 1097 2453 1152 sicut
2473 1107 2673 1153 sancta:
2713 1099 2988 1153 memoria:
3029 1097 3280 1152 Aurelius
3308 1096 3542 1151 Cartha-
3584 1100 3591 1111 '

1930 1191 2167 1259 ginensis
2194 1189 2450 1246 Ecclesiae
2471 1192 2696 1246 antistes
2725 1193 2866 1247 inter
2899 1208 2994 1247 sua
3028 1192 3309 1262 privilegia
3342 1190 3544 1245 meruit

1931 1291 1994 1338 ut
2030 1284 2240 1339 litteras
2285 1300 2353 1339 ex
2383 1282 2635 1339 Africano
2689 1286 2920 1340 concilio
2977 1284 3179 1339 dandas
3229 1284 3345 1353 ipse
3393 1281 3544 1336 solus

1931 1377 2221 1443 scriberet;
2252 1378 2331 1433 sic
2351 1378 2453 1433 iste
2473 1387 2746 1433 meruerat
2768 1388 2827 1433 ut
2850 1379 3057 1433 litteras
3079 1393 3146 1433 ex
3176 1377 3271 1433 illo
3310 1375 3544 1433 concilio

1930 1470 2242 1538 dirigendas
2271 1471 2420 1525 solus
2463 1471 2579 1541 ipse
2628 1470 2881 1527 dictaret.
2932 1471 3228 1539 Sexaginta
3258 1470 3458 1541 quippe
3488 1476 3544 1521 et

1931 1579 1999 1619 eo
2028 1565 2257 1636 amplius
2280 1565 2565 1636 episcopos
2595 1574 2725 1620 tunc
2753 1573 2945 1621 catena
2969 1565 3172 1635 ligabat
3197 1563 3545 1630 cxsilii,quo-

1929 1669 2052 1709 rum
2082 1655 2263 1725 lingua
2304 1665 2362 1711 et
2390 1657 2665 1725 ingenium
2694 1656 2887 1712 beatus
2911 1653 3226 1724 Fulgentius
3256 1653 3544 1722 episcopus

1928 1746 2047 1803 fuit.
2081 1747 2379 1819 Propterea
2399 1750 2838 1819 quandocunque
2867 1747 3234 1804 rescribebant
3256 1737 3544 1802 consulen-

211 1829 363 1897 Μῑίν
396 1840 605 1902 Pal-rem
646 1833 946 1903 spiritalem
992 1834 1223 1905 simplici
1266 1841 1656 1889 venerarentur
1693 1833 1825 1889 aﬂ'e-
1851 1844 1900 1907 Β
1932 1840 2094 1906 tibus,
2127 1841 2508 1911 episcoporum
2535 1848 2854 1896 cunctorum
2884 1838 3103 1894 nomina
3139 1836 3458 1892 dicebantur
3486 1835 3542 1891 in

207 1918 342 1973 ctu‘:
370 1922 456 1976 sic
475 1921 636 1978 beato
670 1922 959 1992 Fulgentio
986 1924 1197 1993 singula
1226 1923 1549 1995 disponente
1566 1966 1582 1992 ,
1607 1939 1676 1980 ne
1702 1939 1828 1980 sus-

212 2019 372 2083 cepta
406 2014 770 2083 regendorum
810 2015 1024 2072 sarcina
1064 2016 1387 2072 clericorum
1434 2012 1528 2087 (b)
1577 2016 1826 2072 consola-

208 2100 421 2159 tionem
446 2105 700 2176 perderet
719 2107 1131 2162 monachorum.

211 2188 395 2252 Carur
434 2213 528 2270 xx.
560 2195 899 2270 Protruditur
933 2199 989 2252 in
1024 2198 1288 2270 exsilium.
1339 2197 1473 2270 Ejus
1515 2200 1826 2254 sententiam

275 2268 473 2335 quanti
501 2269 714 2342 fecerint
749 2271 998 2342 episcopi.
1032 2267 1263 2342 Nomiiga
1290 2267 1523 2325 omnium
1554 2270 1825 2342 episc0po-

274 2354 404 2412 111m
450 2338 1158 2412 reddituresponsa'litteris.
1204 2340 1457 2412 Efﬁcacia
1510 2338 1825 2411 scriptorum

272 2405 577 2480 Fulgentii.
605 2407 663 2462 Μ
666 2405 855 2465 οηὰοιιὶ
876 2419 927 2465 et
945 2411 1117 2466 clerici
1139 2405 1297 2466 simil
1323 2412 1535 2484 degunt.

274 2495 377 2555 40‘.
412 2501 625 2557 Interea
660 2512 889 2573 repente
921 2502 1223 2573 diriguntur
1263 2505 1498 2560 ministri
1519 2504 1715 2575 regalis
1734 2503 1823 2559 fu-

210 2595 397 2662 roris,
428 2603 490 2650 ut
521 2595 772 2651 detentus
808 2597 973 2652 etiam
1010 2597 1127 2669 ipse
1159 2613 1284 2654 cum
1312 2599 1521 2655 caeteris
1568 2598 1622 2653 in
1672 2598 1822 2653 exsi-

202 2683 352 2740 lium
382 2684 689 2741 Sardiniam
716 2686 996 2744 confessor
1022 2688 1222 2746 Christi
1252 2690 1454 2746 nobilis
1490 2690 1813 2746 truderetur.

206 2774 504 2830 Abductus
553 2790 683 2846 ergo
735 2778 1027 2848 velociter,
1079 2780 1207 2837 licet
1263 2781 1475 2838 doleret
1520 2782 1820 2838 Ecclesiam

203 2881 376 2923 suam
397 2867 558 2924 nullis
579 2868 757 2926 adhuc
780 2870 1120 2942 eloquiorum
1146 2889 1367 2930 suorum
1387 2875 1610 2931 monitis
1638 2875 1822 2931 erudi-

203 2965 348 3024 tam,
376 2975 863 3033 remansuramque
889 2964 1136 3034 protinus
1163 2963 1470 3023 destitutam
1488 3008 1502 3033 ,
1542 2967 1822 3038 sapienter

205 3057 403 3107 tamen
430 3053 703 3109 tristitiam
737 3053 933 3125 gaudio
966 3057 1170 3127 majore
1202 3058 1483 3125 vincebat,
1515 3059 1661 3129 quod
1702 3067 1817 3115 tam

208 3142 464 3212 gloriosae
510 3145 864 3203 confessionis
900 3163 1019 3204 esse
1058 3150 1329 3222 particeps
1376 3151 1685 3208 inchoabat.
1709 3150 1819 3207 Co-
1850 3206 1855 3219 ,

1929 1933 2108 1997 titulo,
2140 1934 2235 1988 sed
2264 1934 2433 1989 solius
2461 1933 2610 1989 beati
2648 1931 2918 2001 Fulgentii
2957 1945 3137 1986 sermo
3167 1928 3456 1984 tenebatur
3482 1926 3541 1981 in

1927 2026 2089 2096 stylo.

1999 2115 2088 2170 42.
2118 2115 2322 2172 Praeter
2342 2117 2474 2172 istas
2501 2131 2719 2188 quoque
2740 2116 2940 2186 publici
2966 2122 3229 2170 tractatus
3256 2108 3536 2184 epistolas,

1925 2210 1974 2265 si
1999 2210 2120 2279 quis
2145 2208 2285 2265 forte
2304 2225 2375 2265 ex
2399 2210 2530 2279 ipsis
2559 2208 2829 2280 episcopis
2857 2208 3137 2263 absentem
3158 2204 3372 2277 plebem
3383 2218 3537 2260 suam

1924 2300 2198 2369 corrigere
2224 2300 2312 2356 vel
2351 2316 2578 2356 monere
2614 2300 2880 2355 voluisset
2900 2340 2915 2366 ,
2947 2298 3017 2355 ad
3041 2298 3262 2354 beatum
3298 2295 3537 2367 Fulgen-

1926 2391 2059 2445 tium
2085 2390 2402 2461 suppliciter
2436 2390 2760 2459 accedebat,
2791 2398 2848 2444 et
2892 2405 2993 2460 per
3037 2387 3397 2443 ministerium
3427 2385 3535 2440 lin-

1925 2496 2043 2552 guae
2072 2484 2190 2554 ejus
2218 2484 2457 2541 ollicium
2485 2499 2597 2540 suae
2617 2482 3039 2554 dispensationis
3068 2481 3347 2553 implebat.
3365 2479 3411 2536 Ο
3429 2478 3536 2535 mi-

1923 2577 2151 2632 rabilem
2178 2577 2351 2633 virum
2380 2593 2489 2633 non
2543 2577 2647 2633 sibi
2696 2576 2818 2643 soli,
2872 2574 2970 2632 sed
3015 2574 3270 2631 omnibus
3313 2571 3534 2629 natum!

1923 2667 2050 2724 Sola
2071 2684 2194 2724 eum
2225 2669 2525 2740 Ruspensis
2544 2667 2788 2724 Ecclesia
2825 2666 3108 2723 doctorem
3137 2670 3412 2722 memerat
3431 2706 3448 2733 ,
3480 2669 3539 2719 et

1923 2775 2050 2831 pars
2072 2762 2310 2815 maxima
2333 2760 2549 2818 concilii
2572 2759 2846 2832 Byzaceni
2873 2758 2941 2815 de
2974 2758 3146 2830 ipsius
3172 2770 3427 2814 sermone
3451 2754 3538 2812 vi-

1921 2852 2103 2907 vebat.
2135 2852 2453 2923 Quicunque
2496 2853 2553 2907 in
2596 2852 2840 2921 qualibet
2884 2851 3236 2909 sacerdotum
3273 2848 3536 2908 exsulan-

1922 2945 2056 2999 tium
2085 2944 2245 3014 plebe
2274 2944 2521 2999 tentabat
2548 2944 2825 3013 inquietus
2870 2945 3125 3011 existere,
3171 2944 3262 3000 vel
3291 2939 3541 3015 episcopi

1920 3036 2125 3107 proprii
2151 3035 2302 3104 jussa
2343 3043 2713 3101 contemnere,
2763 3035 2927 3091 beato
2960 3035 3249 3106 Fulgentio
3292 3034 3537 3092 dictante

1920 3129 1999 3185 sic
2019 3129 2418 3199 corripiebatur
2443 3128 2662 3198 absens,
2693 3136 2755 3184 ut
2800 3127 3188 3185 satisfactionis
3229 3124 3538 3185 remedium

210 3235 532 3294 mitantibus
557 3252 689 3309 ergo
714 3241 993 3296 monachis
1020 3242 1180 3300 simul
1207 3221 1519 3312 eticlericis,
1560 3245 1819 3314 magister

1922 3236 2190 3292 quaerens,
2226 3222 2512 3291 enavigato
2550 3222 2689 3277 mari
2717 3222 2977 3278 continuo
3006 3221 3164 3277 fieret
3187 3235 3449 3292 praesens,
3478 3228 3538 3279 et

211 3332 458 3402 egregius
501 3333 781 3405 utriusque
834 3334 1189 3407 professionis
1218 3338 1331 3394 exit
1358 3337 1613 3395 ﬂentibus
1641 3339 1820 3395 omni-

212 3421 306 3479 bus
329 3426 485 3483 laicis
514 3427 583 3483 de
608 3427 864 3484 cathedra
884 3430 1109 3486 honoris
1138 3431 1208 3488 ad
1245 3431 1426 3488 locum
1462 3432 1608 3488 beati
1638 3441 1818 3488 certa—

213 3516 395 3585 minis,
422 3527 649 3588 paratus
679 3518 838 3575 fidem
866 3521 1191 3578 catholicam
1238 3531 1420 3580 mente
1448 3523 1648 3591 libera,
1680 3539 1818 3593 voce

215 3603 356 3676 forti,
387 3626 575 3665 coram
595 3611 813 3680 regibus
839 3619 896 3667 et
917 3612 1278 3683 potestatibus
1306 3612 1573 3670 confiteri.
1619 3613 1818 3670 Susce-

218 3696 295 3765 pit
316 3713 443 3754 eum
460 3700 730 3772 Carthago
750 3703 1077 3770 venientem,
1104 3703 1444 3775 fructumque
1473 3706 1679 3762 notitiae
1699 3707 1816 3777 ejus

219 3785 271 3843 in
298 3793 482 3861 paucis
511 3795 583 3868 (ε)
612 3793 804 3850 diebus
833 3793 1068 3850 fideliter
1114 3803 1357 3865 gustans,
1401 3799 1571 3853 multa
1621 3798 1818 3854 obtulit

215 3893 460 3949 munera,
482 3899 604 3954 qua
623 3885 816 3941 beatus
843 3883 1157 3955 Fulgentius
1184 3889 1517 3944 monasterio
1564 3889 1640 3943 illi
1670 3889 1817 3959 quod

214 3967 464 4030 fabricari
502 3974 850 4045 delegaverat
881 3976 1164 4049 profutura
1197 3978 1491 4034 mandavit.
1527 3978 1646 4051 Ipse
1684 3997 1816 4037 vero

213 4065 377 4121 navim
436 4066 699 4124 crucifixo
741 4068 907 4125 corde
943 4076 999 4126 et
1037 4085 1272 4142 corpore
1312 4070 1488 4127 nudus
1534 4072 1772 4127 ascendit
1796 4114 1813 4135 ,

116 4178 126 4193 ο
217 4149 406 4215 habens
453 4174 637 4216 secum
684 4160 943 4231 plurimas
983 4161 1200 4219 divitias
1227 4162 1470 4241 scientia:
1505 4164 1812 4234 singularis,

214 4249 392 4317 quibus
425 4268 641 4322 omnes,
663 4254 971 4327 ubicunque
998 4256 1269 4324 veniebat,
1297 4255 1640 4314 indeficiente
1662 4257 1816 4327 largi-

214 4348 314 4401 tate
339 4347 629 4420 pascebat.

272 4433 357 4494 tl.
387 4439 549 4495 Inter
566 4439 707 4497 alios
727 4444 859 4498 sa'ne
884 4442 1173 4513 episcopos
1193 4457 1314 4498 cum
1339 4442 1535 4514 quibus
1563 4442 1813 4499 exsilium

216 4536 495 4586 commune
523 4539 869 4602 susceperat,
898 4538 1147 4603 tempore
1185 4532 1542 4590 ordinationis
1582 4541 1701 4590 erat
1725 4535 1810 4590 ina

1923 3327 2021 3383 per
2050 3311 2226 3381 ipsum
2271 3313 2491 3368 beatum
2530 3311 2876 3382 Fulgentium
2899 3352 2914 3378 ,
2966 3311 3119 3381 cujus
3164 3311 3536 3383 eloquentiam

1920 3415 2168 3463 senserat
2186 3406 2722 3473 excommunicatus,
2769 3407 3091 3479 impetraret
3125 3407 3341 3463 veniam
3383 3406 3533 3463 salu-

1920 3499 2092 3554 briter
2110 3498 2443 3554 hmniliatus.
2475 3498 2595 3569 Ipse
2614 3512 2851 3570 namque
2868 3498 3062 3554 beatus
3083 3497 3399 3569 Fulgentius
3413 3506 3535 3555 erat

1883 3591 2088 3660 ~ultor,
2110 3590 2226 3660 ipse
2256 3591 2626 3647 intercessor:
2649 3605 2775 3646 cum
2806 3590 3015 3661 collega
3058 3590 3236 3658 ultor,
3288 3606 3389 3663 pro
3429 3590 3534 3647 mi-

1920 3682 2095 3737 nistro
2124 3681 2471 3737 intercessor.
2491 3680 2587 3742 ,Ab
2615 3680 2734 3752 ipso
2761 3680 3098 3752 procedebat
3123 3681 3353 3751 gladius,
3386 3679 3533 3737 unde

1919 3774 2276 3844 superborum
2305 3773 2486 3830 cervix
2526 3772 2664 3828 dura
2717 3771 3051 3840 cederetur;
3103 3780 3160 3828 et
3207 3788 3306 3843 per
3352 3773 3536 3844 ipsum

1919 3880 2108 3920 rursus
2163 3864 2556 3920 benevolentia:
2597 3862 2867 3919 medicina
2917 3863 3260 3936 praebebatur
3281 3904 3298 3932 ,
3355 3863 3533 3920 donec

1920 3953 2223 4025 supplicum
2249 3953 2476 4009 fratrum
2502 3953 2916 4023 pusillanimitas
2938 3960 3242 4010 sanaretur.

1993 4069 2083 4124 45.
2108 4068 2254 4125 Inter
2282 4070 2399 4141 ipsa
2425 4069 2588 4140 plane
2608 4068 2904 4140 primordia
2933 4067 3157 4138 gloriosi
3185 4068 3380 4135 exsilii,
3408 4083 3530 4124 mo-

1920 4163 2216 4219 nasterium
2244 4175 2596 4231 congregare,
2645 4177 2848 4234 paucos
2875 4176 3063 4220 secum
3091 4161 3293 4221 ducens
3332 4176 3529 4220 mona-

1921 4258 2055 4312 chos
2083 4255 2305 4311 minime
2331 4256 2510 4327 potuit
2542 4274 2555 4309 :
2587 4254 2708 4311 sine
2733 4252 2975 4311 fraterna
3001 4263 3184 4312 tamen
3225 4268 3529 4326 congrega-

1919 4350 2068 4405 tione
2088 4348 2257 4404 vitam
2278 4347 2478 4405 ducere
2498 4348 2766 4416 nesciens,
2799 4349 3155 4421 coepiscopos
3194 4364 3344 4417 suos,
3378 4347 3532 4405 [llus-

1917 4452 2057 4500 trem
2085 4443 2294 4499 scilicet
2319 4450 2377 4499 et
2401 4442 2737 4509 Ianuarium,
2768 4442 3017 4499 habitare
3043 4458 3231 4500 secum
3258 4442 3531 4515 persuasit

1917 4534 2182 4591 volentes.
2216 4532 2423 4601 Quibus
2448 4535 2610 4591 unico
2639 4534 2883 4591 serviens
2910 4535 3155 4592 caritatis
3191 4534 3420 4606 affectu,
3449 4534 3529 4590 si-

214 4610 380 4686 Ierior,
417 4618 519 4675 sed
540 4618 814 4690 patientia:
841 4629 897 4676 et
924 4621 1167 4677 caritatis
1198 4622 1399 4678 virtute
1428 4639 1537 4679 non
1567 4622 1806 4679 inferior.
1839 4604 1897 4668 Ῑ)
1918 4625 2277 4682 militudinem
2298 4626 2479 4695 magni
2508 4625 2791 4696 cujusdam
2819 4627 3138 4683 monasterii
3164 4604 3447 4684 monachis
3471 4632 3531 4683 et

215 4698 263 4757 In
288 4709 455 4765 rebus
503 4710 648 4765 enim
685 4710 889 4778 dubiis,
922 4712 1016 4767 ubi
1061 4729 1221 4784 quam
1255 4716 1492 4770 maxime
1520 4716 1807 4772 consilium

219 4800 520 4867 petebatur,
556 4801 603 4857 si
648 4802 866 4873 quando
890 4803 1033 4860 inter
1053 4820 1112 4860 se
1139 4804 1483 4862 confessores
1508 4807 1808 4865 beatissimi

215 4882 273 4940 de
298 4893 575 4948 communi
599 4893 832 4950 utilitate
869 4894 1205 4963 tractabant,
1235 4894 1455 4952 ultimus
1482 4897 1699 4967 quidem
1722 4916 1810 4955 se-

216 4970 393 5050 debat;
451 4994 823 5042 verumtamen
871 4986 1041 5057 ipsius
1089 4987 1414 5042 sententiam
1462 4988 1666 5059 primas
1720 4990 1809 5046 vel

216 5080 390 5130 omnes
420 5077 512 5148 qui
543 5078 828 5148 primatem
872 5077 1239 5149 sequebantur
1284 5079 1471 5157 audire
1516 5088 1573 5136 et
1626 5079 1808 5139 facere

219 5162 529 5243 cupiebant,
571 5171 817 5239 quamvis
864 5171 975 5237 ille,
1024 5170 1158 5226 nihil
1186 5187 1284 5243 per
1328 5172 1544 5227 inanem
1582 5173 1852 5243 gloriam‘

218 5242 635 5328 sibi'vindicans,
656 5260 896 5318 deferret
922 5242 1203 5320 honoremﬁ
1217 5279 1513 5335 congruum
1538 5242 1811 5336 prioribus

221 5343 336 5400 suis.
364 5351 442 5421 (ά)
464 5350 554 5407 Sic
604 5354 746 5408 enim
786 5356 1079 5424 cogebatur
1101 5356 1432 5428 respondere
1473 5357 1807 5415 consulenti-

221 5427 330 5505 bus,
356 5450 417 5495 ut
466 5452 686 5514 paratus
736 5454 881 5502 esset
919 5463 1136 5520 semper
1180 5427 1401 5505 obedire
1450 5448 1765 5519 iubentibus
1787 5492 1805 5520 ,

285 5553 357 5635 (ᾳ)
386 5560 534 5635 μή.)
560 5560 839 5635 [clipei-0,
870 5562 925 5617 in
955 5579 1148 5635 marg.,
1179 5563 1513 5635 praecipiebat
1536 5566 1699 5623 uniri.

286 5623 354 5710 μ’)
377 5623 529 5710 Apud
556 5630 759 5698 Chifll.,
781 5623 958 5687 curam
986 5623 1495 5690 velvcon'solati'anem
1521 5627 1815 5710 pauperie:

224 5700 291 5743 νει
316 5703 697 5759 monachorum.
1521 5700 1532 5709 '
1637 5700 1655 5729 '-

289 5762 357 5905 ξέ)
381 5770 551 5828 Chim.
584 5790 704 5860 cum
727 5793 857 5861 ms.,
880 5781 937 5835 in
964 5778 1144 5864 paucis
1168 5776 1295 5831 suis.

346 5838 440 5905 )ln
459 5858 584 5905 ms.,
615 5844 677 5902 St
705 5864 933 5905 enim...
973 5859 1049 5905 ita
1081 5855 1294 5905 natatus

310 5835 364 5909 ά)
382 5838 440 5897 In
459 5858 584 5911 ms.,
615 5844 678 5902 Si
705 5835 933 5907 enim..."
965 5835 1049 5905 'ita
1081 5855 1294 5919 paratus
1321 5855 1434 5902 erat
1459 5849 1800 5922 θεωρεῖ-,οινο-

446 5935 727 6003 Ρηιοι.
772 5942 972 6009 LXV.

1918 4718 2131 4775 clericis
2171 4718 2418 4774 adunatis
2467 4718 2744 4789 sapienter
2782 4716 2981 4775 effecit.
3016 4716 3147 4773 Erat
3191 4718 3393 4790 quippe
3448 4717 3531 4774 eis

1918 4812 2223 4868 communis
2268 4825 2491 4876 mensa,
2539 4824 2831 4866 commune
2874 4810 3174 4875 cellarium,
3224 4809 3531 4867 communis

1918 4901 2118 4971 oratio,
2147 4900 2309 4957 simul
2333 4907 2389 4956 et
2412 4899 2597 4956 lectio.
2628 4898 2817 4956 Nullus
2837 4916 2898 4958 se
2925 4916 3089 4973 super
3111 4901 3343 4956 alterum
3372 4900 3527 4954 inso-

1916 4994 2096 5051 lenter
2115 4993 2395 5062 eﬂerebat,
2422 5009 2602 5065 neque
2627 4995 2864 5067 propriis
2888 4994 3143 5052 fratribus
3171 4995 3402 5066 amplius
3429 5000 3526 5047 aut

1916 5087 2245 5159 peculiarius
2270 5089 2607 5155 consulebat,
2641 5089 2746 5145 nisi
2775 5088 2924 5160 quod
2948 5090 3121 5159 magis
3161 5088 3238 5144 illi
3265 5086 3526 5144 monachi

1912 5181 2008 5251 qui
2054 5182 2272 5237 beatum
2318 5181 2661 5252 Fulgentium
2716 5184 3120 5254 sequebantur,
3179 5179 3524 5238 districtioris

1914 5272 2257 5331 abstinentiae
2283 5273 2524 5343 regulam
2552 5273 2941 5340 custodientes,
2973 5273 3107 5329 nihil
3137 5272 3359 5328 omnino
3387 5287 3520 5345 pro-

1916 5363 2095 5434 prium
2123 5364 2493 5436 possidebant,
2521 5364 2594 5438 (e)
2624 5379 2727 5421 nec
2760 5365 2902 5421 inter
2930 5364 3069 5418 alios
3099 5362 3329 5418 clericos
3356 5362 3539 5418 cleri-'

1918 5471 2106 5512 corum
2133 5473 2285 5513 more
2311 5457 2588 5513 vivebant.
2620 5455 2766 5511 Talis
2785 5463 2905 5512 erat
2928 5456 3074 5510 beati
3094 5453 3364 5523 Fulgentii
3391 5471 3520 5511 cru-

1909 5570 2024 5625 dire
2042 5570 2362 5641 jubenlibus,
2392 5589 2459 5627 ne
2495 5580 2850 5643 praesumeret,
2880 5579 2987 5627 etc.
3017 5569 3167 5639 Ant.,
3209 5571 3273 5627 Si
3309 5573 3516 5627 enim...

1908 5651 2024 5696 erat
2080 5652 2328 5698 aratas...
2359 5659 2454 5697 nec
2481 5643 2845 5714 praesumebat.

1909 5659 2203 5837 ὣῇξΝοη
2241 5713 2467 5783 legimus
2515 5729 2636 5784 qum
2680 5729 2845 5784 sequu

1876 5728 1879 5733 ‘
1922 5712 2061 5785 Aie),
2085 5713 2203 5771 Non
2241 5712 2491 5783 legimus
2515 5729 2636 5784 qua:
2680 5721 2980 5784 sequuntur
3008 5716 3061 5771 in
3108 5731 3209 5771 ms.
3245 5729 3346 5771 nec
3375 5712 3517 5785 apud

1909 5782 2086 5839 Chifﬂ.

3000 5945 3043 6009 5
