4124 6488
565 334 675 440 .159

1732 385 1792 444 S.
1830 379 2258 444 FULGENTIUS
2295 379 2681 446 RUSPENSIS.

3739 385 3842 446 MO

571 498 725 564 ditio,
753 513 874 572 qum
907 498 1233 572 spiritalibus
1271 501 1490 556 monitis
1525 499 1600 556 ita
1648 500 2012 571 subiectorum
2057 501 2154 558 sibi
2183 501 2233 562 Α
2263 499 2464 569 dirigit,
2517 519 2547 556 a
2593 519 2699 573 quo
2749 499 2866 558 sine
2916 519 3066 558 mora
3112 501 3302 560 ductus
3332 508 3492 574 atque
3531 500 3844 574 perductus,

471 605 484 650 ·,
572 591 733 648 corda
762 591 1077 648 transferret
1100 609 1128 647 a
1160 594 1388 648 terrenis
1409 591 1770 662 voluptatibus
1796 591 1865 648 ad
1893 592 2160 664 spiritales

570 685 926 754 caelestesque
949 685 1168 742 delicias
1183 727 1198 751 ,
1234 695 1292 741 ut
1315 686 1439 742 boni
1462 685 1725 756 propositi
1752 696 2005 742 manente
2029 701 2158 742 cen-

569 791 717 842 sura,
746 793 852 833 non
882 778 1268 835 seducerentur
1293 778 1626 834 infirmorum
1672 779 1893 836 fratrum
1941 779 2158 850 inertia,

569 867 867 923 nolentium
898 869 1094 925 imitari
1137 885 1255 940 qua:
1283 869 1523 939 quotidie
1568 877 1694 924 ante
1741 871 1928 926 oculos
1971 876 2159 926 eorum

569 962 895 1029 gerebantur
932 962 1196 1030 exempla.
1248 961 1378 1029 Quis
1425 962 1567 1017 illius
1605 963 1953 1019 habitationis
2002 964 2161 1035 digne

502 1089 516 1109 .
569 1051 802 1122 explicet
828 1051 1051 1107 laudes?
1075 1053 1276 1108 Domus
1305 1054 1394 1107 illa
1424 1062 1552 1109 tunc
1584 1053 1900 1111 Caralitanze
1931 1055 2161 1113 civitatis

571 1144 848 1200 oraculum
878 1143 994 1199 fuit.
1020 1145 1148 1200 Illuc
1176 1145 1319 1200 enim
1350 1145 1598 1201 veniebat
1627 1144 1862 1212 afﬂictus.
1881 1146 2160 1217 percipere

568 1237 866 1292 remedium
895 1239 1299 1301 consolationis,
1327 1239 1400 1294 ibi
1427 1239 1755 1308 gerebantur
1786 1240 1927 1294 inter
1952 1237 2160 1294 discor-

567 1325 761 1382 dantes
788 1328 935 1397 pacis
963 1336 1018 1382 et
1043 1328 1346 1384 concordia:
1377 1338 1531 1400 pacta
1558 1329 1765 1395 fidelia,
1795 1330 2031 1384 divinam
2057 1346 2158 1384 vo-

566 1417 800 1474 lentibus
827 1420 1014 1474 audire
1044 1419 1352 1490 diligentius
1387 1421 1676 1477 lectionem
1719 1421 2061 1476 ministrabat
2087 1421 2161 1476 ibi

563 1510 826 1567 Dominus
852 1511 1175 1582 plenissima:
1209 1515 1558 1586 expositionis
1583 1514 2014 1570 aedificationem.
2059 1513 2161 1570 De-

563 1603 800 1660 lectabat
823 1605 1034 1661 nobiles
1064 1605 1239 1674 viros,
1279 1607 1323 1661 si
1368 1604 1483 1662 fieri
1529 1615 1731 1677 posset,
1766 1606 2004 1676 quotidie
2031 1605 2160 1661 bea-

561 1701 677 1749 tum
710 1694 1046 1764 Fulgentium
1076 1712 1301 1752 cernere
1341 1697 1705 1769 disputantem
1736 1716 1748 1752 :
1779 1696 1981 1753 libebat
2021 1698 2160 1754 indi-

561 1787 797 1856 gentiam
839 1788 1168 1844 sustinentes
1197 1789 1321 1844 inde
1359 1797 1542 1859 petere
1584 1790 1898 1860 suppliciter
1924 1789 2161 1846 eleemo-

2260 593 2505 662 pervenit
2533 591 2908 662 Carthaginem
2950 594 3116 648 laetus.
3154 591 3251 648 Ubi
3301 602 3556 664 tanquam
3597 592 3848 648 fidelissi-

2260 700 2380 739 mus
2402 683 2770 756 dispensator,
2814 686 3066 754 erogandi
3096 687 3293 740 talcnta
3323 686 3422 740 sibi
3452 683 3652 741 credita
3683 702 3850 756 repe-

2260 776 2404 832 riens
2431 775 2788 841 occasionem,
2813 776 2978 846 coepit
3000 777 3049 832 in
3071 775 3358 847 hospitiolo
3387 775 3607 848 proprio
3631 777 3854 831 venien-

2260 872 2343 920 tes
2379 865 2444 920 ad
2495 882 2555 922 se
2598 868 2890 922 catholicos
2938 868 3268 924 orthodoxos
3319 868 3601 936 diligenter
3629 869 3853 934 docere,

2259 959 2526 1014 rationem
2549 959 2776 1016 reddens
2803 961 3074 1032 quomodo
3109 961 3267 1016 Pater
3307 971 3362 1016 et
3401 962 3565 1016 Filius
3594 969 3647 1017 et
3676 961 3850 1032 Spiri-

2261 1059 2349 1104 tus
2386 1061 2623 1117 sanctus,
2656 1061 2905 1107 manente
2951 1052 3105 1106 trium
3136 1069 3485 1123 personarum
3527 1052 3852 1118 differentia,

2262 1138 2404 1195 Deus
2426 1157 2562 1195 unus
2595 1156 2625 1195 a
2668 1142 2910 1197 fidelibus
2939 1143 3276 1212 praedicetur.
3328 1142 3500 1197 Tanta
3548 1151 3726 1210 autem
3753 1140 3856 1196 fuit

2261 1230 2422 1286 beato
2451 1231 2732 1300 Fulgentio
2780 1233 2991 1287 facundi
3019 1235 3284 1288 sermonis
3313 1233 3577 1293 suavitas,
3618 1240 3768 1287 tanta
3798 1234 3856 1288 in

2261 1323 2412 1378 vultu
2441 1323 2556 1390 ejus
2584 1324 2813 1379 micabat
2839 1325 3111 1389 hilaritas,
3147 1333 3204 1378 ut
3231 1325 3477 1379 certatim
3513 1323 3697 1380 lideles
3726 1324 3856 1377 uni-

2261 1431 2451 1471 versos
2475 1425 2659 1471 sancta
2690 1417 2888 1472 caritas
2938 1417 3205 1481 traheret,
3239 1417 3322 1471 vel
3365 1418 3696 1485 interrogare
3723 1415 3857 1470 doc-

2263 1507 2525 1560 tissimum
2560 1507 2764 1572 virum,
2797 1507 2879 1562 vel
2924 1508 3130 1573 audire,
3178 1508 3388 1580 quoties
3415 1507 3483 1562 ‘ad
3525 1509 3856 1574 interrogata

2261 1597 2642 1666 respondebat.
2687 1595 2780 1651 llle
2827 1613 2957 1651 vero
2999 1597 3221 1651 verbum
3253 1597 3346 1652 Dei
3375 1597 3491 1651 sine
3533 1596 3731 1650 invidia
3777 1604 3857 1649 ta~

2259 1686 2515 1743 bcscente
2567 1687 2999 1753 communicans,
3046 1686 3363 1742 occurrebat
3408 1685 3851 1755 interrogationi-

2261 1777 2363 1832 bus
2388 1776 2646 1841 omnimn,
2695 1777 2962 1831 neminem
2989 1776 3290 1846 despiciens
3310 1819 3325 1845 ,
3358 1777 3558 1832 nullum
3602 1776 3854 1846 judicans

559 1893 749 1950 synam
795 1879 1165 1948 corporalem,
1213 1879 1358 1934 unde
1385 1879 1688 1936 doctrinam
1717 1895 1935 1950 quoque
1979 1895 2155 1935 sume-
2187 1867 2234 1934 Β
2259 1871 2584 1942 improbum,
2616 1880 2836 1941 paratus
2865 1872 3028 1935 etiam
3052 1872 3200 1942 ipse,
3229 1872 3271 1928 si
3299 1873 3384 1928 cui
3419 1869 3557 1928 forte
3586 1871 3730 1927 Deus
3759 1885 3854 1942 per

556 1978 682 2024 rent
709 1969 1026 2038 spiritalem.
1065 1969 1402 2039 Frequenter
1440 1971 1585 2026 enim
1626 1971 1818 2025 beatus
1841 1969 2156 2038 Fulgentius

558 2075 697 2130 quos
722 2063 891 2116 multa
937 2062 1214 2131 largiendo
1252 2063 1320 2118 de
1358 2064 1643 2134 temporali
1685 2062 1826 2120 fame
1867 2063 2152 2131 liberabat,

556 2153 870 2208 renuntiare
897 2153 1126 2220 saeculo,
1159 2155 1434 2225 sapienter
1478 2155 1852 2222 admonendo,
1885 2155 2152 2224 faciebat;

556 2252 616 2298 et
642 2245 886 2315 quamvis
915 2244 1048 2300 nihil
1088 2244 1381 2314 habentes,
1411 2245 1643 2302 habendi
1670 2247 2000 2303 voluntatem
2025 2265 2157 2304 con-

556 2341 803 2389 temnere
823 2333 1102 2398 suadebat,
1136 2336 1209 2390 ita
1239 2335 1464 2408 cupidus
1491 2353 1707 2408 semper
1727 2338 2064 2407 acquirendae
2088 2340 2154 2394 ad

554 2426 862 2483 cmnobium
905 2426 1285 2492 fraternitatis,
1336 2437 1398 2483 ut
1424 2430 1671 2500 quamvis
1699 2429 1878 2484 omnia
1908 2430 2158 2486 omnibus

553 2526 741 2574 nosset
773 2533 920 2584 esse,
952 2520 1341 2577 monachorum
1386 2528 1565 2576 tamen
1594 2520 1916 2592 professioni
1949 2525 2158 2578 sociare

552 2616 782 2665 cunctos
810 2616 867 2664 et
894 2619 1113 2680 optaret
1139 2618 1197 2666 et
1224 2611 1408 2667 vellet.
1440 2609 1568 2668 Haec
1609 2613 1750 2668 fama
1779 2630 1879 2684 per
1906 2613 2020 2669 dies
2041 2615 2155 2669 sin-

553 2703 710 2770 gulos
737 2719 1009 2772 crescens,
1041 2703 1483 2775 Carthaginensis
1517 2721 1733 2777 quoque
1773 2705 2031 2763 Ecclesiae
2061 2723 2157 2777 po-

551 2793 713 2864 pulos
741 2793 808 2848 ad
849 2796 1057 2866 majora
1096 2797 1289 2867 gaudia
1334 2799 1684 2869 provocabat,
1736 2808 1794 2855 et
1846 2800 2157 2856 certissimis

551 2875 782 2942 testibus
809 2901 878 2942 ex
901 2887 992 2942 illa
1021 2889 1299 2959 provincia
1332 2889 1669 2945 venientibus
1682 2890 1900 2945 beatum
1927 2889 2156 2960 Fulgen-

552 2973 686 3029 tlum
708 2978 1126 3035 commendabat
1155 2980 1484 3037 absentibus.

550 3059 734 3144 CAeU'r
765 3083 875 3125 ιιι.
911 3067 1212 3144 Ρενέεςιιιὶο
1249 3071 1802 3144 regisiTrasamundi.
1837 3074 2158 3130 Trasamun-

621 3139 966 3262 dzstgccersit
993 3139 1350 3213 Fulgentiuni.
1379 3143 1604 3198 Fructus
1634 3146 1885 3200 doctrinm
1913 3145 1975 3201 S.
2019 3144 2156 3200 Ful-

621 3227 652 3262 a
703 3227 717 3262 ι
744 3227 760 3262 ι
786 3247 800 3262 .

621 3225 800 3280 genus.

621 3301 713 3356 44.
745 3302 955 3359 Interea
997 3303 1354 3361 Trasamundi
1381 3307 1524 3376 regis
1552 3307 1809 3364 adversus
1835 3307 2154 3377 religionem

552 3393 874 3450 catholicam
907 3412 1059 3452 mens
1109 3397 1466 3467 implacabilis
1517 3407 1574 3455 et
1614 3402 1691 3456 ira
1715 3401 1988 3466 terribilis,
2014 3400 2156 3456 inter

550 3499 773 3555 asperas
794 3488 1202 3556 persecutiones
1227 3487 1589 3561 subdolasque
1617 3491 1912 3554 factiones.
1960 3491 2153 3560 quibus

549 3579 812 3647 aqualem
840 3580 954 3637 Deo
981 3579 1131 3637 Patri
1164 3594 1364 3651 negare
1397 3583 1669 3639 Christum
1694 3584 1989 3640 catholicos
2009 3599 2153 3640 nunc

549 3671 848 3728 terroribus
879 3674 1140 3744 cogebat,
1189 3692 1334 3732 nunc
1377 3677 1824 3747 promissionibus
1870 3675 2150 3742 invitabat,

548 3763 651 3816 sub
676 3763 977 3820 intentione
1004 3765 1125 3836 plus
1147 3766 1480 3836 decipienda:
1502 3766 1858 3821 multitudinis
1896 3765 2151 3820 simulare

547 3854 716 3924 coepit
757 3857 1024 3912 rationem
1067 3873 1127 3913 se
1178 3858 1498 3929 simpliciter
1543 3858 1818 3928 inquirere
1872 3857 2150 3913 catholicae

545 3944 845 4015 religionis,
878 3947 1104 4018 reperiri
1132 3949 1405 4004 neminem
1434 3957 1635 4019 putans
1671 3947 1826 4017 cujus
1865 3954 2047 4018 posset
2093 3949 2148 4002 in

546 4035 661 4102 suis
687 4037 965 4093 erroribus
993 4041 1291 4095 assertione
1320 4041 1588 4095 convinci.
1620 4038 1970 4109 Proponebat
1995 4038 2146 4094 deni-

545 4142 652 4198 que
679 4129 756 4200 (a)
786 4131 982 4186 multas
1003 4133 1304 4203 ineptarum
1328 4132 1624 4187 tendiculas
1646 4132 2023 4201 quaestionum,
2049 4147 2150 4185 nec

546 4218 594 4288 si
623 4221 746 4286 quis
774 4221 824 4275 ei
850 4224 1180 4291 respondere
1208 4222 1504 4286 voluisset,
1549 4230 1642 4275 aut
1670 4221 2026 4290 despiciebat,
2055 4230 2148 4274 aut

543 4309 877 4380 repellebat,
912 4313 1019 4367 imo
1058 4315 1213 4382 quasi
1252 4313 1525 4383 patienter
1561 4310 1807 4376 audiens,
1853 4312 1984 4366 satis
2031 4311 2146 4366 ﬁeri

543 4400 649 4456 sibi
672 4417 778 4456 non
802 4419 960 4473 posse
981 4403 1242 4473 jactabat.
1269 4403 1338 4458 Et
1364 4418 1552 4458 revera
1582 4405 1704 4474 quis
1723 4405 1887 4459 homo
1917 4413 2025 4457 tam
2051 4405 2148 4458 ob-

543 4499 744 4548 durato
798 4495 949 4550 cordi
996 4497 1258 4552 valuisset
1309 4497 1491 4552 lumen
1535 4497 1821 4551 ostendere
1867 4496 2146 4552 veritatis?

2259 1962 2516 2036 Spiritum
2539 1973 2782 2020 sanctum
2813 1963 3004 2019 melius
3051 1965 3362 2028 revelasset,
3394 1965 3578 2020 audire
3619 1964 3704 2019 vel
3740 1964 3843 2018 dis-

2258 2071 2404 2123 cere,
2429 2063 2646 2124 tenere,
2686 2057 2869 2125 sequi,
2912 2057 3235 2126 approbare,
3271 2057 3370 2112 sub
3399 2055 3576 2112 oflicio
3614 2054 3851 2110 doctoris

2258 2145 2614 2201 humilitatem
2670 2145 2915 2216 discipuli
2963 2147 3227 2215 benignus
3273 2155 3329 2202 et
3377 2147 3522 2202 mitis
3573 2161 3852 2202 exercens.

2266 2233 2418 2292 Unde
2433 2236 2660 2306 contigit
2680 2245 2737 2293 ut
2761 2237 2930 2293 multo
2952 2236 3163 2294 doctior
3188 2245 3243 2294 et
3261 2239 3440 2309 seipso
3464 2239 3658 2294 melior
3679 2238 3854 2304 fieret,

2259 2329 2410 2385 lucra
2429 2329 2644 2386 Christo
2678 2329 2883 2399 majora
2912 2331 3246 2402 perquirens.
3276 2330 3425 2387 Alios
3454 2332 3596 2386 enim
3623 2331 3733 2401 jam
3763 2348 3854 2387 re-

2257 2421 2560 2492 baptizatos
2600 2436 2840 2477 errorem
2878 2437 3033 2477 suum
3077 2423 3332 2494 plangere
3379 2423 3644 2487 docebat,
3676 2430 3732 2478 et
3759 2439 3850 2478 re-

2259 2511 2614 2579 conciliabat;
2648 2513 2784 2567 alios
2810 2519 3012 2577 autem,
3037 2526 3105 2567 ne
3125 2528 3252 2569 suas
3271 2513 3476 2569 animas
3495 2528 3595 2583 pro
3622 2514 3853 2567 terrenis

2259 2600 2560 2655 commodis
2586 2600 2897 2670 perderent,
2928 2600 3274 2656 admonebat.
3305 2600 3372 2656 Et
3409 2616 3545 2670 quos
3582 2601 3696 2670 jam
3730 2617 3854 2672 per-

2261 2689 2452 2748 ditioni
2490 2692 2764 2760 proximos
2803 2692 3090 2757 sentiebat,
3140 2693 3214 2747 ita
3258 2692 3470 2748 blandis
3516 2695 3853 2749 sermonibus

2260 2783 2515 2850 leniebat,
2550 2793 2607 2838 ut
2635 2791 2859 2855 propter
2893 2784 3009 2853 ejus
3045 2785 3475 2840 benevolentiam
3521 2787 3853 2842 verecunda-

2259 2883 2450 2929 rentur
2477 2875 2768 2944 cogitatam
2797 2875 3023 2946 implere
3052 2877 3342 2940 malitiam,
3368 2879 3680 2946 reversique
3702 2879 3854 2933 velo-

2258 2966 2397 3021 citer
2418 2975 2640 3037 agerent
2667 2967 3059 3036 pmnitentiam.
3087 2965 3389 3022 Confortati
3417 2967 3509 3022 alii
3536 2968 3716 3023 verbis
3737 2969 3856 3036 ejus

2259 3064 2317 3112 et
2345 3056 2606 3113 doctrina:
2634 3057 2751 3125 ejus
2777 3058 2890 3112 sale
2918 3059 3149 3124 conditi,
3188 3058 3573 3126 redarguebant
3599 3059 3852 3135 [Arianos

2261 3148 2546 3204 hazreticos
2573 3163 2696 3204 cum
2727 3149 2873 3204 omni
2899 3147 3113 3203 fiducia.
3152 3147 3242 3204 Sic
3281 3148 3507 3202 mirabili
3544 3147 3714 3214 gratia
3757 3145 3841 3199 fa-

2184 3223 2232 3290 Ο
2261 3250 2406 3298 ctum
2428 3240 2529 3297 fuit
2556 3249 2616 3297 ut
2639 3256 2738 3311 per
2760 3256 2924 3296 unum
2964 3240 3325 3306 sacerdotem,
3356 3240 3503 3308 cujus
3525 3239 3850 3308 sapientiam

2257 3347 2354 3388 rex
2383 3331 2632 3386 voluerat
2658 3332 2912 3401 experiri,
2936 3331 3238 3401 sapientum
3261 3346 3515 3386 numerus
3542 3329 3681 3399 apud
3719 3329 3852 3386 Car-

2255 3422 2531 3490 thaginem
2560 3430 2848 3486 cresceret,
2880 3432 2934 3478 et
2954 3437 3051 3492 per
3078 3422 3432 3477 ministerium
3463 3421 3854 3492 persecutionis

2259 3511 2393 3568 ﬁdes
2433 3512 2700 3568 catholica
2740 3514 3128 3568 incrementum
3175 3511 3354 3582 potius
3393 3525 3555 3580 quam
3580 3510 3852 3569 delectum

2257 3603 2548 3673 acciperet.

2254 3693 2440 3750 CAPUT
2470 3711 2600 3750 xxu.
2636 3693 2922 3766 Responsio
2963 3695 3025 3766 Β,
3063 3693 3331 3765 Fulgentii
3377 3693 3448 3746 ad
3491 3693 3665 3748 decem
3705 3692 3853 3764 obje-

2766 3767 2958 3820 ctiones
2989 3765 3320 3819 Arianorum.

2327 3855 2416 3910 46.
2449 3854 2576 3912 Haec
2603 3857 2780 3911 omnia
2813 3872 2908 3912 rex
2957 3871 3054 3927 per
3100 3854 3342 3911 occultos
3379 3856 3596 3911 nuntios
3637 3853 3852 3910 discens

2253 3947 2456 4017 egregii
2485 3946 2782 4003 sacerdotis
2807 3947 3097 4016 ingenium,
3136 3947 3452 4015 sapientiam
3478 3987 3492 4012 ,
3524 3945 3851 4013 doctrinam,

2255 4034 2434 4104 fidem,
2460 4040 2737 4108 pietatem,
2763 4037 3226 4094 mansuetudinem
3249 4080 3265 4107 ,
3296 4038 3686 4093 continentiam
3720 4055 3854 4109 pro—

2253 4127 2365 4194 bat,
2393 4138 2450 4184 ct
2475 4131 2859 4184 convenienter
2889 4127 3041 4182 fama:
3061 4144 3172 4185 suae
3201 4129 3480 4199 pncconiis
3498 4168 3513 4194 ,
3537 4125 3702 4184 talem
3734 4144 3856 4185 esse

2255 4219 2431 4292 qualis
2451 4219 2844 4292 praedicabatur
2865 4219 3126 4291 agnoscit.
3151 4217 3300 4275 Dicta
3330 4215 3558 4291 proinde
3579 4221 3851 4291 quaedam,

2252 4330 2465 4369 veneno
2494 4311 2732 4384 perfidia:
2758 4313 2944 4382 plena,
2979 4307 3201 4381 legenda
3244 4314 3293 4367 ei
3333 4309 3583 4368 celeriter
3628 4311 3853 4378 dirigit,

2254 4407 2662 4477 responsionem
2698 4405 2801 4459 sibi
2841 4403 3087 4474 flagitans
3115 4404 3285 4458 reddi.
3331 4402 3580 4472 Suscepit
3611 4402 3729 4458 inec
3751 4403 3854 4458 do-

2250 4499 2524 4554 ctissimus
2553 4494 2813 4566 pontifex,
2847 4505 2901 4552 et
2930 4495 3250 4565 longissimae
3279 4493 3600 4549 narrationis
3622 4491 3857 4565 ineptias

540 4581 825 4643 Efficiebat
854 4597 1035 4644 tamen
1083 4590 1347 4660 plurimos
1383 4589 1664 4659 religiosos
1701 4588 1774 4663 (b)
1818 4590 1992 4644 audax
2021 4589 2143 4644 fidei
2173 4608 2222 4668 υ
2249 4606 2347 4660 per
2375 4588 2738 4668 objectionum
2754 4586 2985 4658 capitula
3008 4585 3280 4648 dividens,
3305 4585 3690 4654 responsiones
3719 4585 3855 4641 sub-

541 4690 655 4732 suze
687 4679 992 4733 constantia
1022 4694 1122 4749 per
1146 4681 1462 4736 occasiones
1490 4695 1520 4734 a
1551 4679 1778 4735 Domino
1811 4690 2142 4751 praeparatas

541 4767 770 4824 studiosi
801 4770 942 4838 regis
970 4771 1294 4826 convincere
1321 4771 1704 4842 blasphemias.
1730 4771 1934 4826 Dicitur
1958 4780 2141 4825 tamen

541 4860 841 4929 requirenti
876 4862 1078 4918 diutius
1118 4864 1240 4933 quis
1267 4863 1577 4934 plenissime
1602 4871 1789 4934 posset
1817 4862 2143 4919 testimoniis

541 4951 883 5008 evidentibus
919 4953 1196 5010 vindicare
1227 4955 1508 5010 veritatem
1549 4955 1801 5010 catholici
1857 4953 2141 5021 dogmatis,

542 5039 618 5112 (c)
651 5057 771 5096 esse
798 5043 939 5098 inter
967 5046 1254 5116 episcopos
1296 5046 1605 5101 exsulantes
1647 5045 1866 5100 beatum
1908 5039 2142 5110 Fulgen—

539 5129 705 5197 tium,
749 5134 834 5188 cui
866 5135 998 5189 nihil
1024 5134 1241 5191 deesset
1270 5136 1322 5190 in
1360 5135 1606 5200 scientia,
1637 5134 1923 5206 plurimum
1951 5131 2142 5185 redun-

538 5221 693 5278 daret
718 5225 768 5279 in
802 5227 1008 5294 gratia,
1053 5229 1145 5298 qui
1179 5228 1454 5300 sapienter
1491 5235 1547 5282 et
1585 5225 1904 5294 eloquenter
1931 5219 2145 5290 roganti

538 5316 652 5382 regi
677 5318 1029 5375 satisfaceret.

611 5405 700 5462 45.
732 5408 980 5467 Protinus
1008 5428 1104 5467 rex
1134 5409 1368 5483 probare
1392 5410 1619 5480 cupiens
1647 5405 1984 5462 sacerdotem
2007 5445 2021 5467 ,
2053 5402 2140 5456 cui

537 5502 862 5565 generaliter
889 5505 1258 5558 testimonium
1301 5504 1505 5558 bonum
1548 5508 1660 5555 tota
1685 5498 1962 5566 religionis
2006 5511 2136 5549 nos-

537 5598 634 5646 tra:
681 5598 998 5664 perhibebat
1024 5594 1296 5664 Ecclesia,
1348 5609 1567 5652 servum
1596 5601 1873 5648 strenuum
1900 5589 2152 5646 celeriter

629 5795 684 5862 a)
713 5794 837 5858 Ms.,
861 5807 1055 5850 mium.
1572 5812 1604 5848 ιδ
1707 5807 1710 5811 ·
1763 5821 1852 5836 --αα

629 5796 684 5862 a)
713 5796 837 5858 Ms.,
861 5807 1055 5850 mium.

600 5796 682 5939 Eb)
703 5866 856 5934 Ant.,
882 5867 1122 5921 audaces.

2248 4681 2379 4751 jecit
2434 4680 2663 4745 breves,
2721 4677 3059 4749 probabiles,
3120 4675 3470 4743 necessarias,
3525 4675 3858 4733 auctoritate

2255 4771 2689 4828 testimoniorum
2721 4785 2941 4842 graves,
2989 4777 3045 4823 et
3075 4768 3238 4823 totius
3266 4767 3492 4822 rationis
3525 4767 3732 4822 lumine
3760 4785 3855 4822 ra-

2253 4861 2486 4917 diantes.
2517 4860 2658 4928 Quas
2683 4877 2805 4918 cum
2844 4860 3028 4914 nmltis
3065 4859 3394 4928 sapientibus
3424 4858 3550 4912 viris
3581 4859 3674 4913 diu
3707 4859 3857 4914 mul-

2256 4961 2477 5021 tumque
2500 4951 2742 5016 collatas,
2769 4959 2824 5006 et
2852 4949 2920 5004 ad
2950 4947 3130 5022 populi
3162 4948 3332 5003 fidelis
3365 4950 3612 5003 notitiam
3654 4950 3859 5020 perdu-

2256 5052 2398 5108 ctas,
2429 5043 2544 5111 regi
2579 5057 2792 5111 quoque
2825 5042 2982 5109 longa
3021 5041 3424 5110 exspectatione
3455 5058 3718 5111 suspenso
3743 5052 3856 5098 tra-

2265 5133 2398 5187 didit
2419 5134 2756 5204 ingcrendas.
2787 5133 2930 5200 Quas
2958 5149 3051 5188 rex
3085 5132 3173 5186 ille
3201 5132 3463 5188 barbarus
3491 5134 3857 5196 intentissima

2264 5223 2566 5296 perlegens,
2590 5238 2710 5286 oon
2740 5236 2984 5286 NUNQUAM
3010 5221 3422 5292 praedestinatus
3455 5221 3630 5277 fuerat
3661 5225 3727 5277 ad
3769 5241 3858 5278 sa-

2262 5311 2449 5382 lutem,
2480 5314 2664 5368 laudat
2690 5313 3029 5383 sapientiam,
3056 5313 3282 5368 miratur
3304 5313 3688 5382 eloquentiam,
3714 5330 3863 5383 prae.

2255 5404 2402 5460 dicat
2430 5403 2818 5469 humilitatem,
2853 5418 3027 5472 neque
3055 5411 3234 5458 tamen
3265 5411 3504 5458 meretur
3547 5401 3866 5471 intelligere

2254 5498 2558 5552 veritatem.
2601 5494 3038 5564 Carthaginensis
3080 5503 3261 5550 autem
3314 5496 3544 5567 populus
3591 5495 3860 5566 triumphi

2259 5586 2521 5659 spiritalis
2547 5587 2834 5656 interpres,
2865 5587 3262 5658 propositiones
3290 5589 3430 5658 regis
3469 5583 3631 5643 fuisse
3655 5589 3860 5644 convi-

2252 5781 2552 5910 ὤμω,
2596 5778 2802 5836 Dicitur
2839 5785 3044 5840 tandem
3085 5789 3457 5858 requiram"...
3489 5789 3695 5846 Dicitur
3738 5809 3861 5848 esse
