4124 6476
252 397 353 462 Mi

1621 403 2145 468 PROLEGOMENA.

3426 419 3528 475 142

249 528 368 577 etas
394 519 520 576 ιωιο
557 535 833 578 murmure
865 521 1173 588 conﬁtetur,
1217 527 1275 578 et
1313 522 1634 578 catholicam
1679 522 1838 579 ﬁdem
1866 526 1922 588 Δ
1942 523 2124 580 CAPUT
2152 543 2276 581 xxv.
2310 522 2507 582 Iterum
2536 528 2794 599 relegatur
2822 525 3145 600 Fulgentius.
3179 521 3426 587 meum:
3449 549 3531 586 ce-

246 628 464 684 semper
483 628 603 670 esse
629 614 926 682 victricem,
949 613 1251 684 conjunctis
1277 613 1423 670 beati
1442 614 1707 685 Fulgentii
1726 614 1842 670 lau-

245 707 424 773 dibus,
450 709 728 777 gloriatur.

243 801 430 876 Carur
450 820 612 876 3x111.
637 803 831 876 Libelli
868 814 969 876 tres
1006 805 1077 860 ad
1098 784 1509 876 Irascmuudum
1530 821 1720 876 regem.
1745 803 1842 861 Li-

320 873 502 998 bei;nB.
537 871 803 948 Fulgentii
832 875 1077 930 adversus
1106 875 1318 931 Pintam
1363 871 1659 949 episcopum
1686 875 1844 931 Aria-

322 961 389 997 nu
453 985 468 1000 .

319 1032 412 1088 47.
446 1033 635 1091 Adhuc
664 1043 845 1091 tamen
873 1049 971 1092 rex
1008 1037 1180 1093 virum
1210 1037 1580 1094 doctissimum
1607 1037 1842 1109 probare

242 1123 583 1191 desiderans,
616 1127 682 1182 de
711 1125 830 1183 aliis
869 1145 992 1184 eum
1021 1131 1405 1199 quaestionibus
1444 1145 1628 1188 rursus
1670 1130 1842 1186 inter-

239 1226 404 1285 rogat
447 1226 504 1273 et
532 1217 1011 1288 interrogationem
1041 1235 1192 1276 suam
1232 1221 1399 1277 semel
1429 1229 1636 1277 tantum
1679 1219 1841 1276 beato

239 1301 530 1376 Fulgentio
559 1310 815 1380 praecepit
845 1311 970 1382 legi,
1004 1325 1180 1380 neque
1209 1312 1526 1382 meditandi,
1554 1327 1728 1382 neque
1746 1311 1841 1367 de-

237 1397 515 1454 scribendi
537 1399 777 1455 tribuens
799 1400 1130 1456 facultatem.
1150 1399 1396 1459 Timebat
1416 1405 1559 1459 enim
1580 1418 1649 1459 ne
1670 1402 1838 1458 verba

238 1488 364 1558 ejus
390 1489 758 1545 convincenda
805 1492 943 1547 sicut
971 1491 1122 1562 prius
1164 1495 1502 1551 sermonibus
1529 1495 1648 1565 ejus
1690 1495 1836 1550 inse-

237 1590 516 1649 rerentnr,
559 1581 831 1652 totiusque
862 1581 1068 1652 judicio
1098 1585 1332 1640 civitatis
1358 1587 1535 1641 victus
1569 1601 1691 1642 esse
1731 1586 1838 1642 ite-

237 1685 365 1729 rum
394 1672 735 1745 probaretur.
787 1673 989 1729 Beatus
1034 1688 1166 1730 vero
1194 1672 1507 1745 Fulgentius
1533 1680 1703 1734 semel
1735 1677 1840 1733 sibi

241 1765 387 1821 lecta
414 1766 504 1820 vix
528 1764 772 1821 recolere
799 1765 1116 1836 pratvalens,
1168 1766 1500 1838 respondere
1527 1766 1836 1834 differebat;

242 1856 346 1913 sed
371 1855 694 1927 respondere
721 1872 844 1913 eum
882 1873 981 1913 rex
1009 1859 1180 1928 magis
1215 1874 1279 1914 ac
1315 1861 1484 1930 magis
1512 1860 1843 1931 imperabat,

244 1946 615 2017 responsionis
641 1961 872 2016 arguens
891 1950 1090 2014 inuras,
1115 1955 1170 2005 et
1197 1951 1460 2005 cautelam
1490 1951 1592 2004 viri
1619 1951 1844 2006 sanctis-

237 2037 364 2095 simi
385 2035 734 2094 diﬂldentiam
749 2038 1021 2108 judicans.
1041 2034 1195 2094 Unde
1219 2039 1358 2094 idem
1382 2040 1623 2110 pontifex
1636 2040 1833 2098 discre-

239 2135 409 2190 tionis
437 2135 640 2190 virtute
666 2133 945 2197 subnixus,
981 2149 1049 2188 ne
1075 2148 1183 2203 qua
1210 2121 1436 2188 foisltan
1461 2149 1558 2204 per
1578 2136 1839 2205 populum

237 2225 523 2282 mendacia
571 2232 971 2296 spargerentur,
1017 2225 1212 2294 quibus
1253 2221 1547 2293 ﬁngeretur
1593 2233 1687 2281 aut
1727 2242 1839 2282 non

238 2319 506 2390 potuisse,
538 2325 632 2373 aut
660 2317 896 2374 noluisse
933 2317 1150 2372 beatum
1194 2316 1534 2388 Fulgentium
1571 2319 1840 2390 regalibus

243 2407 630 2480 quaestionibus
677 2409 913 2473 obviare,
968 2415 1080 2464 tres
1127 2407 1338 2463 libellos
1383 2409 1657 2465 mirabiles
1684 2409 1838 2478 facit,

240 2503 334 2559 ubi
365 2512 725 2560 memoratum
765 2515 949 2572 regem
977 2500 1296 2571 simpliciter
1323 2500 1622 2571 alloquens,
1672 2501 1842 2560 totius

238 2595 557 2668 quaestionis
590 2594 664 2668 (a)
687 2595 881 2650 seriem
907 2605 1069 2662 quam
1110 2592 1257 2648 tenui
1283 2592 1468 2648 auditu
1495 2602 1837 2665 perceperat,

238 2685 357 2742 late
377 2686 760 2754 reventilabat,
787 2685 990 2741 docens
1018 2685 1254 2739 animam
1282 2684 1602 2742 rationalem
1623 2685 1840 2743 Christo

243 2776 481 2831 Domino
510 2777 564 2830 in
592 2777 934 2846 susceptione
955 2775 1134 2831 carnis
1161 2775 1383 2831 minime
1411 2774 1665 2832 defuisse.
1688 2775 1842 2834 Tunc

243 2879 350 2922 rex
376 2865 735 2923 admiratione
764 2869 997 2923 maxima
1015 2867 1278 2939 repletus,
1318 2868 1454 2923 nihil
1499 2876 1585 2925 est
1609 2869 1842 2939 amplius

238 2958 587 3027 interrogare
618 2956 694 3030 (b)
722 2974 900 3024 ausus,
950 2959 1052 3015 nisi
1092 2958 1238 3029 quod
1286 2973 1427 3016 unus
1463 2973 1532 3014 ex
1571 2958 1843 3030 episcOpis

234 3049 384 3118 ejus,
407 3049 566 3104 Pinta
590 3049 828 3114 nomine,
854 3050 1006 3122 quasi
1027 3050 1361 3121 respondere
1385 3057 1634 3116 conatus,
1656 3057 1842 3106 tacere

237 3140 424 3212 potius
455 3139 632 3194 noluit
675 3154 835 3210 quam
874 3142 1204 3213 respondere
1242 3141 1448 3214 aliquid
1490 3142 1687 3214 potuit.
1737 3139 1841 3198 Cui

237 3245 426 3289 tamen
458 3233 603 3289 illico
622 3233 814 3290 beatus
837 3233 1172 3304 Fulgentius,
1200 3235 1423 3291 alterius
1464 3235 1665 3306 operis,
1693 3234 1840 3306 quod

238 3329 503 3384 adversus
529 3325 740 3382 Pintam
767 3329 1000 3385 titulavit
1019 3329 1386 3399 disputatione
1405 3327 1641 3384 veridica
1673 3328 1838 3385 resti-

238 3421 326 3488 tit,
378 3427 436 3474 et
468 3419 534 3473 in
561 3418 734 3489 prima
782 3418 1097 3476 defensione
1133 3435 1232 3478 sua
1278 3420 1454 3476 victos
1497 3420 1841 3477 adversarios

240 3518 452 3565 temere
475 3510 608 3565 satis
629 3510 869 3566 ostendit
886 3512 1172 3582 repetiisse
1199 3519 1500 3568 certamen.

242 3600 428 3657 Cum
472 3616 617 3657 xxiv.
674 3601 830 3677 Liber
860 3619 967 3677 seu
1018 3604 1473 3677 commonitorium
1519 3605 1586 3660 de
1635 3603 1839 3677 Spiritu

541 3683 722 3729 sancto
745 3673 814 3728 ad
835 3673 1138 3744 Abragitam
1157 3673 1530 3747 presbyterum.

318 3760 412 3817 68.
441 3762 513 3819 De
525 3762 728 3834 Spiritu
743 3770 933 3820 sancto
954 3765 1306 3833 interroganti
1328 3767 1646 3838 presbytero
1668 3769 1839 3823 Abra-

244 3854 369 3924 gilae
419 3869 514 3925 per
564 3855 1039 3911 commonitorium
1095 3857 1474 3925 parvissimum
1529 3859 1840 3914 testimonia

240 3948 474 4020 protulit
494 3948 677 4020 plura,
708 3946 909 4004 docens
937 3963 1062 4006 eum
1091 3963 1214 4004 cum
1242 3946 1403 4003 Patre
1427 3957 1484 4004 et
1511 3949 1646 4004 Filio
1673 3966 1840 4005 unum

240 4039 414 4097 Deum
445 4040 764 4110 simpliciter
781 4039 1169 4098 confitendum.
1199 4040 1365 4111 Cujus
1399 4042 1560 4096 etiam
1589 4057 1836 4098 commo-

242 4133 430 4190 sitorii
490 4133 790 4188 sententias
849 4133 990 4188 inter
1045 4140 1335 4203 utrumque
1386 4133 1528 4188 illius
1577 4134 1842 4204 temporis

239 4239 380 4295 opus
409 4224 681 4280 ordinavit
709 4234 960 4294 oportere
1003 4223 1270 4292 describi;
1318 4224 1620 4294 legentibus
1657 4224 1839 4280 omni-

237 4313 335 4370 bus
356 4315 614 4370 Iidelibns
638 4315 919 4371 catholicis
947 4324 1004 4370 et
1028 4316 1369 4384 mirantibus,
1397 4316 1844 4373 erubescentibus

239 4407 462 4462 Arianis
492 4413 548 4460 et
589 4405 778 4461 dolore
809 4407 883 4475 (ο)
914 4415 1103 4462 contra
1133 4408 1307 4478 ipsum
1337 4408 1794 4465 murmurantibus
1820 4427 1837 4461 :

237 4499 420 4554 donec
445 4497 602 4552 malae
629 4498 988 4566 suggestionis
1019 4499 1306 4554 occasione
1350 4509 1585 4569 reperta,
1635 4499 1841 4554 volenti

240 4607 364 4646 eum
401 4590 516 4656 regi
545 4589 683 4642 intra
705 4586 1082 4657 Carthaginem
1107 4590 1306 4646 diutius
1344 4591 1597 4656 retinere,
1627 4590 1843 4647 dicere-
1874 4643 1884 4657 ,

235 4690 318 4734 tur
345 4680 425 4735 ab
467 4679 644 4748 impiis
687 4687 742 4732 et
765 4679 921 4734 malis
950 4679 1257 4736 hominibus
1289 4698 1301 4733 :
1337 4678 1464 4736 Sine
1487 4695 1670 4744 causa,
1715 4696 1834 4749 rex,

233 4771 488 4833 laboras;
522 4769 652 4824 nihil
675 4777 764 4823 tua
787 4769 1062 4839 diligentia
1084 4770 1316 4840 proiicit.
1333 4771 1391 4825 ln
1414 4780 1620 4827 tantum
1637 4773 1841 4844 quippe

235 4865 342 4932 jam
372 4863 625 4920 doctrina
656 4861 922 4931 Fulgentii
949 4863 1189 4933 episcopi
1221 4863 1520 4933 praevaluit,
1560 4869 1622 4917 ut
1649 4864 1718 4919 de
1743 4880 1831 4921 sa-

234 4955 554 5013 cerdotibus
599 4955 706 5009 tuis
743 4954 1059 5010 reconciliet
1099 4955 1404 5023 aliquantos
1430 4973 1442 5008 :
1467 4955 1696 5024 proinde
1733 4955 1838 5012 nisi

234 5051 347 5106 cito
378 5048 718 5112 subveneris,
760 5047 839 5119 (ἀ)
887 5047 1075 5116 religio
1105 5055 1290 5103 nostra
1337 5045 1581 5114 deficiet;
1632 5057 1688 5104 et
1715 5050 1837 5119 qui-

233 5155 458 5210 cunque
495 5155 528 5194 a
567 5138 722 5194 nobis
762 5148 848 5193 est
888 5137 1220 5207 baptizatus,
1271 5137 1595 5192 homousion
1642 5138 1839 5192 iterum

234 5231 558 5302 pradicabit
578 5230 791 5302 publice
821 5231 1230 5297 reconciliatus;
1282 5245 1383 5284 nec
1420 5231 1466 5284 si
1496 5231 1832 5299 persecutio-

235 5337 364 5377 nem
396 5321 632 5378 volueris
651 5320 947 5383 concitare,
973 5321 1148 5378 timeri
1170 5321 1372 5392 poterit
1395 5322 1589 5390 regalis
1608 5322 1834 5377 saevitia.

243 5411 477 5468 Initum
524 5411 725 5480 quippe
770 5410 1043 5484 conferta}
1099 5411 1428 5483 stabilesque
1474 5410 1602 5466 facit
1648 5428 1843 5469 omnes

236 5504 529 5572 episcopos
556 5500 824 5570 Fulgentii
853 5503 1156 5570 praesentia.

309 5617 392 5688 (a)
425 5614 545 5682 Ms.,
580 5618 734 5673 totius
760 5615 1086 5688 quotation“,
1115 5632 1269 5688 quam
1295 5617 1433 5672 tenui
1461 5617 1640 5672 auditu
1667 5634 1843 5688 perce-

236 5683 413 5759 perat,
426 5689 608 5759 latera
633 5683 930 5741 ventitabat.

335 5757 393 5818 ὁ)
425 5754 545 5822 his”
580 5760 740 5811 nisus.

335 5764 393 5818 ὁ)
425 5764 545 5822 Μδη
580 5764 740 5811 nisus.

309 5764 391 5900 ξε)
425 5826 543 5900 Ms,
575 5830 628 5881 in
652 5831 784 5898 ipso.

306 5891 395 5968 (ά)
425 5891 542 5964 Ms.,
571 5891 809 5968 religioni
836 5904 1054 5962 nostrae,
1079 5891 1304 5966 deﬁciet.

2442 603 2599 652 terem
2621 600 2843 652 reditum
2866 615 3033 654 suum.

2015 707 2107 764 49.
2138 709 2559 779 Suggerentibus
2587 711 2712 766 talia
2745 727 2840 765 rex
2866 712 3019 780 quasi
3048 727 3242 782 magna
3292 713 3530 769 necessi-

1943 808 2059 856 tate
2111 803 2433 858 constrictus
2462 804 2704 869 assentit,
2736 812 2790 858 et
2815 804 3033 859 beatum
3055 805 3392 877 Fulgentium
3416 821 3534 862 rur-

1944 909 2064 950 sum
2090 895 2155 950 ad
2185 896 2430 950 exsilium
2453 895 2711 952 Sardinia:
2737 911 2993 952 revocare
3014 899 3309 969 compellit.
3337 899 3534 954 intem-

1943 993 2097 1057 pesta
2123 987 2283 1055 igitur
2307 996 2466 1042 nocte
2499 987 2596 1058 (sic
2633 987 2776 1042 enim
2815 1004 2912 1042 rex
2943 988 3055 1044 fieri
3078 989 3442 1063 delegaverat)
3466 989 3534 1046 ad

1943 1079 2124 1133 navim
2145 1079 2332 1134 beatus
2347 1078 2656 1148 Fulgentius
2679 1081 2876 1150 pepulo
2905 1081 3184 1150 ignorante
3202 1082 3530 1152 perducitur.

1944 1169 2052 1225 Sed
2075 1172 2348 1226 contrario
2377 1169 2506 1226 ﬂatu
2544 1173 2920 1228 resistentibus
2947 1174 3140 1238 ventis,
3194 1190 3358 1245 super
3385 1175 3535 1230 littus

1943 1272 2124 1319 tantas
2144 1280 2332 1336 passus
2359 1272 2442 1318 est
2469 1279 2671 1333 moras,
2721 1273 2779 1319 ut
2807 1281 2903 1335 per
2929 1265 3042 1320 dies
3072 1265 3333 1336 plurimos
3361 1266 3535 1322 omnis

1943 1371 2084 1428 pene
2113 1357 2240 1412 illnc
2267 1358 2456 1414 civitas
2493 1358 2831 1427 conveniret,
2875 1367 2931 1414 et
2958 1357 3024 1413 de
3054 1375 3215 1414 manu
3246 1357 3363 1430 ejus
3390 1358 3535 1414 vale-

1943 1444 2149 1501 faciens
2177 1449 2619 1502 communicaret.
2670 1445 2747 1502 lbi
2796 1457 2975 1503 autem
3002 1449 3314 1518 prophetica
3363 1450 3535 1519 gratia

1942 1553 2043 1610 per
2070 1537 2330 1609 Spiritum
2356 1547 2604 1594 sanctum
2629 1539 2881 1609 repletus,
2936 1537 3005 1611 (e)
3035 1538 3265 1594 Juliateo
3293 1541 3411 1596 viro
3447 1556 3535 1595 re-

1944 1631 2138 1699 ligioso
2169 1631 2327 1685 nimis
2375 1628 2578 1683 alllicto
2617 1630 2960 1700 graviterque
2990 1645 3088 1700 pro
3113 1629 3351 1685 discessu
3391 1629 3537 1685 beati

1944 1721 2214 1795 pontiﬁcis
2257 1723 2652 1791 ingemiscenti,
2684 1722 2912 1788 Diutius,
2962 1721 3058 1788 ait,
3096 1722 3226 1779 flere
3265 1723 3395 1786 noli,
3427 1724 3538 1780 cito

1944 1825 2282 1872 revertemur
2310 1815 2378 1870 ad
2404 1832 2531 1883 vos;
2564 1816 2842 1871 catholica:
2872 1815 3125 1872 Ecclesia:
3169 1816 3419 1873 libertate
3446 1833 3538 1873 re-

1867 1895 1918 1957 B
1943 1917 2132 1982 parata
2158 1907 2408 1962 videbitis
2433 1924 2550 1962 uos.
2583 1906 2696 1962 Hoc
2725 1916 2924 1974 autem,
2947 1922 3146 1976 quasso,
3178 1920 3444 1964 secretum
3471 1901 3539 1965 sit

1946 1999 2089 2070 apud
2116 2007 2194 2065 te,
2222 2000 2371 2068 quod
2401 1999 2563 2052 nimia
2602 1999 2800 2054 caritas
2846 1997 3081 2053 indicare
3128 2013 3214 2054 me
3256 2000 3536 2070 compulit.

1946 2087 2037 2146 Sic
2082 2089 2314 2144 sollicite
2361 2104 2578 2158 semper
2628 2090 2820 2143 beatus
2861 2088 3175 2157 Fulgentius
3221 2089 3539 2158 jactantiam

1945 2179 2101 2252 fugit,
2146 2195 2250 2236 nec
2297 2180 2352 2234 in
2393 2180 2551 2234 donis
2599 2181 2932 2250 spiritalibus
2973 2180 3262 2236 humanam
3311 2179 3541 2250 gloriam
3603 2231 3605 2236 .

1946 2271 2212 2345 quaesivit,
2260 2271 2572 2329 testimonio
2608 2273 2954 2328 conscientiae
2999 2289 3108 2328 sua:
3136 2281 3442 2340 contentus,
3487 2280 3541 2331 et

1946 2368 2017 2424 de
2047 2369 2164 2424 sola
2193 2366 2562 2422 misericordia
2591 2366 2687 2421 Dei
2717 2363 2909 2422 fretus.
2943 2363 3097 2422 Unde
3125 2367 3289 2422 etiam
3317 2366 3542 2422 mirabi-

1945 2461 2019 2518 lia
2047 2459 2226 2518 facere
2252 2475 2525 2532 nunquam
2546 2459 2865 2525 delectatus,
2890 2458 3032 2515 hanc
3053 2461 3279 2530 gratiam
3303 2459 3419 2515 dari
3439 2459 3542 2518 sibi

1947 2553 2254 2610 nullatenus
2282 2551 2625 2608 desideravit.
2658 2549 2763 2606 Sed
2803 2551 2849 2606 si
2889 2551 3108 2620 quando
3132 2550 3419 2621 petebatur
3444 2565 3542 2621 pro

1946 2645 2172 2706 infirmis
2200 2651 2256 2699 et
2283 2641 2678 2710 laborantibus,
2718 2641 2805 2697 vel
2851 2642 3234 2698 necessitatem
3268 2649 3541 2711 tempora-

1946 2735 2078 2791 lium
2126 2735 2536 2792 tribulationum
2587 2728 2972 2804 tolerantibus,
3011 2733 3300 2789 Dominum
3347 2735 3543 2804 depre-

1944 2829 2084 2897 cari,
2126 2843 2317 2898 preces
2346 2843 2470 2882 snas
2497 2828 2599 2884 sub
2628 2827 2732 2884 hac
2757 2826 3046 2884 devotione
3075 2825 3374 2883 fundebat:
3400 2825 3539 2890 Scxs,

1945 2922 2174 2988 Donum,
2204 2922 2334 2994 quid
2362 2923 2663 2978 animarum
2703 2932 3014 2979 nostrarum
3043 2923 3203 2978 saluti
3232 2924 3538 2980 conveniat.

1946 3013 2304 3070 Poscentibns
2331 3028 2462 3084 ergo
2491 3013 2648 3069 nobis
2676 3013 2822 3084 quod
2860 3022 3048 3070 monet
3076 3015 3390 3082 necessitas,
3437 3014 3542 3070 hoc

1944 3105 2314 3163 misericordia
2341 3113 2434 3161 tua
2461 3105 2745 3171 concedat,
2777 3104 2918 3160 unde
2945 3105 3204 3176 spiritalis
3231 3122 3338 3162 non
3368 3105 3541 3174 impe-

1942 3197 2126 3254 diatur
2170 3197 2394 3254 utilitas.
2446 3195 2631 3254 Oratio
2677 3197 2842 3266 igitur
2882 3205 3083 3254 nostra:
3128 3197 3466 3264 humilitatis,
3495 3197 3542 3254 si

1945 3292 2185 3363 expedit,
2209 3298 2337 3348 tunc
2368 3291 2442 3346 ita
2473 3306 2506 3346 a
2531 3299 2586 3346 te
2608 3290 2950 3361 exaudiatur,
2980 3299 3041 3347 ut
3069 3289 3324 3348 voluntas
3353 3299 3442 3347 tua
3472 3292 3540 3364 (Γ)

1943 3383 2316 3455 principaliter
2341 3381 2697 3453 compleatur.
2728 3379 2798 3434 Et
2827 3379 3139 3450 frequenter
3161 3380 3376 3451 quidem
3401 3380 3543 3437 Deus

1945 3480 2294 3550 omnipotens
2339 3477 2519 3534 oranti
2564 3475 2835 3533 sacerdoti
2882 3491 2982 3532 suo
3029 3475 3199 3531 multa
3244 3476 3539 3541 concessit;

1944 3570 2046 3630 sed
2073 3571 2166 3627 ille
2191 3570 2326 3626 nihil
2353 3569 2588 3640 propriis
2618 3569 2859 3624 tribuens
2887 3567 3114 3634 meritis,
3146 3581 3334 3624 eorum
3365 3567 3542 3639 potius

1944 3665 2071 3722 fidei
2098 3680 2198 3735 pro
2225 3663 2422 3734 quibus
2461 3660 2852 3719 exaudiebatur
2875 3661 3057 3716 omnia
3094 3659 3408 3730 deputabat,
3439 3674 3540 3714 ne-

1943 3775 2053 3828 que
2079 3757 2202 3823 sibi,
2234 3756 2328 3812 sed
2357 3757 2461 3812 illis
2488 3767 2809 3811 concessum
2839 3751 2946 3810 hoc
2969 3767 3091 3809 esse
3112 3751 3345 3808 dicebat.

1944 3849 2130 3906 Carus
2161 3864 2304 3904 xxvr.
2343 3845 2496 3902 Redit
2535 3847 2590 3900 in
2629 3843 2939 3900 Sardiniam
2981 3843 3180 3897 cunctis
3221 3841 3537 3897 (tutantibus.

2021 3940 2112 3996 50.
2141 3939 2246 3994 Sed
2276 3953 2345 3993 ne
2368 3937 2460 3994 diu
2487 3950 2668 3992 moras
2706 3934 3044 4003 longissimas
3078 3933 3351 3998 faciamus,
3378 3948 3542 3988 unam

1947 4032 2064 4101 ejus
2103 4029 2426 4086 sententiam
2455 4027 2524 4083 de
2552 4026 2810 4081 faciendis
2854 4023 3191 4080 mirabilibus
3218 4024 3537 4079 inseramus.

1948 4123 2233 4189 Mirabilia,
2289 4120 2487 4186 aiebat,
2536 4135 2646 4175 non
2694 4115 2980 4174 conferunt
3027 4116 3231 4173 homini
3255 4115 3540 4185 justitiam,

1947 4217 2043 4273 sed
2067 4215 2349 4270 hominum
2394 4211 2663 4268 notitiam.
2713 4208 2968 4280 Quisquis
3007 4217 3188 4264 autem
3233 4208 3544 4265 hominibus

1947 4308 2111 4364 fuerit
2139 4314 2320 4370 notus,
2365 4305 2468 4362 nisi
2512 4302 2678 4359 fuerit
2711 4302 2909 4372 justus,
2937 4299 3008 4358 ad
3033 4309 3234 4380 :etema
3262 4300 3545 4373 perveniet

1948 4399 2211 4471 supplicia
2247 4396 2656 4454 condemnatus.
2698 4392 2795 4450 llle
2845 4409 2972 4450 vero
3021 4393 3116 4464 qui
3159 4394 3546 4450 misericordias

1950 4491 2186 4549 cmicstis
2213 4500 2380 4561 opera
2412 4485 2758 4558 jnstilicatus,
2804 4485 2860 4540 in
2907 4491 3200 4555 conspectu
3241 4483 3336 4539 Dei
3377 4484 3546 4540 solius

1950 4584 2148 4640 vixerit
2167 4583 2362 4652 justus,
2414 4580 2625 4635 etiamsi
2661 4593 2853 4649 parum
2896 4578 2968 4632 sit
3007 4576 3314 4632 hominibus
3361 4585 3546 4644 notus,

1950 4677 2111 4736 beata
2139 4681 2451 4730 sanctorum
2480 4670 2674 4740 gaudia
2705 4669 2967 4740 percipiet
2991 4675 3303 4725 coronatus.
3333 4667 3429 4722 Vir
3457 4668 3546 4736 igi-

1955 4779 2043 4826 tur
2071 4765 2332 4822 mirabilis
2375 4763 2553 4818 timuit
2597 4760 2799 4816 babere
2840 4759 3054 4816 laudem
3095 4760 3162 4814 de
3190 4758 3546 4825 mirabilibus,

1955 4857 2201 4931 quamvis
2229 4857 2306 4929 (g)
2350 4851 2598 4922 ampliori
2637 4850 2878 4921 quotidie
2909 4850 3170 4907 miraculo
3218 4850 3419 4906 faceret
3448 4865 3548 4904 ex-

1953 4949 2262 5006 hortatione
2291 4944 2628 5002 sanctissima
2648 4941 2844 4998 multos
2875 4941 3116 4998 inﬁdeles
3145 4943 3388 5008 credere,
3412 4941 3548 4995 mnis

1954 5051 2044 5097 tos
2073 5039 2354 5096 haereticos
2397 5033 2757 5102 reconciliari,
2803 5033 3004 5090 multos
3033 5033 3281 5104 pessimis
3308 5031 3549 5088 moribus

1950 5134 2166 5190 deditos
2200 5127 2545 5187 contiuentbe
2581 5125 2782 5183 faciens
2818 5125 2964 5195 leges
2993 5126 3272 5195 excipere;
3302 5121 3428 5176 dum
3449 5135 3549 5190 per

1950 5225 2074 5294 ejus
2100 5220 2454 5278 saluberrima
2479 5219 2685 5275 monita
2708 5217 3060 5274 sobrietatem
3083 5215 3356 5270 discerent
3378 5212 3547 5266 ebrio~

1948 5319 2022 5384 si,
2053 5315 2359 5372 castitatem
2386 5320 2730 5368 sectarentur
2763 5309 3017 5376 adulteri,
3067 5304 3391 5362 distribuere
3433 5320 3550 5359 om~

1953 5412 2046 5466 nia
2069 5406 2394 5480 pauperibus
2416 5403 2562 5458 avari
2585 5415 2918 5472 rapacesque
2948 5397 3306 5461 docerentur;
3341 5405 3396 5448 et
3426 5411 3548 5448 mu‘

1956 5513 2077 5559 tato
2124 5501 2431 5572 proposito,
2480 5496 2728 5566 superbis
2771 5491 3081 5558 humilitas,
3130 5489 3376 5558 litigiosis
3422 5503 3546 5556 pax,

2030 5618 2104 5689 (ε)
2323 5610 2502 5668 Chifll.
2534 5610 2695 5667 codd.
2727 5608 2837 5673 alii,
2867 5604 3092 5673 Juliteo;
3141 5604 3251 5668 alii,
3294 5602 3540 5664 Viliateo,

2030 5704 2098 5742 .er
2181 5703 2194 5742 ι
2241 5703 2319 5740 eo.

1955 5691 2098 5745 alter
2136 5690 2319 5742 Vilico.

2064 5761 2107 5832 ί)
2138 5760 2287 5832 ent.
2322 5756 2574 5832 feliciter:
2779 5820 2809 5832 ..
3044 5821 3072 5832 ,.
3098 5817 3126 5832 ..
3224 5815 3255 5832 ί.

2064 5762 2107 5832 ί)
2139 5762 2287 5822 Ληι.,
2322 5762 2561 5826 feliciter.
3061 5821 3072 5831 ι
3116 5819 3126 5830 .
3244 5815 3255 5827 ⁸

2033 5762 2110 5902 ἕρ)
2133 5828 2223 5902 Sic
2250 5844 2349 5882 ms.
2372 5825 2447 5902 ΔΑι
2476 5827 2626 5888 Ant.,
2651 5820 2904 5893 ampliora
2932 5817 3158 5891 quotidie
3183 5812 3436 5870 miracula
3467 5812 3546 5883 fa.

1954 5897 2100 5956 terit
2125 5897 2504 5953 exhortatione.
