4124 6460
593 427 699 489 M3

1762 419 1820 476 S.
1861 403 2293 475 FULGENTIUS
2333 406 2721 467 RUSPENSIS.

3781 396 3895 459 ιιι

595 541 1033 603 inobedientibus
1059 534 1366 596 obedientia
1388 532 1543 591 fieret
1570 533 1760 590 dulcis.
1785 531 2005 587 Talibus
2026 529 2186 600 plane
2215 534 2261 591 Α
2291 523 2503 580 etiamsi
2531 525 2832 577 mereretur
2861 517 3125 589 accipere,
3156 514 3341 573 dicens
3365 513 3661 570 monachos
3689 512 3898 570 debere

593 636 931 695 mirabilibus
980 634 1167 688 beatus
1200 629 1511 699 Fulgentius
1535 627 1676 696 piam
1719 639 1934 694 semper
1963 635 2184 692 Operam

592 730 762 797 dedit,
811 728 1005 797 quibus
1036 741 1219 781 secum
1250 719 1656 786 comitantibus,
1708 717 1759 771 in
1789 715 1936 771 omni
1979 714 2102 769 loco
2133 720 2188 767 et

594 827 840 890 tempore
882 819 1169 886 glnriosus,
1230 813 1442 867 favente
1493 809 1781 881 aliquando
1823 807 2000 863 sereni
2047 804 2187 860 aeris

592 914 981 984 tranquillitate
1010 910 1313 967 Sardiniam
1337 915 1660 976 reportatus,
1686 902 2048 959 exsulantium
2069 914 2190 955 coe-

591 1008 938 1078 piscnporum
969 1005 1122 1058 laetos
1152 1006 1359 1056 animos
1389 997 1639 1062 reddidit,
1675 997 1953 1066 ipsamque
1972 993 2191 1063 provin-

591 1101 752 1163 ciam,
786 1100 872 1154 cui
916 1105 1189 1151 tantorum
1233 1090 1518 1164 praesentia
1545 1089 1889 1145 sacerdotum
1919 1084 2192 1141 tribuebat

585 1187 862 1255 'ornatum,
891 1190 1190 1260 praesentia:
1214 1201 1324 1240 sum
1354 1185 1473 1239 luce
1503 1183 1629 1237 fecit
1659 1178 2024 1250 splendidam;
2057 1191 2190 1231 con-

593 1281 936 1336 currentibus
965 1278 1202 1347 undique
1229 1292 1353 1334 cum
1385 1274 1580 1343 gaudio
1605 1269 1927 1326 Christianis
1954 1265 2189 1322 homini-

593 1369 695 1427 bus
729 1371 908 1425 videre
937 1370 1194 1425 athletam
1225 1367 1428 1422 Christi
1459 1364 1832 1425 fortissimum,
1888 1359 1979 1429 qui
2011 1365 2190 1413 certa—

594 1463 738 1518 mine
767 1462 1018 1530 singulari
1043 1460 1313 1516 satvientis
1338 1459 1595 1527 impetum
1627 1454 1768 1522 regis
1814 1451 2071 1519 fregerat,
2123 1445 2194 1502 ad

594 1555 774 1610 divina
817 1563 996 1610 castra
1025 1554 1250 1608 rediisse
1279 1551 1575 1619 insignibus
1617 1547 1818 1602 laureis
1849 1545 2189 1605 adornatum,

593 1659 650 1704 et
678 1651 912 1718 antiquis
942 1648 1401 1703 commilitonibus
1446 1646 1712 1715 junctum,
1768 1649 1922 1696 tanto
1965 1637 2194 1708 amplius

594 1742 818 1808 singulis
849 1740 1160 1794 exhibuisse
1191 1737 1530 1792 laudabiliter
1569 1734 1951 1800 humilitatem,
1990 1736 2193 1800 quanto

594 1832 800 1886 sciebat
827 1846 978 1885 suam
1026 1831 1146 1895 plus
1193 1830 1454 1884 enituisse
1495 1828 1770 1891 virtutem,
1823 1838 2032 1878 memor
2078 1822 2196 1876 sine

2291 618 2356 673 iis
2373 632 2492 687 quae
2509 614 2818 685 acceperint
2840 627 2958 669 esse
2981 619 3286 667 contentos.
3306 608 3572 665 Caeterum
3590 607 3682 678 qui
3699 607 3800 662 sibi
3817 605 3894 679 (c)

2293 718 2580 778 antequam
2611 707 2879 776 accipiant
2909 712 3119 776 petunt,
3153 703 3435 759 desideriis
3465 701 3642 756 adhuc
3670 699 3902 755 carnali-

2291 802 2393 856 bus
2423 802 2684 863 serviunt,
2732 807 2787 854 et
2818 799 3039 854 omnino
3066 813 3175 853 non
3205 795 3444 868 perfecte
3489 795 3557 850 de
3584 793 3904 850 cmlestibus

2294 895 2552 963 cogitant,
2585 893 2825 964 quandiu
2845 892 2972 962 quid
3001 891 3103 946 sibi
3129 890 3491 947 necessarium
3513 889 3600 954 sit,
3645 888 3748 960 ipsi
3768 887 3902 954 sibi,

2294 986 2419 1054 quia
2450 1001 2556 1040 non
2581 991 2808 1056 possunt
2833 981 3178 1053 negotiando,
3218 980 3452 1054 petendo
3494 981 3685 1035 saltem
3713 979 3909 1050 provi-

2295 1075 2428 1132 dere
2470 1077 2746 1131 festinant.
2789 1075 2914 1130 lllos
2965 1090 3182 1145 quoque
3227 1088 3388 1129 veros
3433 1087 3556 1127 esse
3596 1069 3910 1125 monachos

2293 1169 2507 1226 dicebat
2535 1170 2646 1240 qui,
2672 1168 3008 1224 mortificatis
3035 1168 3114 1239 (ά)
3142 1165 3510 1222 voluntatibus
3539 1164 3669 1229 suis,
3717 1160 3902 1234 parati

2296 1269 2482 1318 essent
2507 1262 2640 1316 nihil
2669 1261 2806 1316 velle
2833 1268 2924 1314 aut
2947 1259 3127 1324 nolle;
3157 1257 3252 1313 sed
3281 1257 3489 1312 abbatis
3517 1251 3901 1310 tantummodo

2297 1354 2520 1410 consilia
2569 1353 2653 1408 vel
2701 1361 2968 1422 praecepta
3015 1366 3252 1406 servare.
3302 1347 3597 1419 Propterea
3643 1347 3763 1401 sine
3803 1358 3913 1399 suo

2299 1446 2526 1502 consilio
2570 1460 2671 1499 nec
2699 1460 2821 1500 eum
2853 1443 3070 1498 fratrem
3110 1442 3199 1511 qui
3230 1440 3501 1512 praepositi
3527 1439 3751 1508 gerebat
3777 1434 3909 1491 offi-

2299 1539 2462 1606 cium,
2511 1538 2721 1594 sinebat
2762 1537 2963 1605 aliquid
3006 1547 3186 1603 agere.
3221 1533 3558 1587 Laborantes
3609 1529 3812 1584 fratres
3851 1534 3914 1582 et

2301 1650 2467 1706 Opera
2488 1634 2726 1689 carnalia
2747 1631 3034 1687 indefessis
3058 1629 3262 1684 viribus
3290 1635 3630 1690 exercentes,
3655 1621 3913 1679 lectionis

2301 1737 2483 1784 autem
2514 1727 2750 1783 studium
2799 1741 2907 1780 non
2958 1724 3238 1787 habentes,
3292 1721 3470 1774 minus
3499 1717 3775 1786 diligebat,
3806 1729 3912 1770 nec

2275 1819 2510 1874 honore
2541 1817 2776 1872 maximo
2805 1816 2997 1885 dignos
3019 1813 3318 1884 judicabat.
3349 1811 3407 1866 ln
3430 1826 3538 1880 quo
3561 1816 3744 1864 autem
3775 1806 3908 1862 fuis-

596 1925 759 1980 dubio
784 1923 1076 1994 Scriptura:
1124 1924 1392 1978 monentis
1417 1942 1430 1975 :
1456 1921 1585 1985 Fili,
1636 1931 1825 1992 quanto
1867 1935 2087 1990 magnus
2115 1933 2191 1981 es,
2224 1919 2272 1981 Β
2300 1922 2386 1969 set
2409 1912 2649 1968 scientia:
2669 1910 2925 1981 spiritalis
2951 1907 3191 1970 affectus,
3210 1905 3421 1961 etiamsi
3451 1905 3648 1958 virtute
3664 1900 3904 1972 corporis

599 2016 812 2069 humilia
843 2025 892 2070 te
919 2018 975 2070 in
1003 2015 1260 2081 omnibus,
1299 2025 1348 2069 et
1377 2033 1554 2070 coram
1574 2013 1687 2068 Deo
1714 2014 1942 2067 invenies
1971 2011 2198 2082 gratiam

599 2102 788 2177 (Eccli.
821 2122 897 2169 nl,
931 2105 1043 2175 20).

600 2196 782 2252 CAPUT
813 2215 979 2254 xxvii.
1012 2196 1219 2253 Novum
1259 2199 1330 2252 ibi
1361 2201 1612 2254 construit
1650 2199 2040 2254 monasterium.
2077 2195 2203 2251 Veri

1149 2271 1392 2324 monachi
1421 2272 1506 2343 qui
1529 2272 1656 2325 sint.

673 2359 760 2413 5L
790 2359 971 2416 Noluit
1000 2362 1162 2432 plane
1203 2360 1315 2430 jam
1345 2361 1534 2415 beatus
1563 2359 1876 2430 Fulgentius
1922 2361 1976 2414 in
2021 2359 2204 2429 priore

602 2455 764 2510 domo
791 2455 974 2510 multis
998 2455 1254 2509 fratribus
1279 2454 1665 2508 comitantibus
1690 2453 1891 2508 diutius
1916 2452 2160 2507 habitare
2185 2469 2199 2504 :

602 2546 700 2602 sed
721 2545 877 2614 juxta
905 2546 1184 2601 basilicam
1215 2546 1387 2601 sancti
1415 2546 1667 2617 martyris
1688 2545 1987 2616 Saturnini,
2015 2543 2205 2614 procul

604 2651 638 2690 a
658 2637 885 2706 strepitu
901 2637 1136 2692 civitatis
1159 2646 1441 2692 vacantem
1467 2637 1744 2706 reperiens
1762 2637 1958 2701 locum,
1979 2634 2206 2707 (a)Bru—

605 2728 777 2782 tnasio
830 2727 906 2799 (b)
954 2727 1276 2782 Calaritana:
1331 2728 1564 2784 civitatis
1616 2728 1857 2783 antistite
1910 2727 2205 2782 venerabili

604 2819 776 2889 prius,
806 2820 946 2874 sicut
971 2819 1172 2888 decuit,
1203 2821 1500 2890 postulato,
1551 2835 1752 2876 novum
1781 2820 2014 2890 propriis
2055 2834 2204 2876 sum-

604 2910 786 2980 ptibus
833 2912 1223 2966 monasterium
1276 2911 1580 2968 fabricavit.
1627 2911 1687 2967 In
1716 2927 1824 2982 quo
1852 2911 2206 2981 quadraginta

604 3013 663 3056 et
701 3004 930 3073 amplius
973 3005 1229 3060 fratribus
1277 3005 1640 3076 congregatis,
1681 3006 1977 3076 disciplima
2024 3021 2209 3061 caeno-

605 3093 762 3149 bialis
790 3094 1038 3150 ordinem
1067 3095 1356 3151 custodivit
1382 3097 1628 3163 illaesum,
1652 3097 1857 3151 nemini
1885 3096 2020 3150 dans
2039 3096 2207 3152 licen-

605 3187 739 3242 tiam
757 3188 1109 3257 professionis
1129 3199 1329 3243 sancta:
1353 3189 1912 3260 regulamprazterire,
1940 3187 2036 3243 sed
2058 3187 2208 3258 prin-

2300 2006 2588 2063 destitutus
2633 2003 2850 2073 operari
2896 2001 3143 2057 manibus
3169 2011 3446 2067 nunquam
3489 2002 3693 2065 posset,
3739 1992 3809 2048 ab
3834 2006 3892 2047 eo

2302 2097 2652 2170 peculiariter
2679 2095 2982 2151 habebatur
3007 2092 3235 2147 dilectus
3262 2096 3317 2144 et
3343 2096 3546 2158 gratus.

2377 2190 2466 2247 5'5.
2496 2191 2726 2246 Amabat
2753 2196 2934 2243 autem
2957 2184 3175 2256 quando
3203 2198 3388 2239 coram
3437 2178 3691 2235 fratribus
3720 2176 3908 2247 dispu-

2305 2286 2478 2354 tabat,
2509 2285 2555 2340 si
2581 2284 2703 2354 quis
2726 2282 2777 2337 ei
2812 2279 3140 2350 quaestiones
3167 2274 3541 2348 proposuisset
3590 2269 3909 2336 acerrimas,

2305 2379 2364 2432 in
2392 2376 2587 2446 quibus
2615 2370 3077 2429 excellentissimo
3116 2367 3390 2421 laboraret
3417 2362 3653 2432 ingenio,
3688 2359 3916 2415 licebato

2309 2484 2416 2540 que
2444 2468 2770 2537 generaliter
2791 2465 3042 2522 omnibus
3071 2462 3326 2517 fratribus
3356 2460 3519 2515 etiam
3557 2454 3916 2512 natura’sim-

2307 2561 2558 2633 plicibus,
2591 2574 2851 2630 parumve
2881 2555 3331 2625 intelligentibus,
3351 2550 3496 2606 unde
3511 2550 3715 2605 vellent
3741 2554 3916 2602 mter-

2307 2669 2531 2724 rogare;
2564 2669 2663 2708 nec
2690 2653 3005 2723 priusquam
3034 2647 3367 2702 satisfactum
3397 2644 3498 2699 sibi
3528 2641 3918 2697 confiterentur

2312 2751 2582 2804 rationem
2626 2746 2855 2802 reddere
2883 2745 3056 2799 victus
3100 2741 3260 2796 tredio
3293 2739 3377 2794 vel
3407 2738 3594 2792 labore
3641 2733 3911 2790 cessabat.

2312 2842 2445 2898 Erat
2473 2843 2616 2898 enim
2663 2842 2900 2895 maxima
2929 2839 2979 2894 ei
3008 2845 3065 2892 et
3091 2834 3354 2892 mirabilis
3397 2833 3587 2902 gratia,
3638 2829 3915 2899 corripere

2314 2935 2586 3004 inquietos
2614 2933 2778 2988 corde
2806 2929 3116 3000 tranquillo,
3169 2929 3244 2982 ita
3271 2935 3331 2981 ut
3361 2935 3488 2979 tunc
3508 2923 3676 2992 magis
3698 2918 3915 2991 quando

2274 3054 2276 3056 ·
2314 3029 2608 3100 putabatur
2635 3026 2704 3080 ab
2733 3026 2852 3080 aliis
2899 3024 3251 3078 vehementer
3283 3020 3462 3082 irasci,
3512 3033 3714 3073 summa
3757 3017 3814 3070 in
3851 3029 3913 3070 eo
3968 3067 3982 3074 ,

2315 3120 2523 3188 vigeret
2550 3124 2915 3186 regnaretque
2942 3112 3247 3185 placiditas,
3279 3120 3336 3167 et
3363 3113 3481 3165 sine
3506 3105 3920 3178 perturbatione

2312 3211 2631 3284 perturbato
2660 3210 2849 3265 similis
2891 3208 3093 3263 multos
3124 3206 3267 3262 male
3299 3213 3518 3273 agentes
3544 3197 3765 3256 salutari
3799 3197 3918 3250 im-

608 3280 858 3377 fil’a'i‘er
885 3279 993 3334 hoc
1019 3279 1416 3377 9959"“de
1441 3280 1721 3377 Ψοηθθξξίῗ
1749 3280 1986 3377 ῖῗθίξεῗηδθ
2011 3288 2072 3334 ut
2091 3280 2210 3377 “"1:
2238 3294 2286 3357 C
2315 3279 2448 3377 petu
2476 3302 2848 3374 perturbabat.
2880 3297 3080 3354 Odiens
3105 3299 3250 3353 enim
3290 3298 3439 3363 vitia,
3483 3293 3704 3362 diligens
3726 3289 3920 3345 homi-

609 3371 696 3425 lus
735 3386 922 3425 eorum
961 3371 1256 3440 quidquam
1296 3372 1574 3441 proprium
1613 3371 1716 3424 sibi
1745 3370 2064 3436 vindicaret,
2112 3371 2210 3426 sed

610 3471 791 3517 essent
819 3461 1069 3516 omnibus
1097 3462 1278 3517 omnia
1315 3465 1642 3518 communia.
1675 3462 1899 3517 Dicebat
1926 3463 2070 3517 enim
2099 3461 2209 3518 fre-

609 3562 858 3624 quenter,
903 3569 1006 3610 nec
1033 3554 1254 3620 debere,
1284 3569 1387 3610 nec
1411 3570 1572 3626 posse
1599 3555 1920 3610 monachum
1956 3554 2206 3624 judicari,

609 3644 699 3698 cui
723 3643 973 3699 voluntas
1000 3645 1204 3701 habere
1244 3648 1514 3716 privatum
1543 3646 1813 3717 peculium
1857 3648 2208 3718 persuaserit.

611 3735 684 3791 Ut
711 3738 854 3791 enim
882 3740 1180 3796 monachus
1217 3739 1538 3795 lautioribus
1565 3738 1790 3795 forsitan
1839 3740 1978 3796 cibis
2003 3747 2208 3806 utatur,

608 3827 884 3883 interdum
912 3832 1056 3898 cogit
1082 3830 1366 3884 infirmitas
1405 3832 1680 3902 corporis;
1730 3841 1790 3887 ut
1817 3841 2002 3886 autem
2030 3833 2212 3903 cupiat

607 3923 663 3976 in
693 3921 991 3990 quamlibet
1019 3923 1229 3993 exiguis
1266 3923 1430 3979 rebus
1471 3924 1609 3994 juris
1655 3926 1864 3996 proprii
1910 3926 2210 3982 dominium

607 4013 920 4077 vindicare,
969 4016 1217 4085 superba:
1259 4015 1554 4072 voluntatis
1600 4024 1657 4072 et
1697 4032 1873 4072 avara:
1903 4019 2214 4089 cupiditatis

609 4106 830 4162 evidens
861 4109 1231 4163 testimonium
1252 4119 1356 4166 est.
1383 4111 1750 4166 Distribuebat
1771 4112 1930 4182 plane
1951 4113 2066 4184 ipse
2088 4129 2211 4169 cum

607 4210 820 4254 summa
849 4198 1179 4254 discretione
1207 4200 1378 4254 servis
1407 4201 1502 4255 Dei
1530 4204 1840 4258 necessaria
1869 4204 1992 4259 vitae
2035 4207 2208 4260 subsi-

610 4287 720 4353 dia,
761 4290 1095 4359 singulorum
1120 4293 1266 4347 vires
1310 4292 1786 4366 infirmitatemque
1837 4300 2208 4356 considerans.

609 4377 998 4436 Verumtamen
1026 4383 1437 4455 quibuscuuque
1480 4388 1601 4456 plus
1623 4391 1834 4446 caeteris
1872 4393 2210 4457 consulebat,

609 4489 707 4562 eos
728 4473 1090 4533 humilitatem
1111 4479 1382 4534 custodire
1403 4483 1633 4552 amplius
1656 4485 2002 4551 admonebat,
2027 4487 2213 4542 dicens

609 4567 709 4633 eis,
757 4585 825 4623 na
863 4585 1186 4628 SUBS'I‘ANTIA
1231 4577 1504 4630 communi
1552 4578 1795 4648 quisquis
1841 4579 2042 4650 aliquid
2092 4580 2214 4650 plus

2317 3412 2432 3462 nes,
2469 3394 2657 3450 tandiu
2705 3408 2924 3448 severus
2967 3391 3288 3462 apparebat,
3335 3387 3572 3458 quandiu
3619 3381 3920 3452 disciplinae

2317 3488 2576 3561 spiritalis
2602 3487 2806 3541 utilitas
2829 3485 3102 3554 exigebat.
3133 3483 3279 3537 Alias
3304 3491 3487 3536 autem
3512 3479 3655 3534 circa
3676 3475 3922 3544 singulos

2317 3581 2395 3638 ita
2422 3588 2738 3636 mansuetus
2767 3578 2886 3644 fuit,
2933 3585 2989 3632 et
3017 3576 3322 3632 communis
3349 3583 3404 3630 et
3435 3572 3624 3634 facilis,
3660 3578 3720 3624 ut
3747 3567 3924 3622 nemi-

2319 3687 2446 3727 nem
2487 3669 2714 3726 fratrum
2761 3686 2898 3742 puro
2947 3670 3165 3724 nomine
3209 3667 3532 3730 clamitaret,
3573 3658 3752 3732 neq'ue
3797 3674 3924 3715 cum

2319 3765 2490 3838 typho
2515 3765 2788 3821 smcularis
2817 3763 3204 3819 dominationis
3228 3760 3496 3830 aliquibus
3522 3755 3774 3828 quamvis
3799 3769 3924 3825 par-

2319 3858 2461 3913 vulis
2497 3858 2805 3928 imperaret.
3314 3871 3317 3874 ·

2323 3944 2510 4006 CAPUT
2541 3967 2729 4004 xxviii.
2785 3948 2914 4013 Qum
2961 3949 3228 4018 scripserit
3265 3944 3599 4018 Fulgentius.
3625 3941 3921 3997 Hildericus

2493 4038 2586 4076 rex
2618 4021 2901 4074 catholicus
2923 4015 3193 4089 episcopos
3223 4015 3285 4069 ab
3307 4015 3492 4070 exsilio
3523 4022 3748 4069 revocat.

2394 4115 2484 4171 54.
2517 4114 2742 4184 Scripsit
2771 4112 2962 4167 eodem
3003 4120 3251 4180 tempore
3295 4109 3371 4180 (ε)
3400 4105 3917 4174 Carthaginensibus

2324 4208 2610 4279 epistolam
2640 4205 2855 4261 sublimi
2883 4204 3262 4260 exhortatione
3285 4203 3647 4272 perspicuam,
3671 4200 3765 4254 ubi
3788 4214 3928 4270 pene

2325 4310 2551 4357 cunctos
2565 4300 2720 4354 dolos
2746 4307 2801 4352 et
2822 4298 3030 4353 fallacia
3059 4297 3445 4360 blandimenta,
3464 4295 3660 4364 quibus
3685 4293 3931 4348 infelices

2325 4393 2724 4450 seducebantur
2747 4392 2937 4446 animae
2964 4391 3031 4445 ad
3060 4398 3314 4455 mortem,
3345 4387 3657 4458 gravissima
3688 4386 3761 4458 (f)
3791 4400 3929 4440 con-

2325 4487 2610 4558 questione
2638 4485 2879 4554 digessit.
2913 4484 3065 4539 Tunc
3093 4483 3255 4538 etiam
3285 4482 3353 4536 de
3385 4481 3704 4537 remissione
3733 4494 3932 4550 pecca-

2326 4589 2506 4635 torum
2537 4579 2839 4634 consulenti
2871 4576 3161 4648 Eutbymio
3191 4577 3311 4629 viro
3327 4575 3579 4642 religioso
3608 4571 3821 4627 duobus
3863 4571 3931 4625 li-

609 4661 826 4731 accipit,
856 4664 1097 4719 omnium
1127 4662 1186 4717 fit
1215 4665 1449 4732 debitor,
1481 4683 1710 4737 quorum
1741 4678 1824 4725 est
1845 4671 1934 4725 illa
1955 4671 2208 4726 substan-
2235 4681 2295 4742 ῐ)
2322 4673 2479 4728 bellis
2508 4672 2626 4726 sine
2656 4686 2810 4727 mora
2838 4669 3136 4741 respondit.
3164 4668 3497 4723 Testimonia
3529 4680 3747 4736 quoque
3792 4680 3932 4736 prte-

609 4755 687 4808 tia
713 4773 725 4808 :
751 4770 916 4824 porro
941 4755 1238 4814 debitorem
1268 4760 1383 4815 sola
1400 4759 1554 4830 juvat
1574 4761 1868 4820 humilitas.
1891 4764 1984 4818 Sic
2011 4761 2213 4818 efficie-

606 4846 702 4904 bat
739 4859 827 4904 'ne
856 4851 978 4920 quis
1005 4852 1317 4907 scandalum
1346 4862 1647 4924 pateretur,
1701 4856 1918 4925 quando
1959 4857 2051 4910 uni
2081 4871 2211 4925 pro-

606 4953 729 5014 pter
757 4943 1123 5000 infirmitatem
1152 4947 1274 5017 plus
1303 4947 1433 5002 dare
1459 4949 1757 5004 videbatur.

555 5033 559 5036 ’
682 5034 769 5088 52.
813 5033 946 5090 Erat
991 5051 1204 5107 quoque
1249 5039 1302 5094 ei
1346 5037 1513 5094 nimia
1556 5039 1861 5095 sollicitudo
1911 5041 2209 5109 praevenire

607 5135 927 5182 cunctorum
957 5129 1351 5184 monachorum
1397 5133 1704 5201 petitiones,
1751 5140 1877 5187 ante
1923 5133 2210 5190 tribuendo

607 5215 864 5285 quidquid
894 5218 1236 5275 tribuendum
1261 5220 1484 5274 cuilibet
1510 5221 1592 5274 vel
1614 5223 1925 5288 necessitas,
1953 5224 2040 5278 vel
2069 5225 2210 5280 ratio

605 5307 893 5364 manifesta
919 5313 1266 5367 monstraret.
1299 5311 1355 5366 Si
1393 5312 1514 5381 quis
1559 5319 1736 5367 autem
1778 5317 2213 5387 prmsumpsisset

606 5400 920 5470 priusquam
979 5405 1249 5474 acciperet
1293 5410 1510 5472 petere,
1558 5405 1790 5474 negabat
1839 5408 1888 5462 ei
1931 5409 2212 5475 continuo,

681 5625 760 5699 (α)
786 5627 869 5683 Ex
895 5624 1071 5681 Chifll.
1107 5621 1362 5677 Brimasio
1394 5621 1569 5679 ferunt
1599 5628 1876 5696 nonnulli;
1906 5631 2018 5698 alii,
2053 5628 2220 5686 Vilia-

609 5706 719 5762 teo;
751 5701 907 5763 alter,
945 5697 1131 5750 Vilico.

704 5766 754 5833 b)
781 5769 980 5832 Chifll.,
1014 5765 1353 5819 Caralitanw.

704 5769 754 5833 b)
781 5769 980 5832 Chifll.,
1014 5769 1353 5819 Caralitanw.

679 5769 750 5910 ἒς)
785 5841 934 5900 Ant.,
963 5837 1050 5908 qui
1076 5833 1173 5888 sibi
1202 5836 1316 5906 plus
1348 5855 1496 5908 quam
1531 5839 1816 5912 indigeant.

680 5913 758 5969 id)
792 5909 911 5965 Ms..
941 5907 1284 5962 vetustatibus
1308 5926 1434 5962 sms.

2323 4764 2698 4819 destinationis
2750 4772 2806 4818 et
2853 4762 3039 4832 gratia:
3088 4761 3192 4832 (g)
3239 4758 3570 4814 differentias
3621 4757 3928 4825 cupientem

2322 4873 2482 4912 nosse
2525 4857 2816 4913 salubriter
2860 4855 3144 4926 disputans
3191 4852 3393 4908 docuit.
3449 4850 3567 4906 Jam
3637 4849 3934 4903 familiares

2323 4949 2606 5020 epistolas,
2639 4950 2690 5004 in
2717 4948 2914 5018 quibus
2943 4955 3124 5002 tamen
3156 4945 3414 5016 spiritalis
3441 4941 3726 4999 aedificatio
3755 4941 3936 4996 conti-

2325 5053 2508 5112 netur,
2539 5053 2595 5099 et
2623 5044 2696 5099 ibi
2737 5042 2877 5113 apud
2903 5041 3208 5096 Sardiniam
3253 5035 3741 5099 commanentibus,
3793 5042 3852 5088 et
3881 5033 3935 5087 in

2325 5135 2506 5191 Africa
2527 5134 2865 5204 degentibus,
2892 5142 2947 5188 et
2962 5132 3243 5200 Romanis,
3269 5130 3540 5202 praecipue
3565 5125 3930 5189 senatoribus,

2325 5227 2610 5298 viduisque
2641 5243 2703 5282 ac
2729 5226 3043 5295 virginibus,
3088 5240 3314 5295 quarum
3345 5222 3485 5276 fama
3515 5217 3797 5275 laudabilis
3825 5215 3933 5270 ha-

2324 5321 2586 5386 bebatur,
2643 5319 2956 5389 frequenter
2993 5318 3210 5372 direxit.
3261 5316 3341 5370 Ad
3387 5313 3618 5369 Probam
3664 5311 3934 5379 virginem

2332 5410 2552 5478 Christi,
2587 5411 2658 5465 de
2681 5408 2895 5476 Jejunio
2921 5416 2977 5464 et
3003 5407 3261 5464 Oratione
3283 5407 3420 5464 duos
3448 5405 3658 5462 libellos
3685 5401 3936 5458 conscri-

2406 5630 2478 5703 (ε)
2511 5629 2587 5703 De
2614 5632 2721 5686 hoc
2742 5645 2908 5701 opere
2932 5633 2987 5686 in
3016 5633 3140 5685 Ant.
3173 5627 3409 5703 editione
3438 5627 3492 5681 in
3519 5642 3614 5703 ora
3640 5625 3760 5680 libri
3788 5623 3934 5679 scri-

2329 5697 2666 5776 bitur,_Puto
2688 5697 2801 5755 cani
2830 5719 3118 5776 essequam
3143 5699 3212 5753 ad
3233 5699 3497 5753 Donatum
3527 5697 3788 5753 habemus.

2407 5774 2478 5845 (f)
2501 5772 2747 5845 Ms.,cum
2775 5772 3076 5845 quaestione.

2403 5843 2562 5916 (g)1n
2587 5860 2717 5913 ms.,
2747 5843 3061 5916 iii/ferentia.
