4074 6454
170 441 288 498 145

1577 432 2102 492 PROLEGOMENA.

3362 424 3458 477 146

167 559 313 632 psit.
347 558 425 630 (a)
450 557 529 612 lta
558 572 787 629 namque
815 557 992 612 notior
1029 555 1126 611 fuit
1153 570 1294 627 pene
1318 554 1565 609 omnibus
1593 553 1765 622 genti-
1793 552 1848 612 Α
1871 558 1928 605 et
1947 549 2283 620 praecedens,
2315 543 2687 606 confessbrum
2716 548 2998 602 beatorum
3021 544 3349 612 triumphum
3369 555 3461 596 no-

169 651 284 710 bus
329 658 388 706 ut
433 651 595 706 etiam
631 651 706 706 illi
744 651 850 706 duo
889 651 1011 705 libri
1039 665 1175 720 quos
1213 649 1443 705 Faustus
1489 649 1772 719 episcopus

171 741 482 803 Galliarum
511 756 698 800 contra
737 745 962 815 gratiam
1008 743 1234 800 subdolo
1259 757 1510 799 sermone
1548 755 1771 813 compo-

178 837 318 904 suit,
347 836 534 892 favens
568 837 778 892 occulte
801 836 1122 906 Pelagianis,
1150 835 1246 891 sed
1269 834 1570 891 catholicus
1592 840 1776 889 tamen

86 964 118 1002 ,ι
179 929 382 986 volens
409 927 598 992 videri,
631 927 1095 998 Constantinopoli
1137 925 1353 982 offensis
1395 925 1640 997 plurimis
1665 924 1776 981 fra-

179 1021 382 1084 tribus,
413 1018 480 1074 ad
502 1018 719 1074 beatum
747 1017 1085 1088 Fulgentium
1111 1015 1376 1088 probandi
1395 1017 1771 1087 dirigerentur.

176 1111 415 1179 Quibus,
461 1125 529 1165 ne
575 1109 846 1165 occultum
889 1117 1132 1180 serperet
1159 1110 1323 1175 virus,
1370 1117 1580 1180 septem
1625 1107 1776 1165 libris

175 1203 304 1274 ipse
330 1200 626 1272 respondit,
656 1201 776 1271 plus
801 1201 1052 1257 laborans
1071 1215 1343 1273 exponere
1370 1215 1533 1270 quam
1553 1199 1776 1254 convin-

175 1307 334 1358 cere,
367 1291 491 1363 quia
535 1290 727 1347 dubios
756 1287 1034 1348 sermones
1064 1291 1180 1362 ejus
1203 1304 1496 1362 exponere,
1526 1290 1633 1345 hoc
1657 1296 1778 1346 erat

174 1383 470 1440 delirantis
493 1390 810 1451 argumenta
836 1381 1178 1438 convincere.

255 1461 352 1528 55.
375 1473 597 1543 Magnus
642 1473 802 1544 plane
852 1473 1009 1542 hujus
1058 1473 1236 1544 operis
1277 1473 1428 1529 labor
1469 1472 1776 1529 mercedem

174 1569 427 1625 debitam
455 1569 564 1624 cito
593 1567 847 1638 suscepit.
875 1565 1001 1622 Mox
1023 1567 1167 1622 enim
1187 1575 1247 1622 ut
1266 1575 1350 1622 est
1367 1566 1590 1622 dictatio
1611 1566 1779 1636 ipsius

179 1661 344 1716 ﬁnita
368 1702 383 1727 ,
431 1659 678 1731 protinus
727 1667 810 1715 est
855 1659 1178 1729 longissimae
1221 1657 1545 1728 captivitatis
1588 1664 1807 1712 catena

186 1753 454 1821 disrupta.
485 1749 627 1807 Mors
651 1751 794 1806 enim
831 1749 1184 1805 Trasamundi
1227 1750 1390 1818 regis,
1441 1756 1496 1804 et
1523 1749 1780 1804 mirabilis

189 1844 412 1902 bonitas
431 1841 679 1899 Hilderici
703 1857 938 1912 regnare
958 1842 1282 1913 incipientis,
1313 1841 1566 1897 Ecclesia:
1587 1842 1779 1896 catho-

1868 643 2042 698 ‘bilem
2082 642 2410 698 celebrabat.
2466 639 2749 694 Multitudo
2800 645 2978 691 autem
3019 633 3251 688 maxima
3276 631 3463 702 pOpuli

1875 736 2097 791 beatum
2127 733 2484 803 Fulgentium,
2517 746 2679 802 quem
2717 730 2838 800 plus
2880 727 3088 784 ceteris
3135 723 3461 789 honorabat,

1879 841 2209 882 concurrens
2261 826 2513 881 alacriter
2557 821 2994 894 comprimebat:
3057 817 3231 874 donec
3276 824 3465 871 sancta

1877 918 2232 992 quorumdam
2257 919 2686 974 Christianorum
2707 914 2944 987 provisio
2963 920 3142 968 rotam
3159 911 3219 966 in
3237 909 3467 967 circuitu

1875 1013 2080 1070 faciens
2121 1013 2368 1068 aestuanti
2432 1012 2660 1066 liberum
2728 1009 2998 1080 praeberet
3042 1006 3148 1060 iter
3184 1004 3241 1059 in
3285 1001 3466 1058 medio

1880 1105 2201 1161 transeunti.
2244 1102 2482 1158 Probare
2527 1112 2705 1157 tamen
2748 1099 2930 1155 adhuc
2954 1096 3217 1153 Dominus
3243 1092 3466 1164 cupiens

1877 1197 2119 1252 virorum
2141 1195 2380 1250 ﬁdelium
2408 1193 2711 1258 caritatem,
2741 1190 2975 1260 copiosis
3001 1186 3260 1243 imbribus
3287 1184 3468 1238 ambw

1879 1288 2055 1343 lantes
2081 1285 2401 1341 mirabiliter
2443 1283 2740 1338 inundavit.
2783 1280 2850 1335 Et
2887 1280 3009 1351 quis
3051 1292 3216 1350 opera
3253 1275 3468 1347 pietatis

1883 1377 1980 1448 (al.
2017 1375 2281 1446 caritatis)
2319 1388 2576 1430 enarrare
2607 1372 2786 1428 valeat
2823 1371 3024 1440 absque
3060 1366 3340 1438 dispendio
3376 1377 3468 1420 ve-

1880 1468 2102 1523 ritatis?
2148 1465 2414 1522 lmmensa
2441 1465 2622 1535 pluvia
2651 1462 2920 1518 neminem
2947 1461 3161 1527 terruit,
3193 1466 3285 1513 aut
3312 1457 3469 1511 obse-

1881 1558 2066 1627 quium
2089 1555 2163 1629 (c)
2193 1554 2463 1611 sacerdoti
2482 1554 2737 1621 religioso
2757 1551 3001 1622 praebere
3020 1547 3330 1620 prohibuit;
3361 1547 3469 1600 imo

1881 1649 2082 1720 potius,
2115 1646 2266 1702 velut
2302 1645 2682 1701 benedictione
2719 1642 2930 1700 caalesti
2973 1640 3205 1710 desuper
3246 1636 3470 1693 de‘scen-

1883 1737 2064 1804 dente,
2096 1745 2302 1792 tantum
2325 1736 2460 1791 ﬁdes
2487 1735 2748 1790 nobilium
2777 1731 2973 1800 crevit,
3012 1739 3074 1786 ut
3106 1728 3335 1801 planetis
3361 1727 3473 1782 suis

1885 1845 2046 1897 super
2071 1831 2290 1885 beatum
2325 1828 2667 1897 Fulgentium
2694 1834 2970 1896 gratanter
2998 1823 3278 1894 expansis,
3307 1819 3474 1891 repel-

183 1935 313 1992 licae
357 1952 452 2006 per
494 1936 728 1992 Africam
773 1936 1077 1992 constitutae
1117 1935 1420 1990 libertatem
1466 1934 1778 1998 restituens,
1810 1927 1862 1987 B
1884 1921 2300 1986 Ῑθΐθηῐίωῢτθεν
2332 1930 2390 1974 θῑ
2415 1937 2618 1977 novum
2645 1919 2976 1975 tabernam“
3000 1932 3168 1987 genus
3188 1913 3475 2006 ἓηίίξοίοεέ

181 2025 606 2094 Carthaginensi
651 2026 796 2097 plebi
857 2026 1134 2096 proprium
1189 2025 1410 2081 donavit
1462 2023 1776 2088 antistitem,

182 2117 508 2186 cunctisque
538 2118 590 2171 in
618 2117 752 2173 locis
777 2116 1146 2174 ordinationes
1173 2115 1489 2188 pontificum
1517 2115 1632 2170 ﬁeri
1665 2114 1778 2170 cle-

187 2209 528 2264 mentissima
559 2208 880 2264 auctoritate
907 2208 1204 2264 mandavit.

189 2317 376 2377 Carm
407 2337 556 2376 xxxx.
601 2319 910 2390 Fulgentius
949 2320 1482 2390 honorificentissime
1504 2319 1783 2390 suscipitur

265 2339 376 2377 ηινησι·
407 2339 556 2376 xx1x.
601 2339 706 2375 rut
740 2339 910 2375 enuus
949 2339 1469 2390 uonortpcenusstme
1504 2339 1783 2387 suscipitur

265 2402 318 2446 et
364 2392 653 2462 deducitur.
704 2339 1016 2462 lga'arthagine
1053 2389 1332 2462 egreditur.
1385 2385 1574 2462 Oblata
1600 2388 1783 2462 Agloria‘

266 2462 443 2516 reddit
469 2461 805 2531 Fulgentium
842 2458 1186 2531 humiliorem.
1229 2459 1518 2531 Monachos
1542 2458 1780 2531 ministe-

261 2535 360 2587 riis
401 2528 764 2586 ecclesiasticis
798 2529 1025 2584 adhibet.
1072 2529 1304 2601 Insignis
1344 2530 1456 2599 ejus
1497 2528 1780 2601 humilitas.

265 2603 538 2658 Plurimus
577 2603 789 2672 scripsit
834 2601 1074 2655 homilias
1116 2598 1396 2672 acjtabuit
1422 2614 1679 2672 sermones
1714 2598 1786 2650 ad

268 2676 536 2745 populum.
573 2668 714 2726 Libri
743 2671 919 2745 decem
945 2681 1128 2745 contra
1161 2669 1473 2745 Fabianum:
1507 2668 1650 2745 Libri
1681 2678 1786 2721 tres

197 2759 199 2761 ‘
267 2740 594 2798 'de'Veritate
621 2742 1094 2812 prwdestinationis
1122 2749 1172 2812 e_t
1198 2741 1401 2812 gratiaa.
1431 2740 1544 2812 ξαρ
1567 2745 1787 2812 mortem

268 2816 496 2869 maxime
522 2829 577 2866 se
618 2808 709 2866 dat
738 2813 1067 2882 pwniteutiar.
1132 2808 1373 2882 Precatio
1420 2808 1696 2882 Fulgentii
1729 2809 1786 2860 in

277 2886 490 2938 summis
518 2895 569 2937 et
595 2879 865 2937 acerrimis
892 2881 1176 2936 doloribus.
1233 2879 1539 2950 Fulgentius
1568 2879 1785 2950 moritu-

275 2971 366 3010 rus
399 2954 658 3008 distribuit
679 2954 854 3007 omnia
884 2951 1212 3022 pauperibus.
1243 2948 1476 3022 Moritur
1497 2949 1559 3003 S.
1589 2949 1788 3022 episco-

274 3042 392 3096 pus.
423 3024 553 3096 Ejus
581 3017 923 3096 honoriﬁcum
958 3017 1365 3096 monumentum.
1425 3017 1786 3072 Mauri'Rus-

272 3091 434 3151 pense
462 3091 777 3149 territorium
810 3091 1142 3164 populantur.

273 3186 472 3242 Beatus
511 3186 694 3254 itaque
721 3184 1052 3253 Fulgentius,
1073 3191 1356 3254 postquam
1383 3181 1654 3251 sapienter
1690 3194 1786 3234 ex-

1884 2012 2114 2069 caritate
2142 2018 2535 2080 componerent
2559 2028 2572 2064 :
2607 2010 2908 2066 imitatores
2933 2023 3122 2076 eorum
3148 2004 3324 2060 eﬂ'ecti
3359 2003 3472 2073 qui,

1883 2103 2158 2175 prioribus
2184 2102 2550 2172 temporibus,
2597 2099 2864 2156 Salvatori
2891 2113 3054 2169 super
3079 2096 3286 2167 pullum
3312 2094 3477 2150 asina:

1883 2193 2206 2260 considenti,
2230 2201 2286 2248 et
2308 2192 2737 2263 Hierosolymam
2764 2189 3038 2255 venienti,
3061 2188 3360 2242 vestimenta
3381 2200 3479 2238 sua

1887 2287 2049 2362 (sicut
2073 2285 2428 2355 Evangelium
2458 2285 2720 2356 loquitur)
2743 2287 2798 2339 in
2825 2285 2908 2338 via
2927 2280 3230 2338 sternebant
3259 2278 3474 2351 (Matth.

1885 2394 1997 2444 xxi,
2024 2376 2100 2448 8).
2133 2375 2264 2431 Tale
2284 2377 2484 2446 quippe
2511 2374 2713 2444 aliquid
2740 2381 2797 2430 et
2818 2373 2906 2428 isti
2926 2371 3214 2437 faciebant,
3238 2369 3330 2439 qui
3355 2379 3477 2437 pro-

1885 2470 2021 2541 priis
2050 2466 2381 2523 indumentis
2405 2468 2552 2522 beati
2580 2465 2849 2536 Fulgentii
2877 2462 3076 2519 nudum
3105 2468 3269 2531 caput
3289 2458 3479 2513 unani-

1887 2559 2048 2613 miter
2065 2557 2442 2628 protegebant.
2475 2556 2578 2612 Vix
2601 2570 2730 2625 ergo
2753 2553 3214 2626 appropinquante
3234 2561 3479 2618 vespere,

1890 2659 2092 2708 sanctas
2137 2651 2412 2706 memoria:
2456 2647 2734 2704 Bonifacio
2785 2646 3040 2717 episcopo
3088 2639 3478 2712 reprteseutati,

1889 2740 2286 2798 benedixerunt
2344 2753 2532 2794 omnes
2587 2745 2643 2793 et
2702 2737 3056 2792 laudaverunt
3125 2727 3481 2787 communiter

1892 2833 2082 2888 Deum.
2117 2829 2266 2885 Tunc
2289 2829 2481 2884 beatus
2507 2828 2822 2897 Fulgentius
2842 2840 2941 2896 per
2968 2836 3158 2886 omnes
3184 2821 3333 2876 vicos
3359 2816 3482 2872 Car-

1890 2919 2225 2990 thaginensis
2253 2919 2488 2974 civitatis
2516 2918 2822 2988 ubicunque
2853 2915 3117 2971 transibat
3153 2910 3397 2966 manibus
3429 2917 3484 2965 et

1896 3014 2066 3070 oculis
2094 3013 2592 3077 demonstrabatur,
2637 3009 2992 3078 laudibusque
3020 3005 3312 3064 innumeris
3349 3017 3483 3073 prae-

1893 3103 2193 3160 dicabatur.

1968 3193 2063 3248 57.
2095 3193 2387 3264 Postquam
2413 3207 2543 3247 vero
2572 3192 2764 3247 domos
2791 3190 3031 3246 omnium
3060 3186 3395 3256 diligentiam
3425 3196 3486 3238 se

201 3285 504 3355 pugnasset
527 3275 849 3346 Pelagianos
873 3317 889 3342 ,
929 3276 1228 3331 laetiticatos
1255 3274 1452 3329 meruit
1478 3273 1662 3327 videre
1694 3286 1789 3327 ca-

1900 3288 1981 3362 (d)
2010 3287 2256 3342 concitus
2282 3285 2536 3350 visitavit,
2569 3282 2861 3346 benedixit,
2893 3289 2949 3337 et
2975 3279 3212 3350 gaudere
3240 3277 3487 3345 dignatus

203 3373 459 3429 tholicos.
518 3369 682 3436 Inde,
733 3369 1024 3426 secundum
1069 3367 1212 3439 quod
1258 3382 1356 3438 per
1397 3381 1519 3421 eum
1564 3364 1796 3436 Spiritus

204 3473 428 3522 sanctus
453 3463 776 3535 praedixerat
801 3501 817 3526 ,
867 3477 1114 3518 reversus
1156 3470 1239 3516 est
1267 3460 1642 3528 Carthaginem
1670 3473 1795 3514 cum

207 3558 462 3614 omnibus
490 3555 991 3625 consacerdotibus,
1023 3555 1166 3611 unde
1189 3556 1334 3610 solus
1362 3557 1587 3611 exierat.
1637 3552 1794 3609 Inve-

208 3648 290 3703 nit
317 3647 489 3714 laatos,
520 3661 656 3715 quos
685 3645 976 3713 reliquerat
1003 3655 1243 3701 maestos.
1275 3646 1482 3702 Invenit
1505 3647 1669 3700 nimia
1695 3661 1792 3700 ex-

210 3735 504 3793 sultatione
543 3735 847 3796 ferventes,
899 3750 1037 3804 quos
1072 3736 1364 3805 reliquerat
1405 3736 1796 3806 persecutionis

213 3826 524 3884 violentiam
553 3824 887 3881 sufferentes.
944 3825 1153 3880 Invenit
1194 3827 1452 3882 habentes
1499 3827 1798 3897 spiritalem

215 3927 448 3992 patrem,
471 3934 608 3990 quos
628 3918 918 3988 reliquerat
938 3919 1186 3974 dolentes
1204 3917 1478 3973 viduatam
1503 3918 1800 3975 Ecclesiam

188 4038 190 4040 τ
217 4019 466 4068 matrem.
505 4011 716 4066 Invenit
751 4018 1126 4081 exspectantes
1153 4025 1212 4066 se
1237 4026 1358 4066 cum
1395 4010 1592 4081 gaudio
1619 4053 1633 4079 ,
1663 4026 1799 4081 quos

219 4103 508 4173 reliquerat
534 4108 810 4173 gementes
837 4102 892 4157 in
923 4103 1102 4158 taedio.
1273 4153 1276 4157 .
1503 4087 1508 4091 ’

186 4235 194 4246 .
292 4193 382 4249 56.
413 4194 584 4250 Tanta
613 4203 798 4250 autem
820 4191 919 4249 fuit
947 4195 1165 4251 devotio
1193 4193 1692 4265 Carthaginiensium
1721 4194 1800 4249 ci-

226 4286 368 4340 vium
395 4328 412 4354 ,
439 4287 656 4341 beatum
692 4285 1031 4356 Fulgentium
1060 4287 1300 4344 revisere
1325 4289 1655 4361 cupientium
1678 4329 1693 4354 ,
1725 4289 1802 4344 sic

224 4376 504 4433 universus
529 4377 760 4448 populus
783 4378 1133 4448 exspectabat
1164 4379 1415 4435 ardenter
1450 4396 1610 4449 quem
1650 4380 1801 4437 vide-

222 4477 308 4525 rat
325 4469 378 4523 in
401 4477 692 4539 conspectu
711 4482 810 4524 suo
830 4483 1097 4539 pugnasse
1118 4469 1363 4538 viriliter,
1382 4481 1442 4526 ut
1460 4473 1581 4528 aliis
1599 4473 1806 4543 episco-

225 4561 310 4633 pis
335 4567 459 4615 ante
487 4561 662 4631 ipsum
690 4560 1170 4628 descendentibus,
1203 4563 1368 4619 silens
1393 4565 1684 4628 multitudo
1712 4580 1804 4620 su-

1899 3395 2023 3435 cum
2053 3378 2410 3448 gaudentibus
2432 3417 2447 3443 ,
2497 3377 2589 3446 qui
2618 3378 2766 3447 prius
2793 3373 3017 3430 ﬂeverat
3055 3387 3174 3428 cum
3217 3368 3488 3436 ﬂentibus,

1900 3475 2222 3524 cunctorum
2250 3467 2515 3523 desideria
2544 3467 2788 3535 satiavit,
2839 3465 2961 3520 vale
3000 3462 3203 3518 faciens
3235 3459 3489 3514 fratribus

1901 3573 2150 3630 egressus
2169 3567 2253 3614 est
2279 3559 2346 3614 de
2373 3557 2698 3626 Carthagine
2722 3574 2734 3610 :
2769 3571 2854 3628 pet
2900 3564 3086 3612 omnes
3112 3551 3310 3624 prolixi
3331 3551 3489 3604 itine-

1900 3652 1978 3708 ris
2005 3651 2119 3706 vias
2147 3649 2341 3721 gaudia
2364 3650 2570 3719 majora
2601 3649 2879 3718 reperiens
2898 3689 2915 3716 ,
2945 3648 3000 3703 in
3022 3661 3304 3703 occursum
3333 3659 3489 3699 suum

1901 3740 2115 3813 populis
2143 3741 2380 3809 undique
2427 3739 2804 3805 tendentibus,
2851 3753 2973 3793 cum
3013 3737 3244 3791 lucernis
3282 3743 3337 3790 et
3365 3735 3487 3789 latn~

1900 3831 2129 3904 padibus
2156 3839 2214 3886 et
2241 3831 2493 3886 arborum
2523 3828 2798 3884 frondibus
2816 3870 2830 3894 ,
2881 3830 2958 3897 (ε)
3001 3826 3349 3882 reddentibus
3375 3839 3488 3895 gra-

1901 3923 2034 3978 tiam
2064 3921 2317 3978 ineﬂ'abili
2349 3921 2460 3976 Deo
2493 3920 2584 3989 qui
2615 3919 2832 3975 beatum
2864 3917 3200 3986 Fulgentium
3226 3916 3486 3970 mirabili-

1904 4022 1989 4070 ter
2029 4015 2084 4069 in
2129 4020 2429 4083 conspectu
2474 4013 2718 4068 omnium
2762 4010 2965 4066 fecerat
3010 4009 3324 4080 gratiosum.
3387 4007 3489 4063 Per

1905 4121 2093 4162 omnes
2118 4104 2390 4161 Ecclesias
2431 4113 2692 4175 tanquam
2722 4103 2972 4176 proprius
3002 4103 3286 4173 episcopus
3315 4103 3488 4157 susci-

1903 4201 2152 4272 piebatur
2172 4241 2187 4266 ,
2219 4207 2276 4256 et
2301 4200 2380 4255 sic
2406 4198 2473 4254 de
2503 4196 2677 4254 reditu
2706 4195 3023 4267 ejus'omnis
3052 4194 3328 4267 Byzacena
3357 4209 3487 4265 pro-

1905 4291 2083 4346 vincia
2111 4289 2256 4345 velut
2283 4289 2438 4360 plebs
2457 4302 2564 4342 una
2596 4286 2881 4356 gaudebat.
2922 4283 3092 4353 Quem
3122 4283 3348 4339 obsecro
3377 4284 3490 4352 glo-

1906 4383 2001 4438 ria:
2028 4382 2189 4452 hujus
2217 4396 2325 4436 non
2352 4378 2624 4435 attolleret
2651 4376 2962 4448 magnitudo
2987 4377 3010 4430 ?
3050 4375 3273 4429 Beatum
3309 4381 3490 4433 tamen

1903 4473 2245 4541 Fulgentium
2273 4471 2340 4526 ad
2367 4470 2590 4540 majoris
2617 4467 2932 4523 humilitatis
2959 4465 3192 4520 studium
3221 4481 3488 4535 provoca-

1905 4565 2002 4620 vit.
2044 4563 2281 4619 Veniens
2310 4576 2542 4631 namque
2570 4575 2693 4616 cum
2720 4559 2889 4628 gloria
2918 4557 3196 4628 populari,
3238 4566 3292 4611 et
3320 4557 3492 4626 digni-
3548 4579 3552 4582 -

226 4667 325 4725 per
363 4651 516 4707 littus
557 4659 730 4707 staret
752 4691 767 4718 ,
814 4652 988 4708 oculis
1025 4660 1082 4709 et
1122 4654 1394 4709 mentibus
1438 4655 1578 4710 inter
1614 4671 1804 4711 omnes
1825 4677 1883 4739 υ
1907 4660 2074 4709 tatem
2104 4651 2375 4724 pontificis
2417 4651 2697 4722 privilegio
2725 4647 2972 4720 specialis
3009 4648 3373 4704 venerationis
3399 4664 3492 4704 ac-

225 4741 506 4815 episcopos
533 4742 750 4798 beatum
778 4742 1118 4812 Fulgentium
1147 4744 1329 4817 (quem
1349 4744 1683 4802 familiariter
1702 4765 1803 4805 no-

226 4832 396 4903 Verat)
433 4846 699 4902 quaerens,
733 4842 792 4888 et
818 4849 940 4889 eum
971 4849 1003 4888 a
1031 4835 1240 4891 cunctis
1272 4835 1497 4891 navibus
1521 4846 1799 4907 expetens.

233 4920 330 4978 Ubi
362 4937 494 4977 vero
531 4921 694 4978 facies
734 4923 854 4992 ejus
894 4924 1183 4995 apparuit,
1238 4925 1532 4980 immensus
1569 4929 1806 4984 nascitur

233 5013 428 5070 clamor
449 5057 464 5083 ,
526 5016 910 5072 altercantibus
954 5016 1205 5072 omnibus
1241 5017 1361 5085 quis
1389 5017 1566 5087 primo
1601 5019 1804 5074 saluta-

181 5149 186 5154 ρ
230 5117 310 5166 ret
337 5109 412 5181 (b)
443 5110 838 5179 agnoscendum
857 5150 872 5175 ,
901 5110 1022 5180 quis
1045 5119 1205 5180 caput
1232 5109 1573 5165 henedicenti
1598 5126 1804 5182 suppo-

230 5209 415 5268 neret,
467 5202 588 5272 quis
634 5202 888 5258 extremis
930 5202 1016 5257 vel
1057 5201 1250 5258 saltem
1288 5200 1467 5269 digitis
1509 5210 1810 5259 mereretur

232 5301 449 5361 tangere
486 5291 823 5362 gradientem
849 5335 864 5361 ,
908 5295 1027 5363 quis
1069 5293 1255 5349 videre
1296 5294 1383 5349 vel
1422 5295 1592 5351 oculis
1619 5295 1808 5365 procul

233 5394 477 5442 stantem.
520 5385 826 5442 Resonabat
863 5386 1042 5442 divina
1071 5387 1188 5442 laus
1220 5403 1289 5442 ex
1317 5387 1563 5443 omnibus
1592 5388 1805 5457 linguis.

121 5530 136 5546 ,
235 5476 313 5534 Ad
336 5476 520 5535 Sancti
547 5477 748 5549 quippe
774 5475 946 5546 Agilei
986 5477 1263 5533 basilicam
1301 5493 1530 5549 sequens
1576 5480 1809 5549 populus

301 5637 375 5710 (a)
402 5639 483 5694 Ita
502 5637 676 5696 Chim.
710 5637 930 5710 Atvero
960 5635 1108 5710 Αιιῐ2
1140 5636 1224 5689 Ita
1243 5649 1355 5710 erat
1384 5641 1554 5710 notior
1574 5641 1809 5710 omnibus

237 5705 461 5780 gentibus
510 5719 566 5764 ut
607 5710 707 5780 duo
742 5708 862 5780 libri
1063 5705 1509 5780 CortstantinOpoli
1559 5709 1745 5780 oﬂ'ensi
1777 5729 1810 5765 a
1859 5731 1862 5734 ’

234 5775 463 5852 plurimis
502 5778 748 5851 fratribus
777 5779 845 5832 ad
883 5777 1086 5830 beatum
1113 5775 1447 5846 Fulgentium
1485 5775 1808 5847 probandum

237 5851 590 5904 dirimerentur.

271 5861 590 5906 trtaerentur.

303 5920 378 5992 (6)
408 5920 531 5991 Ms,
561 5921 902 5994 agnoscendo,
930 5921 1042 5997 quis
1064 5927 1218 5975 caput
1243 5925 1547 5987 supponeret
1569 5920 1638 5975 ad
1658 5921 1808 6008 bene-

1912 4745 2212 4813 cumulans,
2236 4752 2518 4815 postquam
2537 4742 2845 4798 cathedram
2868 4741 3025 4808 sedit,
3045 4741 3185 4795 inter
3201 4741 3494 4798 monachos

1914 4835 2091 4891 adhuc
2128 4835 2376 4890 habitare
2400 4832 2740 4889 desideravit.
2783 4831 2852 4886 Et
2887 4847 2957 4886 ne
2983 4831 3258 4886 videretur
3283 4831 3493 4886 abbatis

1913 4929 2108 4985 Felicis
2135 4930 2370 4985 adventu
2397 4944 2495 4984 suo
2521 4928 2763 4982 minuere
2789 4933 3116 4997 potestatem
3139 4967 3155 4993 ,
3196 4923 3494 4994 imperandi

1917 5025 2196 5080 monachis
2223 5038 2438 5079 omnem
2466 5022 2567 5078 sibi
2595 5020 2796 5076 ademit
2821 5019 3122 5075 voluntarie
3159 5016 3493 5080 facultatem,

1917 5133 2028 5173 non
2053 5132 2224 5183 suam,
2254 5118 2350 5173 sed
2373 5116 2596 5172 alterius
2621 5114 2808 5169 volens
2836 5113 2950 5182 ipse
2977 5124 3190 5183 quoque
3220 5111 3371 5177 sequi
3400 5122 3494 5162 vo-
3592 5172 3595 5175 _

1859 5249 1864 5255 -
1918 5213 2204 5268 luntatem.
2254 5212 2324 5266 Et
2364 5213 2456 5282 qui
2495 5211 2672 5267 adhuc
2706 5210 3000 5266 monachus
3040 5205 3494 5274 dispensationem

1915 5312 2232 5376 susceperat
2256 5303 2480 5360 fratrum
2503 5345 2518 5371 ,
2564 5305 2675 5374 jam
2713 5303 2997 5373 episcopus
3027 5296 3291 5352 dominari
3318 5296 3494 5352 noluit

1917 5397 1973 5451 in
1999 5397 2224 5468 proprio
2251 5395 2577 5451 monasterio
2603 5413 2616 5448 :
2649 5394 2726 5449 sic
2761 5390 2988 5447 sollicite
3027 5400 3223 5442 cavens
3253 5402 3324 5442 ne
3353 5385 3494 5440 Feli-

1921 5503 2039 5544 cem
2067 5488 2414 5545 contristaret
2437 5486 2708 5551 abbatem,
2739 5491 2797 5536 ut
2825 5479 3084 5537 exhibens
3111 5477 3492 5548 supervenien-

1919 5648 2210 5703 dicendum.

1991 5720 2071 5802 (τί)
2097 5720 2225 5802 ys,
2257 5712 2609 5802 sacerdotibus
2639 5715 2890 5802 gloriosis.

1991 5789 2068 5860 (ά)
2097 5789 2190 5860 Sic
2209 5805 2332 5860 ms;
2364 5789 2570 5860 ceteri,
2600 5789 2805 5860 pe_titus.

1993 5852 2065 5930 (ε)
2097 5857 2274 5917 Chil'll.
2293 5852 2611 5930 ,agentibus
2637 5855 2746 5914 Deo
2769 5856 2963 5927 gratias
2990 5852 3297 5924 ineﬂ'abiles.
