4124 6522
576 445 680 503 M7

1659 453 1669 469 '
1744 444 1802 497 S.
1841 441 2270 502 FULGENTIUS
2309 441 2699 501 RUSPENSIS.

3755 449 3860 506 148

575 564 722 619 tibus
756 561 1178 632 hospitalitatem
1199 599 1214 625 ,
1260 560 1306 616 si
1333 559 1550 630 quando
1575 558 1662 614 vel
1691 557 2034 627 multiplicari
2063 574 2160 628 pa—
2189 564 2244 624 Α
2267 573 2326 620 se
2356 556 2471 614 lieri
2517 561 2783 616 minorem
2829 574 2992 630 quam
3020 560 3135 616 sine
3157 562 3384 617 caritate
3411 563 3672 632 majorem
3694 606 3709 632 ,
3760 565 3865 624 Su-

573 669 724 713 nem.
753 653 839 708 vel
869 653 1069 723 aliquid
1088 651 1318 721 amplius
1341 650 1584 705 exhiberi
1611 647 1902 704 necessitas
1923 649 2164 718 expetis-

573 757 700 817 set,
745 747 956 802 abbatis
984 747 1158 816 primo
1187 744 1384 800 Felicis
1425 743 1707 799 consilium
1747 744 2064 813 requireret.
2107 742 2166 802 in

574 840 725 896 omni
751 838 985 907 denique
1014 837 1244 892 concilio
1265 836 1564 909 Byzaceno,
1597 834 1666 891 de
1690 834 1851 890 rebus
1873 834 2169 904 majoribus

573 935 693 1004 ipse
722 932 927 1003 primus
955 929 1381 995 consulebatur;
1413 928 1467 982 in
1496 928 1828 984 monasterio
1858 927 2078 998 proprio
2099 926 2167 982 de

573 1023 738 1080 rebus
777 1023 1013 1077 minimis
1051 1021 1303 1077 abbatem
1343 1019 1581 1076 Felicem
1617 1019 1932 1090 suppliciter
1969 1033 2166 1076 consu-

569 1115 740 1262 letgg:
782 1201 979 1259 Parum
1008 1201 1107 1258 fuit
1135 1202 1298 1258 beato
1325 1200 1610 1269 Fulgentio
1631 1200 1813 1256 verbis
1839 1208 1895 1256 et
1915 1199 2169 1270 operibus

570 1298 717 1355 hanc
742 1295 1106 1352 humilitatem
1131 1292 1283 1364 sequi
1307 1308 1374 1348 ac
1397 1292 1634 1348 retinere
1650 1333 1665 1358 ,
1691 1291 1792 1346 nisi
1816 1305 1911 1361 per
1931 1291 2168 1360 scriptu-

570 1404 690 1445 ram
714 1371 931 1459 quoque
958 1383 1196 1440 firmaret
1226 1385 1357 1440 nihil
1385 1399 1446 1438 se
1474 1384 1527 1437 in
1557 1383 1650 1438 illo
1678 1383 2007 1438 monasterio
2042 1397 2170 1452 pro-

572 1480 754 1552 prium
783 1478 1078 1543 vindicare,
1109 1492 1208 1531 nec
1236 1491 1336 1546 pro
1366 1483 1658 1546 potestate,
1689 1475 1783 1531 sed
1813 1489 1913 1544 pro
1942 1474 2169 1530 caritate

571 1573 717 1629 inter
741 1571 1041 1627 monachos
1065 1569 1327 1624 habitare.
1369 1568 1729 1624 Considerans
1755 1567 1897 1622 enim
1926 1567 2010 1623 vir
2037 1582 2166 1637 pro-

571 1664 728 1719 vidus
776 1678 844 1718 ne
886 1662 1028 1732 quod
1057 1661 1200 1716 servi
1233 1661 1326 1716 Dei
1365 1661 1638 1730 simplices
1675 1658 2041 1730 pnejudicium
2073 1674 2168 1728 po-

568 1761 688 1810 stea
712 1761 1043 1824 paterentur,
1062 1752 1271 1807 obicem
1294 1751 1735 1806 contradictionis
1751 1751 1804 1805 in
1823 1751 1924 1806 hac
1939 1751 2169 1820 scriptu-

570 1860 634 1900 ra
662 1843 1067 1900 successoribus
1106 1843 1218 1896 suis
1247 1843 1527 1911 apposuit,
1571 1843 1696 1912 quia
1725 1842 1945 1897 utilitati
1974 1857 2166 1898 mona-

2271 649 2490 720 phetani
2529 658 2718 722 postea
2757 651 2972 706 concilii
3019 651 3310 720 gloriosum
3351 654 3643 725 respiciens
3673 656 3867 714 adesse

2271 750 2616 804 conventum.
2648 759 2863 816 precem
2893 743 3195 816 supplicem
3221 760 3403 800 coram
3426 747 3676 804 omnibus
3705 745 3868 820 fudit,

2271 843 2350 900 ut,
2381 831 2484 894 sibi
2513 851 2724 894 rursum
2767 850 2827 892 se
2870 837 3107 901 volente,
3138 835 3544 904 Quodvultdeus
3579 839 3868 910 episcopus

2271 926 2635 998 praeferretur,
2669 935 2731 984 ut
2758 928 2977 986 nomine
3003 944 3103 984 suo
3132 929 3400 1000 posterius
3428 931 3676 997 recitato,
3709 932 3868 990 laetus

2271 1019 2528 1092 deinceps
2564 1021 2773 1080 viveret
2814 1021 3220 1080 consacerdotis
3269 1023 3450 1081 animo
3490 1027 3866 1084 reconciliato.

2275 1108 2452 1168 Mirati
2501 1119 2628 1168 sunt
2673 1111 2912 1188 episcopi
2953 1112 3310 1170 humilitatem
3351 1113 3478 1169 talia
3522 1117 3874 1186 postulantis,

2271 1217 2376 1259 nec
2396 1203 2720 1262 contristare
2746 1203 3034 1262 voluerunt
3060 1202 3377 1261 offerentem
3407 1205 3519 1262 Deo
3546 1205 3874 1264 sacriﬁcium

2271 1295 2623 1363 humilitatis,
2663 1295 2731 1350 ad
2759 1293 3174 1354 custodiendam
3203 1295 3423 1368 spiritus
3450 1299 3770 1355 societatem
3814 1301 3873 1356 in

2273 1386 2491 1442 vinculo
2519 1388 2782 1443 caritatis.
2824 1385 2927 1441 Ubi
2951 1394 3077 1442 sunt
3099 1403 3243 1444 nunc
3269 1387 3344 1442 illi
3373 1388 3568 1460 quibus
3595 1390 3876 1448 eminendi

2273 1493 2439 1548 super
2472 1489 2700 1535 cmteros
2727 1479 3034 1534 dominatur
3064 1477 3315 1546 affectus,
3353 1481 3444 1550 qui
3471 1495 3532 1534 se
3562 1481 3725 1538 etiam
3755 1484 3875 1539 suis

2273 1570 2546 1642 prioribus
2574 1579 2944 1642 anteponunt,
2994 1570 3230 1626 indebita
3257 1569 3358 1626 sibi
3388 1571 3663 1642 privilegia
3695 1571 3874 1629 vindi-

2272 1665 2501 1720 cantes?
2529 1663 2669 1720 Eece
2695 1663 2886 1725 beatus
2914 1663 3243 1732 Fulgentius,
3277 1679 3376 1718 nec
3397 1663 3681 1734 primatum
3703 1681 3872 1735 quem

2272 1757 2470 1812 meruit
2495 1756 2783 1812 defendere
2808 1757 3000 1822 voluit,
3033 1755 3158 1830 quia
3192 1757 3307 1812 sine
3330 1757 3556 1814 caritate
3575 1759 3728 1832 prior
3748 1775 3874 1818 esse

2272 1849 2436 1906 alicui
2461 1849 2682 1906 minime
2705 1850 3031 1920 concupivit.

571 1935 796 1993 chorum
825 1935 936 1991 Deo
961 1934 1310 1990 servientium
1335 1934 1468 1988 nihil
1491 1935 1800 2005 praeposuit.
1822 1933 1968 1990 Emit
1989 1943 2168 1990 tamen
2196 1951 2247 2011 ιι
2344 1939 2431 1993 61.
2490 1939 2782 1994 Catholica:
2849 1939 3105 1996 Ecclesia:
3158 1940 3443 2008 singularis
3499 1942 3757 2010 magister
3815 1955 3869 1999 et

569 2029 723 2100 juxta
752 2029 1036 2084 ecclesiam
1062 2027 1280 2080 domum
1300 2067 1314 2092 ,
1366 2028 1451 2081 cui
1477 2025 1799 2082 fabricandae
1837 2041 2022 2081 curam
2047 2041 2165 2082 ma-

571 2121 773 2176 ximam
808 2119 1095 2186 diligenter
1134 2117 1397 2188 impendit
1425 2133 1493 2172 ne
1523 2117 1701 2174 futuro
1735 2120 2034 2175 successori
2069 2136 2167 2176 suo

571 2211 787 2267 deesset
815 2210 1128 2281 hospitium.
1169 2209 1501 2265 Clericorum
1526 2227 1655 2266 vero
1683 2212 1728 2265 si
1757 2227 1860 2280 qua
1886 2211 2168 2268 defuerunt

569 2305 871 2361 ministeria
898 2319 1160 2374 reparans
1183 2346 1199 2373 ,
1249 2304 1509 2374 probatos
1535 2305 1634 2359 sibi
1666 2304 1864 2360 multos
1898 2321 1964 2360 ex
1989 2305 2168 2360 fratri-

569 2397 673 2454 bus
701 2398 979 2454 monachis
1016 2398 1084 2453 ad
1108 2397 1531 2453 ecclesiasticam
1565 2399 1813 2456 militiam
1849 2400 2163 2465 transtulit;

571 2489 647 2546 ibi
686 2504 903 2560 quoque
933 2485 1145 2545 caritati
1184 2489 1472 2544 consulens
1493 2529 1508 2554 ,
1553 2497 1614 2544 ut
1655 2490 1780 2545 dum
1811 2504 1948 2560 pene
1977 2505 2167 2545 omnes

574 2583 802 2638 clericos
831 2597 896 2637 ex
927 2581 1018 2637 illo
1047 2583 1378 2637 monasterio
1405 2582 1646 2648 ordinat,
1674 2584 1907 2653 antiquae
1937 2585 2167 2640 familia-

573 2674 752 2729 ritatis
779 2683 1032 2728 monente
1053 2673 1266 2739 notitia,
1298 2674 1440 2727 nulla
1474 2674 1538 2728 lis
1565 2672 1852 2743 aliquando
1881 2675 2023 2731 inter
2051 2659 2168 2730 mo-

571 2767 780 2821 nachos
815 2775 870 2822 et
897 2767 1126 2822 clericos
1153 2765 1523 2821 ventilaretur.

646 2857 738 2915 59.
780 2860 1059 2916 Summam
1083 2875 1302 2930 quoque
1335 2859 1667 2928 diligentiam
1695 2861 1925 2931 praebuit
1954 2875 2023 2916 ne
2047 2862 2170 2932 quis

574 2953 804 3011 clericus
849 2953 1149 3009 ambitiosis
1188 2954 1430 3008 vestibus
1467 2962 1754 3008 ornaretur
1776 2996 1791 3021 ,
1839 2969 1902 3009 ac
1937 2954 2169 3023 negotiis

572 3048 918 3105 mularibus
948 3054 1246 3118 occupatus
1274 3045 1341 3102 ab
1363 3044 1543 3101 oflicio
1574 3045 1940 3100 ecclesiastico
1967 3045 2169 3100 diutius

572 3151 896 3212 vagaretur:
925 3141 1123 3211 jubens
1151 3154 1341 3194 omnes
1369 3154 1478 3194 non
1509 3139 1666 3205 longe
1697 3137 1765 3190 ab
1806 3136 2034 3191 ecclesia
2064 3135 2164 3189 do-

571 3248 691 3290 mos
719 3232 922 3287 habere
942 3271 957 3296 ,
988 3231 1236 3284 manibus
1258 3229 1493 3298 propriis
1521 3227 1737 3282 hortum
1767 3227 1946 3281 colere
1966 3266 1981 3290 ,
2025 3226 2168 3296 psal-

2272 2030 2492 2097 doctor,
2531 2031 2658 2086 licet
2697 2031 2838 2086 inter
2866 2031 3043 2099 varias
3069 2031 3458 2102 occupationes
3486 2032 3572 2086 hic
3600 2033 3652 2086 in
3684 2031 3859 2089 Atrica

2272 2138 2465 2192 parum
2505 2129 2755 2190 vacaret,
2803 2122 3067 2192 plurimos
3116 2131 3294 2179 tamen
3325 2123 3724 2179 ecclesiasticos
3753 2141 3866 2180 ser-

2271 2227 2486 2278 mones,
2517 2227 2655 2280 quos
2684 2212 2736 2265 in
2768 2212 2981 2282 populis
3010 2213 3240 2279 diceret,
3271 2196 3584 2272 scribendos
3600 2214 3866 2272 dictavit:

2272 2314 2328 2359 et
2373 2303 2680 2373 ubicunque
2721 2318 3023 2360 sermonem
3065 2303 3333 2370 faciebat,
3385 2307 3627 2361 omnium
3656 2310 3868 2366 animos

2272 2394 2612 2453 demulcebat
2636 2439 2650 2462 ,
2692 2413 2796 2454 nec
2821 2398 3008 2456 inanes
3032 2406 3087 2454 et
3113 2401 3434 2456 vanissimos
3461 2402 3682 2472 plausus
3704 2444 3719 2468 ,
3769 2406 3868 2462 sed

2272 2489 2750 2558 compunctionem
2801 2503 3068 2558 generans
3096 2491 3294 2548 cordis.
3352 2490 3698 2564 Exspectavit
3740 2510 3866 2552 eum

2271 2588 2474 2635 sancta:
2503 2582 2778 2636 memoriae
2807 2581 3113 2640 Bonifacius
3143 2585 3432 2655 episcopus
3458 2584 3713 2642 Ecclesia:
3732 2587 3865 2642 Car-

2270 2673 2602 2743 thagineusis
2640 2675 2780 2747 apud
2807 2673 3019 2732 Burnos
3047 2677 3140 2748 (al.
3170 2676 3403 2750 Furnos)
3437 2677 3734 2735 Ecclesiam
3767 2681 3864 2736 de~

2271 2764 2478 2832 dicaris,
2510 2765 2720 2822 duobus
2748 2767 2938 2823 diebus
2966 2783 3027 2826 se
3055 2779 3320 2839 praesente
3346 2779 3694 2835 tractantem.
3730 2788 3866 2842 quo~

2272 2860 2416 2914 niam
2448 2867 2655 2916 tantum
2703 2860 3003 2917 delectatus
3048 2870 3130 2918 est
3167 2861 3356 2917 audire
3396 2863 3617 2917 verbum
3649 2864 3865 2924 Domini

2271 2953 2340 3014 de
2367 2970 2461 3010 ore
2491 2954 2629 3026 ejus,
2660 2963 2719 3012 ut
2745 2959 2919 3013 donec
2944 2957 3030 3012 ille
3059 2971 3364 3012 sermonem
3393 2955 3570 3010 iiuiret
3590 2997 3604 3024 ,
3637 2955 3753 3028 ipse
3784 2957 3865 3030 (ὁ)

2272 3054 2471 3101 terram
2495 3047 2745 3118 lacrymis
2775 3049 3018 3117 irrigaret
3042 3089 3060 3116 ,
3101 3043 3301 3116 gratias
3329 3061 3492 3117 agens
3518 3045 3629 3102 Deo
3654 3088 3668 3112 ,
3703 3049 3864 3120 cujus

2273 3139 2448 3205 gratia
2475 3153 2692 3209 semper
2727 3141 2780 3194 in
2823 3138 3064 3195 Ecclesia
3102 3140 3368 3195 catholica
3397 3154 3628 3195 summos
3653 3139 3864 3197 excitat

2273 3230 2670 3300 prmclarosque
2695 3230 2968 3289 doctores.
3011 3233 3174 3286 Multa
3198 3233 3306 3301 jam
3338 3245 3579 3288 reversus
3605 3229 3671 3284 de
3698 3230 3858 3284 exsi-

573 3322 826 3392 lendiquc
860 3323 1099 3376 suaviter
1126 3328 1220 3374 aut
1247 3317 1633 3392 pronuntiandi
1662 3332 1846 3372 curam
1875 3317 2168 3372 maximam
2194 3338 2240 3400 c
2273 3319 2346 3374 lio
2376 3319 2616 3375 condidit
2656 3337 2795 3376 nova
2814 3361 2829 3387 ,
2871 3324 3059 3378 decem
3101 3323 3266 3378 libros
3296 3323 3516 3379 Fabiani
3552 3321 3863 3382 mentienti!

573 3429 782 3484 gerere.
825 3412 928 3468 Per
968 3412 1207 3482 singulas
1248 3411 1582 3480 septimanas
1619 3425 1810 3465 omnes
1848 3410 2076 3464 clericos
2105 3424 2169 3465 ac

573 3506 786 3574 viduas,
828 3515 884 3561 et
911 3505 1220 3576 quicunque
1262 3502 1528 3573 potuisset
1569 3517 1636 3556 ex
1669 3501 1837 3566 laieis,
1888 3508 2079 3571 quarta
2115 3509 2170 3556 et

573 3606 728 3658 sexta
757 3597 1112 3654 feria'statuit
1132 3595 1405 3666 jejunare,
1435 3593 1766 3663 quotidianis
1795 3593 2011 3661 vigiliis,
2036 3592 2172 3661 jeju-

573 3692 716 3758 niis,
789 3688 1068 3746 matutinis
1113 3697 1169 3743 et
1214 3687 1536 3756 veSpertinis
1589 3685 1926 3740 orationibus
1981 3687 2169 3739 adesse

573 3782 890 3856 praecipiens
920 3795 1132 3836 omnes.
1164 3779 1486 3848 Aliquantos
1526 3778 1797 3846 inquietos
1820 3777 1998 3831 verbis
2020 3819 2033 3840 ,
2067 3777 2169 3831 ali-

572 3885 805 3946 quantos
834 3873 1150 3929 verberibus
1181 3871 1498 3939 coercebat,
1531 3887 1668 3942 quos
1697 3873 1855 3940 culpa
1887 3870 2168 3925 manifesta

572 3965 835 4034 ﬂagellari
873 3972 1147 4032 coegerat.
1199 3963 1277 4017 ita
1309 3963 1439 4017 vitia
1482 3972 1796 4016 cunctorum
1828 3961 2024 4017 salubri
2057 3961 2168 4016 dis-

571 4060 854 4130 putatione
898 4057 1223 4124 mordebat,
1274 4064 1332 4110 ut
1370 4055 1568 4110 nullius
1609 4056 1938 4110 interserens
1972 4072 2169 4112 nomen

573 4167 762 4206 omnes
789 4158 1011 4219 cogeret
1040 4157 1315 4213 metuere,
1360 4159 1412 4203 et
1446 4150 1669 4204 latentia
1701 4165 1917 4218 quoque
1945 4159 2169 4218 peccata

571 4243 862 4298 salubriter
891 4241 1136 4295 timendo
1166 4240 1437 4295 deserere.
1478 4241 1862 4295 Verumtamen
1896 4243 2169 4308 quomodo

573 4334 715 4387 inter
739 4331 990 4402 proprios
1027 4329 1256 4385 clericos
1293 4331 1557 4384 minorem
1598 4340 1783 4399 posset
1808 4329 2009 4384 habere
2039 4347 2168 4385 cau-

573 4426 736 4481 telam
757 4465 772 4490 ,
812 4424 904 4495 qui
935 4421 1215 4478 diuturnas
1245 4422 1405 4475 etiam
1438 4421 1778 4476 finitimarum
1813 4421 2049 4491 plebium
2091 4424 2167 4477 ri-

575 4534 675 4574 xas
711 4526 767 4572 et
815 4515 1153 4572 contentiosa
1183 4499 1476 4568 certamina
1509 4511 1841 4568 dirimebat?
1869 4512 1989 4584 Ipse
2017 4514 2170 4568 deni-

575 4627 681 4682 que
707 4607 1148 4665 Maximianensis
1186 4607 1585 4662 animositatem
1617 4606 1818 4676 plebis,
1864 4607 2166 4662 ordinatum

2271 3410 2405 3466 falsa
2435 3420 2585 3478 gesta
2616 3413 2981 3480 convincens;
3027 3414 3094 3469 de
3127 3415 3354 3468 veritate
3379 3412 3864 3484 praedestinationil

2272 3510 2326 3556 et
2354 3504 2539 3573 gratiae
2567 3504 2776 3560 libellos
2807 3513 2914 3560 tres
2942 3504 3201 3574 confecit,
3233 3506 3446 3574 aliaque
3481 3505 3647 3560 multa
3673 3504 3856 3571 diges-

2270 3594 2378 3658 sit,
2426 3609 2544 3663 quae
2574 3596 2618 3650 si
2643 3597 2764 3664 quis
2791 3597 2932 3651 scire
2971 3597 3241 3662 voluerit,
3292 3597 3348 3651 in
3385 3596 3504 3666 ejus
3531 3596 3866 3652 monasterio

2270 3687 2542 3741 veraciter
2569 3689 2768 3758 scripta
2799 3691 3052 3759 reperiet.

2343 3779 2429 3832 62.
2473 3780 2640 3836 Nobis
2684 3790 2860 3836 autem
2887 3782 2996 3852 jam
3030 3790 3239 3852 tempus
3265 3789 3348 3836 est
3382 3781 3562 3836 dicere
3587 3780 3866 3850 quomodo

2272 3880 2395 3942 post
2425 3873 2604 3927 omnia
2636 3874 2781 3928 bona
2811 3889 2975 3943 Opera
3003 3888 3096 3928 sua
3140 3872 3502 3942 requieverit,
3535 3872 3602 3925 ad
3631 3871 3753 3926 curii
3779 3885 3865 3928 re-

2271 3977 2374 4030 gna
2407 3965 2714 4019 translatus.
2758 3965 2897 4020 Ante
2926 3979 3124 4018 annum
3149 3963 3319 4018 ferme
3340 3979 3500 4032 quam
3530 3962 3598 4018 de
3627 3964 3733 4018 isto
3759 3978 3862 4018 sa:-

2271 4057 2393 4109 culo
2430 4063 2742 4125 raperetur,
2787 4055 3052 4125 profunda
3079 4054 3259 4111 cordis
3281 4054 3699 4124 compunctione
3731 4069 3860 4124 per-

2273 4155 2454 4201 motus
2479 4190 2493 4213 ,
2545 4148 2762 4216 reliquit
2807 4149 2988 4202 subito
3025 4147 3418 4202 ecclesiasticas
3455 4147 3866 4215 occupationes.

2271 4239 2337 4292 Et
2365 4241 2431 4294 de
2461 4241 2574 4310 ipso
2601 4257 2817 4311 quoque
2845 4241 3173 4295 monasterio
3207 4251 3305 4294 Suo
3334 4247 3546 4294 secreto
3579 4240 3866 4307 recedens,

2272 4334 2336 4386 ad
2379 4334 2604 4387 insulam
2638 4334 2906 4389 Circinam
2948 4335 3134 4404 paucis
3179 4331 3562 4387 comitantibus
3613 4331 3870 4390 lratribus

2272 4426 2572 4493 navigavit,
2606 4427 2695 4480 ubi
2727 4427 2778 4479 in
2809 4425 3041 4495 quodam
3068 4425 3219 4479 brevi
3249 4423 3473 4493 scopulo
3493 4461 3508 4488 ,
3549 4423 3637 4476 cui
3669 4437 3870 4478 nomen

2271 4526 2355 4572 est
2382 4517 2595 4581 Chilmi,
2624 4518 2714 4570 ubi
2737 4517 2847 4585 jam
2873 4516 3262 4570 monasterium
3287 4514 3535 4568 fabricari
3567 4512 3870 4568 mandave-

2275 4617 2378 4674 rat,
2417 4609 2634 4662 lectioni
2661 4616 2717 4661 et
2751 4609 2982 4662 orationi
3007 4617 3062 4662 et
3085 4607 3304 4676 jejuniis
3335 4605 3736 4672 vacans,veluti
3763 4604 3865 4658 sci-

573 4706 674 4760 sibi
696 4705 1010 4774 episcopum
1032 4701 1274 4771 recipere
1295 4700 1545 4764 nolentis,
1573 4701 1768 4755 salubri
1800 4700 2170 4755 admonitione
2199 4724 2245 4782 Ι)
2272 4710 2356 4754 ret
2389 4701 2824 4770 appropinquare
2844 4701 2946 4755 sibi
2984 4701 3331 4754 novissimum
3358 4699 3531 4764 diem,
3553 4698 3631 4752 sic
3660 4713 3728 4751 ex
3752 4705 3867 4752 toto

575 4797 816 4863 sedavit,
860 4793 1211 4866 debitumque
1238 4789 1395 4846 linem
1424 4793 1741 4861 gravissimo
1775 4792 2030 4847 seandalo
2058 4801 2167 4847 sta-

575 4898 756 4953 tuens,
788 4893 982 4942 cuncta
1013 4884 1156 4940 inter
1181 4899 1278 4939 eos
1306 4883 1550 4939 modeste
1579 4892 1634 4939 et
1661 4885 1950 4940 salubriter
1976 4884 2165 4954 pacili-

493 5004 500 5034 ξ
575 4994 705 5034 cans
735 4975 1024 5032 ordinavit.

647 5070 736 5125 60.
779 5067 837 5123 1η
868 5069 1098 5123 concilio
1127 5083 1342 5138 quoque
1365 5069 1440 5139 (a)
1462 5067 1735 5132 Vincensi,
1764 5067 1965 5136 judicio
1985 5083 2166 5123 sacer-

575 5163 761 5216 dotum
801 5160 1042 5215 omnium
1085 5159 1177 5230 qui
1215 5168 1613 5223 convenerant,
1661 5159 1918 5229 episcopo
1956 5159 2168 5214 cuidam

577 5254 794 5308 nomine
821 5251 1198 5319 Quodvultdeo
1222 5292 1237 5316 ,
1293 5251 1382 5321 qui
1415 5251 1650 5320 priorem
1679 5266 1736 5303 se
1764 5250 1907 5304 illius
1935 5251 2169 5305 existere

575 5345 969 5411 continuabat,
1021 5345 1355 5416 antepositus
1397 5352 1454 5398 'et
1493 5343 1784 5412 pnelatus,
1836 5344 1954 5412 ipso
1984 5344 2070 5397 die
2112 5351 2168 5398 et

576 5449 819 5510 tempore
846 5439 1039 5502 tacuit,
1070 5453 1172 5494 nec
1201 5439 1579 5493 auctoritatem
1609 5437 1822 5491 concilii
1852 5435 2166 5491 excusando

576 5533 818 5586 minuere
846 5531 1036 5586 voluit.
1077 5529 1184 5586 Sed
1214 5530 1302 5585 ubi
1325 5537 1450 5600 post
1476 5527 1762 5584 concilium
1789 5528 1972 5582 dolere
2000 5529 2168 5582 sensit

575 5623 919 5695 episcopum,
961 5623 1156 5677 timens
1180 5629 1405 5692 propter
1433 5635 1588 5675 suum
1620 5620 1882 5674 honorem
1918 5619 2165 5688 generari

574 5713 726 5770 fratri
754 5713 1068 5772 scandalum
1088 5750 1105 5778 ,
1154 5712 1453 5780 meliusque
1475 5711 1723 5781 judicans
1753 5725 1850 5781 per
1879 5710 2162 5765 caritatem

644 5944 720 6016 (ι)
751 5941 871 6005 Ms.,
904 5937 1173 5991 Juncensi.
1207 5935 1358 5998 Ant.,
1398 5933 1674 5987 l’it‘ecenst.

2274 4792 2439 4848 corde
2483 4810 2580 4848 suo
2607 4793 2980 4863 pcenitentiatn
3009 4793 3192 4861 gessit.
3233 4789 3300 4845 Et
3326 4807 3572 4862 quamvis
3602 4799 3717 4846 tota
3761 4791 3869 4845 vita

2272 4886 2408 4955 ejus,
2440 4901 2507 4940 ex
2546 4903 2654 4956 quo
2704 4887 3088 4942 monachorum
3130 4885 3515 4955 professionem
3566 4900 3868 4939 conversus

2273 4996 2339 5032 ex
2369 4987 2484 5032 toto
2529 4979 2691 5033 corde
2733 4980 3006 5048 suscepit,
3057 4980 3382 5048 paenitentia:
3424 4976 3584 5030 fuerit
3632 4979 3866 5047 tempus,

2273 5072 2324 5126 in
2356 5071 2459 5126 hac
2482 5078 2657 5125 tamen
2693 5072 2864 5126 insula
2895 5072 3065 5125 multo
3090 5071 3319 5140 amplius
3342 5086 3405 5124 ac
3433 5071 3598 5123 multo
3630 5069 3865 5137 diligen-

2277 5165 2413 5229 tius,
2451 5165 2720 5218 inchoanti
2752 5164 2938 5217 similis
2963 5201 2977 5226 ,
3008 5163 3247 5216 membra
3276 5177 3370 5217 sua
3401 5158 3745 5216 mortificavit
3765 5201 3779 5225 ,
3813 5168 3866 5218 et

2277 5256 2328 5308 in
2359 5264 2652 5323 conspectu
2683 5254 2849 5308 solius
2880 5253 2972 5307 Dei
3014 5252 3178 5306 flevit.
3219 5252 3347 5306 Inde
3364 5251 3474 5320 jam
3505 5251 3752 5320 plurimis
3795 5250 3866 5307 de

2275 5346 2518 5400 absentia
2547 5344 2846 5399 sacerdotis
2876 5344 3356 5407 murmurantibns.
3402 5344 3639 5399 caritatis
3676 5358 3865 5398 neces-

2275 5436 2434 5490 sitate
2463 5435 2790 5490 constrictus
2837 5435 3031 5488 iterum
3074 5435 3353 5489 descendit
3379 5436 3444 5488 ad
3474 5436 3866 5492 monasterium

2271 5544 2448 5591 suum,
2481 5535 2737 5582 consueta
2760 5527 3062 5582 hominibus
3081 5527 3346 5594 religiosis
3366 5527 3622 5584 exhibere
3643 5525 3864 5592 solatia,

2275 5622 2594 5691 laboresque
2639 5621 2954 5677 durissimos
2995 5637 3095 5691 pro
3126 5619 3446 5675 utilitatibus
3489 5619 3864 5691 proximorum

2264 5715 2641 5784 longanimiter
2672 5715 2957 5770 sustinere.

2336 5927 2410 5999 (ὁ)
2445 5927 2599 5998 Apud
2623 5926 2827 5995 Chiﬂl.,
2858 5929 2968 5996 ipse
2998 5927 3240 5995 lacrymis
3270 5944 3429 5998 genus
3458 5898 3667 5997 rigeret.
