4124 6466
225 444 330 502 N9

1609 438 2132 500 PROLEGOMENA.

3416 449 3520 506 150

293 561 382 617 65.
428 563 546 618 Non
575 561 731 618 multi
755 569 933 618 autem
966 560 1234 618 tinxerant
1261 562 1378 617 dies
1399 601 1416 627 ,
1468 568 1526 616 et
1548 575 1676 617 ecce
1703 577 1821 618 ser-
1848 573 1901 629 Α
1930 571 2046 618 tum
2076 563 2323 619 manibus
2368 563 2435 618 ad
2489 565 2770 620 ecclesiam
2801 565 3056 633 civitatis,
3096 580 3215 636 quae
3267 565 3518 621 Secunda

226 671 349 711 vum
378 641 595 710 iidele'm
625 657 798 712 bonus
818 656 1078 713 Dominus
1098 655 1428 726 requirebat.
1455 654 1646 713 incidit
1671 655 1815 712 enim

153 815 157 820 .
232 755 448 818 repente
472 747 526 802 in
548 749 845 819 corporalis
865 747 1190 803 inﬁrmitatis
1205 749 1497 802 acerrimas
1516 749 1814 820 passiones,

239 840 322 894 ubi
346 840 690 909 septuaginta
736 855 906 912 prope
941 839 1132 897 diebus
1176 839 1494 909 (egritudine
1540 839 1814 911 fatigatus,

239 932 329 986 hoc
345 931 530 986 solum
553 931 865 1002 frequenter
883 933 1096 990 dicebat
1113 951 1126 987 :
1143 931 1393 1002 Domine,
1405 932 1472 988 da
1495 934 1629 989 mihi
1654 933 1817 992 modo

231 1025 310 1082 hic
347 1025 674 1094 patientiam
696 1065 713 1094 ,
761 1035 954 1098 postea
991 1027 1400 1097 indulgentiam.
1462 1025 1575 1084 Nec
1614 1027 1686 1084 ab
1714 1029 1820 1086 isto

223 1133 479 1174 sermone
504 1118 893 1190 aliquantulum
925 1121 1020 1190 (at.
1053 1120 1366 1192 aliquando)
1396 1121 1660 1189 cessavit,
1702 1122 1822 1179 sive

221 1209 374 1266 dolor
395 1209 685 1281 afﬂigeret.
715 1213 830 1269 sive
861 1213 1026 1270 febris
1053 1214 1384 1280 incenderet,
1411 1215 1528 1271 sive
1556 1214 1818 1272 lassitudo

219 1300 567 1361 dissolveret.
595 1302 1048 1362 Persuadentibus
1070 1315 1252 1362 autem
1279 1306 1500 1363 medicis
1520 1307 1820 1363 utlavacri's

217 1392 574 1453 balnearibus
601 1405 845 1454 uteretur
873 1418 887 1454 τ
911 1399 1160 1470 Nunquid
1185 1400 1414 1464 balneze,
1446 1401 1637 1469 inquit,
1669 1401 1820 1457 face-

217 1499 275 1538 re
305 1495 572 1554 poterunt
597 1501 667 1544 ne
692 1489 856 1545 homo
883 1491 1128 1547 mortalis
1156 1491 1374 1562 expleto
1393 1491 1517 1546 vita:
1541 1507 1652 1547 suae
1678 1501 1818 1548 tein-

216 1589 352 1645 pore
383 1578 698 1636 moriatur?
739 1581 816 1652 (α)
857 1580 915 1637 Si
954 1597 1084 1637 vero
1128 1597 1430 1652 proximam
1459 1591 1688 1639 mortem
1717 1599 1821 1639 nec

217 1685 492 1738 aquarum
520 1673 816 1730 calidarum
857 1683 1087 1745 possunt
1113 1675 1351 1734 fomenta
1379 1677 1644 1746 repellere
1667 1719 1682 1743 ,
1723 1692 1822 1734 cur

220 1761 379 1827 mihi,
405 1762 652 1830 obsecro,
670 1766 1006 1835 persuadetis
1020 1775 1080 1821 ut
1090 1769 1322 1836 rigorem
1335 1765 1428 1821 diu
1449 1775 1676 1822 servatae
1697 1783 1822 1838 pro-

219 1850 480 1910 fessionis
501 1854 552 1910 in
581 1852 688 1912 ﬁne
713 1839 1048 1913 dissolvam?
1077 1857 1168 1913 Sic
1194 1857 1424 1913 salutem
1451 1873 1603 1913 suam
1631 1875 1822 1930 super—

1922 649 2140 718 dicitur.
2171 656 2259 712 ubi
2289 656 2452 712 etiam
2479 657 2732 728 reliquias
2756 657 3123 727 apostolorum
3145 658 3516 723 constituerat,

1922 748 2256 820 deportatus,
2313 750 2535 806 sortitus
2581 758 2662 804 est
2716 749 3035 804 honorabile
3087 755 3515 803 monumentum.

1923 838 2136 896 Primus
2148 841 2316 911 .plane
2344 843 2397 895 in
2427 840 2616 896 eadem
2631 841 2849 896 basilica
2880 839 3120 911 pontifex
3147 839 3275 911 poni
3299 838 3520 908 meruit,

1923 932 2017 988 ubi
2045 932 2250 988 nullum
2281 940 2570 998 mortuum,
2602 947 2779 1004 neque
2806 932 3144 988 sacerdotem
3163 973 3181 1000 ,
3212 945 3388 1002 neque
3422 931 3521 985 lai-

1921 1041 2048 1082 cum
2074 1025 2291 1096 sepeliri
2318 1025 2653 1084 consuetudo
2682 1025 2896 1085 sinebat
2931 1024 3169 1094 antiqua.
3200 1021 3306 1079 Sed
3327 1035 3522 1090 magna

1923 1121 2007 1176 vis
2033 1119 2339 1178 dilectionis
2362 1117 2677 1178 removebat
2703 1117 3144 1190 impedimentum
3172 1114 3522 1172 consuetudi-
3583 1112 3592 1123 '

1923 1214 2030 1280 nis,
2079 1213 2435 1272 ambientibus
2482 1213 2745 1269 universis
2789 1211 3016 1280 civibus,
3060 1218 3116 1264 et
3160 1224 3283 1264 cum
3311 1223 3522 1262 summa

1923 1305 2214 1361 devotione
2260 1303 2648 1373 quaerentibus,
2697 1312 2757 1360 ut
2811 1304 2903 1362 ubi
2955 1303 3038 1360 vir
3084 1310 3304 1360 sanctus
3326 1307 3382 1354 et
3408 1297 3520 1353 Deo

1924 1396 2172 1452 amabilis
2196 1394 2374 1451 fuerat
2399 1405 2774 1460 consecratus,
2815 1396 2890 1452 ibi
2912 1395 3250 1452 orationibus
3277 1391 3518 1462 singulo-

1923 1505 2046 1544 rum
2071 1505 2288 1560 semper
2315 1489 2478 1546 etiam
2505 1488 2752 1544 localiter
2769 1488 3041 1546 videretur
3059 1485 3362 1557 adjunctus.
3387 1483 3524 1542 Pro-

1923 1583 2192 1638 baverunt
2242 1585 2442 1654 quippe
2489 1583 2684 1653 saepius
2735 1589 2935 1654 quanta
2989 1582 3131 1638 bona
3189 1581 3293 1638 illis
3344 1580 3523 1636 oratio

1924 1675 2072 1731 beati
2100 1674 2364 1744 Fulgentii
2394 1677 2736 1745 prmstiterat,
2753 1682 2809 1729 et
2828 1683 3030 1744 quanta
3057 1672 3199 1729 mala
3227 1671 3522 1742 repulerat,

1926 1767 2069 1823 sicut
2117 1775 2308 1838 postea
2355 1765 2654 1822 manifestis
2691 1766 2905 1822 indiciis
2933 1765 3215 1822 evidenter
3239 1764 3521 1835 apparuit,

1926 1857 2145 1928 quando
2174 1873 2283 1913 non
2305 1863 2429 1928 post
2451 1858 2716 1928 plurimos
2743 1858 2860 1913 dies
2887 1857 3256 1913 accersitionis
3287 1856 3382 1929 (al.
3423 1856 3523 1911 de-

216 1962 303 2004 na:
334 1949 603 2006 voluntati
642 1949 870 2007 ﬁdeliter
902 1953 1164 2018 credens,
1224 1960 1511 2024 postquam
1550 1969 1610 2010 se
1653 1955 1824 2010 sensit
1851 1947 1903 2009 Β
1927 1949 2211 2020 cessionis)
2251 1950 2398 2019 ejus,
2448 1950 2664 2006 inimica
2710 1964 2844 2018 gens
2884 1949 3194 2006 Maurorum
3244 1949 3526 2021 Buspense

215 2039 336 2096 sine
379 2041 567 2112 aliqua
595 2041 929 2098 dubitatione
965 2045 1364 2100 dissolvendum
1389 2084 1405 2110 ,
1453 2060 1655 2100 vocans
1696 2047 1820 2100 uni-

215 2144 412 2188 versos
446 2133 674 2190 clericos
695 2149 821 2190 suos
841 2136 1197 2205 przesentihus
1227 2137 1528 2200 monachis,
1553 2135 1821 2193 allocutus

216 2232 298 2276 est
318 2237 424 2277 eos
452 2223 639 2280 dicens
662 2265 677 2290 ,
722 2223 836 2294 Ego
859 2265 880 2291 ,
908 2226 1103 2281 fratres
1125 2267 1140 2291 ,
1184 2227 1487 2281 animarum
1517 2236 1819 2284 vestrarum

217 2313 379 2369 saluti
415 2317 768 2386 prospiciens,
797 2318 1054 2374 molestus
1075 2319 1218 2390 apud
1242 2333 1340 2374 vos
1362 2319 1586 2375 forsitan
1606 2329 1662 2376 et
1681 2319 1822 2376 difﬁ-

224 2405 333 2461 cilis
361 2408 588 2472 exstiti;
635 2422 689 2464 et
732 2409 853 2465 ideo
882 2411 1109 2467 obsecro
1159 2427 1256 2468 vos
1298 2420 1358 2467 ut
1398 2413 1644 2481 ignoscat
1686 2414 1820 2470 mihi

213 2501 468 2569 quisquis
495 2503 698 2574 aliquid
725 2505 888 2561 dolet.
932 2506 999 2561 Et
1018 2508 1063 2562 si
1093 2507 1319 2563 forsitan
1341 2510 1606 2565 severitas
1634 2519 1818 2566 nostra

209 2589 443 2648 modum
470 2601 804 2662 transgressa
824 2607 908 2652 est
934 2596 1176 2654 debitum
1203 2637 1218 2662 ,
1252 2607 1405 2653 orate
1443 2614 1513 2654 ne
1543 2600 1674 2654 mihi
1714 2600 1820 2656 hoc

205 2675 485 2736 Dominus
513 2683 746 2752 imputet
772 2685 839 2740 ad
873 2695 1174 2755 peccatum.
1214 2687 1460 2758 Cumque
1501 2689 1630 2744 talia
1657 2689 1818 2745 beato

207 2766 513 2837 Fulgentio
536 2772 849 2844 lacrymosis
876 2779 1193 2847 singultibus
1216 2781 1555 2850 exprimente
1577 2821 1592 2846 ,
1637 2782 1818 2838 cuncti

208 2857 390 2912 simul
417 2874 584 2930 super
624 2876 796 2931 genua
839 2864 954 2934 ejus
982 2868 1276 2936 caderent,
1335 2884 1550 2940 semper
1591 2871 1813 2936 bonum,

208 2965 446 3023 semper
471 2953 760 3018 aﬂabilem,
813 2973 909 3027 pro
947 2960 1187 3014 omnium
1213 2961 1403 3026 salute,
1451 2961 1588 3017 sicut
1615 2961 1816 3031 decuit,

212 3039 538 3111 invigilasse
561 3045 878 3118 clamantes,
909 3047 1196 3106 Provideat
1225 3065 1351 3122 ergo
1373 3053 1547 3119 vobis,
1583 3053 1679 3122 ait,
1709 3051 1820 3109 Do-

220 3133 408 3188 minus
427 3133 572 3192 Deus
599 3153 752 3193 meus
777 3149 1047 3208 pastorem
1075 3141 1293 3213 dignum
1322 3159 1398 3199 se.

286 3222 384 3279 64.
429 3225 581 3284 Tunc
617 3228 880 3301 imperato
907 3233 1156 3304 silentio,
1206 3235 1486 3306 paululum
1524 3236 1810 3306 requievit.

1927 2045 2259 2102 territorium
2284 2055 2508 2116 repente
2535 2048 2768 2111 vexavit,
2798 2046 3021 2116 rapinis,
3053 2046 3306 2113 aedibus,
3337 2047 3525 2102 incen-

1925 2136 2047 2200 diis,
2081 2137 2248 2192 multa
2276 2137 2590 2204 devastans,
2620 2145 2784 2208 atque
2813 2138 2954 2192 intra
2980 2139 3130 2208 ipsos
3158 2139 3401 2194 ecclesiae
3430 2154 3527 2208 pa-

1924 2229 2091 2285 rietes
2120 2244 2258 2300 quos
2288 2230 2529 2285 invenire
2555 2230 2734 2300 potuit
2765 2228 3040 2298 jugulans.
3075 2228 3206 2296 Quis
3234 2228 3380 2284 beati
3401 2227 3527 2282 Ful-

1923 2322 2094 2392 gentii
2123 2323 2354 2392 gratiam
2385 2337 2496 2380 non
2526 2322 2790 2376 miretur?
2818 2319 3064 2388 Quandiu
3107 2321 3242 2376 vixit
3287 2318 3526 2376 furorem

1923 2415 2051 2472 belli
2079 2416 2270 2472 civitas
2307 2416 2384 2470 illi
2420 2417 2708 2472 commissa
2752 2431 2861 2471 non
2908 2417 3096 2472 sensit.
3145 2415 3213 2471 Et
3259 2431 3381 2472 cuin
3412 2424 3526 2471 tota

1922 2523 2065 2582 pene
2109 2509 2384 2579 provincia
2436 2509 2804 2580 captivitatem
2849 2508 3143 2564 sustineret
3187 2509 3526 2574 horribilem,

1922 2599 2107 2670 Ruspa
2135 2599 2236 2654 fuit
2264 2601 2579 2666 incolumis,
2611 2608 2836 2672 propter
2872 2601 3213 2656 sacerdOtem
3243 2601 3527 2656 venerabi~

1921 2692 2048 2759 lem,
2078 2692 2232 2762 cujus
2259 2695 2369 2749 vita
2398 2694 2630 2765 propriis
2656 2695 2860 2750 civibus
2889 2710 3074 2750 murus
3099 2693 3220 2750 fuit.

1993 2785 2081 2840 66.
2115 2785 2224 2841 Nec
2252 2787 2356 2842 hoc
2401 2787 2618 2842 interim
2651 2789 3082 2858 praetereundum
3123 2789 3342 2845 silentio
3382 2790 3526 2860 judi~

1920 2877 2058 2940 cavi,
2082 2876 2226 2945 quod
2282 2877 2408 2932 dum
2466 2879 2516 2932 ei
2569 2892 2850 2934 successor
2903 2879 3130 2935 idoneus
3169 2891 3524 2950 quaereretur,

1919 2965 2352 3022 discordantibus
2382 2967 2532 3022 laicis
2560 2976 2615 3022 et
2642 2967 2855 3024 clericis
2878 3011 2893 3038 ,
2938 2984 3136 3026 annum
3188 2987 3358 3043 prope
3387 2973 3525 3027 inte-

1920 3071 2076 3127 grum
2106 3059 2388 3129 proiixitas
2415 3060 2782 3117 contentionis
2815 3061 3022 3130 exegit;
3053 3069 3111 3117 et
3137 3062 3232 3116 illo
3275 3063 3364 3117 die
3406 3077 3526 3118 san-

1920 3151 2080 3204 ctitas
2109 3159 2199 3205 tua
2225 3166 2392 3222 super
2417 3151 2733 3206 cathedram
2761 3151 2880 3221 ejus
2907 3151 3080 3218 sedit,
3129 3167 3238 3222 quo
3287 3152 3403 3222 ipse
3431 3153 3526 3208 de-

1918 3240 2135 3300 functus
2163 3253 2264 3300 est.
2295 3244 2487 3300 Ornari
2512 3246 2713 3317 quippe
2738 3246 2844 3302 hoc
2875 3246 3154 3316 privilegio
3189 3249 3386 3303 meruit
3417 3249 3526 3318 pri-

219 3316 285 3372 Et
313 3316 517 3374 deinde
544 3326 844 3391 pauperum
868 3340 1052 3380 curam
1080 3340 1296 3395 gerens,
1319 3328 1577 3397 requisita
1603 3343 1812 3382 summa

1924 3353 2006 3394 ma
2038 3338 2354 3394 solemnitas
2399 3339 2517 3409 ejus
2545 3316 2926 3410 depositionis,
2970 3349 3030 3396 ut
3074 3339 3247 3396 multo
3293 3316 3524 3412 amplius

221 3412 506 3480 pecuniae,
556 3411 624 3468 de
669 3428 776 3484 qua
821 3416 1161 3474 ﬁdelissimus
1207 3419 1551 3489 dispensator
1578 3420 1821 3489 quotidie

223 3504 508 3571 egentibus
557 3505 927 3574 ministrabat,
979 3519 1153 3566 totum
1196 3510 1356 3580 jussit
1401 3512 1673 3582 expendi;
1724 3527 1822 3582 per

225 3596 462 3665 seipsum
489 3597 804 3654 memoriter
831 3602 1078 3656 recolens
1103 3602 1423 3671 viduarum,
1465 3602 1816 3673 pupillorum,

227 3687 658 3756 peregrinorum,
685 3699 1110 3760 cunctorumque
1132 3693 1240 3747 illic
1261 3693 1615 3762 indigentium
1646 3694 1823 3748 nomi-

229 3791 318 3843 na,
349 3779 541 3848 quibus
569 3781 698 3852 quid
727 3783 1034 3850 singulatim
1059 3784 1280 3839 daretur
1305 3787 1523 3856 propria
1554 3784 1820 3840 delibera-

225 3869 373 3926 tione
403 3873 720 3938 constituit;
753 3875 993 3929 hmredes
1028 3877 1081 3930 in
1103 3876 1208 3931 hoc
1235 3877 1433 3932 saeculo
1465 3892 1571 3932 non
1593 3878 1818 3943 habens,

227 3959 599 4018 hmreditatem
631 3965 788 4034 hujus
829 3967 1105 4022 benevola:
1139 3967 1522 4026 sollicitudinis
1561 3970 1820 4040 pauperi-

225 4047 318 4105 bus
345 4051 753 4122 derelinquens.
795 4055 904 4111 Sed
929 4072 1029 4113 nec
1056 4073 1184 4114 suos
1213 4058 1441 4115 clericos
1461 4058 1642 4115 debita
1664 4060 1824 4115 bene-

227 4142 465 4200 dictione
487 4144 749 4202 fraudavit
773 4166 788 4215 ;
822 4151 1057 4219 ipsorum
1085 4167 1302 4222 quoque
1328 4155 1632 4224 paupertati
1661 4155 1824 4210 mise-

228 4236 518 4292 ricorditer
545 4242 849 4306 consulens;
883 4260 947 4298 ac
971 4255 1179 4302 secrete
1209 4248 1390 4303 omnia
1430 4250 1822 4320 pmordinans,

112 4341 126 4360 '
229 4349 388 4392 orans
409 4335 635 4404 jugiter,
665 4346 719 4392 et
740 4339 1002 4395 intrantes
1021 4341 1262 4411 singulos
1283 4343 1628 4412 benedicens,
1652 4361 1824 4416 usque

231 4427 292 4480 ad
320 4438 631 4484 extremam
667 4431 858 4485 horam
885 4447 1014 4487 sana
1043 4445 1225 4490 mente
1247 4440 1564 4507 permansit.
1608 4439 1823 4496 Postre-

231 4533 313 4572 mo
343 4521 441 4575 die
471 4521 820 4578 kalendarum
853 4523 1228 4583 Januariarum
1266 4539 1390 4599 post
1417 4542 1692 4603 peractam
1725 4550 1822 4589 ve-

232 4623 448 4681 speram
468 4654 484 4678 ,
532 4612 746 4668 beatum
777 4617 1021 4686 spiritum
1053 4618 1282 4676 feliciter
1310 4623 1364 4677 in
1390 4640 1583 4680 manus
1611 4625 1823 4682 Domini

1923 3429 2248 3486 venerabilis
2278 3429 2432 3487 ﬁeret
2459 3447 2557 3503 per
2601 3433 2798 3500 gaudia
2849 3439 2953 3488 tua:
3000 3433 3375 3490 ordinationis.
3433 3431 3526 3489 Vis

1923 3529 2106 3577 autem
2156 3538 2318 3578 nosse
2387 3522 2666 3593 quomodo
2721 3539 2830 3580 non
2873 3523 3112 3580 fortuitis
3140 3525 3374 3580 motibus
3423 3525 3527 3582 ista

1923 3625 2315 3686 provenerunt,
2371 3618 2468 3672 sed
2497 3618 2641 3675 illius
2695 3619 3032 3674 orationibus
3087 3619 3527 3675 demonstrantur
3595 3689 3598 3693 ἴ

1924 3723 2045 3763 esse
2086 3710 2383 3764 concessa?
2410 3708 2612 3765 Recole
2661 3710 2924 3768 visionem
2972 3709 3338 3767 fidelissimam
3380 3711 3527 3767 beati

1925 3796 2177 3854 Pontiani
2206 3801 2448 3871 episcopi
2479 3798 2785 3867 Thenitani,
2809 3813 2971 3872 quam
3000 3804 3078 3858 sic
3107 3803 3222 3873 ipse
3250 3804 3523 3858 narravit:

1924 3888 2084 3945 Eunti
2107 3893 2236 3945 mihi
2265 3895 2556 3948 secundum
2587 3903 2914 3964 praeceptum
2944 3894 3152 3950 Datiani
3184 3897 3445 3965 primatis,
3467 3907 3527 3949 ut

1926 3981 2194 4052 Ruspensi
2225 3982 2478 4040 Ecclesiae
2507 3986 2798 4053 eligeretur
2825 3986 3071 4052 antistes,
3103 3986 3245 4040 idem
3276 3988 3526 4042 beatissi-

1925 4092 2045 4132 mus
2073 4067 2383 4145 Fulgentius
2412 4093 2510 4149 per
2539 4087 2749 4150 tempus
2776 4079 2974 4149 quietis
3001 4082 3278 4150 apparuit;
3309 4088 3365 4133 et
3393 4078 3526 4134 atla-

1923 4167 2042 4238 bili,
2060 4169 2200 4224 sicut
2227 4170 2692 4242 solebat,aspectu
2721 4173 2962 4228 salutans
2989 4173 3368 4244 amicabiliter,
3384 4173 3527 4242 Quo,

1925 4261 2118 4332 inquit,
2171 4278 2314 4319 nunc
2365 4265 2627 4320 sanctitas
2683 4271 2773 4322 tua
2803 4266 3066 4323 velociter
3110 4267 3383 4322 ambulat?
3430 4265 3527 4323 Cui

1926 4356 2202 4427 respondi,
2251 4354 2320 4412 Ut
2369 4358 2656 4429 episcopus
2683 4357 2951 4431 Buspensl
2990 4357 3247 4416 Ecclesia:
3275 4359 3526 4428 eligatur.

1924 4448 2019 4506 ille
2045 4465 2178 4505 vero
2205 4451 2509 4521 subridens,
2535 4451 2674 4517 Jam,
2708 4453 2901 4522 inquit,
2914 4453 3195 4509 ordinatus
3215 4460 3316 4508 est.
3341 4451 3529 4511 Nonne

1927 4551 2152 4614 apparet
2180 4542 2322 4598 illius
2350 4544 2687 4600 orationibus
2725 4545 2890 4600 fuisse
2920 4544 3217 4615 perfectum
3259 4545 3404 4614 quod
3445 4555 3528 4600 est

1926 4637 2180 4692 visitante
2211 4636 2560 4707 praedictum?
2588 4638 2690 4706 Qui
2711 4653 2841 4707 ergo
2861 4637 3329 4694 confirmationem
3360 4653 3530 4694 nove-

234 4704 494 4770 tradidit,
545 4719 744 4760 annum
789 4709 872 4762 sui
922 4710 1269 4782 episcOpatus
1310 4727 1476 4782 agens
1510 4716 1821 4773 vicesimum

1929 4733 2015 4783 rat
2043 4704 2275 4783 necdum
2299 4727 2458 4782 electi
2501 4727 2586 4784 vel
2617 4704 2876 4795 ordinati,
2906 4729 3050 4784 diem
3087 4743 3306 4799 quoque
3333 4744 3444 4800 quo
3473 4731 3528 4784 in

233 4799 480 4865 quintum
504 4837 520 4862 ,
564 4798 684 4852 vitre
731 4808 910 4854 autem
938 4802 1103 4857 totius
1130 4805 1528 4872 sexagesimum
1555 4808 1822 4876 quintum,

233 4888 368 4944 sicut
418 4889 600 4945 multis
658 4896 784 4945 ante
829 4889 1084 4948 fratribus
1127 4895 1291 4951 morti
1342 4897 1624 4966 proximus
1686 4898 1826 4954 indi-

233 4983 397 5036 cavit.

301 5072 396 5126 65.
429 5071 549 5143 Ipso
578 5081 756 5129 autem
783 5074 873 5130 die
917 5083 1163 5132 sanctum
1204 5093 1403 5148 corpus
1440 5079 1560 5150 ejus
1609 5081 1829 5151 sepeliri

237 5167 456 5220 minime
483 5167 683 5234 potuit;
735 5167 829 5221 sed
869 5167 922 5221 in
951 5169 1195 5231 oratorio
1222 5172 1538 5226 monasterii
1565 5172 1829 5228 constitu-

238 5265 368 5321 tum,
419 5267 530 5312 tota
573 5267 732 5314 nocte
774 5260 862 5315 illa
891 5261 944 5315 in
967 5262 1221 5332 psalmis,
1264 5263 1479 5336 hymnis
1523 5273 1580 5320 et
1607 5266 1832 5324 canticis

239 5351 569 5420 spiritalibus
591 5351 812 5420 vigilare
839 5354 1138 5410 monachos
1165 5357 1323 5410 simul
1352 5365 1408 5411 et
1437 5357 1664 5413 clericos
1691 5358 1828 5416 invi-

242 5445 389 5496 tavit.
422 5443 577 5496 Maue
605 5457 736 5497 vero
763 5450 1050 5512 postquam
1084 5447 1372 5504 multitudo
1394 5448 1626 5504 maxima
1658 5465 1832 5520 popu—

243 5533 413 5591 lorum
443 5535 510 5592 de
540 5536 672 5591 locis
700 5535 939 5590 finitimis
963 5537 1031 5592 ad
1061 5543 1346 5609 exsequias
1372 5544 1556 5613 venit,
1583 5543 1834 5599 sacerdo-

313 5718 392 5789 (α)
421 5719 539 5786 Ms.,
573 5725 616 5776 si
636 5738 752 5778 vero
771 5725 1034 5792 proximat
1052 5742 1212 5792 mors,
1241 5736 1343 5784 etc.

1929 4817 2184 4872 cathedra
2225 4817 2522 4872 consedere
2567 4826 2784 4888 poterat
2829 4818 3111 4874 ordinatus
3152 4817 3265 4889 jam
3317 4819 3526 4875 orando

1929 4908 2070 4962 scire
2096 4915 2389 4962 meruerat.
2420 4907 2575 4962 Votis
2603 4909 2788 4977 itaque
2809 4909 3080 4964 continuis
3107 4917 3165 4966 et
3194 4909 3337 4964 ﬁdeli
3366 4910 3528 4965 devo-

1929 4998 2082 5056 tione
2118 5011 2335 5068 semper
2360 5007 2614 5069 optamus
2651 5008 2710 5054 ut
2746 4999 2932 5069 gloriae
2969 4999 3111 5056 illius
3147 5000 3321 5056 factus
3362 5001 3529 5071 parti~

1930 5104 2059 5159 ceps
2087 5090 2142 5144 in
2186 5097 2472 5158 aeternum,
2521 5105 2628 5145 non
2677 5091 2927 5160 indignus
2978 5101 3131 5146 tanto
3178 5105 3526 5162 pmcessore,

1930 5178 2160 5236 feliciter
2206 5181 2384 5245 vivas,
2427 5183 2716 5252 operisque
2752 5183 2912 5252 hujus
2957 5182 3026 5238 de
3070 5183 3403 5253 perfectione
3428 5198 3529 5237 uo~

1932 5271 2138 5326 hiscum
2179 5271 2408 5328 Domino
2436 5274 2639 5342 gratias
2684 5287 2832 5343 agas,
2873 5282 2929 5330 et
2953 5290 3052 5345 pro
3081 5274 3165 5328 his
3202 5289 3324 5344 quae
3353 5275 3529 5334 minus

1932 5360 2072 5417 forte
2099 5362 2242 5420 dicta
2271 5373 2398 5419 sunt
2440 5363 2762 5436 eloquenter
2801 5367 2870 5422 ab
2915 5364 3165 5420 omnibus
3195 5366 3528 5436 sapientibus

1935 5455 2225 5512 lectoribus
2245 5456 2457 5512 veniam
2478 5466 2649 5528 petas.
