4068 6468
536 419 653 508 is:

1542 455 1599 511 S.
1641 451 2001 511 FULGENTII
2036 452 2338 512 EPISCOPI
2379 455 2766 517 RUSPENSIS.

3726 463 3840 520 153

999 627 1526 708 PROLOGUS
1567 627 1651 708 S.
1701 627 2269 709 FULGENTII
2306 629 2764 712 EPISCOPI
2821 634 3368 716 BUSPENSIS

1585 789 1669 852 IN
1696 789 1898 851 TRES
1924 790 2207 852 LIBROS
2235 789 2342 852 AD
2376 791 2792 858 MONIMUM.

626 1021 669 1086 l
702 1014 912 1072 arma,
936 1032 1034 1106 ago
1055 1013 1282 1106 pws—no
1307 1015 1444 1106 quod
1468 1014 1709 1106 depono
1735 1016 1989 1072 thesauro
2021 1035 2137 1074 cor-
2163 1021 2218 1081 Δ
2241 1021 2499 1092 possimus
2526 1022 2743 1079 reddere
2769 1027 2906 1098 quod
2941 1028 3198 1086 debemus.
3227 1030 3328 1087 Ille
3354 1036 3513 1106 igitur
3539 1049 3719 1096 auctor
3759 1055 3850 1099 est

548 1107 630 1159 dis
657 1107 799 1160 bona
847 1102 1090 1174 proferre
1138 1103 1355 1167 (Matth.
1394 1119 1503 1173 χιι,
1543 1103 1638 1175 55)
1684 1122 1789 1160 non
1826 1107 2049 1172 desinis,
2078 1108 2152 1162 Et

548 1197 730 1265 lingua
761 1193 1036 1261 Eucharis,
1066 1209 1180 1265 qua:
1200 1194 1257 1247 in
1285 1192 1418 1249 bono
1441 1194 1648 1250 homine
1682 1196 1930 1260 abundat,
1955 1199 2150 1269 purita-

548 1292 651 1338 tem
677 1285 749 1337 tui
770 1283 941 1339 cordis
979 1285 1230 1339 insinuat.
1284 1281 1414 1349 Quae
1441 1287 1562 1341 licet
1606 1287 1850 1343 divinitus
1891 1292 2149 1347 concessis

548 1377 854 1446 eloquentia:
879 1377 1086 1447 fluentis
1113 1376 1389 1443 exuberet,
1421 1393 1529 1433 non
1561 1388 1734 1434 tamen
1762 1389 1962 1436 tantum
1995 1383 2150 1437 credo

547 1465 870 1522 sermonibus
897 1469 1137 1540 exprimi,
1168 1476 1420 1541 quantum
1441 1472 1550 1526 scio
1571 1471 1838 1527 cordistui
1863 1475 2148 1542 penetrali-

548 1559 640 1612 bus
667 1559 939 1613 contineri.
970 1559 1164 1614 Diuino
1193 1562 1381 1616 etenim
1411 1563 1532 1634 igne
1567 1579 1872 1630 succensus,
1905 1567 1979 1620 sic
2001 1567 2150 1622 nobis

544 1651 737 1724 iugiter
765 1654 1095 1722 compateris,
1115 1660 1174 1705 ut
1196 1653 1354 1707 etiam
1371 1652 1492 1706 illas
1514 1653 1874 1710 tribulationes
1892 1673 2007 1727 qua:
2027 1698 2043 1722 ,
2079 1657 2148 1710 li-

545 1752 626 1796 cet
647 1742 931 1798 acciderint
953 1744 1124 1810 nobis,
1156 1743 1384 1798 Domino
1422 1754 1592 1800 tamen
1627 1746 1907 1817 adjuvante
1957 1751 2153 1821 fuerint

545 1845 836 1907 superatas,
881 1845 934 1888 tu
966 1837 1042 1889 sic
1071 1853 1160 1889 eas
1190 1853 1284 1906 pro
1313 1835 1460 1891 nobis
1507 1854 1637 1908 pene
1683 1855 1884 1908 semper
1929 1842 2146 1912 pateris,

545 1935 605 1980 ut
625 1929 821 1999 quoties
851 1945 942 1982 eas
960 1927 1113 1982 corde
1142 1927 1435 1992 revolveris,
1468 1929 1617 1982 toties
1644 1945 1733 1982 eas
1763 1931 1871 1999 pati
1899 1931 2150 2002 quodam-

545 2021 701 2078 modo
745 2022 1092 2090 compelleris.
1146 2020 1282 2074 Ecce
1305 2031 1552 2093 quantum
1593 2021 1712 2076 boni
1744 2025 1936 2078 caritas
1976 2022 2150 2094 habet,

547 2133 663 2171 ecce
682 2125 931 2184 quantum
953 2115 1159 2169 laudem
1179 2132 1354 2168 coram
1374 2115 1485 2169 Deo
1507 2125 1556 2169 et
1577 2116 1867 2171 hominibus
1899 2119 2148 2188 possidet,

547 2218 605 2262 ut
625 2209 746 2262 dum
761 2208 898 2262 dolet
925 2208 1061 2276 quod
1081 2208 1270 2261 accidit
1291 2208 1369 2263 illi
1383 2226 1532 2281 quem
1547 2220 1706 2276 amat,
1724 2213 2041 2283 frequentius
2063 2230 2148 2267 re-

548 2301 816 2357 cordando
843 2302 1013 2373 magis
1037 2301 1155 2372 ipsa
1174 2303 1445 2356 sustineat.
1479 2301 1596 2356 Hoc
1625 2320 1749 2373 ergo
1780 2315 2042 2375 superest,
2089 2314 2148 2359 ut

2254 1111 2438 1206 debiti,
2461 1115 2550 1187 qui
2576 1125 2756 1172 auctor
2775 1128 2854 1172 est
2879 1119 3021 1175 doni.
3054 1119 3197 1177 Nam
3223 1133 3273 1178 et
3291 1127 3514 1198 seipsum
3542 1147 3636 1187 sua
3669 1134 3849 1206 largi-

2254 1213 2360 1258 tate
2386 1205 2630 1278 dignatus
2657 1216 2734 1262 est
2762 1211 2934 1281 facere
2959 1212 3258 1282 debitorem,
3300 1234 3404 1272 non
3433 1222 3555 1291 quia
3597 1205 3849 1296 indigens

2253 1295 2319 1386 ab
2347 1297 2520 1370 aliqua
2548 1301 2772 1371 accepit,
2807 1303 2898 1356 sed
2921 1306 3164 1375 quoniam
3201 1306 3473 1366 abundans
3495 1295 3722 1386 largiter,
3739 1318 3849 1372 tri-

2255 1384 2382 1443 buit.
2409 1387 2727 1446 Seminecem
2754 1395 2939 1465 quippe
2962 1412 3056 1452 suo
3073 1384 3636 1473 jumentoimpositum,
3661 1407 3852 1463 stabu-

2253 1476 2484 1551 larioque
2503 1482 2787 1537 curandum
2809 1484 3039 1553 tradens,
3068 1487 3266 1544 duobus
3293 1492 3526 1549 denariis
3566 1497 3734 1567 datis,
3767 1501 3849 1555 ita

2252 1586 2310 1624 se
2335 1569 2613 1627 debitorem
2641 1576 2930 1646 profitetur,
2975 1589 3033 1632 ut
3056 1581 3278 1648 diceret,
3311 1583 3367 1640 Si
3395 1588 3524 1657 quid
3551 1605 3852 1660 superem—

2252 1662 2480 1731 gaveris,
2513 1662 2540 1702 δ
2569 1680 2693 1720 cum
2721 1682 2944 1738 venero,
2971 1671 3191 1728 reddam
3212 1676 3309 1731 tibi
3327 1677 3477 1751 (Luc.
3501 1697 3554 1746 x,
3574 1681 3848 1754 55).Quid

2253 1761 2331 1808 est
2358 1762 2550 1819 autem,
2579 1757 2625 1810 si
2653 1757 2782 1826 quid
2809 1768 3300 1833 supererogaveris,
3330 1770 3461 1838 nisi,
3482 1775 3528 1826 si
3554 1775 3678 1844 quid
3699 1793 3735 1830 a
3764 1796 3846 1832 me

2253 1846 2420 1915 magis
2447 1849 2740 1918 acceperis?
2777 1850 2922 1906 Nam
2954 1863 3004 1909 et
3030 1856 3141 1927 ipse
3166 1861 3254 1932 qui
3280 1865 3676 1937 supererogabat
3701 1871 3759 1924 in
3786 1889 3843 1926 eo

2253 1937 2390 2006 quod
2416 1953 2522 1992 non
2549 1952 2819 2012 acceperat
2845 1956 3158 2018 praeceptum
3175 1993 3191 2019 ,
3226 1953 3317 2005 sed
3349 1953 3505 2009 dabat
3533 1974 3598 2012 ea:
3622 1963 3835 2018 caritate

2253 2027 2543 2124 consilium,
2575 2031 2985 2089 misericordiam
3031 2055 3086 2092 se
3139 2042 3478 2110 profitebatur
3516 2050 3692 2121 utique
3746 2054 3837 2124 (al.

2253 2117 2459 2188 itaque)
2484 2133 2826 2178 consecutum.
2869 2127 2955 2180 Ait
2982 2131 3118 2185 enim
3147 2149 3166 2186 :
3205 2132 3282 2190 De
3319 2117 3616 2207 virginibus
3659 2117 3844 2202 autem

2253 2218 2581 2280 praeceptum
2632 2213 2846 2270 Domini
2885 2232 2995 2273 non
3036 2219 3232 2290 habeo,
3276 2227 3370 2281 sed
3421 2231 3705 2289 consilium
3749 2236 3842 2303 do,

2253 2310 2509 2372 tanquam
2527 2306 2952 2365 misericordiam
2975 2325 3297 2374 consecutus
3317 2336 3348 2374 a
3376 2321 3629 2394 Domino,
3655 2336 3716 2382 ut
3740 2330 3846 2387 sim

549 2391 685 2463 quod
702 2393 819 2490 ipsa
840 2393 1034 2490 caritas
1063 2393 1235 2463 facere
1253 2393 1529 2490 consuevit,
1562 2411 1656 2464 pro
1686 2393 1832 2490 nobis
1852 2397 2050 2467 jugiter
2069 2400 2154 2470 fa-
2183 2391 2230 2450 B
2255 2394 2424 2451 ﬁdelis
2455 2397 2510 2470 (Ι
2537 2399 2658 2455 Cor.
2689 2417 2779 2469 vn,
2811 2403 2926 2476 25.)
2955 2405 3372 2468 Misericordiam
3393 2424 3469 2470 est
3495 2391 3656 2490 igitur
3673 2438 3846 2478 cense.

548 2483 721 2537 ciatis.
757 2481 896 2547 Quid
916 2492 1088 2536 autem
1112 2490 1189 2536 est
1216 2483 1382 2549 aliud,
1413 2485 1514 2538 nisi
1542 2493 1598 2558 ut
1637 2485 1811 2552 illum,
1845 2489 1899 2540 in
1928 2504 2026 2558 quo
2056 2505 2150 2544 nos

549 2569 677 2646 pure
706 2575 949 2646 diligitis,
981 2577 1150 2646 ipsum
1178 2591 1380 2646 semper
1400 2593 1494 2647 pro
1539 2576 1686 2634 nobis
1717 2579 1907 2634 oretis?
1937 2583 2152 2653 Semper

549 2668 688 2720 enim
733 2667 927 2720 caritas
972 2683 1067 2737 pro
1087 2665 1170 2720 his
1224 2683 1352 2737 quos
1394 2668 1563 2739 diligit
1599 2671 1791 2739 poscit,
1843 2671 1965 2725 dum
1993 2675 2150 2728 etiam

550 2758 644 2812 illa
663 2774 779 2829 qute
807 2765 920 2812 tuta
951 2767 1073 2812 sunt
1103 2760 1302 2812 metuit.
1335 2759 1523 2814 Metuit
1551 2769 1723 2815 autem
1750 2778 1853 2816 non
1881 2779 1941 2817 eo
1969 2765 2150 2819 timore

549 2865 700 2919 quem
725 2848 840 2919 ipsa
869 2849 1013 2920 foras
1046 2847 1278 2920 expellit,
1321 2865 1446 2903 nam
1483 2847 1720 2918 perfecta
1760 2853 1956 2907 caritas
2005 2852 2150 2910 foras

551 2941 720 2996 mittit
746 2940 996 2995 timorem
1027 2937 1082 3012 (Ι
1109 2938 1270 2994 Joan.
1302 2957 1377 3005 IV,
1409 2939 1530 3012 18),
1563 2941 1654 2994 sed
1677 2942 1770 2996 illo
1800 2945 1983 2998 timore
2001 2962 2149 3016 quem

551 3054 658 3091 non
678 3037 748 3091 ad
769 3039 1025 3104 timorem,
1060 3037 1153 3091 sed
1174 3037 1243 3091 ad
1264 3053 1491 3091 amorem
1521 3037 1710 3091 habere
1723 3041 2008 3092 consuevit.
2054 3039 2148 3093 Ti-

552 3135 656 3182 met
685 3146 806 3200 ergo
848 3146 953 3182 non
983 3129 1165 3183 timido
1195 3137 1224 3165 ι
1245 3130 1430 3183 timore
1459 3128 1554 3201 (al.
1579 3131 1809 3197 amore),
1851 3129 1943 3183 sed
1981 3138 2144 3184 casto.

550 3218 676 3272 Non
705 3221 842 3273 enim
872 3221 1014 3273 timet
1035 3219 1312 3290 formidine
1341 3220 1592 3282 criminis,
1624 3219 1716 3272 sed
1735 3218 1917 3274 robore
1941 3223 2145 3291 purita-

551 3313 618 3364 tis
645 3320 696 3364 et
721 3313 969 3380 ﬁrmitate
989 3313 1211 3365 virtutis.
1239 3309 1427 3382 Exigis
1455 3328 1489 3364 a
1509 3327 1589 3364 me
1612 3319 1866 3380 praeterea
1900 3311 2143 3381 debitum,

549 3402 687 3474 quod
708 3419 788 3456 me
816 3403 1078 3466 celeriter,
1125 3403 1347 3456 Domino
1381 3402 1680 3473 adjuvante,
1720 3403 1950 3474 spondeo
1970 3405 2145 3459 reddi-

551 3507 739 3549 turum.
772 3493 896 3549 Non
926 3498 1062 3550 enim
1100 3495 1195 3550 hoc
1235 3493 1458 3549 debitum
1493 3495 1571 3549 sic
1610 3496 1858 3565 proﬁteor
1901 3498 2146 3568 quemad-

553 3586 761 3642 modum
789 3586 852 3640 de
878 3587 1103 3658 quodam
1125 3596 1236 3640 tuus
1265 3585 1420 3641 Maro
1449 3595 1734 3654 memorat,
1765 3589 1899 3658 quod
1924 3590 2036 3660 ipse
2057 3591 2142 3660 fa-

554 3679 771 3743 tebatur,
805 3679 895 3733 sed
915 3679 1129 3733 reddere
1148 3695 1298 3750 posse
1319 3678 1582 3749 negabat:
1613 3679 1704 3733 sed
1742 3679 1874 3732 illud
1900 3679 1992 3752 (al.
2029 3681 2142 3752 illo)

2253 2498 2422 2556 cutus,
2453 2507 2557 2544 non
2585 2492 2754 2547 solum
2781 2504 2836 2548 ut
2865 2500 3178 2570 erogandum
3197 2508 3467 2577 acciperet,
3494 2527 3665 2568 verum
3685 2515 3843 2572 client

2251 2591 2309 2635 ut
2329 2584 2549 2655 amplius
2572 2599 2826 2658 erogaret.
2849 2589 2986 2646 Ecce
3006 2597 3171 2666 qualis
3192 2609 3268 2652 est
3287 2597 3540 2658 Dominus
3567 2617 3756 2674 noster,
3783 2620 3842 2663 ut

2253 2675 2496 2733 donando
2525 2680 2724 2745 debeat,
2758 2691 2808 2737 et
2834 2696 3024 2756 quanto
3054 2691 3221 2761 magis
3255 2692 3436 2762 donat,
3480 2707 3623 2754 tanto
3669 2705 3846 2774 magis

2251 2783 2369 2822 eum
2398 2769 2676 2827 debitorem
2705 2790 2814 2828 esse
2841 2794 2945 2832 non
2974 2782 3164 2852 pigeat.
3192 2782 3258 2838 In
3280 2797 3527 2856 quantum
3555 2795 3692 2848 enim
3719 2769 3845 2868 gra-

2254 2859 2317 2912 tis
2345 2860 2588 2932 largitur,
2614 2865 2670 2918 in
2691 2873 2892 2920 tantum
2915 2867 3116 2925 debitor
3143 2872 3417 2929 irwenitur.
3443 2876 3555 2933 Nec
3575 2859 3844 2956 enim-po-

2252 2959 2350 3005 test
2369 2953 2557 3025 aliquis
2591 2957 2868 3012 debitorem
2898 2960 3112 3030 habere,
3142 2965 3246 3018 nisi
3271 2967 3327 3020 in
3363 2985 3424 3022 eo
3451 2973 3586 3041 quod
3622 2953 3846 3044 ipserdi-

2250 3053 2434 3114 gnatus
2459 3047 2614 3116 fuerit
2632 3053 2860 3118 gratuita
2897 3052 3139 3124 largitate
3178 3060 3430 3128 conferre.
3460 3061 3632 3133 Ipsum
3675 3067 3845 3135 igitur

2248 3150 2343 3204 pro
2371 3151 2451 3188 me
2473 3136 2668 3207 jugiter
2687 3157 2860 3208 posce,
2883 3151 2939 3195 ut
2961 3145 3085 3198 mihi
3111 3147 3368 3217 largiatur
3406 3152 3641 3205 reddendi
3667 3153 3837 3211 debita

2250 3226 2568 3294 facultatem,
2598 3248 2681 3301 qui
2708 3231 2934 3300 donavit,
2956 3243 3012 3287 ut
3030 3237 3086 3290 in
3105 3238 3217 3307 ipso
3245 3242 3474 3297 caritatis
3503 3242 3589 3297 tibi
3619 3243 3840 3302 liberam

2188 3379 2193 3383 _
2249 3317 2458 3372 debeam
2486 3323 2795 3380 servitutem.

2323 3405 2392 3460 Ut
2420 3409 2557 3461 enim
2597 3426 2712 3464 vere
2751 3421 2835 3467 tuo
2880 3419 3047 3486 cordi,
3078 3422 3214 3493 quod
3241 3440 3330 3476 cor
3357 3441 3523 3479 meum
3548 3436 3644 3493 est,
3675 3436 3844 3486 totum

2250 3497 2437 3592 fatear,
2465 3501 2729 3569 quoniam,
2753 3506 2884 3559 sicut
2903 3513 3050 3565 cordi
3077 3530 3189 3568 meo
3208 3557 3221 3580 ,
3253 3519 3328 3570 ita
3355 3518 3500 3572 cordi
3530 3528 3614 3573 tuo
3643 3521 3846 3592 aliquid

2249 3588 2418 3642 celare
2446 3606 2548 3644 non
2572 3610 2800 3664 possum,
2824 3599 3072 3657 reddendi
3095 3605 3251 3660 debiti
3275 3604 3573 3662 tarditatem
3598 3610 3692 3663 illa
3711 3588 3846 3665 mihi

2247 3685 2383 3737 ratio
2409 3689 2721 3755 procuravit.
2756 3688 3014 3754 Quoniam
3039 3697 3282 3753 adversus
3308 3700 3579 3770 cujusdam
3611 3701 3847 3758 haeretici

553 3787 634 3824 me
652 3769 835 3824 debere
864 3773 1048 3843 fateor,
1071 3772 1127 3824 in
1154 3786 1252 3840 quo
1280 3786 1362 3825 me
1389 3769 1604 3824 reddere
1644 3785 1792 3840 posse
1842 3787 1945 3824 non
1991 3788 2141 3842 nego,
2171 3769 2218 3834 C
2249 3774 2544 3846 uaniloquia
2573 3781 2881 3850 respondere
2918 3789 3209 3858 compulsus
3236 3769 3382 3858 sum,
3422 3793 3507 3862 qui
3535 3808 3638 3845 non
3675 3793 3846 3848 solum

553 3863 646 3917 sed
666 3863 911 3930 spondeo.
940 3862 1062 3933 Ipse
1091 3864 1230 3916 enim
1260 3862 1389 3916 mihi
1421 3861 1583 3918 donat
1619 3862 1756 3916 unde
1782 3863 2018 3927 reddam,
2062 3866 2150 3934 qui

555 3954 763 4008 donavit
784 3963 840 4007 ut
862 3952 1093 4008 debeam.
1120 3951 1244 4008 Nisi
1264 3954 1402 4008 enim
1430 3955 1494 4007 ab
1520 3954 1614 4008 illo
1647 3955 2015 4024 acciperemus,
2043 3972 2150 4009 non

555 4047 726 4102 solum
751 4046 997 4115 reddere,
1025 4047 1118 4101 sed
1156 4062 1250 4100 nec
1277 4047 1446 4117 ipsum
1473 4046 1658 4100 debere
1685 4062 1976 4117 possemus.
2013 4045 2151 4112 Quid

555 4141 693 4192 enim
737 4139 887 4192 nobis
935 4139 1169 4202 invicem,
1222 4139 1324 4192 nisi
1372 4139 1643 4192 caritatem
1689 4138 1970 4194 debemus?
2000 4136 2150 4202 Quod

556 4229 728 4297 utique
748 4225 811 4281 Β.
838 4226 1036 4280 Paulus
1058 4228 1166 4281 hazc
1189 4228 1401 4298 loquens
1413 4227 1671 4297 fidelibus,
1698 4229 1956 4282 evidenter
1979 4237 2151 4282 osten-

557 4319 675 4372 dit:
698 4317 909 4372 Nemini
937 4318 1230 4387 quidquam
1273 4319 1551 4388 debeatis,
1583 4324 1633 4391 2
1679 4320 1786 4374 nisi
1831 4329 1889 4374 ut
1920 4321 2150 4375 invicem

559 4409 792 4478 diligatis
821 4407 999 4478 (Rom.
1034 4421 1144 4475 xm,
1175 4408 1254 4480 8).
1288 4409 1416 4474 Quis
1445 4420 1616 4475 autem
1645 4413 1872 4483 fateatur
1903 4410 2147 4478 debitum,

560 4503 607 4556 si
633 4510 784 4572 neget
809 4502 1112 4572 acceptum?
1135 4500 1203 4555 In
1221 4517 1282 4556 eo
1300 4503 1488 4574 igitur,
1509 4503 1645 4574 quod
1681 4520 1778 4558 nos
1829 4504 2012 4559 debere
2066 4507 2148 4558 di-

561 4594 743 4656 cimus,
775 4594 1004 4664 profecto
1019 4609 1114 4647 nos
1141 4595 1400 4664 accepisse
1416 4603 1782 4649 monstramus.
1807 4595 1950 4650 Dicit
1969 4597 2152 4668 quippe

560 4685 623 4740 B.
659 4684 934 4755 Apostolus
957 4701 976 4738 :
1005 4683 1145 4751 Quid
1174 4685 1319 4739 enim
1345 4685 1515 4741 habes
1534 4686 1682 4755 quod
1710 4702 1819 4742 non
1858 4687 2152 4758 accepisti?

561 4778 621 4833 Si
631 4786 811 4833 autem
821 4777 1094 4848 accepisti,
1119 4777 1245 4847 quid
1268 4777 1537 4847 gloriaris,
1553 4780 1707 4849 quasi
1742 4796 1850 4838 non
1877 4783 2152 4852 acceperis

563 4868 742 4940 (Rom.
782 4885 835 4935 ν,
868 4867 961 4938 5)?
990 4866 1136 4922 Nam
1161 4867 1336 4923 etalio
1362 4870 1476 4924 loco
1509 4879 1728 4925 testatur
1751 4888 1769 4925 :
1793 4872 1928 4939 Quia
1955 4873 2151 4927 caritas

563 4960 661 5018 Dei
689 4959 884 5016 diffusa
913 4968 996 5014 est
1023 4961 1078 5015 in
1101 4961 1350 5018 cordibus
1372 4963 1573 5018 nostris
1600 4979 1696 5034 per
1724 4963 1986 5035 Spiritum
2024 4979 2119 5019 san
2137 4996 2150 5006 -

567 5060 713 5107 ctum
742 5053 835 5123 qui
863 5051 1020 5106 datus
1046 5059 1128 5108 est
1157 5052 1330 5108 nobis.
1371 5051 1473 5118 Qui
1498 5071 1620 5126 ergo
1649 5056 1794 5111 nobis
1833 5056 1975 5110 dedit
2015 5056 2150 5128 quod

2252 3882 2418 3921 meum
2447 3885 2651 3939 nomen,
2680 3873 2773 3926 sub
2800 3873 3072 3934 Fotiniani
3101 3882 3192 3952 (al.
3224 3881 3462 3952 Fotiani)
3483 3886 3675 3939 erroris
3696 3896 3845 3954 nota,

2253 3973 2357 4012 non
2388 3958 2636 4016 dubitavit
2655 3963 2935 4034 lacessere;
2963 3972 3083 4041 quin
3113 3975 3267 4026 etiam
3290 3983 3584 4029 sanctorum
3606 3974 3850 4047 Augusti~

2253 4053 2307 4103 ni
2335 4061 2384 4104 et
2406 4052 2712 4126 Hieronymi
2737 4058 2906 4126 dicta,
2939 4069 3183 4133 tanquam
3210 4081 3338 4120 mete
3372 4068 3688 4137 professioni
3718 4084 3851 4121 con-

2253 4145 2436 4209 traria,
2469 4148 2523 4199 in
2552 4165 2634 4202 me
2662 4150 2820 4203 voluit
2840 4160 3148 4222 retorquere.
3181 4153 3340 4224 Cujus
3382 4172 3566 4210 nomen
3598 4173 3735 4210 nunc
3755 4157 3851 4212 lit-

2253 4235 2379 4287 teris
2399 4236 2662 4292 insinuare
2684 4239 2893 4307 distuli,
2928 4243 3018 4295 sed
3047 4252 3188 4313 potes
3222 4245 3334 4313 ipse
3358 4247 3539 4316 procul
3575 4245 3732 4301 dubio
3759 4264 3852 4300 rc-

2253 4327 2479 4380 cordari.
2539 4327 2683 4384 Nam
2732 4331 2801 4386 ibi
2854 4342 2903 4387 te
2957 4333 3220 4388 nobiscum
3274 4336 3414 4405 apud
3479 4334 3854 4406 Carthaginem

2214 4475 2218 4480 _
2252 4418 2440 4487 posito,
2470 4418 2594 4470 mihi
2623 4418 2761 4474 dicta
2791 4424 2904 4492 ejus
2933 4423 3096 4476 allata
3137 4434 3274 4489 sunt,
3319 4436 3370 4477 et
3413 4428 3457 4479 si
3499 4425 3624 4479 bene
3652 4428 3854 4492 recolo,

2251 4508 2407 4561 etiam
2433 4509 2487 4560 in
2512 4517 2647 4564 tuam
2691 4513 2928 4566 notitiam
2953 4523 3321 4583 pervenerunt;
3363 4514 3496 4569 nihil
3523 4516 3659 4568 enim
3701 4525 3750 4569 te
3777 4517 3856 4570 ibi

2251 4601 2418 4669 posito
2440 4600 2606 4672 legere
2626 4621 2846 4674 possem,
2872 4603 3007 4675 quod
3031 4602 3120 4656 tibi
3142 4604 3511 4658 recensendum
3531 4605 3724 4673 offerre
3745 4623 3858 4662 non

2251 4707 2474 4763 possem.
2509 4691 2735 4749 Eosdem
2760 4698 2920 4766 igitur
2947 4693 3146 4748 libellus
3171 4737 3184 4760 ,
3225 4697 3268 4749 si
3299 4694 3554 4750 Dominus
3607 4697 3859 4763 voluerit,

2231 4793 2434 4850 uestra:
2453 4786 2660 4838 caritati
2682 4784 2916 4838 celeriter
2940 4784 3226 4841 destinabo.
3272 4785 3339 4838 Et
3363 4803 3466 4841 non
3505 4785 3681 4841 dubito
3711 4792 3862 4860 quod

2252 4891 2420 4930 meam
2451 4875 2749 4929 tarditatem
2778 4877 2832 4929 in
2857 4884 2941 4929 tuo
2963 4876 3132 4930 debito
3154 4877 3384 4949 digneris
3407 4879 3662 4948 patienter
3683 4881 3855 4950 ferre.

2255 4963 2511 5031 Quoniam
2543 4968 2650 5020 scio
2680 4976 2926 5037 quantum
2982 4967 3277 5034 delecteris,
3325 4971 3402 5024 vel
3448 4979 3696 5041 quantum
3753 4987 3860 5028 nos

2223 5074 2226 5076 ·
2255 5076 2452 5129 semper
2472 5059 2584 5128 ipse
2604 5057 2900 5128 compellas,
2932 5068 2988 5111 ut
3016 5075 3130 5127 nos,
3165 5059 3387 5116 Domino
3417 5061 3720 5133 adjuvante,
3743 5079 3859 5121 nou

568 5144 828 5199 reddendo
848 5142 1146 5211 debeamus,
1177 5145 1286 5214 ipse
1311 5146 1457 5201 nobis
1488 5146 1698 5202 donabit
1728 5148 2026 5220 facultatem
2052 5165 2151 5220 qua
2177 5147 2229 5207 D
2257 5150 2428 5220 pigeat
2446 5147 2698 5202 haereticis
2721 5149 3044 5219 respondere.

641 5334 668 5362 ι
687 5323 820 5379 Cod.
842 5339 943 5380 ms.
970 5321 1200 5393 Thuan.,
1233 5326 1430 5380 timore.

639 5395 667 5434 δ
697 5393 823 5452 Haec
839 5394 1152 5460 verba,cum
1172 5391 1370 5463 uenero,
1396 5394 1609 5472 reddam
1631 5395 1739 5461 tibi,
1762 5395 1955 5451 absunt
1974 5411 2005 5451 a
2024 5395 2144 5451 cod.
2175 5409 2276 5450 ms.
2308 5391 2516 5448 Thuan.
