4074 6496
248 440 350 505 155

1521 457 1614 514 AD
1651 457 1968 516 ΜΟΝΙΜοΜ
2007 461 2136 519 LIB.
2176 464 2218 522 ἰ.

3419 468 3523 530 154

247 556 3523 624 mm

1269 671 1416 786 S.
1491 662 2486 792 FULGENTH

685 852 961 983 AD
1035 853 2495 1058 MONIMPEIBRI
2606 866 3073 995 TRES.

1498 1135 1786 1214 LIBER
1845 1137 2256 1238 PRIMUS,

305 1298 406 1349 ms
434 1297 746 1348 nomen
771 1296 1468 1348 PBEDESTINA’I‘IONE
1499 1299 1648 1362 DEI,
1680 1299 1828 1347 una
1848 1301 2212 1352 somnum
2245 1271 2348 1352 an
2377 1303 2734 1368 αιοιιιΑιιι,
2761 1306 3054 1358 ALTERA
3077 1309 3454 1366 manorum

1671 1390 1773 1435 AD
1802 1390 2117 1440 PCENAM.

1739 1499 2016 1518 -—_—_

233 1596 416 1654 CAPUT
465 1605 684 1646 Pmnuu.
725 1597 868 1642 Heus
895 1597 951 1640 ut
978 1604 1091 1658 eum
1138 1602 1428 1656 quwramus
1472 1587 1695 1658 inspirat
1724 1600 1773 1644 et
1802 1608 1834 1644 a
1859 1574 1914 1636 Α
1939 1570 2152 1626 debitor
2173 1572 2548 1640 ΨωδιίθιιυηΒ
2579 1571 2711 1629 duas
2738 1573 2804 1628 ad
2830 1589 3064 1645 Ρηεθηε
3093 1579 3351 1650 θΡίεῑοιδε
3374 1585 3533 1654 Domi

716 1656 1059 1730 quazrentibus
1079 1659 1354 1712 invenitur.

310 1758 361 1828 3
382 1755 598 1811 Littera:
629 1760 752 1817 tuae,
779 1749 852 1804 ﬁli
871 1751 1148 1806 carissime
1176 1749 1430 1816 Monime,
1447 1759 1704 1821 quantum
1733 1751 1830 1807 de-

240 1855 540 1908 monstrant
567 1844 941 1901 delectabilem
973 1843 1051 1898 tui
1079 1843 1246 1899 animi
1291 1844 1679 1912 sinceritatem,
1711 1845 1830 1899 lau-

233 1943 576 2009 dabilemque
603 1938 768 1994 studii
795 1936 1054 2007 spiritalis
1084 1935 1365 2004 ardorem,
1399 1943 1606 1992 tantum
1634 1945 1835 1992 nostra:

232 2031 627 2104 responsionis,
665 2028 891 2100 querula
934 2027 1294 2096 benignitate,
1324 2027 1576 2083 videntur
1605 2043 1834 2099 arguere

233 2127 566 2183 tarditatem.
597 2124 876 2193 Tanquam
908 2121 962 2176 in
984 2137 1052 2177 eo
1080 2122 1257 2177 minus
1283 2136 1446 2191 quam
1467 2122 1640 2178 debeo
1677 2131 1732 2178 te
1761 2123 1837 2178 vi-

235 2221 362 2278 dear
388 2220 630 2288 diligere,
679 2215 825 2287 quod
854 2215 1293 2285 inquisitionibus
1323 2215 1430 2270 tuis
1459 2232 1568 2271 non
1599 2231 1831 2272 curave-

236 2314 336 2369 rim
385 2310 636 2367 celeriter
682 2306 1030 2378 respondere.
1084 2305 1191 2361 Sed
1218 2305 1377 2361 crede
1415 2306 1547 2360 mihi
1595 2307 1735 2362 sicut
1779 2307 1832 2361 in

235 2407 462 2463 caritate
486 2402 684 2458 Christi
713 2415 1002 2472 personam
1030 2407 1180 2454 tuam
1209 2413 1552 2468 nequaquam
1592 2399 1647 2453 in
1671 2398 1834 2453 corde

233 2515 356 2556 meo
398 2503 787 2566 contemptam,
819 2494 898 2549 sic
924 2493 1334 2563 responsionem
1377 2507 1574 2557 meam,
1599 2487 1709 2546 non
1740 2506 1836 2545 vo-

231 2591 463 2654 luntate,
496 2587 594 2643 sed
618 2585 1032 2656 occupationum
1053 2584 1318 2638 varietate
1344 2583 1585 2638 dilatam.
1611 2583 1836 2638 Verum-

230 2692 417 2740 tamen
443 2682 585 2736 inter
607 2680 750 2749 ipsas
779 2676 1168 2746 occupationes
1200 2690 1335 2746 quas
1362 2674 1562 2729 invitus
1595 2673 1833 2729 tolerare

230 2775 533 2847 compellor
561 2779 770 2826 tantum
810 2767 989 2824 studio
1032 2775 1128 2821 tuo
1167 2765 1532 2834 congratulor,
1570 2771 1832 2836 quantum

232 2877 328 2923 tua
353 2867 577 2922 caritate
605 2863 868 2918 delector.
901 2858 979 2913 Eo
1009 2858 1182 2928 magis
1211 2857 1558 2927 amplectens'
1580 2863 1829 2912 sanctum

1938 1664 2199 1732 reperire.
2227 1663 2398 1718 Unam
2426 1665 2796 1721 continentem
2824 1669 2998 1724 sancti
3032 1673 3312 1740 Augustini
3340 1677 3529 1744 verba,

1937 1769 2058 1824 quae
2086 1756 2140 1809 in
2169 1756 2305 1811 libro
2329 1755 2396 1811 de
2421 1755 2760 1813 Perfectione
2805 1760 3026 1829 iustitia:
3073 1763 3324 1832 hominis,
3357 1767 3420 1822 dc
3452 1769 3543 1823 his.

1935 1847 2021 1915 qui
2043 1846 2112 1898 ad
2130 1846 2395 1900 interitum
2426 1848 2785 1916 prmdestinati
2811 1861 2952 1916 sunt,
2986 1853 3128 1909 inter
3158 1855 3261 1910 alia
3287 1858 3534 1927 posuisse

1936 1938 2294 2006 cognoscitur.
2330 1938 2429 1994 Cui
2453 1941 2677 1995 alteram
2707 1944 2889 1998 statim
2918 1944 3258 2015 subjunctam
3287 1951 3533 2018 quaestio.

1935 2043 2062 2082 nem
2089 2029 2280 2084 videor
2305 2031 2598 2102 invenisse,
2632 2034 2734 2088 boc
2760 2043 2862 2102 est,
2889 2037 2952 2091 de
2974 2040 3256 2110 sacriﬁcio,
3284 2043 3419 2113 quod
3434 2045 3531 2098 soli

1937 2121 2090 2175 Patri
2118 2122 2328 2194 quidam
2355 2126 2656 2179 existimant
2679 2127 2961 2184 immolari.
2985 2128 3044 2184 In
3073 2131 3243 2186 altera
3273 2149 3402 2189 vero
3424 2136 3531 2206 epi-

1936 2213 2076 2268 stola
2120 2213 2352 2284 positam
2397 2215 2802 2286 inquisitionem
2848 2219 3067 2274 inveni:
3101 2219 3240 2286 Quid
3280 2231 3355 2277 est
3396 2225 3532 2296 quod

1937 2307 2214 2377 Apostolus
2245 2307 2440 2362 duobus
2468 2310 2697 2365 denariis
2741 2329 2866 2384 quos
2915 2315 3132 2385 accepit,
3164 2332 3532 2390 supereroyare

1935 2399 2199 2467 potuerit?
2227 2396 2363 2452 Cum
2402 2414 2532 2469 ergo
2560 2400 2657 2455 bas
2693 2403 3072 2460 tantummodo
3112 2405 3246 2461 duas
3277 2407 3531 2477 epistolas

1936 2488 2256 2552 invenirem,
2289 2491 2461 2545 tertia:
2504 2508 2720 2563 quoque
2749 2509 2867 2548 sum
2897 2497 3144 2566 protinus
3186 2499 3529 2571 recordatus,

1935 2595 2056 2651 quae
2077 2580 2208 2636 mihi
2236 2597 2267 2636 a
2295 2583 2507 2638 notario
2549 2600 2655 2639 non
2699 2586 2798 2640 fuit
2837 2588 3015 2642 oblata
3035 2633 3049 2657 ,
3078 2591 3133 2644 in
3175 2600 3282 2660 qua
3311 2594 3530 2651 tuemini

1935 2690 2099 2729 unam
2130 2676 2398 2731 contineri
2426 2677 2493 2732 de
2519 2687 2707 2734 sancto
2747 2678 2951 2750 Spiritu
2999 2684 3353 2752 quaestionem
3382 2705 3394 2738 :
3427 2685 3530 2741 Cur

1932 2767 2128 2822 scilicet
2149 2784 2180 2821 a
2215 2767 2372 2822 Patre
2391 2769 2667 2825 mittendus
2697 2772 2766 2825 ad
2792 2775 3197 2828 consecrandum
3218 2777 3530 2847 sacriﬁcium
3617 2847 3622 2851 ν

1933 2861 2166 2931 corporis
2193 2870 2244 2914 et
2267 2863 2537 2933 sanguinis
2564 2862 2773 2918 Domini
2802 2869 3107 2936 postuletur.
3163 2867 3256 2923 lite
3290 2879 3416 2924 sunt
3445 2872 3530 2924 in-

237 2957 504 3015 aviditatis
533 2963 636 3010 tua:
663 2951 1024 3024 propositum,
1067 2947 1215 3018 quod
1242 2947 1382 3002 sicut
1420 2961 1548 3001 vere
1577 2945 1833 3016 spiritalis
1861 2951 1908 3012 Β
1935 2953 2093 3008 terim
2141 2963 2374 3022 quatuor
2417 2957 2761 3026 quaestiones,
2807 2976 3034 3030 quarum
3079 2971 3189 3018 tres
3219 2979 3286 3018 ex
3325 2964 3531 3020 duabus

235 3048 555 3118 negotiator,
571 3044 834 3099 interioris
851 3041 1072 3096 hominis
1087 3040 1232 3094 lucra
1247 3046 1590 3101 consectans,
1605 3045 1662 3093 et
1675 3038 1832 3092 cmle

232 3140 392 3196 stium
414 3136 672 3192 mercium
687 3140 924 3204 qumstus
948 3130 1121 3200 magis
1141 3145 1205 3184 ac
1221 3128 1389 3197 magis
1401 3125 1735 3198 ampliﬁcare
1746 3125 1835 3182 de-

232 3231 494 3294 siderans,
510 3227 742 3296 primum
756 3223 900 3294 quod
930 3238 961 3277 a
990 3237 1080 3277 me
1100 3218 1312 3291 ﬂagitas
1331 3219 1593 3284 debitum,
1606 3217 1834 3274 subinde

232 3323 476 3382 cumulas
497 3321 682 3376 fenore
711 3317 1091 3388 quaestionum,
1117 3323 1178 3370 ut
1202 3315 1412 3370 scilicet
1439 3321 1655 3368 tuorum
1677 3326 1829 3367 com-

233 3416 526 3474 modorum
552 3412 750 3468 militet
777 3407 1131 3466 incrementis
1166 3407 1280 3477 ipsa
1304 3412 1508 3460 nostrae
1537 3404 1833 3459 necessitas

233 3510 523 3568 tarditatis.
553 3505 790 3561 Proinde
810 3502 1023 3559 conﬁdo
1045 3502 1100 3556 in
1114 3498 1503 3560 misericordia,
1517 3497 1614 3551 Dei
1637 3495 1828 3561 nostri,

234 3603 361 3675 quia
387 3600 435 3654 si
463 3595 594 3668 quid
621 3594 753 3648 mihi
782 3593 940 3662 hujus
968 3590 1334 3662 inquisitionis
1362 3604 1425 3643 ac
1454 3586 1834 3657 disputationis

236 3706 406 3762 opere
430 3703 532 3759 pro
571 3700 693 3740 meo
723 3685 918 3739 merito
947 3698 1058 3738 non
1087 3681 1421 3745 conceditur,
1453 3694 1552 3749 pro
1580 3687 1673 3733 tuo
1703 3678 1834 3732 mibi

237 3781 508 3841 desiderio
529 3775 874 3834 concedetur.
892 3775 1076 3842 Neque
1095 3773 1238 3827 enim
1262 3771 1666 3840 inquisitionem
1689 3780 1836 3824 tuam

239 3874 382 3930 Deus
419 3866 747 3925 inventionis
771 3865 966 3921 effectu
997 3862 1233 3917 fraudari
1263 3861 1532 3915 ullatenus
1552 3861 1714 3926 sinet,
1742 3861 1836 3928 qui

237 3972 294 4020 te
319 3961 387 4017 ad
425 3957 802 4029 inquirendum
839 3953 1156 4026 spiritaliter
1183 3949 1558 4015 inflammavit,
1591 3966 1712 4004 cum
1757 3952 1836 4019 ip-

239 4055 354 4111 sius
381 4051 540 4106 ﬁdele
569 4048 895 4120 promissum
940 4045 1090 4100 nulla
1135 4044 1347 4098 ratione
1375 4049 1620 4098 cassetur
1647 4041 1835 4097 dicen-

238 4146 345 4200 tis:
378 4143 570 4206 Petite,
610 4150 659 4194 et
702 4139 995 4211 accipietis;
1025 4137 1266 4207 quaerite,
1307 4144 1358 4191 et
1394 4135 1691 4200 invenietis;
1721 4134 1838 4206 pul-

239 4245 370 4302 sate,
408 4242 458 4290 et
501 4234 761 4305 aperietur
787 4230 927 4285 vobis
975 4227 1126 4301 (Luc.
1175 4244 1250 4297 x1,
1290 4225 1369 4298 9).
1397 4226 1646 4281 lnternus
1675 4226 1836 4295 igitur

1933 3045 2177 3116 epistolis
2203 3046 2331 3114 tuis,
2361 3063 2526 3102 unam
2553 3065 2682 3104 vero
2709 3055 2972 3106 memoria
3016 3063 3339 3121 suggerente
3368 3071 3528 3110 reco-

1932 3135 2025 3190 lui.
2061 3136 2084 3173 ι)
2114 3135 2272 3206 Quod
2296 3139 2340 3192 si
2367 3136 2505 3193 forte
2533 3148 2659 3194 sunt
2680 3141 2800 3195 alite
2825 3139 2916 3212 (al.
2952 3143 3187 3213 posite),
3215 3160 3352 3214 quas
3374 3147 3530 3202 nobis

1932 3231 2128 3287 misisti
2156 3232 2465 3301 solvendas,
2496 3248 2598 3288 nec
2639 3234 2694 3288 in
2741 3237 2846 3290 hoc
2891 3236 3101 3291 invenis
3130 3253 3295 3307 opere
3325 3238 3531 3309 positas

1935 3333 2030 3379 aut
2053 3325 2279 3388 solutas,
2313 3340 2495 3394 quaeso
2525 3333 2583 3379 ut
2612 3343 2721 3381 non
2748 3326 2817 3382 ad
2845 3335 3218 3398 contemptum
3246 3329 3336 3384 vel
3375 3327 3530 3384 fasti-

1935 3420 2082 3474 dium
2105 3421 2336 3487 redigas,
2359 3419 2455 3475 sed
2483 3419 2742 3474 oblivioni
2778 3420 3050 3490 patienter
3078 3420 3359 3489 ignoscas;
3390 3429 3530 3491 prte-

1935 3511 2140 3577 sertim,
2169 3527 2292 3565 cum
2321 3510 2468 3565 illam
2494 3510 2562 3565 de
2585 3509 2786 3580 Spiritu
2801 3518 3013 3577 sancto,
3045 3526 3205 3581 quam
3231 3526 3351 3581 ego,
3370 3512 3531 3570 etiam

1936 3603 2167 3673 epistola
2198 3619 2305 3657 non
2336 3603 2575 3666 inventa,
2608 3602 2832 3666 rccolui,
2865 3603 3081 3657 silentio
3119 3603 3399 3672 praeterire
3429 3619 3530 3658 ne-

1936 3694 2102 3765 quivi.
2137 3694 2242 3749 Sed
2281 3695 2408 3764 quia
2439 3703 2499 3748 tu
2540 3703 2853 3749 cunctarum
2883 3693 2951 3768 (si
2980 3709 3101 3764 qua:
3129 3695 3354 3749 forsitan
3384 3697 3531 3764 sunt)

1937 3789 2055 3843 sine
2081 3787 2243 3842 dubio
2265 3788 2578 3853 meministi,
2604 3803 2714 3842 non
2743 3798 2796 3842 te
2824 3788 3025 3858 pigeat,
3045 3796 3103 3842 ut
3129 3796 3180 3843 te
3202 3787 3532 3844 rescribenta

1939 3893 2351 3935 commemorer.
2398 3877 2465 3932 Et
2508 3894 2670 3948 spero
2709 3879 2833 3949 quia
2876 3879 2928 3933 in
2968 3887 3228 3949 quantum
3275 3878 3532 3936 Dominus

1939 3970 2204 4038 adjuvcrit
2244 3978 2427 4024 nostra
2469 3971 2752 4040 responsio
2794 3970 3184 4038 subsequatur,
3234 3970 3278 4023 si
3327 3985 3532 4039 praece-

1939 4061 2117 4115 dentis
2145 4070 2338 4116 vestrzn
2363 4062 2623 4116 orationis
2645 4061 2914 4131 adjutorio
2942 4061 3211 4115 fulciatur.

1940 4148 2121 4206 CAPUT
2154 4168 2230 4206 ιιι.
2273 4150 2456 4205 Prima
2485 4153 2698 4223 quwstio
2736 4151 2800 4206 de
2844 4152 3326 4223 prwdestinatione.
3372 4151 3532 4210 Verba

2207 4223 2429 4277 Monimi
2459 4223 2522 4276 de
2550 4224 2758 4294 gemina
2786 4223 3263 4294 prwdestinatione.

239 4326 514 4396 Magister,
545 4340 577 4378 a
604 4339 712 4393 quo
754 4321 1050 4377 subsidium
1078 4320 1339 4374 doctrinae
1374 4319 1610 4374 cmlestis
1639 4317 1838 4387 accipi-
1865 4323 1912 4388 α
2016 4311 2210 4369 Prima:
2258 4315 2420 4384 igitur
2465 4315 2780 4383 quaestionis
2837 4315 3263 4385 intelligentiam,
3309 4316 3363 4371 in
3394 4316 3532 4374 illius

161 4447 167 4456 υ
242 4430 534 4482 mus,.non
563 4414 738 4468 solum
786 4411 1177 4480 inquirentibus
1217 4410 1373 4465 nobis
1411 4424 1632 4465 suorum
1663 4408 1839 4479 aperit

241 4522 440 4564 arcana
465 4518 804 4571 sermonum,
840 4502 934 4559 sed
955 4509 1014 4556 ut
1037 4503 1199 4558 etiam
1227 4517 1550 4571 quaaramus,
1581 4501 1694 4570 ipse
1715 4513 1838 4569 gra-

241 4602 313 4656 tis
334 4599 559 4670 inspirat
587 4595 858 4651 aﬁ‘ectum.
891 4593 1028 4661 Quia
1072 4610 1174 4650 nec
1204 4597 1411 4650 esurire
1436 4609 1633 4665 panem
1661 4594 1832 4660 illum,

149 4715 156 4726 ο
243 4695 328 4765 qui
355 4692 418 4746 de
441 4691 566 4744 cwto
604 4689 867 4744 descendit
904 4687 1083 4758 (Joan.
1114 4705 1189 4754 vi,
1235 4688 1351 4757 55),
1382 4704 1690 4758 possumus,
1735 4689 1837 4743 nisi

243 4787 313 4840 ab
349 4785 466 4854 ipso
492 4781 548 4854 4
572 4779 969 4835 fastidientibus
1007 4780 1214 4834 esuries
1240 4778 1418 4845 detur,
1449 4781 1542 4851 qui
1561 4795 1622 4834 se
1652 4779 1720 4834 ad
1750 4795 1837 4834 sa-

243 4874 458 4932 tiandos
485 4873 785 4929 esurientes
809 4871 1014 4926 donare
1052 4871 1322 4941 dignatur.
1375 4870 1456 4926 Ab
1506 4874 1622 4942 ipso
1669 4873 1834 4928 etiam

246 4968 403 5024 nobis
430 4973 513 5020 est
547 4964 692 5034 quod
718 4963 787 5018 ad
813 4962 1019 5019 fontem
1055 4959 1302 5018 sitientes
1328 4963 1615 5028 currimus,
1645 4963 1738 5032 qui
1777 4978 1837 5018 se

246 5059 401 5114 nobis
419 5056 626 5124 tribuit,
655 5063 716 5111 ut
734 5055 1001 5112 bibamus.
1032 5055 1155 5126 Ipse
1174 5055 1335 5124 igitur
1356 5053 1655 5110 laudandus
1679 5063 1764 5110 est
1780 5055 1833 5110 in

247 5151 526 5220 utriusque
553 5158 580 5186 ι
607 5150 848 5205 muneris
868 5149 1080 5220 gratia;
1105 5148 1222 5204 sive
1249 5163 1372 5204 cum
1393 5163 1494 5204 nos
1520 5147 1587 5203 ad
1609 5163 1669 5203 se
1690 5163 1836 5218 qua:-

246 5241 474 5297 rendum
520 5239 851 5297 dormientes
897 5239 1232 5309 exsuscitat,
1279 5255 1378 5295 seu
1422 5255 1546 5295 cum
1585 5254 1645 5294 se
1684 5239 1836 5294 inve-

246 5336 506 5394 niendum
553 5336 709 5391 nobis
762 5339 1125 5405 quaerentibus
1184 5337 1369 5392 donat.
1427 5334 1529 5402 Qui
1584 5333 1831 5405 profecto

249 5429 553 5484 nullatenus
592 5428 881 5494 invenitur,
931 5429 1031 5483 nisi
1075 5429 1190 5499 ipse
1218 5443 1317 5482 nos
1345 5428 1565 5490 excitet,
1597 5435 1656 5481 ut
1681 5440 1830 5497 quae-

246 5526 414 5574 ratur.

570 5609 751 5666 CAPUT
783 5627 839 5666 ιι.
881 5608 962 5664 De
983 5611 1160 5665 eodem
1180 5621 1502 5684 argumento.

1941 4406 2160 4461 nomine
2187 4407 2510 4476 quzcsitums
2539 4407 2606 4461 de
2634 4422 2743 4476 quo
2771 4407 3033 4478 scriptum
3063 4417 3166 4474 est,
3196 4410 3320 4478 quia
3347 4408 3533 4464 Domi-

1941 4514 2036 4551 nus
2064 4496 2155 4549 dat
2183 4498 2512 4568 sapientiam,
2561 4506 2610 4550 et
2638 4514 2669 4550 a
2701 4499 2835 4570 [acie
2865 4499 2976 4568 ejus
3005 4500 3223 4553 scientia
3256 4509 3307 4554 et
3334 4501 3533 4555 intelte.

1941 4598 2050 4642 ctus
2080 4588 2258 4661 (Prov.
2293 4606 2351 4657 ιι,
2382 4588 2437 4659 (5)
2459 4631 2473 4658 ,
2505 4590 2612 4644 hoc
2641 4591 3050 4646 convenientius
3087 4601 3249 4663 atque
3289 4609 3532 4651 commo-

1941 4681 2062 4736 dius
2092 4682 2380 4736 arbitratus
2406 4699 2543 4747 sum,
2590 4692 2652 4736 ut
2695 4693 2805 4737 tam
2850 4686 3015 4740 verba
3056 4694 3146 4740 tua
3189 4702 3349 4758 quam
3391 4688 3532 4746 beati

1941 4775 2242 4844 Augustini,
2271 4789 2391 4843 quae
2421 4775 2473 4828 in
2503 4783 2596 4828 tua
2625 4775 2852 4846 epistola
2883 4778 3128 4848 posuisti,
3154 4780 3488 4835 revolverem
3516 4799 3529 4834 :

1941 4876 2000 4922 ut
2029 4868 2112 4921 his
2139 4867 2374 4931 relectis,
2400 4866 2608 4921 facilius
2629 4877 2953 4937 agnoscatur
2983 4877 3092 4923 tam
3123 4870 3350 4926 intentio
3372 4887 3530 4943 quam

1938 4961 2137 5016 solutio
2176 4961 2508 5031 quaestionis.
2552 4960 2775 5030 Legcnti
2823 4977 2933 5032 me,
2981 4963 3178 5033 inquis,
3229 4965 3425 5019 librum
3463 4965 3532 5020 de

1939 5049 2275 5106 Pcrfectione
2310 5050 2532 5118 justitia:
2562 5053 2817 5117 hominis,
2851 5054 3215 5109 testimonium
3255 5055 3531 5125 prOphetm

1939 5145 1994 5198 in
2025 5144 2271 5199 ordinem
2293 5144 2560 5214 relegens,
2592 5145 2774 5200 auditu
2806 5156 2965 5203 cauto
2994 5149 3325 5218 pedetentim
3348 5149 3530 5219 paulu-

1938 5240 2048 5294 lum
2069 5240 2381 5306 retractavi,
2404 5239 2496 5295 ubi
2518 5240 2594 5295 ait
2620 5259 2632 5292 :
2659 5239 2786 5295 Non
2805 5252 2882 5296 est
2904 5244 2988 5312 qui
3016 5242 3176 5310 faciat
3197 5241 3404 5307 bonum,
3423 5259 3529 5297 non

1937 5344 2014 5388 est
2038 5350 2196 5406 usque
2223 5334 2294 5387 ad
2320 5351 2480 5388 unum
2507 5333 2681 5405 (Psat.
2727 5351 2837 5399 anu,
2862 5333 2940 5401 ὅ).
2973 5331 3043 5385 Et
3070 5333 3186 5386 sine
3219 5331 3397 5403 aliqua
3428 5350 3527 5389 ne-

1936 5427 2081 5490 bula,
2119 5427 2236 5483 sine
2264 5426 2441 5495 aliqua
2466 5425 2803 5481 dubitatione
2832 5424 3097 5494 expressit
3122 5424 3389 5497 interpres
3412 5427 3526 5498 ipse

1937 5520 2266 5585 verissimus,
2293 5535 2462 5590 genus
2489 5519 2596 5574 tale
2620 5533 2739 5573 esse
2758 5515 3054 5584 hominum,
3073 5517 3217 5587 quod
3235 5534 3342 5574 non
3362 5519 3523 5574 iaciat

1934 5613 2160 5676 bonum,
2209 5611 2340 5666 illud
2385 5611 2828 5682 prtedestinatum
2875 5609 3062 5678 utique
3109 5610 3176 5665 ad
3221 5612 3519 5666 interitum.

318 5703 620 5760 Revolvens
647 5704 810 5776 igitur
827 5704 1026 5773 scripta
1049 5712 1160 5770 tua,
1190 5713 1444 5776 tanquam
1470 5704 1826 5774 chirographa
1855 5707 1908 5769 D
1931 5705 2106 5775 Atque
2134 5712 2194 5758 ut
2209 5711 2330 5758 tuus
2350 5718 2530 5758 sermo
2547 5701 2755 5772 praafati
2776 5702 2949 5758 sancti
2975 5703 3076 5758 viri
3105 5702 3383 5758 fulciretur
3401 5703 3520 5758 elo--

246 5809 390 5860 mea,
418 5803 477 5850 ut
497 5810 562 5852 ex
589 5796 671 5851 his
700 5796 997 5853 instruerer
1015 5803 1146 5864 quot
1173 5797 1257 5851 vel
1276 5813 1501 5866 quarum
1525 5797 1621 5853 tibi
1649 5813 1822 5854 essem

319 5975 345 6006 ⁸
371 5963 510 6024 Cod.
543 5981 644 6024 ms.
676 5965 909 6036 Thuam,
933 5964 1364 6036 muneregratite.

1935 5798 2086 5868 quio,
2116 5795 2305 5851 eadem
2333 5797 2515 5859 verba,
2547 5808 2668 5863 qua:
2697 5809 2729 5848 a
2758 5794 2918 5853 beato
2939 5794 3236 5868 Augustino
3269 5795 3356 5866 (de
3384 5793 3519 5849 Per-

2011 5967 2039 6011 δ
2061 5966 2326 6030 Cod._ms.
2360 5965 2592 6034 Thuan.,
2610 5968 2766 6035 forte.
2842 5995 2851 6001 -
