4068 6478
543 447 656 507 155)

1572 450 1628 506 S.
1667 447 2027 506 FULGENTII
2062 447 2363 507 EPISCOPI
2404 449 2792 509 RUSPENSIS.

3731 457 3834 514 .‘56

541 570 663 638 fect.
702 571 944 639 Iustitia,
992 583 1106 639 cap.
1142 567 1234 636 13)
1265 574 1390 622 sunt
1431 565 1598 630 dicta,
1645 565 1974 620 subnectens
1999 583 2011 617 :
2041 564 2130 618 Ait
2156 571 2210 629 Α
2235 570 2394 618 tenus
2424 564 2750 633 intelligendi
2777 580 3054 630 concessa,
3095 569 3226 624 nihil
3266 569 3411 626 aliud
3451 571 3824 643 accipiendum

539 664 704 724 enim,
757 662 950 729 inquis,
1004 661 1145 716 idem
1183 660 1600 730 gloriosissimus
1639 657 2011 730 Augustinus:
2044 657 2126 716 Ds

536 753 626 805 illo
657 752 792 804 enim
814 751 946 807 bono
975 753 1168 807 dictum
1207 753 1288 806 hic
1332 752 1569 807 debemus
1597 754 1850 824 accipere,
1889 752 2027 824 quod
2052 752 2126 807 ibi

533 846 651 899 ait:
685 843 826 899 Deus
855 843 922 900 de
944 845 1084 900 coelo
1113 844 1392 920 prospexit
1435 859 1599 914 super
1644 841 1783 902 ﬁlios
1824 841 2124 913 hominum.

534 946 590 988 nt
619 935 801 991 videat
829 935 879 1006 5
907 936 953 990 si
977 942 1062 990 est
1107 933 1427 1005 intelligens,
1487 943 1580 989 aut
1629 935 1909 1005 requirens
1956 935 2125 991 Deum

535 1025 708 1090 (Psal.
741 1041 856 1093 xm,
879 1023 957 1096 9.).
991 1023 1108 1079 Hoc
1134 1042 1256 1096 ergo
1305 1024 1510 1090 bonum,
1553 1026 1692 1098 quod
1738 1035 1817 1080 est
1866 1027 2124 1097 requirere

533 1115 720 1181 Deum,
751 1134 856 1171 non
884 1125 996 1170 erat
1022 1117 1108 1188 qui
1137 1119 1345 1188 faceret,
1377 1134 1482 1171 non
1510 1126 1622 1171 erat
1647 1134 1807 1191 usque
1836 1119 1906 1174 ad
1943 1133 2121 1184 unum,

534 1208 624 1261 sed
647 1209 701 1265 in
728 1225 786 1264 eo
817 1224 999 1284 genere
1037 1209 1297 1264 hominum
1324 1210 1459 1282 quod
1485 1209 1907 1281 prwdestirtatum
1940 1220 2018 1267 est
2055 1213 2124 1268 ad

532 1297 819 1353 interitum.
850 1296 948 1353 Hic
972 1295 1113 1353 dicta
1141 1297 1314 1354 sancti
1348 1299 1628 1368 Augustini
1658 1300 2043 1370 determinans,
2069 1313 2125 1359 et

535 1386 600 1442 ad
627 1403 715 1444 me
742 1388 1094 1443 intentionem
1125 1396 1336 1442 tuarum
1365 1388 1598 1458 dirigens
1623 1390 1942 1458 litterarum,
1991 1391 2122 1450 dicis

531 1484 732 1540 sentire
752 1499 838 1539 me
858 1482 968 1553 jam
998 1499 1096 1539 cur
1124 1484 1317 1540 iterum
1347 1484 1460 1540 hazc
1482 1485 1737 1552 inculces,
1753 1487 1959 1541 scilicet
1977 1487 2121 1556 quod

528 1577 722 1648 sapius
749 1577 1033 1633 reluctanti
1064 1586 1119 1634 te
1148 1577 1846 1648 mihi,pr:edestinationem
1877 1594 1984 1632 non
2002 1587 2121 1633 tan-

529 1675 643 1722 tum
673 1669 724 1723 in
754 1669 898 1723 bono
926 1670 1052 1734 dici,
1085 1669 1177 1724 sed
1208 1669 1371 1723 etiam
1415 1669 1466 1723 in
1516 1670 1680 1736 malo,
1723 1669 1850 1725 dum
1895 1671 1948 1725 in
1979 1671 2119 1727 malo

528 1757 1056 1828 praedestinationem
1087 1767 1142 1815 te
1171 1759 1426 1828 relegisse
1475 1758 1704 1825 diceres,
1757 1761 1873 1829 ipse
1915 1760 2119 1816 docens

527 1847 741 1904 aiebam
787 1850 852 1903 ad
891 1866 1104 1920 paenam
1146 1851 1406 1916 debitam,
1455 1867 1560 1905 non
1590 1851 1655 1905 ad
1686 1853 1884 1906 malum
1913 1852 2118 1908 facien-

2231 655 2485 713 existimo
2509 655 2562 710 in
2593 656 2684 712 illo
2711 659 2884 712 sancti
2915 658 3197 728 Augustini
3229 676 3498 727 sermone,
3521 678 3630 733 quo
3660 665 3727 719 ad
3753 667 3835 720 in-

2231 747 2451 801 teritum
2472 747 2738 817 quosdam
2761 749 3170 820 prmdestinatos
3194 753 3392 819 ﬁrmat,
3424 755 3527 809 nisi
3553 756 3620 808 ad
3651 757 3834 812 interi-

2230 843 2346 892 tum
2373 836 2645 910 supplicii,
2677 853 2785 894 non
2832 837 3051 908 delicti;
3093 856 3271 915 neque
3318 842 3385 898 ad
3423 845 3644 907 malum,
3681 848 3829 915 quod

2229 928 2430 998 injuste
2457 927 2765 997 admittunt,
2797 931 2893 986 sed
2922 929 2990 986 ad
3019 933 3333 1001 cruciatum,
3351 949 3512 1005 quem
3529 936 3830 1004 justissime

2227 1022 2534 1094 patientur;
2566 1038 2668 1078 nec
2693 1024 2759 1077 ad
2793 1031 3092 1094 peccatum,
3126 1041 3234 1096 quo
3257 1026 3443 1096 prima:
3471 1030 3831 1084 resurrectio-

2227 1118 2312 1174 nis
2347 1116 2690 1184 beneﬁcium,
2720 1125 2814 1173 aut
2839 1133 2946 1173 non
2977 1119 3265 1188 accipiunt,
3299 1129 3394 1175 aut
3422 1122 3697 1188 amittunt,
3728 1123 3830 1178 sed

2227 1207 2296 1262 ad
2335 1215 2692 1275 tormentum,
2724 1211 2779 1284 θ
2816 1207 2962 1279 quod
3003 1207 3107 1262 illis
3136 1209 3356 1282 propria
3396 1210 3653 1280 iniquitas
3682 1213 3830 1269 male

2224 1297 2387 1370 parit,
2417 1305 2472 1351 et
2496 1299 2724 1368 aequitas
2762 1297 2944 1352 divina
2975 1297 3118 1352 bene
3145 1298 3427 1363 retribuit;
3453 1315 3553 1354 nec
3580 1297 3647 1355 ad
3673 1316 3829 1355 mor-
3930 1341 3940 1348 ..

2225 1394 2338 1441 tem
2367 1387 2560 1440 anima:
2588 1388 2836 1457 primam,
2866 1387 2920 1440 in
2945 1403 3050 1457 qua
3081 1396 3376 1442 nascuntur
3397 1390 3628 1458 parvuli,
3652 1390 3737 1444 vel
3772 1393 3828 1446 in

2223 1491 2385 1546 quam
2422 1478 2583 1551 (sicut
2611 1478 2804 1533 beatus
2831 1477 3065 1534 Iacobus
3092 1479 3244 1550 dicit)
3277 1482 3696 1552 concupiscentia
3723 1500 3827 1537 sua

2222 1567 2474 1622 abstracti
2518 1578 2568 1623 et
2613 1570 2772 1624 illecti
2803 1568 3006 1640 (Iacob.
3047 1586 3085 1638 ι,
3116 1569 3208 1641 id)
3248 1571 3496 1626 recidunt
3523 1573 3830 1641 criminosi,

2219 1660 2317 1715 sed
2340 1661 2407 1714 ad
2429 1670 2658 1716 mortem
2687 1659 3000 1727 secundam,
3045 1677 3208 1730 quam
3248 1676 3470 1718 necesse
3497 1671 3581 1720 est
3609 1666 3829 1734 patian-

2222 1760 2332 1819 tur,
2356 1751 2689 1807 retribuente
2714 1752 3014 1821 justissimo
3049 1752 3248 1824 judice,
3281 1769 3378 1810 seu
3407 1769 3500 1825 qui
3529 1765 3658 1810 ante
3695 1772 3827 1826 per—

2219 1853 2433 1914 ceptam
2465 1847 2694 1916 gratiam
2725 1846 2975 1915 baptismi
3006 1845 3292 1902 discedunt
3340 1847 3407 1902 de
3452 1849 3671 1914 steculo,
3705 1849 3828 1905 sive

526 1935 675 2006 dum,
705 1953 866 2008 posse
887 1939 987 1995 dici
1012 1940 1170 1994 aliam
1198 1940 1750 2010 praedestinationem.
1773 1942 1928 2009 Quod
1957 1945 2116 1999 etiam

2227 1938 2338 2006 qui,
2370 1939 2424 1991 in
2449 1954 2661 1992 vacuum
2692 1939 2918 2010 gratiam
2939 1936 3035 1993 Dei
3065 1940 3372 2010 recipientes
3396 1939 3482 2010 (Il
3510 1941 3630 1997 Cor.
3659 1959 3732 2007 vt,
3771 1944 3823 2014 Ι)

525 2035 604 2092 tu,
636 2029 775 2084 sicut
804 2030 1084 2103 scripsisti,
1115 2031 1422 2088 conﬁrmas.
1454 2032 1606 2088 Scire
1638 2041 1690 2088 te
1719 2042 1899 2090 tamen
1923 2038 2120 2094 asseris

525 2106 656 2192 quid
681 2130 735 2177 et
763 2122 853 2178 hic
884 2124 1264 2198 respondeam,
1296 2133 1356 2179 ut
1382 2132 1538 2180 tuear
1563 2127 1886 2182 sententiam
1917 2145 2114 2196 meam,

525 2209 631 2268 hoc
659 2223 742 2269 est
767 2215 1032 2269 interitum
1061 2231 1168 2270 non
1190 2215 1317 2284 dici,
1347 2217 1450 2271 nisi
1477 2226 1727 2274 mortem.
1761 2217 1826 2274 Et
1847 2219 2112 2289 adjuugis,

524 2303 739 2360 interim
768 2304 964 2373 legisse
993 2314 1047 2362 te
1075 2305 1198 2374 hoc,
1232 2315 1288 2360 et
1311 2322 1650 2366 asseverasse
1688 2310 1848 2364 etiam
1880 2310 2114 2380 praedes-

525 2393 752 2452 tinatum
796 2396 1054 2466 populum
1105 2395 1172 2451 ad
1216 2397 1502 2454 interitum.
1535 2399 1742 2455 Deinde
1768 2401 2027 2457 admones
2057 2411 2116 2457 ut

523 2485 861 2542 considerem
896 2488 1063 2556 ipsius
1087 2487 1190 2544 loci
1211 2504 1542 2558 sermonem,
1576 2499 1630 2544 et
1659 2498 1717 2545 ut
1745 2490 1936 2547 doctor
1963 2507 2115 2546 meo-

524 2586 642 2632 l'um
666 2575 1068 2646 discipulorum,
1104 2593 1210 2632 non
1255 2587 1313 2634 ut
1359 2589 1597 2634 assertor
1635 2596 1877 2636 mearum
1911 2597 2114 2652 propo-

523 2667 799 2734 sitionum,
832 2667 1022 2722 faciam
1054 2684 1148 2723 vos
1176 2670 1449 2740 sequenda
1477 2686 1825 2740 cognoscere.

557 2755 739 2813 CAPUT
765 2774 834 2813 tv.
879 2756 1145 2813 Invocatio
1173 2763 1401 2815 auctoris
1444 2762 1676 2816 modesta
1699 2773 1747 2815 et
1768 2762 2072 2838 theologica.

594 2847 708 2918 Ego
728 2847 964 2917 quidem,
996 2850 1296 2919 carissime,
1327 2860 1589 2923 quantum
1635 2853 1862 2908 Domino
1910 2858 2111 2925 gratui-

523 2946 633 2992 tam
661 2939 888 3008 gratiam
918 2941 1181 3010 largiente
1205 2943 1481 2998 modulum
1503 2960 1721 3014 possum
1750 2948 1980 3018 propri-.8
1998 2965 2114 3018 par-

523 3028 702 3086 vitatis
730 3044 1042 3099 agnoscere,
1076 3033 1175 3087 sub
1207 3032 1299 3088 illo
1327 3050 1433 3090 uno
1482 3034 1710 3091 Domino
1739 3047 1900 3108 atque
1942 3038 2110 3111 Magi-

522 3129 655 3187 stro,
708 3123 762 3176 in
809 3122 926 3192 ejus
974 3123 1158 3179 schola
1201 3125 1429 3195 positus,
1469 3143 1578 3180 non
1610 3126 1837 3182 fratrum
1867 3145 2110 3185 meorum

523 3214 704 3270 vocari
733 3216 988 3283 magister
1013 3223 1106 3270 aut
1143 3215 1336 3271 doctor
1364 3217 1578 3283 aﬁ'ecto,
1624 3233 1852 3288 quorum
1884 3221 1937 3275 in
1967 3223 2110 3278 veri-

2219 2037 2346 2101 post
2371 2037 2650 2099 acceptum
2674 2028 3022 2101 baptismum,
3056 2047 3226 2101 usque
3261 2034 3314 2087 in
3347 2031 3509 2089 ﬁnem
3537 2040 3825 2106 prmsentis

2218 2121 2344 2174 vita:
2374 2120 2580 2174 malunt
2608 2123 2740 2176 servi
2764 2139 2877 2176 esse
2915 2126 3135 2194 peccati,
3159 2140 3258 2181 nec
3297 2127 3506 2196 volunt,
3531 2129 3659 2184 dum
3687 2138 3824 2185 tem-

2216 2229 2312 2283 pus
2341 2220 2416 2266 est
2445 2210 2774 2282 acceptabile,
2807 2221 2856 2266 et
2885 2215 2996 2268 dies
3040 2217 3246 2285 salutis,
3277 2221 3518 2274 converti
3552 2235 3578 2273 a
3615 2222 3700 2275 \ia
3722 2238 3821 2278 sua

2216 2301 2378 2367 mala,
2412 2310 2471 2356 ut
2510 2303 2722 2365 vivant;
2777 2312 2826 2357 et
2874 2306 3192 2377 ignorantes,
3234 2311 3478 2379 quoniam
3521 2310 3820 2384 benignitas

2214 2392 2316 2448 Dei
2342 2395 2413 2448 ad
2448 2397 2802 2466 pamitentiam
2829 2412 2916 2452 eos
2954 2400 3186 2467 adducit,
3217 2401 3317 2471 ipsi
3345 2406 3627 2460 secundum
3659 2409 3810 2462 duri-

2217 2484 2344 2538 tiam
2369 2501 2537 2554 suam,
2579 2493 2628 2540 et
2659 2488 2987 2560 impaenitens
3015 2506 3124 2554 cor,
3175 2493 3527 2550 thesaurizant
3556 2499 3655 2552 sibi
3684 2503 3816 2555 iram

2213 2575 2269 2630 in
2293 2575 2378 2629 die
2404 2576 2499 2630 ira:
2527 2585 2576 2630 et
2613 2579 2942 2633 reuelationis
2958 2580 3090 2651 justi
3108 2582 3300 2652 judicii
3327 2585 3422 2639 Dei
3459 2585 3641 2656 (Rem.
3675 2607 3729 2653 ll,
3757 2592 3812 2657 4,

2217 2663 2293 2736 5).
2327 2663 2403 2722 De
2438 2668 2528 2722 illa
2551 2682 2680 2738 ergo
2703 2680 2900 2738 morte,
2919 2688 3081 2742 quam
3108 2675 3206 2730 sibi
3237 2684 3554 2747 peacatores
3573 2685 3816 2742 manibus

2217 2764 2274 2811 et
2311 2755 2488 2813 verbis
2539 2761 2928 2825 accersierunt,
2973 2772 3028 2818 et
3071 2767 3400 2824 aestimantes
3437 2785 3556 2827 eam
3588 2779 3816 2833 amicam

2215 2845 2574 2914 deﬂuXerunt,
2606 2851 2838 2906 dicitur:
2867 2852 3048 2909 Nolite
3075 2859 3245 2912 utare
3267 2873 3482 2915 mortem
3503 2863 3558 2918 in
3587 2882 3815 2924 errorem

2213 2941 2335 2994 vita:
2362 2949 2562 3007 vestrm,
2595 2957 2756 3012 neque
2803 2947 3083 3017 acquiratis
3125 2951 3465 3018 perditionem
3516 2957 3813 3012 animarum

2215 3041 2523 3102 vestrarum,
2546 3036 2789 3106 quoniam
2823 3035 2963 3092 Deus
2989 3051 3202 3095 mortem
3239 3059 3341 3097 non
3372 3047 3511 3115 fecit,
3541 3065 3699 3120 neque
3724 3052 3809 3104 Ite.

2217 3130 2359 3175 tatur
2401 3124 2455 3176 in
2497 3124 2788 3195 perditione
2835 3129 3062 3184 vivorum
3092 3132 3249 3203 (Sap.
3285 3149 3323 3202 ι,
3355 3134 3431 3206 2).
3461 3136 3522 3191 Et
3547 3139 3650 3192 alio
3679 3139 3800 3196 loco

2217 3211 2286 3268 de
2314 3212 2417 3268 hac
2443 3225 2618 3270 morte
2643 3213 2841 3272 dicitur
2870 3237 2882 3272 :
2919 3218 3128 3276 Invidia
3157 3234 3327 3280 autem
3354 3227 3540 3282 diaboli
3564 3245 3701 3284 mors
3725 3233 3806 3285 in.

524 3309 637 3356 tate
664 3301 1059 3372 condiscipulus
1084 3318 1299 3372 semper
1319 3320 1439 3360 esse
1468 3305 1738 3362 desidero.
1768 3307 2114 3380 Quapmpter
2140 3315 2187 3379 ο
2218 3305 2388 3358 ιιόἱυὶε
2415 3305 2469 3359 in
2497 3305 2673 3361 orbem
2696 3315 2972 3365 terrarum.
3023 3311 3312 3369 Imitantur
3349 3329 3519 3373 autem
3561 3337 3678 3375 eum
3723 3323 3811 3392 qui

524 3408 629 3449 noc
653 3391 720 3447 ab
742 3393 833 3447 illo
854 3407 986 3449 vero
1015 3394 1245 3449 Domino
1263 3410 1326 3450 ac
1346 3395 1602 3467 Magistro
1630 3407 1816 3455 nostro
1837 3402 2113 3471 postulare

524 3497 633 3539 non
664 3483 870 3549 desino,
897 3493 954 3538 ut
982 3500 1044 3538 ea
1067 3500 1173 3552 me,
1204 3487 1314 3541 sive
1346 3503 1444 3558 per
1473 3487 1692 3558 eloquia
1715 3489 2114 3562 Scripturarum

525 3590 763 3640 suarum,
794 3589 888 3630 seu
918 3591 1016 3648 per
1035 3578 1546 3634 sermocinationem
1587 3580 1812 3637 fratrum
1842 3585 2110 3639 condisci-

525 3668 882 3742 pulorumque
929 3684 1196 3738 meorum,
1245 3671 1358 3728 sive
1407 3674 1570 3728 etiam
1618 3691 1715 3745 per
1744 3677 2110 3746 inspirationis

524 3778 638 3820 suae
658 3763 926 3820 internam
961 3765 1376 3835 suavioremque
1409 3766 1708 3823 doctrinam
1743 3767 1855 3840 (ubi
1885 3772 2002 3826 sine
2023 3787 2110 3826 so-

525 3855 610 3910 nis
633 3870 939 3910 sermonum
983 3865 1040 3912 et
1071 3858 1189 3914 sine
1219 3858 1501 3916 elementis
1544 3860 1846 3917 litterarum
1885 3878 1952 3918 eo
1993 3863 2114 3919 dul-

526 3947 641 4002 cius
687 3963 794 4018 quo
835 3949 1096 4004 secretius
1145 3950 1344 4005 veritas
1383 3950 1653 4022 loquitur)
1694 3968 1757 4007 ea
1795 3968 1882 4009 me
1917 3954 2114 4010 docere

524 4039 794 4110 dignetur,
823 4055 941 4108 quae
969 4041 1046 4096 sic
1079 4056 1400 4112 proponam,
1431 4042 1508 4098 sic
1537 4059 1794 4111 asseram,
1831 4053 1888 4100 ut
1910 4047 1962 4100 in
1986 4062 2109 4117 pro-

525 4130 880 4200 positionibus
905 4140 1068 4202 atque
1108 4132 1497 4189 assertionibus
1525 4136 1684 4202 meis,
1724 4138 1939 4192 veritati
1969 4140 2112 4208 (quae

525 4237 628 4279 nec
655 4221 806 4286 fallit,
831 4237 930 4278 nec
950 4223 1170 4292 fallitur)
1190 4239 1402 4295 semper
1419 4225 1726 4292 inhaeream,
1743 4242 1958 4298 semper
1978 4228 2111 4283 obe-

526 4314 678 4370 diens
719 4316 1172 4386 consentiensque
1213 4317 1469 4386 reperiar.
1502 4317 1767 4384 Quoniam
1798 4328 1858 4374 ut
1903 4322 2113 4375 veritati

527 4403 752 4462 obedire
779 4406 942 4476 atque
968 4408 1280 4464 consentire
1325 4407 1555 4474 valeam,
1606 4411 1720 4480 ipsa
1764 4412 1962 4467 veritas
1990 4413 2112 4468 illu-

526 4495 716 4563 minat,
746 4496 861 4566 ipsa
891 4495 1138 4564 adjuvat,
1164 4497 1275 4569 ipsa
1307 4497 1617 4567 conﬁrmat,
1654 4501 1722 4556 ab
1752 4501 1865 4574 ipsa
1895 4505 2112 4575 postulo

523 4588 707 4648 doceri
733 4589 903 4644 multo
931 4588 1082 4660 plura
1120 4605 1239 4661 qua:
1281 4593 1487 4661 nescio,
1517 4609 1547 4647 a
1575 4609 1682 4666 qua
1711 4595 1894 4667 accepi
1938 4612 2111 4668 pauca

523 4695 644 4748 qua:
667 4681 800 4736 scio.
826 4677 1000 4751 Ipsam
1021 4695 1176 4751 rogo,
1200 4691 1278 4749 ut,
1295 4685 1654 4754 praeveniente
1674 4703 1738 4744 ac
1755 4689 2115 4760 subsequente
2139 4689 2194 4752 Ι)

526 4772 921 4844 misericordia,
964 4789 1296 4848 quaacunque
1333 4777 1623 4835 salubriter
1665 4782 1882 4837 scienda
1929 4783 2113 4840 nescio

527 4861 721 4916 doceat
747 4877 862 4928 me,
912 4864 966 4918 in
1000 4865 1082 4919 his
1117 4880 1235 4936 quae
1269 4883 1397 4922 vera
1431 4869 1555 4924 novi
1597 4872 1863 4926 custodiat
1898 4889 2015 4942 me,
2057 4875 2112 4930 in

525 4951 719 5021 quibus
749 4961 808 5006 ut
846 4954 1006 5009 homo
1036 4954 1192 5012 fallor
1219 4959 1455 5030 corrigat
1494 4977 1611 5028 me,
1651 4963 1703 5016 in
1740 4964 1934 5032 quibus
1967 4967 2112 5036 veris

527 5041 704 5115 (vero)
739 5044 911 5100 titubo
943 5045 1220 5102 conﬁrmet
1259 5065 1364 5114 me,
1389 5058 1444 5104 et
1469 5066 1500 5104 a
1525 5051 1673 5107 falsis
1696 5068 1760 5108 ac
1791 5054 1968 5111 noxiis
1999 5057 2109 5110 eri-

525 5134 640 5202 piat
674 5149 790 5197 me,
842 5143 900 5188 ut
943 5135 997 5189 in
1041 5139 1455 5207 cogitationibus
1500 5159 1563 5199 ac
1606 5146 1943 5202 sermonibus
1976 5149 2112 5204 meis

525 5221 670 5294 quod
717 5223 1003 5280 salubriter
1027 5225 1214 5299 donat,
1265 5232 1521 5300 inveniat,
1552 5242 1606 5290 et
1632 5250 1697 5290 ea
1729 5236 1888 5291 faciat
1915 5237 1982 5292 de
2013 5254 2108 5293 ore

525 5325 648 5366 meo
687 5315 1003 5388 procedere,
1046 5336 1164 5390 quae
1205 5324 1314 5379 sint
1353 5340 1538 5380 coram
1579 5326 1694 5397 ipsa
1741 5329 2110 5399 principaliter

523 5413 697 5474 grata,
721 5415 775 5462 et
799 5410 875 5466 sic
904 5410 1029 5467 liant
1054 5413 1299 5472 ﬁdelibus
1322 5418 1529 5472 cunctis
1554 5427 1798 5488 accepta.

524 5494 704 5579 CAP-ur
734 5514 810 5579 v._
830 5499 1113 5579 Responsio
1143 5506 1213 5579 ad
1239 5510 1460 5577 primam
1499 5510 1824 5579 quazstionem
1854 5512 2106 5579 quomodo

427 5585 431 5589 '
593 5569 699 5622 sint
725 5569 941 5643 mtidam‘
963 5575 1034 5628 ad
1059 5569 1324 5645 interitum
1362 5569 1736 5645 prcdestinati.
1771 5569 2104 5635 Peccatorum

595 5655 733 5695 mors
760 5658 864 5697 non
893 5652 970 5698 est
997 5661 1031 5698 α
1058 5644 1168 5700 Deo
1190 5644 1583 5716 prodestinata.

593 5728 863 5795 Quantum
893 5733 1078 5800 igitur,
1118 5735 1235 5803 ipsa
1263 5736 1496 5790 veritate
1527 5737 1671 5806 (qua:
1713 5753 1896 5793 verum
1927 5743 2106 5800 lumen

523 5820 626 5890 est)
675 5821 1000 5875 illuminante
1041 5822 1275 5877 tenebras
1301 5841 1442 5878 meas
1487 5825 1660 5894 (Psal.
1707 5844 1833 5895 xvn,
1887 5829 1999 5900 29),
2053 5835 2106 5888 in

524 5908 682 5979 hujus
705 5912 1018 5979 quaestionis
1051 5913 1401 5984 scrutatione,
1421 5917 1665 5974 .faeultas
1709 5921 1840 5978 mihi
1868 5930 1953 5978 est
1982 5923 2108 5979 hac-

2215 3403 2429 3450 suntex
2456 3408 2604 3469 parte
2627 3398 2767 3454 illius
2797 3399 2951 3477 (Sap.
2975 3419 3031 3469 ιι,
3065 3404 3175 3476 24).
3209 3406 3379 3474 Quam
3405 3422 3639 3476 mortem,
3673 3417 3813 3470 utab

2218 3502 2384 3557 opere
2412 3502 2478 3543 ac
2499 3488 2974 3558 prmdestinatione
2996 3495 3090 3550 Dei
3116 3510 3534 3566 agnosceremus
3556 3503 3810 3570 alienam,

2216 3577 2358 3633 Deus
2400 3580 2514 3650 ipse
2542 3581 2621 3636 sic
2650 3582 2890 3651 loquitur
2918 3601 3016 3655 per
3035 3589 3350 3656 prophetam
3376 3608 3390 3645 :
3419 3591 3812 3664 Conuertimini,

2215 3676 2266 3723 et
2295 3672 2506 3724 avertite
2533 3687 2620 3726 vos
2651 3671 2714 3725 ab
2754 3677 2989 3731 omnibus
3020 3677 3365 3748 impietatibus
3395 3685 3598 3749 vestris,
3632 3697 3684 3740 et
3714 3703 3816 3743 non

2216 3772 2368 3815 erunt
2389 3763 2531 3818 vobis
2558 3766 2613 3822 in
2639 3783 2842 3837 pennam
2868 3770 3176 3842 iniquitatis.
3209 3774 3460 3844 I’rojicite
3487 3795 3520 3829 a
3547 3781 3691 3834 vobis
3713 3799 3818 3837 om-

2215 3870 2306 3910 nes
2329 3856 2628 3928 iniquitates
2643 3868 2862 3928 vestras,
2893 3879 3020 3933 quas
3041 3863 3197 3934 impie
3215 3867 3408 3935 fecistis
3439 3869 3689 3926 adversus
3713 3889 3814 3938 me,

2212 3954 2264 3999 et
2287 3948 2442 4017 facite
2470 3947 2610 4004 vobis
2637 3966 2726 4004 cor
2746 3967 2932 4005 novum
2957 3962 3006 4006 et
3032 3955 3269 4008 soiritum
3299 3975 3500 4012 novum.
3528 3958 3597 4013 Et
3625 3966 3814 4035 utquid

2215 4040 2478 4093 morimini
2498 4039 2679 4095 domus
2699 4036 2908 4096 Israel?
2930 4043 3188 4108 Quoniam
3213 4048 3332 4102 nolo
3354 4061 3571 4106 mortem
3593 4059 3820 4111 morien-

2215 4132 2302 4197 tis,
2327 4131 2419 4186 sed
2443 4131 2539 4193 (al.
2572 4134 2849 4204 quomodo)
2872 4142 2928 4186 ut
2948 4139 3332 4194 avertaturinse
3357 4157 3390 4192 a
3413 4143 3495 4195 via
3519 4159 3616 4197 sua
3649 4149 3815 4212 mala,

2214 4229 2264 4274 et
2293 4221 2426 4275 vivat
2452 4228 2629 4276 anima
2651 4239 2765 4293 ejus
2806 4223 3023 4295 (Ezech.
3066 4243 3216 4294 xvm,
3249 4230 3358 4299 50).
3398 4231 3522 4290 Haec
3549 4245 3635 4290 est
3672 4254 3820 4294 mors

2215 4313 2532 4382 impietatis,
2565 4330 2720 4383 quam
2746 4331 2849 4368 non
2890 4318 3012 4386 fecit
3050 4317 3210 4384 Deus,
3254 4337 3373 4390 qua:
3412 4342 3504 4396 per
3548 4328 3819 4386 diabolum

2214 4403 2445 4458 introivit
2469 4405 2522 4458 in
2543 4403 2715 4460 orbem
2747 4416 3020 4463 terrarum.
3051 4408 3108 4464 in
3135 4411 3235 4467 hac
3255 4432 3370 4468 eum
3399 4416 3672 4474 imitantur
3726 4425 3817 4494 qui

2215 4503 2336 4549 sunt
2363 4511 2428 4550 ea:
2449 4507 2599 4564 parte
2632 4498 2793 4551 illius.

2214 4584 2398 4641 CAPUT
2420 4603 2491 4641 vr.
2534 4585 2695 4665 Deu_s_
2722 4589 2838 4642 huic
2867 4594 3020 4665 morti
3048 4593 3260 4665 duplam
3297 4609 3516 4654 mortem
3547 4604 3816 4660 retribuit.

2637 4657 2785 4715 Mors
2812 4663 3002 4717 anima
3039 4665 3092 4716 in
3120 4657 3374 4735 gehenna.

2293 4744 2430 4801 Huic
2450 4748 2542 4802 uni
2570 4750 2754 4814 morti,
2781 4763 2940 4818 quam
2975 4764 3230 4822 peccator
3258 4759 3359 4813 sibi
3389 4775 3487 4829 per
3523 4772 3818 4838 contemp-

2218 4837 2554 4892 tum-divina:
2577 4837 2838 4923 jussionis
2880 4842 3077 4911 injuste
3113 4850 3548 4917 concupiscendo
3575 4837 3816 4913 arcessi-

2216 4927 2315 4992 vit,
2343 4927 2560 4998 duplam
2590 4927 2732 4986 Deus
2759 4940 2988 4989 mortem
3014 4935 3158 5004 juste
3198 4937 3490 5006 iudicando
3518 4947 3816 5016 retribuit;

2216 5019 2321 5074 hoc
2349 5029 2449 5085 est,
2476 5021 2703 5091 primam
2733 5023 2787 5078 in
2816 5027 3159 5094 separatione
3205 5032 3397 5088 anima:
3440 5044 3494 5091 et
3537 5043 3812 5108 corporis,

2215 5110 2508 5165 secundam
2534 5112 2587 5165 in
2627 5122 2831 5169 interna
2860 5117 3196 5174 cruciatione
3233 5123 3425 5180 animm
3452 5136 3508 5180 et
3536 5135 3810 5200 corporis.

2215 5199 2294 5255 Ac
2320 5215 2416 5268 per
2439 5201 2544 5258 hoc
2571 5203 2818 5271 primam,
2837 5219 2962 5272 qua,
2986 5205 3299 5268 discedente
3313 5215 3514 5284 anima,
3537 5199 3667 5276 caro
3687 5225 3811 5284 soli

2213 5289 2472 5354 moritur;
2500 5291 2794 5348 secundam
2817 5307 2970 5364 vero,
3010 5299 3226 5364 quando
3255 5303 3471 5369 rediens
3497 5308 3549 5364 in
3578 5324 3806 5369 carnem

2213 5378 2412 5443 anima.
2465 5380 2520 5438 in
2566 5380 2758 5438 eadem
2806 5391 2863 5436 et
2909 5399 3032 5442 cum
3057 5387 3268 5458 eadem,
3307 5395 3363 5450 in
3401 5411 3507 5465 qua
3536 5405 3807 5469 peccavit,

2213 5483 2376 5523 carne
2407 5478 2719 5538 torquetur;
2751 5480 2809 5527 ut
2828 5490 2949 5529 cum
2982 5493 3088 5546 qua
3117 5487 3538 5544 communicavit
3568 5504 3806 5554 mortem

2214 5560 2444 5654 peccati,
2487 5561 2632 5654 quod
2678 5562 2775 5619 Dei
2820 5565 3035 5626 bonitas
3082 5572 3359 5634 interdixit
3405 5580 3634 5654 homini,
3676 5604 3801 5644 cum

2213 5652 2331 5722 ipsa
2359 5653 2721 5710 communicet
2748 5668 2977 5715 mortem
2998 5665 3262 5734 supplicii,
3300 5673 3447 5738 quod
3469 5652 3680 5744 paraui],
3709 5681 3800 5734 di-

2214 5745 2337 5799 vina
2353 5744 2561 5815 justitia
2587 5752 2882 5816 peccatori.
2907 5753 2983 5809 De
3011 5755 3114 5812 bac
3132 5769 3309 5818 morte
3335 5753 3588 5826 Salvator
3611 5783 3798 5828 noster

2213 5837 2380 5892 dicit:
2415 5837 2595 5895 Nolite
2615 5843 2794 5898 timere
2819 5864 2905 5902 eos
2931 5849 3017 5916 qui
3043 5850 3281 5906 occidunt
3318 5873 3521 5927 corpus,
3565 5866 3799 5919 animam

2215 5937 2388 5984 autem
2414 5947 2519 5986 non
2558 5945 2778 6002 possunt
2804 5939 3053 5995 occidam
3082 5941 3258 6013 Magis
3286 5957 3456 6004 autem
3482 5969 3600 6009 eum
3627 5957 3799 6019 timeto
