4074 6466
226 429 325 484 157

1525 423 1616 478 AD
1652 420 1971 486 MONIIUM
2010 425 2136 482 LIB.
2174 427 2215 483 l.

3397 431 3499 486 {358

225 539 310 610 qui
337 544 504 606 potest
529 544 578 592 et
605 537 832 592 animam
871 542 922 591 et
968 549 1154 600 corpus
1201 532 1414 604 perdere
1435 532 1495 588 in
1524 533 1811 610 gehennam
1839 537 1894 606 Α
1915 535 1983 592 iis
1999 537 2344 605 postmodum
2384 539 2499 611 ipsa
2521 541 2771 598 voluntas
2794 544 2884 609 sit,
2907 551 2969 599 ut
2988 543 3185 598 malam
3214 545 3500 615 concupis-

225 627 446 700 (Hattlt.
476 644 534 697 ι,
563 626 675 700 28).
719 626 872 696 Quod
901 615 1029 696 ergo
1075 634 1200 681 ante
1227 625 1530 697 gehennam
1560 623 1686 682 mali
1715 641 1812 696 pe-

226 729 407 788 reunt,
431 736 538 776 non
568 729 651 782 est
667 721 833 778 divini
860 721 1060 791 operis,
1077 719 1171 776 sed
1198 719 1436 778 humani.
1452 717 1607 786 Quod
1627 727 1812 778 autem

229 818 284 874 in
312 816 556 885 gehenna
582 813 810 885 perituri
836 821 980 878 sunt,
1020 813 1126 871 hoc
1153 811 1283 869 facit
1309 812 1406 868 Dei
1443 812 1694 882 aequitas,
1723 814 1810 868 cui

231 908 377 968 nulla
403 907 581 978 placet
604 907 876 978 peccantis
904 905 1177 974 iniquitas.
1203 901 1306 970 Qui
1334 904 1472 960 enim
1509 903 1680 976 diligit
1704 904 1811 958 ini-

229 997 616 1073 quitatsm,odit
642 997 874 1053 animum
897 1012 1046 1050 suam
1071 994 1241 1066 (Psal.
1255 1010 1310 1061 ι,
1324 993 1402 1064 6).
1417 994 1484 1050 Et
1509 994 1640 1050 dicit
1657 993 1816 1050 Joan-

230 1108 330 1152 nes
363 1111 376 1146 :
417 1091 551 1158 Quia
587 1090 753 1146 omnis
798 1089 886 1161 qui
923 1091 1048 1160 facit
1077 1097 1368 1160 peccatum,
1409 1095 1460 1142 et
1488 1088 1812 1157 iniquitatem

232 1185 391 1256 facit;
411 1190 460 1236 et
490 1190 751 1253 peccatum
772 1189 848 1234 est
866 1180 1113 1252 iniquitas
1131 1177 1182 1250 (I
1207 1177 1366 1233 Joan.
1391 1195 1467 1244 ιιι,
1490 1176 1814 1249 4).Ει[)θιιε

229 1291 331 1347 per
375 1273 695 1345 prophetam
741 1270 914 1328 dicit:
952 1269 1085 1335 Quia
1129 1271 1308 1326 anima
1345 1285 1459 1342 quat
1505 1269 1813 1340 peccaverit,

229 1372 348 1440 ipsa
375 1361 643 1423 morietur'
665 1364 880 1436 (Emis.
926 1377 1078 1432 xvrtl,
1121 1363 1201 1430 4).
1234 1363 1312 1418 De
1338 1361 1479 1417 Filio
1509 1370 1690 1416 autem
1719 1361 1816 1416 Dei

232 1464 387 1519 Joan.
413 1460 579 1517 dicit:
613 1458 815 1514 Scimus
838 1459 958 1530 quia
982 1458 1069 1512 ille
1098 1457 1358 1530 apparuit,
1393 1463 1449 1508 ut
1479 1461 1690 1526 peccata
1711 1454 1814 1509 tol-

233 1559 382 1626 leret,
408 1563 456 1610 et
484 1562 746 1624 peccatum
772 1553 829 1606 in
859 1568 918 1606 eo
948 1566 1052 1608 non
1072 1558 1151 1606 est
1181 1547 1236 1622 (Ι
1260 1547 1418 1604 Joan.
1446 1564 1523 1612 ιιι,
1560 1545 1634 1619 5).
1666 1545 1818 1604 Sicut

191 1627 200 1634 .
234 1663 365 1718 ergo
392 1652 673 1718 peccatum
697 1643 834 1699 ineo
864 1657 975 1700 non
1004 1649 1107 1706 est,
1132 1641 1204 1696 ita
1220 1649 1504 1712 peccatum
1529 1654 1596 1692 ex
1622 1652 1688 1692 eo
1709 1653 1817 1692 non

239 1749 339 1798 est.
363 1738 515 1808 Quod
542 1747 726 1793 autem
753 1751 819 1790 ex
848 1749 916 1790 eo
944 1749 1052 1790 non
1079 1740 1180 1796 est,
1199 1747 1336 1807 opus
1357 1730 1473 1800 ejus
1502 1729 1687 1798 utique
1709 1744 1817 1784 non

240 1841 341 1888 est.
374 1830 420 1902 7
449 1827 603 1896 Quod
631 1833 812 1881 autem
841 1837 1117 1893 nunquam
1137 1829 1221 1877 est
1246 1821 1298 1876 in
1328 1836 1493 1890 opere
1521 1818 1658 1890 ejus,
1683 1835 1820 1874 nun-

235 1944 400 2002 quam
426 1925 525 1982 fuit
550 1925 608 1982 in
631 1920 1108 1994 pmdestinatione
1127 1917 1264 1988 ejus.

229 2019 416 2078 Caru'r
462 2032 557 2074 vn.
595 2011 864 2080 Quomodo
893 2018 1012 2064 sunt
1059 2008 1188 2062 mali
1215 2024 1272 2080 a_
1289 2005 1398 2060 Deo
1442 2004 1818 2080 prwdestinati,

303 2075 406 2145 non
435 2086 503 2142 ad
530 2075 763 2154 culpam,
781 2080 872 2154 sed
891 2080 961 2134 ad
979 2095 1202 2154 poenam.
1231 2075 1373 2131 Deus
1403 2075 1679 2130 salvandos
1694 2089 1823 2143 prte-

307 2161 466 2224 venit,
499 2151 828 2210 damnandos
855 2151 1070 2206 invenit.

305 2251 422 2306 Non
446 2261 576 2316 ergo
596 2241 960 2320 praedestinati
989 2246 1114 2296 sunt
1141 2237 1268 2294 mali
1297 2236 1363 2292 ad
1392 2236 1496 2292 hoc
1519 2234 1664 2305 quod
1686 2233 1824 2288 male

232 2349 551 2416 operantur,
580 2351 613 2392 a
653 2333 1093 2404 concupiscentia
1141 2345 1237 2386 sua
1268 2328 1522 2384 abstracti
1553 2334 1608 2382 et
1635 2324 1821 2389 illecti,

231 2434 329 2490 sed
354 2419 442 2486 ad'
462 2431 569 2485 hoc
614 2424 759 2497 quod
783 2425 926 2497 juste
963 2424 1240 2496 patiuntur
1262 2421 1431 2475 inviti.
1468 2417 1826 2473 Pnedestina-

235 2524 399 2580 tionis
426 2521 571 2578 enim
596 2517 814 2574 nomine
834 2531 945 2572 non
972 2515 1149 2582 aliqua
1191 2510 1485 2566 voluntatis
1527 2509 1777 2563 humana:
1798 2518 1826 2544 ι

233 2614 491 2672 coactitia
519 2611 813 2668 necessitas
849 2607 1189 2678 exprimitur,
1219 2604 1314 2660 sed
1336 2603 1646 2658 misericors
1666 2608 1720 2655 et
1738 2599 1825 2668 ju-

232 2715 319 2762 sta
340 2704 504 2760 futuri
521 2700 702 2774 operis
717 2699 884 2755 divini
913 2697 1237 2767 sempiterna
1259 2694 1541 2764 dispositio
1563 2690 1825 2762 praedica-

234 2805 345 2850 tur.
374 2794 484 2848 Deo
512 2800 694 2846 autem
722 2785 1129 2843 misericordiam
1148 2794 1198 2840 et
1215 2784 1473 2856 judicium
1496 2780 1666 2852 (Psal.
1691 2795 1742 2845 c,
1776 2779 1828 2847 l)

239 2891 419 2942 cantat
450 2882 719 2948 Ecclesia,
750 2878 904 2948 cujus
933 2877 1038 2932 hoc
1077 2891 1214 2946 opus
1257 2881 1341 2930 est
1385 2873 1438 2927 in
1485 2871 1724 2937 homine,
1774 2877 1834 2922 ut

243 2975 458 3030 occulto
481 2968 772 3028 voluntatis
802 2982 933 3033 sure,
967 2981 1077 3022 non
1121 2974 1299 3020 tamen
1329 2961 1553 3031 iujusto,
1582 2957 1827 3020 consilio,

244 3073 340 3120 aut
402 3065 687 3135 gratuitam
761 3057 1187 3117 misericordiam
1262 3061 1528 3127 prmroget
1597 3051 1831 3114 misero,

236 3169 334 3216 aut
361 3159 598 3217 debitam
619 3156 883 3228 justitiam
911 3151 1171 3224 rependat
1200 3150 1420 3220 injusto.
1453 3145 1570 3202 lmo
1618 3151 1711 3199 aut
1733 3143 1833 3197 mi-

236 3253 586 3312 sericorditer
624 3250 854 3314 debitori
891 3248 1060 3303 donet
1087 3243 1233 3316 quod
1258 3244 1304 3299 si
1332 3242 1496 3298 vellet
1527 3240 1674 3311 juste
1703 3253 1834 3308 pos-

237 3353 324 3401 set
349 3344 585 3416 exigere,
617 3350 710 3396 aut
736 3340 879 3410 juste
897 3353 1022 3394 cum
1041 3335 1218 3392 usuris
1248 3332 1393 3405 quod
1420 3348 1576 3388 suum
1605 3337 1688 3386 est
1715 3328 1834 3384 exi-

239 3445 334 3508 gat
361 3433 578 3506 (Matth.
621 3447 746 3498 xxv,
781 3430 872 3499 27)
894 3472 909 3497 ,
938 3437 994 3484 et
1022 3426 1206 3498 iniquo
1235 3423 1467 3480 debitori
1497 3420 1642 3494 quod
1672 3419 1837 3474 debe-

238 3535 332 3581 tur
371 3522 741 3594 iniquitatibus
792 3519 1000 3575 reddat.
1045 3518 1124 3571 Ac
1152 3515 1248 3581 sic,
1286 3523 1379 3568 aut
1425 3513 1583 3568 istum
1613 3523 1835 3581 prorsus

240 3615 519 3682 ttulignum
535 3610 890 3666 misericordia
909 3606 1210 3678 prteveniat,
1235 3613 1327 3658 aut
1342 3603 1490 3659 illum
1512 3602 1589 3658 ira
1615 3601 1835 3671 dignum

244 3705 506 3761 inveniat.
529 3703 650 3776 Ipse
679 3702 820 3756 enim
841 3697 1010 3754 donat
1037 3697 1203 3764 gratis
1228 3694 1444 3764 indigno
1458 3693 1702 3764 gratiam,
1727 3707 1835 3762 qua

240 3795 567 3869 justiticatus
613 3791 807 3862 impius
831 3788 1160 3844 illuminetur
1187 3801 1410 3842 munere
1442 3788 1600 3840 bona:
1643 3783 1835 3838 volun-

241 3886 392 3953 tatis,
416 3893 472 3941 et
496 3882 749 3940 facultate
775 3882 932 3936 bona:
977 3876 1340 3949 operationis,
1389 3885 1449 3930 ut
1475 3875 1838 3946 praeveniente

239 3975 616 4036 misericordia
657 3974 858 4030 bonum
897 3970 1036 4027 velle
1087 3968 1338 4039 incipiat,
1383 3976 1438 4023 et
1476 3965 1839 4034 subsequente

240 4067 613 4127 misericordia
641 4067 842 4124 bonum
870 4062 1015 4135 quod
1035 4062 1149 4118 vult
1179 4059 1356 4118 facere
1389 4060 1586 4116 valeat.
1619 4056 1839 4114 Utrum-

241 4175 351 4234 que
398 4167 579 4216 autem
627 4153 1062 4229 prtedestinando
1105 4153 1246 4208 Deus
1295 4150 1619 4222 praeparavit
1664 4149 1718 4204 in
1747 4147 1836 4203 illa

242 4248 674 4310 incommutabili
687 4247 982 4311 voluntate,
1016 4246 1068 4299 in
1091 4257 1196 4318 qua
1218 4242 1299 4298 sic
1326 4241 1563 4296 futurum
1585 4239 1837 4295 et'fbctum

243 4343 481 4404 hominis
501 4339 794 4400 renovandi
821 4337 1106 4410 disposuit,
1125 4343 1181 4390 ut
1195 4335 1311 4404 ejus
1330 4333 1580 4390 voluntas
1595 4334 1648 4387 in
1669 4345 1836 4402 opere

243 4446 389 4497 novo
415 4449 555 4491 nova
577 4447 698 4492 esse
725 4447 832 4488 non
860 4429 1049 4500 possit.

241 4528 429 4586 Carus
458 4541 569 4581 Vill.
600 4521 782 4577 Gratia
819 4521 915 4576 Dei
958 4519 1180 4574 hominis
1209 4518 1444 4586 meritum
1481 4524 1531 4570 et
1559 4517 1734 4569 initiat
1765 4513 1836 4568 ad

307 4597 568 4672 justitiam
595 4603 644 4672 et
672 4599 993 4672 consummat
1013 4589 1087 4671 ad
1126 4587 1364 4658 gloriam.
1399 4584 1669 4654 Quomodo
1696 4601 1834 4656 pra:-

315 4659 535 4740 paratur
554 4665 788 4719 voluntas
814 4677 846 4714 a
872 4659 1115 4715 Domino.

319 4757 495 4814 Donat
523 4755 685 4812 etiam
714 4751 941 4822 gratiam
970 4748 1131 4816 digno
1160 4746 1214 4800 in
1238 4745 1593 4802 retributione
1622 4760 1831 4800 merce-

245 4849 331 4905 dis
357 4856 591 4909 atternaz,
623 4851 684 4898 ut
702 4841 910 4898 scilicet
934 4839 1046 4894 sive
1073 4852 1196 4892 cum
1219 4837 1436 4905 impium
1465 4835 1554 4906 pie
1577 4834 1835 4905 justilicat

243 4944 438 5016 justus,
461 4939 586 5010 quia
615 4937 682 4992 de
709 4937 826 5008 ipso
853 4931 1143 5004 Apostolus
1162 4929 1311 4995 dicit,
1331 4928 1398 4983 Ut
1418 4930 1484 4983 sit
1506 4928 1616 4999 ipse
1638 4931 1832 5002 justus,

243 5042 294 5089 et
310 5032 605 5104 justiﬁcans
629 5043 742 5081 eum
769 5025 856 5098 qui
883 5041 947 5079 ea:
984 5021 1088 5094 ﬁde
1125 5029 1201 5075 est
1238 5019 1361 5073 Iesu
1395 5018 1573 5087 (Rom.
1604 5036 1662 5084 ιι,
1704 5019 1830 5090 26);

244 5141 346 5181 seu
375 5138 494 5178 cum
522 5119 722 5189 justum
751 5111 896 5187 jitste
920 5110 1185 5183 glorificat
1211 5111 1351 5182 pius,
1385 5111 1505 5182 quia
1530 5125 1657 5178 quos
1671 5112 1832 5182 justi-

1915 629 2146 684 centiam
2172 630 2373 690 habere
2397 649 2509 692 non
2551 637 2739 704 possit.
2771 635 2848 692 Ac
2885 637 2966 693 sic
3009 637 3064 691 in
3112 639 3361 708 pmsenti
3389 641 3498 694 vita

1913 720 2099 789 gratias
2118 720 2388 792 adjutorio
2417 724 2715 783 inﬁrmitati
2743 744 2850 783 non
2883 729 3071 795 cedat,
3106 731 3159 785 in
3189 731 3365 785 futura
3410 747 3502 784 au-

1915 819 2046 876 tem.
2077 812 2262 882 gratia:
2305 813 2593 884 beneﬁcio,
2640 818 3003 875 inﬁrmitatem
3041 837 3151 876 non
3191 821 3404 878 habeat.
3438 821 3495 874 Ei

1915 917 2060 957 nunc
2085 912 2363 962 recreetur
2389 909 2646 964 continuo
2662 908 2936 979 juvamine
2960 910 3350 976 medicaminis,
3380 921 3504 967 tunc

1914 1007 2046 1048 vero
2071 991 2280 1071 fruath
2298 1004 2499 1056 interna
2527 999 2860 1070 plenitudine
2881 1002 3142 1058 sanitatis.
3174 1001 3300 1060 Haac
3325 1011 3502 1056 autem

1916 1083 2082 1151 Deus,
2105 1085 2247 1145 sicut
2273 1087 2327 1143 in
2355 1089 2826 1159 prmdestinationo
2841 1108 3058 1165 semper
3080 1093 3291 1161 habuit,
3309 1093 3386 1148 sic
3413 1109 3506 1162 per

1916 1178 2168 1249 Bratiam,
2197 1180 2334 1238 sicut
2356 1182 2854 1254 praedestinaverat,
2880 1185 3027 1243 facit.
3070 1185 3506 1241 Praedestinatio-

1916 1269 2004 1326 nis
2031 1270 2215 1341 itaque
2239 1271 2409 1344 ipsius
2434 1274 2735 1332 insinuatur
2763 1278 2989 1347 agnitio,
3019 1294 3140 1332 cum
3178 1277 3308 1334 dicit
3326 1276 3506 1344 Scrip-

1917 1369 2038 1416 tura
2071 1381 2085 1415 :
2115 1362 2184 1417 Et
2222 1374 2553 1436 properatur
2578 1367 2812 1424 voluntas
2835 1387 2868 1422 a
2896 1368 3120 1424 Domino
3163 1369 3360 1440 (Prov.
3392 1383 3503 1432 VIII,

1919 1451 2013 1522 35,
2035 1453 2193 1524 juxta
2217 1453 2411 1529 LXX).
2433 1456 2552 1512 Non
2581 1467 2760 1514 autem
2789 1460 2860 1514 ob
2886 1462 3030 1516 aliud
3058 1470 3354 1532 prwparata
3381 1461 3506 1515 dici-

1920 1553 2028 1610 tur,
2057 1545 2160 1602 nisi
2189 1547 2313 1616 quia
2343 1547 2519 1604 danda
2546 1550 2875 1619 praedicitur.
2905 1551 2952 1606 A
2996 1567 3104 1620 quo
3130 1553 3275 1607 enim
3295 1567 3504 1621 prtepa-

1919 1644 2069 1689 ratur
2095 1651 2190 1704 per
2217 1637 2517 1694 bonitatem
2546 1641 2952 1710 sempiternam,
2981 1642 3050 1696 ab
3081 1644 3195 1712 ipso
3224 1642 3384 1696 datur
3411 1657 3507 1712 per

1919 1727 2212 1784 indebitam
2233 1732 2476 1799 gratiam.
2503 1733 2657 1799 Quod
2687 1734 2800 1802 ipse
2823 1734 3082 1790 Dominus
3102 1734 3398 1790 Ezechielis
3424 1745 3508 1790 va-

1927 1822 2240 1879 ticinatione
2270 1830 2518 1891 testatur,
2567 1826 2752 1880 dicens
2784 1845 2797 1880 :
2828 1825 2979 1882 Dabo
3011 1827 3152 1882 vobis
3188 1843 3275 1882 cor
3302 1843 3506 1892 novum,

1848 1917 1898 1982 Β
1924 1923 1973 1968 et
1999 1915 2240 1984 spiritum
2268 1931 2453 1970 novum
2471 1916 2605 1970 dabo
2633 1918 2686 1971 in
2709 1916 2866 1983 vobis,
2889 1927 2940 1971 et
2969 1920 3232 1990 auferetur
3259 1934 3348 1972 cor
3376 1919 3510 1988 lupi-

1925 2007 2077 2064 deum
2105 2008 2169 2061 de
2195 2023 2354 2063 carne
2379 2018 2569 2072 vestra,
2600 2019 2651 2064 et
2683 2010 2817 2066 dabo
2845 2011 2985 2066 vobis
3030 2027 3120 2066 cor
3158 2027 3432 2075 corneum,
3463 2018 3511 2065 et

1924 2099 2160 2169 spiritum
2189 2115 2354 2154 meum
2383 2098 2518 2154 dabo
2541 2102 2598 2156 in
2622 2102 2783 2155 vobis.
2807 2100 2879 2154 Et
2920 2103 3132 2173 faciam,
3163 2111 3219 2156 ut
3239 2103 3292 2155 in
3307 2101 3507 2172 justifi-

1927 2190 2219 2270 cationibus
2243 2193 2368 2246 meis
2397 2191 2672 2248 ambuletis
2717 2202 2768 2248 et
2788 2195 2994 2266 judicia
3021 2211 3137 2248 mea
3164 2195 3436 2250 observetis
3465 2202 3512 2248 et

1929 2284 2136 2356 faciatis
2167 2282 2382 2357 (Ezech.
2408 2284 2715 2356 xxxvrﬂﬁ).
2734 2285 2835 2341 Dat
2855 2300 2984 2356 ergo
3011 2287 3151 2342 Deus
3176 2302 3272 2344 cor
3291 2303 3514 2354 novum,

1929 2383 1990 2429 ut
2017 2375 2069 2430 in
2093 2375 2565 2445 justilicationibus
2592 2372 2710 2448 eju!
2737 2379 3087 2446 ambulemus,
3117 2379 3259 2450 quod
3287 2380 3518 2450 pertinet

1930 2468 1999 2524 ad
2028 2469 2184 2526 bonae
2213 2470 2504 2528 voluntatis
2555 2471 2787 2526 initium.
2818 2471 2919 2528 Dat
2943 2473 3106 2528 etiam
3136 2479 3194 2528 ut
3236 2471 3433 2542 judicia
3461 2474 3518 2542 8

1931 2562 2048 2630 ejus
2077 2563 2426 2620 observemus
2456 2572 2511 2619 et
2531 2563 2789 2622 faciamtrs
2843 2564 2986 2634 quod
3014 2564 3248 2634 pertinet
3275 2563 3344 2620 ad
3361 2563 3518 2622 bona

1932 2656 2265 2726 operationis
2293 2655 2564 2714 effectum.

1931 2786 2115 2844 CAPUT
2146 2806 2219 2859 rx.
2241 2789 2303 2859 7A
2328 2787 2439 2843 Deo
2468 2799 2544 2844 est
2571 2800 2619 2844 et
2646 2790 2884 2844 voluntas
2911 2796 2960 2843 et
2988 2789 3111 2844 boni
3149 2791 3319 2859 operis
3350 2790 3518 2859 facul-

2007 2869 2106 2930 tas.
2133 2858 2198 2913 In
2229 2858 2340 2912 Deo
2362 2861 2612 2929 faciemus
2648 2862 2882 2914 virtutem
2901 2900 2916 2924 ,
2942 2861 2998 2913 id
3023 2869 3099 2914 est
3127 2858 3255 2930 opus
3299 2860 3517 2914 virtutis.

2007 2927 2107 3001 Qui
2133 2932 2256 3000 facit
2277 2927 2540 3001 veritatem
2565 2932 2697 2985 venit
2725 2931 2794 2984 ad
2821 2931 3002 2985 lucem.
3040 2927 3181 2986 Deus
3205 2945 3357 2986 omne
3395 2946 3519 3001 opus

2007 2997 2193 3054 bonum
2222 3001 2276 3054 in
2297 2997 2445 3054 nobis
2464 3004 2575 3071 ipse
2600 3001 2747 3071 facit.

2011 3107 2165 3164 Unde
2210 3110 2585 3178 cognoscimus
2607 3109 2703 3167 Dei
2733 3125 2876 3178 esse,
2922 3119 2978 3168 et
2998 3119 3058 3167 ut
3098 3111 3300 3168 bonum
3347 3111 3522 3168 facere

1935 3203 2186 3267 velimus,
2213 3211 2270 3258 et
2311 3210 2370 3258 ut
2407 3203 2607 3261 bonum
2656 3202 2834 3261 facere
2873 3203 3166 3261 valeamus.
3213 3199 3313 3260 Cui
3342 3201 3521 3259 sensui

1859 3288 1910 3358 Ο
1939 3293 2106 3350 David
2134 3294 2356 3350 omnino
2396 3294 2707 3359 concordat,
2757 3294 2986 3363 gratiam
3036 3293 3392 3350 benevolendi
3446 3292 3522 3347 sic

1936 3385 2230 3442 ostendens
2256 3385 2450 3440 divina:
2475 3384 2738 3454 largitatis
2757 3384 3056 3460 directione
3079 3383 3267 3440 donari
3296 3401 3308 3438 :
3341 3383 3385 3440 Α
3413 3383 3523 3438 Do-

1935 3479 2078 3533 mino
2106 3494 2312 3549 gressus
2355 3477 2580 3532 nominis
2629 3477 2934 3549 dirigentur,
2983 3485 3034 3532 et
3081 3477 3215 3532 viam
3255 3475 3366 3547 ejus
3393 3475 3522 3530 volet

1940 3569 2164 3642 (Psalm.
2179 3585 2362 3634 xxxvi,
2390 3569 2481 3640 25)
2492 3567 2658 3641 .Opus
2671 3578 2887 3640 quoque
2903 3570 3103 3628 bonum
3119 3585 3224 3626 non
3241 3567 3344 3624 nisi
3369 3583 3398 3624 a
3411 3566 3522 3624 Deo

1939 3662 1993 3716 in
2017 3661 2190 3724 nobis,
2214 3669 2270 3716 et
2298 3662 2350 3716 in
2387 3660 2501 3718 Deo
2525 3676 2557 3718 a
2585 3661 2741 3721 nobis
2770 3661 2883 3720 ﬁeri
2912 3669 3261 3732 protestatur,
3289 3661 3474 3718 dicens
3507 3679 3519 3715 ;

1938 3749 2203 3820 Confirma
2224 3750 2340 3816 hoc,
2372 3749 2532 3816 Deus,
2557 3751 2694 3821 quod
2712 3759 2951 3820 operatus
2984 3767 3038 3808 es
3075 3753 3129 3806 in
3175 3749 3320 3804 nobis
3351 3749 3520 3818 (Psal.

1938 3857 2100 3908 van,
2138 3840 2251 3911 29).
2294 3839 2362 3896 Et
2407 3842 2512 3898 alio
2560 3842 2712 3898 loco:
2747 3841 2812 3898 In
2842 3841 2952 3900 Deo
3001 3843 3246 3913 faciemus
3292 3843 3524 3898 virtutem

1941 3929 2114 4000 (Psal.
2149 3946 2259 3998 ιιι,
2290 3929 2400 4001 Η),
2433 3930 2485 3984 id
2528 3937 2612 4011 est
2663 3946 2800 4000 opus
2828 3931 3058 3986 virtutis.
3090 3929 3181 3984 Sic
3215 3939 3394 3984 autem
3437 3931 3522 3984 hic

1938 4031 2040 4086 pro
2069 4031 2233 4086 opere
2264 4017 2474 4074 virtutis
2520 4019 2754 4072 virtutem
2789 4017 2925 4074 dixit
2952 4018 3089 4084 ﬁeri,
3127 4017 3264 4073 sicut
3291 4015 3525 4073 Joannes

1940 4123 2041 4179 pro
2065 4122 2229 4177 opere
2244 4108 2465 4180 justithc
2482 4109 2743 4180 justitiam
2763 4109 2896 4163 dixit
2926 4108 3059 4163 fieri.
3089 4107 3177 4166 Ait
3209 4109 3351 4164 enim
3384 4127 3396 4161 :
3426 4110 3524 4176 Qui

1941 4199 2068 4272 facit
2083 4200 2366 4270 justitiam,
2385 4200 2557 4274 justus
2586 4208 2680 4265 est,
2713 4201 2843 4258 sicut
2868 4201 2958 4256 ille
2978 4200 3152 4272 justus
3175 4210 3251 4256 est
3282 4199 3334 4271 (1
3360 4199 3519 4258 Joan.

1939 4305 2015 4353 ιιι,
2046 4289 2120 4362 7).
2148 4288 2344 4345 Paulus
2365 4304 2578 4360 quoque
2605 4296 2803 4360 optata
2834 4291 2987 4346 nobis
3018 4289 3114 4346 Dei
3143 4289 3257 4346 fieri
3278 4289 3525 4345 volunta-

1938 4389 2069 4444 tem,
2117 4380 2302 4436 dicens
2335 4399 2347 4433 :
2383 4379 2521 4434 Deus
2555 4390 2726 4436 autem
2747 4383 2890 4452 pacis
2911 4384 2996 4454 qui
3025 4383 3202 4436 eduxit
3229 4380 3291 4435 de
3310 4384 3525 4436 mortuis

1936 4478 2195 4540 pastorem
2214 4486 2459 4542 magnum
2485 4472 2672 4534 ovium,
2697 4472 2749 4525 in
2778 4473 3034 4546 sanguine
3063 4471 3347 4526 testamenti
3377 4480 3562 4530 ωηατ..

1939 4563 2014 4629 ni,
2047 4561 2326 4616 Dominum
2365 4569 2597 4616 nostrum
2617 4560 2816 4626 Iesum,
2847 4572 2985 4631 aptet
3005 4578 3092 4616 vos
3121 4562 3177 4617 in
3205 4562 3345 4616 omni
3372 4559 3521 4624 bona,

1856 4652 1913 4718 Β
1937 4661 1994 4705 ιιι
2021 4653 2230 4724 faciatis
2276 4653 2591 4707 voluntatem
2618 4653 2730 4723 ejus
2777 4651 2963 4723 (Hebr.
2996 4668 3106 4718 xm,
3139 4651 3249 4723 20).
3275 4651 3410 4720 Quid
3443 4661 3526 4707 est

1940 4751 2123 4797 autem
2174 4741 2351 4797 facere
2379 4743 2692 4797 voluntatem
2719 4743 2850 4816 ejus,
2879 4743 2981 4798 nisi
3011 4741 3187 4798 facere
3215 4759 3379 4812 opera
3407 4758 3525 4815 qua:

1937 4835 2094 4892 nobis
2123 4836 2346 4906 inspirat
2393 4843 2447 4890 et
2493 4835 2546 4890 in
2597 4836 2751 4890 nobis
2802 4843 3055 4905 operatur
3081 4835 3329 4890 voluntas
3374 4835 3526 4904 ejus?

1937 4926 2068 4982 Tale
2095 4926 2295 4996 aliquid
2325 4934 2380 4981 et
2409 4927 2460 4981 in
2483 4926 2650 4998 ipsius
2678 4926 3052 4997 Redemptoris
3077 4929 3244 4982 nostri
3273 4926 3526 4982 sermoni-

1936 5020 2039 5075 bus
2086 5021 2408 5087 invenimus,
2435 5019 2560 5075 dum
2590 5023 2856 5076 veritatem
2901 5021 3015 5075 fieri
3047 5020 3198 5086 dicit,
3239 5035 3337 5090 pro
3361 5034 3526 5090 opere

1940 5115 2202 5168 veritatis.
2234 5114 2322 5168 Sic
2350 5115 2492 5168 enim
2522 5115 2758 5186 loquitur
2799 5133 2810 5169 :
2847 5113 3030 5174 Omnis
3081 5116 3166 5188 qui
3216 5113 3350 5166 male
3396 5114 3521 5184 agit,

243 5215 445 5289 ficavit,
474 5211 589 5265 illos
615 5217 664 5263 et
694 5205 1002 5280 glorificavit
1027 5202 1212 5275 (Rom.
1245 5217 1360 5265 Vili,
1410 5200 1496 5271 5),
1529 5201 1716 5255 eadem
1765 5200 1835 5255 sit
1938 5205 2048 5258 odit
2076 5205 2258 5269 lucem,
2290 5214 2337 5258 et
2368 5223 2469 5260 non
2492 5207 2629 5260 venit
2676 5207 2744 5260 ad
2783 5208 2967 5273 lucem,
2996 5217 3051 5260 ut
3089 5220 3192 5258 non
3242 5212 3524 5274 arguantur

246 5292 495 5376 operatio
523 5299 729 5369 gratiae,
785 5311 903 5367 quae
941 5295 1194 5350 meritum
1249 5291 1482 5348 hominis
1529 5291 1752 5357 bonum,
1779 5299 1834 5345 et
1939 5312 2096 5365 opera
2119 5295 2250 5367 ejus.
2279 5295 2378 5360 Qui
2409 5307 2576 5350 autem
2616 5297 2742 5368 facit
2771 5300 3055 5357 veritatem,
3085 5296 3222 5350 venit
3249 5295 3316 5348 ad
3340 5297 3522 5362 lucem,

246 5399 426 5454 initiat
454 5395 520 5449 ad
553 5390 834 5462 justitiam,
866 5390 924 5442 et
949 5395 1283 5442 consummat
1301 5384 1369 5439 ad
1388 5381 1831 5454 gloriam.Primo
1935 5397 1989 5440 ut
2022 5389 2422 5459 manifestcntur
2449 5389 2559 5459 ejus
2606 5406 2784 5460 opera,
2813 5389 2934 5457 quia
2974 5390 3028 5440 in
3079 5387 3190 5442 Deo
3235 5399 3356 5444 sunt
3386 5392 3525 5460 facta

247 5493 510 5550 inchoans
539 5488 592 5542 in
618 5483 834 5539 homine
856 5480 1188 5533 voluntatem
1216 5479 1430 5544 bonam,
1462 5475 1658 5532 deinde
1685 5493 1831 5531 eam-
1935 5477 2116 5549 (loan.
2142 5495 2216 5540 ιιι,
2247 5478 2361 5549 20).
2399 5473 2510 5535 Hoc
2540 5490 2718 5536 autem
2753 5482 2805 5536 in
2836 5481 2946 5538 Deo
2969 5479 3210 5548 facimus,
3241 5483 3385 5552 quod
3415 5483 3526 5536 Deo

247 5584 371 5638 dem
386 5579 716 5634 voluntatem
745 5569 1002 5640 adjuvans
1022 5569 1347 5635 inchoatam,
1373 5570 1629 5624 uteadem
1645 5570 1832 5624 volun-
1941 5571 1994 5625 in
2025 5571 2181 5626 nobis
2221 5572 2449 5626 faciente
2476 5572 2634 5628 datur
2658 5569 2812 5628 nobis
2842 5579 2900 5625 ut
2921 5571 3194 5632 faciamus.
3228 5574 3382 5641 Quod
3410 5575 3523 5628 evi-

249 5682 333 5728 tas
357 5678 411 5724 et
437 5668 618 5722 divmo
643 5665 786 5719 dono
800 5661 940 5716 bona
963 5659 1054 5723 sit,
1068 5667 1122 5714 et
1141 5658 1322 5715 divino
1350 5662 1619 5732 adjutorio
1635 5661 1829 5716 malam
1939 5667 2130 5723 denter
2173 5668 2226 5723 in
2272 5667 2504 5738 Epistola
2533 5667 2598 5722 ad
2642 5666 2895 5722 Hebraeos
2933 5669 3252 5734 ostenditur,
3286 5668 3373 5722 ubi
3402 5682 3522 5723 cum

248 5775 507 5834 superare
525 5753 1010 5827 concupiscentiam
1031 5752 1220 5820 possit,
1243 5761 1297 5807 et
1310 5752 1420 5808 Deo
1431 5753 1741 5824 perliciente
1758 5763 1838 5809 ta-
1943 5756 2012 5814 de
2034 5757 2146 5814 Deo
2172 5758 2376 5814 dictum
2405 5765 2547 5813 esset
2578 5775 2590 5809 :
2621 5757 2772 5828 Aptet
2800 5774 2887 5812 vos
2911 5759 2965 5814 in
3006 5761 3148 5816 omni
3172 5761 3327 5823 bona,
3354 5766 3411 5810 ut
3439 5757 3521 5833 ι’αὴ

326 5911 353 5939 ι
380 5897 514 5956 Cod.
545 5910 644 5950 ms.
672 5893 903 5958 Thuan.,
935 5893 1180 5943 coacttva.
