4068 6452
561 397 674 463 159

1623 415 1677 469 S.
1719 413 2078 471 FULGE-NTII
2114 414 2414 474 EPISCOPI
2451 417 2820 476 RUSPENSIS

3737 423 3844 489 160

561 521 716 578 ciatis
735 533 1043 579 vmuntatcm
1065 529 1197 597 ejus,
1227 530 1482 584 continuo
1510 531 1754 598 sequitur
1787 550 1798 583 :
1830 530 2056 586 Faciens
2084 533 2140 586 in
2167 537 2222 596 Α
2243 529 2399 586 bona:
2426 533 2566 599 vitm,
2609 534 2754 589 illam
2783 543 2964 591 tamen
2993 536 3183 592 futura:
3201 539 3324 593 vitae
3345 540 3570 608 gratiam
3593 543 3841 600 omnibus

562 613 702 669 vobis
721 616 857 686 quod
879 617 1080 684 placeat
1101 637 1274 673 coram
1305 638 1359 674 se
1387 622 1572 692 (Hebr.
1589 639 1700 688 xm,
1719 622 1831 693 21).
1851 624 2019 679 Omne
2043 625 2143 694 igi-

563 716 652 761 tur
673 722 828 776 opus,
860 705 1003 776 quod
1025 725 1052 762 a
1077 712 1231 765 nobis
1261 715 1313 766 in
1344 712 1454 768 Deo
1485 712 1560 779 ﬁt,
1585 713 1725 769 Deus
1745 715 1799 769 in
1828 718 1981 772 nobis
1997 716 2143 772 facit.

561 798 647 853 Ea:
665 801 778 870 ipso
800 802 957 867 enim,
975 811 1023 854 et
1050 819 1141 872 per
1167 805 1354 874 ipsum,
1373 814 1422 858 et
1449 807 1502 860 in
1528 808 1640 876 ipso
1652 809 2141 882 suntomnia(Rom.

557 906 628 955 xx,
663 891 775 961 56).
809 891 888 946 Ex
911 893 1028 962 ipso
1052 909 1180 964 ergo
1201 903 1301 959 est,
1320 907 1373 950 et
1397 897 1648 953 voluntas
1667 899 1809 954 bona
1829 903 2144 971 etOperatio

553 983 716 1037 bona.
737 982 888 1049 Quod
909 984 1362 1054 Doctorgentium
1389 987 1472 1041 his
1493 989 1674 1043 verbis
1693 990 1924 1048 aﬁirmat
1957 1009 1969 1043 :
2004 990 2144 1046 Deus

551 1083 628 1127 cst
641 1075 778 1128 enim
790 1076 876 1146 qui
889 1086 1131 1143 operatur
1143 1078 1197 1130 in
1215 1076 1353 1131 vobis
1365 1085 1416 1131 et
1428 1078 1555 1133 velle
1575 1088 1625 1133 et
1644 1081 1998 1152 per/icereipro
2009 1081 2143 1137 bona

553 1165 812 1218 voluntate
841 1165 1095 1237 (Philipp.
1127 1183 1184 1232 ιι,
1213 1167 1332 1238 15).
1364 1166 1681 1240 Pr0pterea,
1716 1171 1857 1226 sicut
1884 1171 2142 1228 Salomon

548 1253 698 1322 dicit,
739 1256 859 1327 quia
907 1267 1233 1326 prwparatur
1260 1259 1499 1314 voluntas
1520 1278 1552 1314 a
1579 1259 1843 1325 Domino;
1871 1264 1951 1318 sic
1977 1264 2141 1318 etiam

548 1344 688 1401 bona
728 1363 892 1417 opera
923 1358 1104 1403 nostra
1133 1349 1332 1406 Paulus
1359 1367 1390 1406 a
1418 1352 1648 1409 Domino
1694 1357 1890 1410 asserit
1932 1371 2141 1426 praepa-

548 1445 687 1507 rata,
720 1438 822 1491 hoc
849 1448 932 1493 est
980 1441 1033 1494 iu
1064 1442 1534 1510 prmdestinatione
1562 1444 1841 1515 disposita.
1873 1445 2014 1501 Dicit
2041 1447 2139 1500 ita—
2227 1470 2229 1473 ·

545 1544 650 1598 que
675 1547 688 1582 :
723 1528 903 1584 Gratia
937 1533 1065 1585 salvi
1087 1535 1215 1604 [acti
1242 1537 1366 1589 estis
1406 1553 1497 1606 per
1523 1538 1680 1606 ﬁdem
1699 1580 1712 1604 ,
1747 1548 1795 1590 et
1824 1539 1918 1592 hoc
1948 1554 2052 1593 non
2074 1555 2140 1592 ea:

543 1621 696 1684 vobis,
725 1629 817 1674 sed
847 1621 944 1676 Dei
962 1624 1153 1678 donum
1181 1635 1275 1680 est.
1303 1624 1428 1680 Non
1455 1644 1521 1681 ea;
1553 1629 1807 1698 operibus,
1847 1639 1902 1682 ut
1931 1645 1995 1702 ne
2023 1631 2138 1700 quis

541 1711 822 1783 glorietur;
852 1715 1014 1784 ipsius
1038 1717 1176 1769 enim
1206 1733 1380 1770 sumus
1402 1720 1627 1789 factura,
1661 1719 1820 1772 creati
1848 1721 1902 1773 in
1931 1719 2135 1774 Christo

540 1800 684 1866 Iesu,
710 1805 764 1856 in
787 1806 1028 1874 aperibus
1059 1805 1225 1873 bonis,
1243 1824 1356 1880 qua:
1381 1813 1694 1881 praeparavit
1712 1810 1874 1876 Deus,
1904 1823 1958 1865 ut
1986 1814 2039 1866 in
2068 1813 2136 1868 il-

2250 624 2534 692 prmsentis
2575 627 2834 696 temporis
2869 629 3206 697 passionibus
3244 633 3541 702 anteponit,
3595 634 3783 691 dicens
3818 656 3837 698 :

2249 709 2374 766 Non
2397 721 2516 767 sunt
2544 714 2815 786 condigna:
2843 719 3113 786 passiones
3155 718 3305 790 hujus
3332 723 3574 792 temporis
3603 723 3674 778 ad
3697 727 3841 798 futu-

2247 817 2362 854 ram
2389 802 2612 872 gloriam
2652 821 2767 874 qua:
2792 805 3103 860 revelabitur
3122 808 3174 862 in
3193 808 3338 864 nobis
3369 811 3552 882 (Rom.
3580 831 3691 884 vm,
3726 816 3838 891 18).

2246 888 2316 944 Ει
2336 891 2444 947 alio
2473 892 2595 948 loco
2628 910 2642 946 :
2678 892 2744 948 Id
2763 896 2900 949 enim
2922 897 3059 965 quod
3088 899 3143 951 in
3188 904 3430 968 praesenti
3459 912 3536 959 est
3556 888 3844 965 momenta-

2245 995 2396 1034 neum
2423 989 2472 1033 et
2493 981 2598 1036 leve
2621 981 2966 1038 tribulationis
2988 994 3199 1052 nostrae,
3240 1004 3400 1060 supra
3434 993 3643 1049 modum
3673 997 3729 1050 in
3751 1015 3842 1052 su-

2247 1067 2496 1125 blimitate
2536 1083 2784 1128 aeternum
2831 1075 3014 1146 gloriae
3067 1078 3268 1149 pondus
3319 1093 3564 1153 operatur
3605 1089 3659 1141 in
3695 1089 3842 1146 nobis

2245 1161 2336 1231 (II
2364 1162 2485 1218 Cor.
2512 1181 2599 1230 ιγ,
2633 1165 2742 1238 17).

2243 1250 2426 1344 Cum:
2455 1271 2538 1344 xli;
2576 1254 2760 1344 Gratia
2789 1260 3147 1344 praeveniendo
3172 1265 3354 1344 incipit
3390 1275 3441 1344 et
3487 1269 3839 1344 subsequentia

2229 1350 2232 1376 ;
2314 1326 2538 1402 custodit
2563 1342 2690 1402 opus
2714 1326 2922 1383 bonum.
2947 1329 3015 1383 In
3051 1326 3508 1402 praedestinatione
3552 1326 3840 1400 continetur

2314 1397 2481 1479 omnis
2528 1400 2701 1468 gratia
2723 1403 3023 1469 vocationis,
3051 1397 3459 1475 'justiﬁcationis
3487 1419 3538 1464 et
3565 1397 3840 1484 'gloriﬁca;

2315 1475 2490 1521 tionis.

2311 1554 2464 1611 Hanc
2492 1559 2722 1627 gratiam
2751 1576 2861 1617 non
2890 1562 3062 1618 solum
3101 1564 3156 1620 in
3185 1569 3468 1636 prmsenlis
3493 1571 3618 1627 vitae
3642 1574 3838 1643 justiﬁ-

2239 1647 2475 1713 catione,
2517 1649 2614 1705 sed
2659 1650 2821 1705 etiam
2867 1653 2920 1706 in
2960 1651 3126 1709 futuri
3155 1657 3334 1711 smculi
3372 1664 3836 1738 remuneratione,

2240 1735 2372 1792 dicit
2399 1739 2628 1806 gratiam
2659 1756 2998 1811 permanere,
3017 1752 3074 1798 et
3102 1761 3266 1815 super
3290 1763 3412 1816 nos,
3437 1750 3539 1806 hoc
3566 1762 3649 1808 est
3678 1735 3838 1828 super

2239 1827 2421 1880 omnia
2446 1826 2586 1882 bona
2612 1829 2902 1898 cujuslibet
2923 1832 3158 1889 hominis
3185 1837 3376 1892 merita
3402 1841 3456 1895 in
3483 1834 3576 1897 Dei
3597 1826 3836 1905 bonitate

539 1891 603 1944 lis
633 1891 947 1994 ambulemus
997 1895 1213 1994 (liphes.
1269 1915 1326 1964 ιι,
1356 1898 1615 1994 8).-Sicut
1661 1916 1789 1994 ergo
1833 1914 2130 1974 prmparata
2161 1924 2210 1984 Β
2235 1916 2428 1970 asserit
2451 1891 2750 1987 abundare,
2799 1921 3021 1977 dicens:
3059 1923 3127 1978 Ut
3153 1891 3828 1994 ostendatiinIncidi-sv;

540 1989 622 2036 est
668 1999 766 2052 per
793 1985 1323 2054 praedestinalionem
1370 1991 1618 2046 voluntas
1666 2007 1697 2046 a
1727 1993 1975 2060 Domino,
2025 2010 2131 2063 qua

538 2075 736 2130 bonum
764 2078 991 2134 velimus
1026 2098 1038 2132 :
1071 2081 1149 2136 sic
1196 2083 1362 2136 etiam
1406 2100 1573 2154 opera
1621 2087 1764 2140 bona
1813 2089 2134 2158 praeparavit

540 2166 698 2234 Deus,
731 2177 790 2224 ut
815 2169 868 2223 in
892 2170 996 2224 illis
1019 2173 1378 2230 ambulemus.

538 2297 716 2377 Carur
745 2317 800 2356 ιι.
833 2301 1169 2377 Prwparatur
1197 2322 1228 2358 a
1261 2305 1366 2359 Deo
1396 2324 1487 2377 per
1499 2308 2006 2375 prazdestinationem
2029 2325 2133 2363 non

605 2372 771 2426 solum
791 2374 1048 2439 voluntas,
1072 2375 1162 2428 sed
1189 2387 1238 2429 et
1266 2372 1405 2447 opus
1423 2372 1611 2432 bonum
1631 2389 1681 2432 et
1710 2380 1814 2433 vita
1842 2389 2058 2434 wterna.

606 2463 962 2521 Attendamus
985 2467 1149 2542 etiam
1170 2469 1334 2522 vitam
1363 2478 1645 2536 aeternam,
1670 2485 2004 2544 regnumque
2032 2489 2137 2530 cm-

537 2551 714 2608 lorum
768 2555 1026 2610 divinitus
1069 2566 1094 2592 α
1144 2555 1251 2611 ﬁde
1298 2556 1546 2615 ﬁdelibus
1589 2572 1968 2631 praeparatum.
2017 2563 2136 2633 lpse

536 2642 732 2713 quippe
759 2642 1003 2699 Christus
1031 2644 1297 2699 dicturum
1321 2661 1381 2700 se
1398 2647 1602 2702 dextris
1622 2649 1855 2704 ostendit
1881 2669 1892 2704 :
1936 2651 2132 2716 Venite,

538 2730 789 2786 benedicti
810 2732 991 2786 Patris
1012 2734 1130 2799 mei,
1150 2737 1396 2805 percipite
1423 2753 1637 2808 regnum
1661 2739 1798 2811 quod
1819 2739 1957 2796 vobis
1978 2760 2138 2812 para-

537 2833 646 2879 tum
674 2835 750 2880 est
779 2825 842 2878 ab
870 2826 1019 2881 initio
1049 2828 1230 2880 mundi
1261 2828 1474 2899 (Matth.
1507 2846 1631 2895 xxv,
1664 2830 1778 2900 54).
1805 2832 1910 2887 Sed
1939 2842 1992 2888 et
2034 2835 2139 2892 hoc

535 2919 708 2990 ipsum
752 2936 888 2990 opus
925 2929 1008 2974 cst
1047 2922 1254 2988 gratia}.
1286 2919 1363 2974 Ex
1390 2923 1562 2990 gratia
1615 2924 1760 2978 enim
1818 2924 1974 2979 datur
2029 2943 2138 2983 non

535 3012 709 3066 solum
760 3011 1068 3080 justiﬁcatis
1103 3014 1213 3067 vita
1260 3014 1421 3081 bona,
1453 3016 1548 3070 sed
1607 3003 1768 3071 etiam
1829 3019 2140 3089 gloriﬁcatis

538 3103 648 3157 vita
677 3110 899 3159 aeterna.
941 3103 1098 3171 Quod
1129 3103 1278 3158 Pauli
1306 3113 1554 3162 tenemus
1579 3109 1961 3177 prmdicatione
1989 3127 2138 3166 com-

535 3203 770 3264 pertum,
827 3196 1054 3250 dicentis
1109 3213 1121 3247 :
1173 3195 1502 3266 Stipendium
1550 3199 1686 3251 enim
1739 3202 1936 3254 peccati
1977 3218 2136 3255 mors.

537 3283 720 3338 Gratia
764 3293 934 3339 autem
980 3285 1099 3351 Dei,
1147 3287 1252 3339 vita
1280 3294 1475 3342 (eterna
1519 3288 1574 3340 in
1620 3287 1826 3343 Christo
1871 3289 1997 3345 Jesu
2029 3292 2141 3347 Do-
2172 3302 2217 3365 ί]

535 3378 671 3431 mino
712 3386 887 3431 nostro
919 3376 1116 3450 (Rom.
1153 3394 1222 3443 vt,
1282 3377 1412 3450 25).
1467 3378 1575 3434 Cur
1626 3389 1809 3437 autem
1847 3399 1994 3439 mors
2041 3387 2139 3441 sti-

534 3469 806 3539 pendium,
862 3469 919 3540 9
966 3469 1075 3522 vita
1123 3484 1255 3524 vero
1293 3478 1494 3524 aeterna
1538 3473 1708 3540 gratia
1763 3474 1993 3541 dicitur,
2036 3479 2140 3534 nisi

533 3561 658 3629 quia
714 3555 801 3612 illa
866 3559 1124 3626 redditur,
1175 3560 1288 3616 haec
1357 3561 1636 3618 donatur?
1666 3563 1770 3620 Sed
1827 3567 1920 3622 ubi
1990 3569 2137 3626 illam

534 3652 676 3708 Deus
703 3652 898 3717 reddit,
947 3669 1082 3724 opus
1129 3655 1330 3710 malum
1359 3658 1663 3727 peccatoris
1696 3659 1929 3716 hominis
1959 3664 2132 3732 punit.

533 3744 678 3816 quod
754 3744 1060 3800 nullatenus
1114 3745 1331 3802 fecisset
1387 3747 1571 3814 homo,
1642 3750 1746 3805 nisi
1804 3751 2136 3810 discessisset

531 3853 563 3891 a
607 3837 738 3894 Deo.
783 3835 918 3892 Cum
962 3853 1094 3894 vero
1121 3839 1264 3895 Deus
1282 3830 1734 3897 vitam‘mternam
1765 3843 1949 3911 donat,
1997 3863 2132 3917 opus

531 3945 685 3984 suum
715 3929 858 3999 quod
886 3929 1160 3985 inchoavit
1180 3930 1484 4001 justilicans
1507 3933 1752 4005 impium,
1779 3935 1988 4006 perlicit
2015 3939 2133 4006 glo-

528 4023 743 4079 riﬁcans
760 4022 985 4093 justum.
1019 4022 1148 4080 Haec
1175 4033 1357 4082 autem
1400 4036 1630 4097 utraque
1658 4031 1853 4098 gratia,
1886 4030 1939 4086 id
1965 4041 2047 4088 est
2074 4043 2130 4088 et

527 4117 637 4170 vita
665 4117 810 4171 bona
837 4126 893 4170 et
910 4117 1021 4170 vita
1040 4125 1263 4187 aeterna,
1285 4119 1341 4172 in
1368 4117 1584 4176 Christo
1612 4120 1740 4176 Jesu
1768 4122 1998 4180 Domino
2028 4141 2130 4181 no-

525 4217 640 4264 stro
662 4216 763 4264 est.
787 4207 866 4261 De
891 4210 1209 4279 plenitudine
1226 4212 1427 4282 quippe
1447 4213 1557 4282 ejus
1596 4231 1692 4268 nos
1719 4233 1896 4270 omnes
1918 4220 2124 4288 accepi-

525 4316 658 4363 mus,
689 4308 739 4352 et
759 4300 982 4369 gratiam
1009 4317 1105 4369 pro
1143 4303 1315 4372 gratia
1340 4302 1519 4371 (Joan.
1553 4320 1591 4370 ι,
1627 4304 1738 4377 16),
1768 4307 1974 4362 scilicet
2001 4321 2124 4376 gra-

524 4392 655 4446 tiam
678 4391 1086 4458 glorilicationis
1113 4401 1327 4447 acterna:
1370 4409 1472 4464 pro
1508 4396 1683 4463 gratia
1721 4396 2121 4465 justilicationis

524 4483 796 4548 indebitm,
828 4495 888 4538 ut
913 4485 1084 4552 gratia
1105 4484 1506 4554 justiﬁcationis
1528 4504 1691 4544 omne
1711 4492 1962 4548 meritum
2003 4511 2119 4549 ma-

522 4573 632 4629 lum
655 4572 833 4628 deleat
878 4574 1119 4646 indebit‘o
1165 4576 1430 4632 beneﬁcio
1466 4596 1479 4630 :
1524 4586 1579 4633 et
1617 4582 1871 4637 meritum
1911 4583 2115 4641 bonum

519 4666 630 4740 jugi
659 4669 945 4726 conﬁrmet
965 4672 1188 4738 auxilio,
1212 4674 1298 4728 cui
1327 4675 1496 4742 gratia
1533 4676 1941 4746 gloriﬁcationis
1957 4682 2117 4750 justas
2141 4687 2197 4750 D

518 4760 774 4815 reddatur
802 4761 855 4816 in
885 4763 1126 4832 praemio.
1159 4762 1342 4819 Gratia
1391 4773 1570 4822 autem
1621 4769 1784 4824 etiam
1834 4772 1948 4842 ipsa
1988 4773 2110 4830 ideo

517 4865 628 4905 non
658 4849 853 4920 injuste
882 4851 1094 4921 dicitur,
1126 4855 1250 4925 quia
1279 4871 1389 4911 non
1436 4858 1610 4912 solum
1638 4859 1794 4917 donis
1821 4863 1929 4918 suis
1967 4863 2109 4920 Deus

516 4945 659 5000 dona
689 4961 784 5000 sua
808 4944 984 4999 reddit
1011 4946 1135 5000 :sed
1164 4947 1290 5016 quia
1318 4956 1521 5004 tantum
1537 4951 1699 5006 etiam
1730 4953 1802 5008 ibi
1822 4956 1994 5024 gratia
2023 4956 2106 5011 di-

513 5035 654 5090 vinae
681 5035 1052 5091 retributionis
1081 5037 1360 5100 exuberat,
1411 5047 1469 5094 ut
1497 5041 1991 5113 incomparabiliter
2018 5055 2104 5101 at-

511 5146 618 5200 que
645 5129 989 5186 inell'abiliter
1009 5147 1168 5188 omne
1194 5135 1466 5202 meritum,
1499 5140 1745 5207 quamvis
1771 5141 1927 5196 boum
1954 5152 2009 5198 et
2036 5158 2105 5198 ex

511 5222 622 5277 Deo
644 5221 806 5286 datae,
834 5223 1081 5278 humana:
1112 5225 1404 5282 voluntatis
1434 5237 1598 5298 atque
1628 5233 1977 5301 operationis,
2007 5250 2105 5290 ex-

510 5315 687 5370 cedat.
712 5314 966 5382 Quamvis
984 5317 1128 5372 enim
1148 5335 1258 5374 non
1279 5320 1454 5375 solum
1476 5322 1730 5378 credendi
1754 5324 1809 5378 in
1829 5323 2104 5382 Christum

509 5403 713 5473 lumen,
745 5407 839 5462 sed
867 5407 1030 5462 etiam
1082 5425 1182 5479 pro
1213 5410 1307 5465 illo
1361 5412 1602 5481 patiendi
1631 5414 1885 5469 virtutem
1917 5433 1946 5470 a
1991 5417 2104 5475 Deo

510 5496 665 5552 nobis
706 5497 896 5554 donari
925 5499 984 5553 B.
1020 5499 1220 5555 Paulus
1247 5502 1526 5572 apostolus
1564 5504 1836 5570 ostendat,
1869 5506 2054 5564 dicens
2087 5526 2099 5560 :

514 5587 672 5644 Vobis
691 5592 828 5646 enim
847 5591 1096 5646 donatum
1126 5599 1203 5646 est
1223 5610 1317 5664 pro
1346 5592 1574 5662 Christo,
1621 5612 1723 5650 non
1742 5598 1908 5652 solum
1949 5611 2002 5653 ut
2044 5603 2098 5656 in

505 5699 618 5738 eum
632 5685 875 5751 credatis,
908 5685 998 5738 sed
1023 5694 1078 5737 ut
1097 5687 1252 5738 etiam
1280 5703 1374 5755 pro
1396 5686 1484 5741 illo
1505 5689 1779 5758 patiamini
1803 5689 2022 5763 (Philip.
2055 5711 2091 5758 ι,

501 5770 616 5844 9.9),
671 5772 818 5842 quod
869 5782 1156 5844 utrumque
1183 5773 1417 5844 pertinet
1463 5775 1529 5830 ad
1558 5776 1784 5846 gratiam
1813 5783 2094 5850 praesentis

2234 2004 2646 2072 pervenientibus
2669 2006 2991 2065 abundantes
3021 2013 3228 2068 divitias
3249 2019 3434 2088 gratia:
3455 2037 3581 2089 suae,
3606 2027 3663 2078 in
3696 2027 3829 2083 boni-

2238 2099 2341 2144 tate
2365 2109 2520 2163 super
2544 2112 2637 2150 nos
2676 2098 2731 2150 in
2760 2097 2966 2155 Christo
2994 2101 3121 2157 Jcsu
3160 2104 3378 2177 (Ephes.
3420 2127 3478 2178 ιι,
3535 2113 3608 2185 7).
3652 2116 3832 2178 Gratia

2236 2190 2321 2234 est
2345 2183 2510 2250 igitur
2536 2185 2822 2243 retributio
2852 2190 2959 2258 pia,
2999 2206 3105 2261 qua
3155 2193 3299 2252 Deus
3322 2199 3377 2252 in
3407 2183 3663 2269 prmsenti
3705 2218 3835 2264 tem‘

2236 2286 2372 2342 pore
2401 2275 2557 2329 malis
2586 2275 2728 2332 bona
2759 2281 3040 2335 retribuit:
3068 2283 3174 2339 illis
3195 2285 3448 2344 videlicet
3469 2308 3607 2363 quos
3645 2295 3837 2364 justili~

2237 2372 2327 2418 cat
2374 2365 2603 2436 impios,
2637 2378 2694 2423 ut
2727 2370 3016 2442 deputetur
3045 2372 3180 2430 ﬁdes
3222 2377 3291 2431 ad
3313 2379 3598 2446 justitiam.
3630 2386 3708 2444 De
3735 2407 3837 2460 qua

2236 2453 2595 2512 retributione
2623 2458 2794 2516 David
2821 2461 2952 2518 dicit
2982 2482 2994 2516 :
3030 2462 3169 2529 Quid
3199 2469 3477 2527 retribuam
3500 2473 3725 2535 Domino
3746 2453 3836 2553 pro

2238 2548 2473 2602 omnibus
2500 2567 2614 2619 qua:
2663 2553 2902 2608 retribuit
2943 2556 3071 2610 mihi
3103 2556 3275 2628 (Psal.
3327 2577 3464 2630 cxv,
3501 2566 3631 2638 12)?
3659 2548 3834 2631 Gratia

2239 2647 2322 2693 est
2350 2647 2404 2693 et
2430 2639 2518 2693 illa
2541 2641 2685 2710 justa
2717 2647 3020 2712 retributio,
3045 2662 3151 2717 qua
3178 2649 3335 2706 bonis
3361 2655 3474 2710 suis
3494 2659 3722 2716 meliora
3748 2679 3836 2720 re-

2239 2730 2500 2796 tribuens,
2531 2731 2674 2787 Deus
2695 2734 3095 2805 gloriﬁcaturus
3124 2749 3206 2796 est
3225 2740 3418 2811 iustos.
3454 2721 3538 2802 Etx
3564 2751 3669 2808 hoc
3698 2755 3837 2810 enim

2238 2818 2423 2887 gratiae
2453 2835 2588 2890 opus
2634 2822 2755 2877 erit.
2783 2823 2919 2890 Quia
2960 2836 3019 2881 ut
3065 2827 3169 2884 hoc
3196 2843 3524 2904 mereantur,
3560 2839 3675 2910 ipsa
3704 2861 3837 2914 pra:-

2239 2907 2526 2973 veniendo,
2558 2911 2984 2969 misericorditer
3013 2918 3232 2988 incipit;
3282 2923 3396 2992 ipsa
3427 2907 3838 3003 subsequendo,

2240 2997 2493 3050 custodit.
2521 2997 2626 3053 lsta
2657 3002 2830 3069 gratia
2861 3004 2915 3058 in
2944 3004 3236 3078 Scripturis
3263 3013 3424 3070 etiam
3469 2997 3836 3085 misericordia

2242 3085 2570 3141 nominatur.
2605 3088 2682 3145 De
2711 3107 2814 3161 qua
2864 3094 2993 3150 dicit
3027 3095 3194 3154 David
3226 3120 3238 3154 :
3275 3103 3417 3160 Deus
3444 3126 3597 3176 meus,
3626 3116 3830 3171 miseri-

2243 3174 2421 3269 cordia
2450 3178 2590 3269 _cjus
2626 3183 2906 3249 prwveniet
2957 3203 3037 3239 me
3085 3188 3257 3255 (Psal.
3311 3210 3454 3262 Lvnl,
3487 3174 3592 3269 Η).
3624 3198 3695 3257 Et
3723 3205 3832 3262 alio

2228 3258 2368 3317 'loco
2395 3281 2406 3314 :
2441 3263 2807 3322 Misericordia
2834 3280 2924 3325 tua
2945 3273 3268 3348 subsequitur
3296 3290 3383 3336 me
3412 3303 3503 3355 per
3530 3258 3704 3345 omnes
3724 3295 3834 3350 dies

2246 3351 2515 3451 intremere
2545 3353 2717 3424 (Psal.
2745 3375 2874 3426 χχιι,
2909 3361 2984 3434 6).
3015 3363 3280 3424 Przevenit
3311 3351 3471 3441 igitur
3508 3378 3751 3451 impium,
3780 3396 3834 3444 ut

2244 3437 2338 3493 ﬁat
2351 3440 2565 3540 justus;
2597 3448 2944 3519 subsequitur
2965 3455 3190 3524 justum,
3221 3477 3288 3516 ne
3319 3437 3409 3519 liat
3450 3437 3664 3540 impius.

2240 3531 2390 3585 venit
2428 3549 2647 3602 caecum,
2681 3545 2739 3592 ut
2767 3538 2948 3597 lumen
2996 3548 3140 3615 quod
3197 3567 3304 3606 non
3357 3531 3577 3626 invenit,
3631 3565 3827 3634 donet;

2240 3621 2584 3716 subsequitur
2611 3626 2902 3698 videntem,
2935 3641 2994 3688 ut
3029 3635 3210 3693 lumen
3241 3643 3384 3710 quod
3414 3621 3664 3716 contulit,
3721 3621 3832 3713 ser:

2238 3716 2347 3763 vet.
2373 3707 2638 3768 Praevenit
2655 3714 2865 3782 elisum,
2886 3730 3163 3793 utsurgat;
3181 3729 3523 3802 subsequitur
3544 3740 3832 3812 elevatum,

2239 3813 2308 3852 ne
2327 3800 2509 3854 cadat.
2536 3800 2831 3874 Prmvenit,
2860 3811 3069 3870 donans
3111 3816 3313 3875 homini
3349 3800 3545 3882 bonam
3583 3800 3847 3893 volunta;

2237 3895 2372 3954 tem;
2398 3891 2742 3962 subsequitur
2760 3899 3193 3972 benevolentem,
3209 3914 3484 3978 operando
3507 3917 3559 3972 in
3591 3921 3685 3978 illo
3707 3891 3830 3983 boni

2235 3979 2416 4074 pperis
2438 3979 2769 4039 facultatem.
2805 3985 2919 4044 Hoc
2941 3989 3104 4059 igitur
3130 3995 3232 4050 ista
3255 4001 3624 4065 misericordia
3655 3979 3831 4074 Dei-
3910 4018 3914 4025 ’

2232 4064 2452 4172 homine
2486 4073 2847 4172 subsequitur,
2880 4079 3024 4145 quod
3053 4088 3390 4150 prmvenicns
3434 4094 3552 4164 ipsa
3580 4064 3826 4172 largi—tur“.

2232 4153 2297 4210 Et
2318 4157 2440 4214 ideo
2464 4177 2574 4216 non
2603 4163 2778 4218 solum
2809 4176 3080 4223 errantem
3104 4153 3542 4241 justiﬁcamlo-ad

2223 4517 2396 4582 initia,
2430 4529 2485 4575 et
2505 4520 2906 4590 justilicationis
2952 4543 3268 4600 augmenta,
3320 4548 3375 4593 et
3415 4542 3826 4611 gloriﬁcationis

2221 4610 2462 4679 praemia,
2480 4611 2530 4665 in
2554 4613 3026 4682 prmdestinatione
3041 4618 3257 4693 semper
3271 4610 3625 4689 Deushabuit
3650 4654 3663 4688 :
3696 4641 3822 4707 quia

2220 4706 2276 4752 et
2305 4698 2360 4751 in
2375 4699 2678 4768 vocatione,
2699 4712 2754 4757 et
2776 4704 2828 4758 in
2845 4705 3253 4779 justiﬁcatione,
3269 4724 3324 4770 et
3352 4718 3405 4772 in
3425 4698 3823 4790 gloriﬁcatione

2210 4797 2544 4858 sanctorum,
2598 4795 2787 4863 gratiae
2826 4811 2938 4851 suae
2986 4814 3151 4870 opera
3192 4802 3371 4861 futura
3411 4814 3698 4879 przescivit.
3736 4816 3817 4873 0b

2211 4879 2316 4934 hoc
2346 4886 2518 4934 totum
2546 4881 2658 4937 Deo
2684 4885 2924 4955 assignat
2939 4886 3233 4958 Apostolus
3258 4894 3442 4952 dicens
3469 4917 3482 4952 :
3517 4899 3664 4958 Nam
3687 4923 3817 4976 quos

2208 4973 2465 5043 prcescivit
2487 4984 2538 5028 et
2562 4976 2949 5045 prwdestinavit
2968 4986 3258 5055 conformes
3278 4989 3396 5058 ﬁeri
3425 4993 3668 5066 imaginis
3690 4973 3820 5056 itii

2211 5063 2344 5134 ejus,
2377 5072 2434 5116 ut
2457 5066 2524 5118 sit
2553 5067 2662 5135 ipse
2685 5070 3057 5140 primogenitus
3084 5075 3141 5127 in
3169 5078 3343 5134 multis
3365 5063 3638 5152 fratribus.
3669 5088 3811 5153 Quos

2172 5226 2183 5237 ν
2217 5164 2389 5208 autem
2412 5156 2820 5226 prwdestinavit,
2847 5160 2939 5216 hos
2954 5170 3003 5215 et
3023 5169 3219 5220 vocavit
3234 5186 3251 5222 :
3265 5179 3313 5224 et
3333 5189 3458 5242 quos
3480 5180 3700 5245 vocavit,
3719 5181 3813 5237 hos

2215 5254 2264 5298 et
2280 5247 2589 5316 justiﬁcavit
2612 5266 2630 5302 :
2647 5266 2773 5320 quos
2785 5261 2955 5306 autem
2962 5255 3286 5327 justiﬁcavit,
3302 5263 3421 5318 illos
3437 5274 3487 5319 et
3498 5267 3675 5340 gloriﬁ
3682 5273 3815 5326 cavit

2217 5333 2398 5405 (Rom.
2429 5350 2544 5400 vni,
2569 5335 2685 5405 29).
2724 5338 3107 5400 Verumtamen
3135 5362 3256 5403 cum
3295 5351 3454 5408 simul
3487 5333 3813 5423 iustiﬁcatos

2215 5433 2271 5479 et
2318 5425 2646 5494 gloriﬁcatos
2671 5429 2938 5499 audimus,
2971 5451 3079 5491 non
3127 5439 3289 5496 simul
3315 5451 3372 5498 et
3409 5444 3813 5514 justiﬁcationis

2211 5524 2266 5609 et
2293 5516 2700 5609 gloriﬁcationis
2730 5537 2867 5593 opus
2914 5531 3167 5596 praesenti
3194 5536 3424 5604 tempori
3463 5537 3806 5609 deputemus.

2208 5602 2615 5663 Justiﬁcationis
2643 5611 2786 5666 enim
2815 5615 2988 5682 gratia
3028 5618 3083 5673 in
3110 5602 3364 5690 prmsenti
3392 5602 3569 5693 datur,
3602 5629 3806 5698 gloriﬁ-

2201 5701 2432 5756 cationis
2460 5710 2639 5758 autem
2661 5704 2842 5762 futura
2868 5719 3134 5767 servatur.
3165 5712 3271 5768 Ista
3291 5724 3375 5771 est
3389 5717 3541 5786 ﬁdei,
3574 5721 3663 5776 illa
3694 5739 3804 5794 spe-

2197 5789 2304 5846 clei
2334 5791 2428 5862 (at.
2461 5790 2620 5864 spei).
2655 5795 2792 5853 Dicit
2836 5808 3016 5858 autem
3067 5802 3307 5860 Paulus:
3343 5804 3479 5872 Quia
3531 5826 3670 5868 nunc
3704 5789 3798 5886 per

574 5946 598 5976 ι
627 5937 685 5995 ln
712 5937 872 5995 codd.
901 5938 1201 6016 editis,‘ﬁde
1221 5938 1486 6009 ﬁdelibus,
1515 5941 1610 5999 sed
1633 5957 1662 5998 a
1685 5959 1733 6001 c.
1760 5959 1861 6003 ms.
1895 5945 2102 6008 Thuan.
2133 5953 2241 6025 ﬁde
2268 5954 2444 6012 abest.
