4068 6488
236 393 335 452 ibi

1551 377 1639 439 AD
1666 367 1985 437 MONIMUM
2022 365 2148 433 LIB:
2179 367 2222 432 Ι.
2273 379 2284 394 ⁵

3391 355 3516 417 ’162

237 499 393 574 ﬁdem
439 496 781 567 ambulamus,
830 511 936 553 non
977 507 1068 570 per
1107 496 1328 568 speciem
1377 493 1464 568 (II
1493 493 1612 550 Cor.
1639 511 1704 559 v,
1735 494 1814 566 7).
1843 501 1896 558 Α
1993 489 2148 545 hibet.
2183 486 2387 541 Futura
2412 484 2510 541 Dei
2537 484 2621 539 ira
2677 481 3036 548 condemnatio
3063 485 3140 534 est
3179 477 3248 532 ad
3285 493 3508 549 poenam.

237 588 391 659 Quod
419 589 567 645 enim
591 604 733 644 nunc
759 587 932 643 sancti
968 585 1213 651 credunt,
1239 593 1366 640 tunc
1385 583 1661 639 videbunt.
1687 580 1821 637 Pro—

237 690 356 753 pter
382 679 526 752 quod
545 678 800 736 Ecclesia:
827 676 1041 741 dicitur,
1072 666 1232 745 Audi,
1263 676 1400 746 filia,
1449 673 1662 739 etuide;
1695 673 1822 743 quia

236 768 368 826 ﬁdes
393 785 462 824 ex
486 767 689 835 auditu,
721 767 863 823 unde
897 766 1072 836 justus
1098 780 1167 820 ex
1194 763 1299 819 ﬁde
1324 765 1533 832 vivens,
1561 761 1824 818 ﬁduciali-

236 869 317 918 ter
327 860 484 916 dicit:
510 858 674 917 Credo
694 857 862 913 videre
887 855 1022 912 bona
1048 854 1279 920 Domini,
1302 855 1359 910 in
1383 861 1522 907 terra
1546 851 1822 905 uiuentium

240 955 409 1028 (Psal.
437 970 585 1018 xxvr,
613 952 724 1023 l5).
748 951 854 1006 Iste
875 950 1036 1020 igitur
1055 957 1140 1004 est
1159 948 1214 1002 in
1241 946 1458 1002 homine
1479 943 1613 1000 ordo
1633 942 1825 998 divinas

237 1044 623 1115 redemptionis
652 1057 716 1097 ac
737 1037 1204 1104 remunerationis,
1252 1045 1312 1090 ut
1339 1049 1482 1089 nunc
1496 1030 1826 1104 justiﬁcatus

236 1136 443 1200 credat,
488 1133 635 1206 quod
663 1141 789 1187 tunc
810 1127 1137 1202 gloriﬁcatus
1164 1125 1411 1196 accipiat.
1435 1121 1664 1192 Propter
1683 1117 1830 1191 quod

236 1225 437 1282 Paulus
452 1225 527 1278 ait
560 1243 573 1277 :
600 1220 731 1276 Non
755 1220 890 1290 quod
910 1219 1024 1290 jam
1057 1215 1361 1288 acceperim,
1385 1220 1474 1268 aut
1494 1211 1610 1283 jam
1630 1211 1832 1281 perfec-

235 1326 315 1370 tus
340 1314 444 1370 sint
477 1311 696 1385 (Philip.
722 1327 799 1375 ιιι,
832 1307 942 1379 12).

237 1452 422 1508 Cum
455 1464 548 1502 x't.
576 1445 714 1500 Deus
740 1445 923 1515 fecisse
946 1442 1136 1496 dicitur
1156 1440 1292 1513 quod
1322 1436 1616 1515 faciendum
1630 1433 1834 1515 prcede-

271 1522 506 1576 stinavit.
532 1507 803 1572 Promissa
825 1514 924 1568 Dei
944 1521 1085 1567 certa
1127 1507 1250 1566 sunt
1285 1507 1349 1565 ea:
1397 1507 1793 1579 omnipotentiu.

255 1678 260 1680 _
311 1612 369 1665 In
400 1612 503 1666 hac
527 1621 656 1675 ergo
666 1604 1053 1676 justiﬁcatione
1075 1603 1249 1658 sancti
1269 1611 1445 1656 euntes
1467 1607 1588 1654 eunt
1609 1606 1659 1652 et
1687 1599 1834 1666 flent,

241 1703 500 1757 mittentes
543 1697 742 1754 semina
791 1711 927 1761 sua;
958 1694 1014 1748 in
1043 1693 1134 1748 illa
1161 1708 1293 1748 vero
1319 1689 1711 1760 glorificatione
1753 1703 1840 1742 ve-

246 1786 448 1845 nientes
493 1788 694 1842 venient
734 1786 800 1839 in
836 1784 1200 1847 exsultatione,
1253 1789 1518 1854 portantes
1543 1778 1840 1850 manipulos

1997 581 2132 650 Quia
2160 595 2288 652 ergo
2316 580 2457 635 Deus
2504 578 2650 637 nulla
2708 574 3028 632 necessitate
3069 570 3406 641 compellitur
3452 576 3513 623 ut

1925 673 2124 744 aliquid
2147 673 2336 728 nolens
2363 671 2645 742 promittat
2669 710 2683 732 ,
2718 667 2912 723 nullius
2939 665 3125 734 utique
3176 661 3515 716 adversitatis

1925 761 2215 832 impeditur
2235 759 2537 825 obstaculo,
2563 772 2671 828 quo
2693 755 2745 810 id
2764 754 2910 826 quod
2934 753 3199 824 promi51t,
3227 757 3320 804 aut
3340 749 3517 802 minus

1926 870 2091 927 quam
2118 854 2254 925 vult,
2284 861 2378 908 aut
2409 852 2635 917 tardius,
2663 849 2842 904 faciat.
2876 835 3112 903 Proinde
3133 844 3326 916 potuit,
3380 842 3520 896 sicut

1927 920 2116 1010 voluit,
2145 920 2529 1014 prtedestinare
2559 938 2819 1010 quosdam
2847 937 2915 991 ad
2961 936 3206 1005 gloriam,
3260 930 3522 1002 quosdam
3625 920 3633 928 ’

1931 1037 1998 1093 ad
2018 1051 2250 1108 pinnam.
2285 1034 2394 1090 Sed
2414 1050 2551 1106 quos
2590 1029 2992 1102 prmdestinavit
3016 1030 3082 1084 ad
3109 1027 3353 1096 gloriam,
3380 1039 3521 1095 pra:—

1932 1127 2223 1184 destinavit
2249 1125 2318 1180 ad
2342 1125 2629 1194 justitiam.
2656 1121 2802 1189 Quos
2829 1128 3007 1175 autem
3040 1115 3436 1188 prmdestinavit
3457 1110 3524 1166 ad

1931 1234 2170 1294 poenam,
2203 1233 2311 1272 non
2340 1212 2744 1285 praedestinavit
2789 1210 2857 1264 ad
2894 1209 3128 1278 culpam.
3158 1205 3350 1259 Posset
3378 1201 3523 1256 enim

1935 1291 2220 1384 peccatum
2276 1305 2495 1376 aliquod
2537 1321 2604 1359 ex
2658 1300 3131 1373 prmdestinatione
3173 1296 3268 1350 Dei
3297 1309 3435 1359 esse,
3476 1291 3524 1348 si

1934 1410 2125 1475 posset
2145 1401 2340 1470 aliquis
2370 1396 2646 1453 hominum
2673 1395 2818 1464 juste
2835 1407 3084 1464 peccare.
3108 1390 3293 1444 Nullus
3343 1394 3525 1442 autem

1935 1493 2216 1550 hominum
2236 1491 2381 1560 juste
2407 1494 2618 1560 peccat,
2643 1484 2890 1555 quamvis
2915 1498 3038 1537 eum
3056 1481 3200 1550 juste
3223 1478 3364 1532 Deus
3403 1489 3531 1546 pec—-

1938 1599 2064 1640 care
2091 1581 2390 1652 permittat.
2426 1578 2576 1632 Juste
2597 1576 2742 1631 enim
2771 1573 3036 1629 deseritur
3064 1587 3094 1625 a
3127 1570 3255 1635 Deo,
3299 1567 3392 1637 qui
3438 1565 3533 1621 de-

1939 1676 2073 1731 serit
2119 1673 2308 1728 Deum.
2355 1671 2422 1724 Et
2476 1669 2601 1738 quia
2629 1668 2794 1722 homo
2823 1665 3079 1720 deserens
3107 1661 3274 1716 Deum
3322 1665 3531 1731 peccat,

1941 1765 2199 1820 deserens
2244 1767 2587 1832 peccatorcm
2644 1757 2784 1811 Deus
2825 1755 3092 1824 justitiam
3139 1758 3340 1806 servat.
3396 1745 3538 1815 Quid

246 1897 389 1935 suos.
417 1879 471 1932 ln
493 1878 594 1932 hac
631 1873 866 1945 operarii
913 1869 1315 1944 patrisfamilias
1344 1871 1398 1924 in
1427 1870 1583 1925 vinea
1609 1881 1842 1938 operan-

1964 1864 2128 1911 mtem
2157 1853 2328 1920 magis
2351 1851 2556 1920 justum
2581 1862 2744 1916 quam
2770 1854 2832 1900 ut
2852 1845 2943 1898 ille
2967 1843 3057 1914 qui
3089 1840 3356 1897 desiderio
3409 1853 3538 1909 pec-

244 1978 366 2035 tur;
400 1968 449 2021 in
474 1966 564 2021 illa
594 1972 776 2018 autem
795 1960 1003 2017 denarii
1031 1957 1283 2015 mercede
1309 1959 1428 2013 sine
1447 1957 1610 2012 dubio
1637 1955 1846 2026 potien-

243 2065 348 2112 tur.
384 2055 546 2111 lstam
570 2053 713 2107 Deus
740 2066 885 2106 nunc
929 2049 1115 2114 donat,
1147 2054 1208 2101 ut
1247 2045 1459 2100 initium
1491 2043 1674 2099 meriti
1712 2041 1843 2097 beni

242 2147 414 2216 gratis
443 2144 692 2214 indignus
725 2140 986 2212 accipiat;
1018 2138 1165 2193 illam
1179 2151 1310 2193 vero
1338 2136 1394 2191 in
1419 2134 1654 2190 futurum
1681 2147 1845 2203 repo-

243 2237 410 2292 sitam
452 2240 654 2301 servat,
684 2246 791 2301 qua
817 2229 948 2286 boni
977 2227 1167 2284 meriti
1184 2224 1466 2296 praemium
1492 2221 1740 2292 accipere
1767 2220 1848 2275 di-

243 2342 386 2397 gnus
415 2322 604 2396 possit,
643 2321 738 2390 qui
764 2318 894 2374 boni
937 2315 1122 2372 meriti
1166 2311 1512 2385 principium,
1542 2326 1667 2366 cum
1705 2316 1853 2365 esset

244 2415 524 2483 indignus,
557 2409 784 2481 accepit.
828 2406 1024 2462 Dicens
1075 2404 1240 2474 igitur
1266 2400 1468 2457 Paulus
1499 2419 1513 2453 :
1547 2398 1685 2466 Quia
1723 2415 1853 2472 quos

245 2504 396 2558 Deus
437 2498 766 2574 justificavit,
808 2495 930 2550 illos
955 2502 1005 2548 et
1034 2491 1347 2565 glori/ienuit
1377 2487 1554 2561 (Rom.
1589 2503 1697 2553 vm,
1736 2486 1852 2557 50),

247 2608 367 2649 non
387 2598 676 2659 utrumque
695 2583 946 2656 prtesenti
963 2583 1090 2638 vitae
1109 2581 1350 2650 deputat,
1374 2578 1472 2633 sed
1499 2593 1563 2633 ea
1579 2575 1690 2653 ﬁde
1709 2575 1856 2646 quod

247 2683 498 2737 futurum
523 2685 626 2740 est,
657 2675 810 2730 velut
854 2673 1056 2729 factum
1082 2670 1279 2736 ﬁrmat,
1311 2683 1419 2738 qua
1459 2667 1563 2722 ﬁde
1591 2667 1879 2756 prapheta'

252 2769 330 2824 de
358 2766 473 2821 Deo
493 2764 660 2820 dicit:
687 2763 790 2827 Qui
819 2764 937 2833 fecit
957 2777 1074 2833 qua
1096 2762 1272 2832 futura
1295 2770 1435 2814 sunt.
1465 2757 1523 2811 In
1549 2758 1639 2811 illa
1659 2759 1860 2827 quippe

255 2854 642 2913 immobilitate
670 2851 880 2908 consilii
907 2852 1014 2918 sui,
1043 2848 1325 2904 secundum
1374 2848 1565 2903 bonum
1613 2848 1861 2918 placitum

257 2945 364 3018 (al.
396 2941 820 3014 beneplacitum)
848 2939 982 3011 ejus,
1013 2938 1152 3011 quod
1192 2938 1462 3010 proposuit
1482 2939 1538 2992 in
1565 2954 1644 3004 eo,
1668 2939 1725 2992 in
1754 2937 1865 2992 dis-

251 3035 565 3107 pensatione
591 3029 930 3101 plenitudinis
983 3039 1288 3101 temporum,
1339 3030 1638 3084 instaurare
1689 3031 1883 3094 omnia,

253 3125 312 3178 in
337 3120 571 3191 Christo,
599 3136 714 3192 quae
732 3120 790 3176 in
811 3120 973 3188 caelis,
1003 3129 1054 3175 et
1073 3135 1186 3191 qua
1208 3121 1267 3174 in
1306 3126 1447 3175 terra
1475 3128 1596 3174 sunt
1626 3109 1798 3191 (Eph.
1823 3134 1864 3188 1,

1947 1947 2105 2005 candi
2129 1945 2242 2015 jam
2291 1951 2496 2014 peccat,
2555 1957 2656 2011 pro
2682 1955 2748 1994 eo
2779 1937 2924 2009 quod
2953 1935 3262 1991 desiderans
3291 1947 3540 2003 peccare,

1947 2042 2066 2111 ipse
2118 2037 2220 2092 sibi
2270 2035 2464 2089 noxius
2517 2032 2766 2096 efﬁcitur,
2799 2028 3148 2098 semetipsum
3191 2032 3416 2096 peccato
3444 2037 3542 2078 suo

1948 2128 2146 2185 laedere
2167 2125 2547 2197 permittatur?

2021 2219 2082 2274 ιιι
2109 2218 2309 2274 sanctis
2339 2215 2508 2285 igitur
2520 2220 2748 2270 coronat
2777 2211 2918 2266 Deus
2941 2209 3208 2281 justitiam
3260 2223 3422 2279 quam
3470 2206 3548 2262 eis

1949 2310 2118 2381 gratis
2145 2309 2261 2380 ipse
2293 2307 2496 2372 tribuit,
2527 2305 2694 2376 gratis
2724 2303 2980 2371 servavit,
3002 2303 3277 2372 gratisque
3297 2298 3543 2371 perfecit.

1951 2405 2171 2474 I‘niquos
2191 2409 2373 2456 autem
2395 2397 2776 2456 condemnabit
2799 2410 2900 2466 pro
2930 2395 3207 2464 impietate
3234 2393 3318 2447 vel
3350 2390 3551 2460 injusti

1959 2496 2050 2561 tia,
2083 2507 2246 2563 quam
2273 2491 2328 2545 in
2360 2490 2455 2545 eis
2505 2489 2621 2559 ipse
2668 2503 2777 2542 non
2807 2487 2954 2541 fecit.
2991 2482 3048 2538 In
3079 2483 3186 2539 illis
3215 2482 3359 2538 enim
3386 2495 3552 2551 opera
3611 2535 3613 2540 .

1958 2599 2056 2639 sua
2085 2582 2374 2654 gloriﬁcat,
2401 2581 2456 2634 in
2482 2580 2598 2635 istis
2628 2586 2810 2632 autem
2835 2590 3002 2647 opera
3032 2590 3138 2629 non
3169 2589 3266 2630 sua
3296 2571 3553 2628 condem-

1959 2685 2074 2732 nat.
2106 2675 2224 2732 Hoc
2253 2676 2437 2746 itaque
2463 2669 2867 2742 praedestinavit
2895 2668 3056 2734 Deus,
3100 2665 3246 2736 quod
3284 2672 3402 2720 erat
3441 2664 3557 2733 ipse

1961 2771 2220 2837 facturus,
2253 2778 2347 2824 aut
2373 2763 2522 2838 quod
2567 2765 2744 2820 fuerat
2772 2763 3080 2833 largiturus.
3111 2759 3248 2816 Illud
3278 2774 3409 2814 vero
3437 2755 3558 2812 nul-

1965 2861 2178 2916 latenus
2206 2857 2627 2930 praedestinavit,
2683 2855 2828 2924 quod
2879 2853 2994 2908 sive
3035 2868 3132 2923 per
3187 2850 3433 2920 gratiam,
3463 2863 3559 2905 seu

1964 2953 2345 3025 perjustitiaut
2365 2951 2604 3007 facturus
2642 2949 2758 3020 ipse
2786 2964 2893 3003 non
2925 2946 3047 3002 fuit.
3081 2945 3313 3001 Proinde
3337 2944 3560 3012 diligen-

1969 3046 2178 3102 tissime
2226 3043 2609 3114 requirendum
2639 3041 2880 3106 videtur,
2913 3038 3043 3110 quid
3069 3038 3123 3092 in
3153 3038 3238 3092 his
3265 3036 3407 3091 Deus
3433 3049 3561 3106 cpe-

1969 3149 2138 3204 retur,
2166 3153 2303 3208 quos
2348 3137 2516 3206 gratis
2540 3131 2828 3205 justiﬁcat;
2856 3132 2986 3202 quid
3009 3131 3170 3186 etiam
3200 3131 3254 3184 in
3281 3129 3402 3194 illis,
3427 3143 3564 3197 quos

255 3213 470 3286 9,10);
521 3214 576 3268 in
600 3211 720 3284 ipso
749 3227 818 3268 ex
859 3211 1166 3268 aeternitate
1209 3211 1574 3283 dispositionis
1623 3225 1755 3280 suae,
1805 3211 1861 3266 in

258 3302 732 3324 humanus---
761 3301 865 3324 ιω
899 3301 1025 3324 ρης.
1097 3309 1428 3324 ____-_____--.
1463 3301 1651 3324 -..μμ
1686 3303 1860 3324 ,-,-ε,

1964 3230 2106 3300 juste
2129 3228 2473 3310 condemnat.
2503 3227 2642 3282 Dicit
2662 3227 2806 3281 enim
2827 3223 3056 3280 eximius
3073 3223 3313 3293 gentium
3333 3220 3562 3276 Doctor:

258 3302 737 3376 pmdestinatione
757 3301 871 3373 jam
897 3301 1048 3370 fecit,
1091 3309 1428 3373 quaecunque
1457 3301 1654 3358 effectu
1679 3303 1862 3374 operis

259 3394 368 3461 sui,
399 3401 645 3464 tempore
674 3407 915 3463 congruo
943 3391 1190 3450 facienda
1218 3393 1504 3465 disposuit.
1535 3393 1688 3451 Sicut
1717 3395 1862 3450 enim

259 3497 430 3539 omne
447 3479 726 3538 Creatoris
755 3496 891 3552 opus
918 3482 1036 3538 sine
1070 3481 1226 3538 initio
1257 3497 1368 3538 non
1395 3483 1595 3554 potuit,
1636 3499 1739 3540 nec
1767 3500 1865 3555 po-

264 3582 372 3630 test
401 3571 517 3629 ﬁeri
541 3591 556 3626 :
578 3573 657 3629 sic
681 3572 774 3628 illa
795 3573 1125 3643 sempiterna
1151 3572 1403 3628 voluntas
1430 3573 1565 3642 ejus,
1593 3588 1864 3642 nunquam

267 3661 619 3717 mutabilitati
645 3660 911 3730 subiacet,
942 3661 1070 3731 quia
1096 3660 1306 3715 initium
1344 3661 1610 3717 existendi
1631 3678 1738 3717 non
1769 3663 1866 3717 ha-

269 3751 388 3808 bet.
407 3749 558 3818 Quod
580 3756 764 3805 autem
787 3763 1003 3818 semper
1021 3749 1101 3804 sic
1120 3757 1222 3814 est,
1252 3757 1311 3803 ut
1339 3764 1460 3804 esse
1479 3765 1590 3804 non
1617 3751 1863 3821 cmperit,

270 3840 459 3911 procul
476 3840 640 3896 dubio
661 3839 742 3894 sic
757 3846 860 3905 est,
873 3845 935 3892 ut
954 3837 1007 3892 id
1022 3837 1168 3906 quod
1187 3845 1271 3892 est
1282 3852 1390 3892 non
1415 3852 1534 3893 esse
1550 3853 1657 3893 non
1672 3839 1864 3908 possit.
1909 3847 1911 3850 ‘

268 3930 416 3989 Vera
426 3931 585 4002 igitur
599 3927 1188 3995 immutabilitas,digne
1199 3935 1564 3983 veravocatur
1573 3929 1867 3995 aeternitas,

263 4024 318 4079 in
333 4039 450 4096 qua
470 4021 773 4078 aeternitate
796 4018 1557 4083 incommutabilisﬁvoluntatis
1576 4033 1687 4076 suae
1701 4019 1867 4075 Crea-

264 4121 355 4169 tor
382 4112 480 4169 ille
494 4111 606 4182 jam
627 4111 820 4167 fecisse
839 4110 1055 4174 dicitur,
1073 4109 1217 4180 quod
1245 4110 1299 4164 in
1325 4117 1572 4166 creatura
1600 4111 1867 4181 mutabili,

263 4209 438 4274 prout
463 4209 768 4272 opportune
794 4199 1094 4256 faciendum
1127 4199 1413 4270 disposuit,
1446 4201 1524 4257 sic
1547 4201 1654 4257 rite
1679 4201 1870 4273 dispo-

264 4295 440 4350 situm
460 4291 608 4348 facit.
642 4291 710 4346 Et
721 4291 844 4347 ideo
857 4305 1195 4360 quaecunque
1206 4291 1477 4361 promisit,
1486 4289 1600 4361 jam
1630 4291 1768 4348 facta
1791 4291 1874 4348 di-

267 4384 470 4447 cimus,
490 4381 616 4450 quia
634 4379 702 4435 de
718 4379 976 4436 faciendis
995 4379 1243 4434 dubitare
1268 4396 1380 4434 non
1406 4380 1683 4436 debemus.
1701 4381 1873 4437 Abra-

266 4473 403 4538 ham
432 4473 579 4528 enim
605 4480 762 4543 pater
783 4480 967 4528 noster
988 4471 1149 4544 (sicut
1175 4473 1251 4527 ait
1269 4473 1582 4547 Apostolus)
1612 4477 1667 4530 in
1696 4493 1876 4547 repro-

268 4565 523 4620 missione
543 4561 643 4617 Dei
665 4579 770 4618 non
798 4562 1056 4634 hagsitavit
1081 4561 1366 4633 diffidentia
1384 4605 1400 4630 ,
1430 4563 1523 4618 sed
1549 4565 1872 4635 confortatus

272 4666 346 4710 est
362 4653 499 4728 ﬁde,
523 4652 658 4707 dans
677 4653 899 4734 gloriam
917 4650 1050 4718 Deo,
1072 4651 1370 4721 plenissime
1387 4653 1557 4707 sciens
1599 4654 1721 4726 quia
1741 4669 1876 4724 qute-
1902 4639 1956 4700 D

271 4762 479 4820 cunque
525 4744 781 4816 promisit,
819 4751 1002 4813 potens
1044 4751 1121 4798 est
1147 4751 1198 4797 et
1238 4744 1410 4815 facere
1439 4741 1618 4815 (Rom.
1650 4759 1724 4810 1v,
1757 4741 1870 4815 20).

276 4837 410 4894 ideo
450 4841 598 4906 ergo‘
610 4835 665 4890 in
693 4835 791 4890 Dei
812 4834 1094 4905 promissis
1120 4834 1266 4890 nulla
1295 4844 1380 4891 est
1406 4833 1634 4900 falsitas,
1665 4835 1792 4903 quia
1820 4835 1874 4889 in

273 4924 538 4983 faciendis
567 4925 711 4981 nulla
740 4925 1102 4996 omnipotenti
1139 4932 1224 4984 est
1269 4923 1576 4981 difﬁcultas.
1608 4923 1678 4978 Et
1705 4941 1874 4996 prop-

274 5025 432 5072 terea
452 5014 530 5070 ibi
558 5029 835 5085 nunquam
853 5013 1008 5070 deest
1039 5018 1082 5086 ι
1095 5017 1139 5086 ι
1165 5012 1460 5070 voluntatis
1476 5010 1718 5080 eﬁectus,
1747 5015 1874 5084 quia

275 5106 534 5161 voluntas
563 5105 680 5175 ipsa
709 5120 818 5160 non
844 5103 991 5158 aliud
1031 5102 1306 5160 invenitur
1346 5118 1466 5159 esse
1491 5117 1656 5173 quam
1678 5103 1872 5159 virtus.

277 5195 550 5265 Quidquid
565 5203 748 5251 autem
777 5194 913 5262 vult,
942 5201 1143 5266 potest,
1168 5195 1262 5265 qui
1291 5202 1560 5265 quantum
1591 5195 1724 5262 vult,
1757 5203 1878 5258 tan,-

278 5293 394 5342 tum
421 5293 623 5357 potest.
654 5285 947 5358 Propterea
973 5286 1044 5343 de
1067 5286 1186 5344 solo
1213 5287 1375 5360 digne
1403 5286 1603 5344 dicitur
1622 5273 1648 5344 ἐ
1685 5268 1878 5345 σηιηία

280 5393 595 5451 quacunque
635 5377 815 5444 uoluit,
835 5379 958 5451 fecit
987 5376 1160 5450 (Psal.
1191 5393 1341 5448 cmi,
1372 5377 1485 5450 il).
1517 5377 1586 5435 Et
1630 5380 1825 5436 iterum
1859 5399 1874 5436 :

283 5470 474 5528 Subest
496 5473 636 5527 enim
664 5472 776 5542 tibi,
796 5488 915 5526 cum
939 5471 1078 5527 coles
1101 5487 1252 5544 posse
1293 5471 1448 5545 (Sap.
1480 5488 1576 5543 xu,
1605 5472 1721 5544 18).
1752 5473 1880 5530 Ideo

214 5583 245 5650 δή
284 5561 517 5620 diximus
546 5572 751 5620 tantam
779 5564 852 5620 ibi
880 5578 998 5620 esse
1024 5564 1282 5621 virtutem
1299 5566 1636 5633 'voluntatis,
1668 5574 1880 5636 quanta

287 5665 371 5713 est
396 5657 644 5713 voluntas
656 5658 772 5729 ipsa
789 5656 1022 5712 virtutis.
1038 5654 1174 5722 Quia
1186 5657 1274 5713 cui
1299 5673 1414 5714 sem
1423 5673 1523 5730 per
1553 5658 1741 5715 subest
1760 5673 1882 5714 cum

281 5749 454 5828 volet,
484 5767 646 5823 posse
685 5765 794 5806 non
821 5748 967 5806 aliud
1001 5757 1083 5805 est
1105 5749 1160 5803 in
1189 5748 1282 5805 illo
1323 5751 1463 5808 velle
1489 5767 1652 5823 quam
1699 5767 1878 5824 posse.

294 5859 473 5920 CAPUT
496 5883 609 5941 χιιι.
645 5864 819 5941 [usta
862 5863 959 5918 Dei
993 5862 1392 5941 prcedestinatip
1420 5867 1511 5941 ad
1533 5883 1736 5941 pten_am
1781 5886 1880 5941 pro

361 5940 605 6001 peccatis.
636 5935 848 5991 Sanctis
867 5936 1115 6006 gratiam,
1141 5933 1320 6007 impiis
1334 5933 1598 6008 justitiam
1619 5935 1768 5995 Deus
1783 5933 1884 5996 ex-

1967 3323 2030 3379 Si
2053 3335 2225 3377 autem
2264 3322 2512 3393 iniquitas
2561 3328 2742 3374 nostra
2772 3317 3032 3388 justitiam
3061 3314 3161 3369 Dei
3216 3311 3562 3374 commendat,

1967 3415 2090 3486 quid
2116 3413 2386 3468 dicemus?
2408 3409 2663 3480 Nunquid
2688 3411 2895 3480 iniquus
2923 3408 3081 3474 Deus,
3099 3408 3184 3480 qui
3212 3407 3373 3477 infert
3392 3402 3566 3458 iram?

1969 3506 2273 3562 Secundum
2300 3505 2568 3560 hominem
2613 3501 2772 3556 dico?
2823 3499 2958 3555 absit
3007 3499 3183 3572 (Rom.
3236 3514 3312 3564 ιιι,
3361 3495 3436 3568 5).
3469 3494 3567 3551 Hic

1968 3606 2153 3653 autem
2198 3597 2333 3650 iram
2363 3611 2462 3664 pro
2491 3591 2944 3650 condemnatione
3000 3592 3201 3662 posuit,
3243 3589 3385 3644 sicut
3439 3587 3568 3642 alibi

1969 3691 2209 3746 Joannes
2222 3689 2464 3758 Baptista
2491 3686 2621 3742 dicit
2649 3704 2660 3739 :
2698 3683 2800 3749 Qui
2828 3684 3127 3740 incredulus
3164 3692 3240 3736 est
3271 3679 3431 3746 Filio,
3463 3695 3568 3736 non

1970 3779 2165 3835 videbit
2194 3780 2376 3841 vitam,
2406 3777 2499 3832 sed
2526 3779 2606 3830 ira
2648 3774 2749 3837 Dei
2776 3785 2948 3830 manet
2968 3791 3121 3845 super
3141 3789 3258 3828 eum
3278 3772 3456 3840 (loan.
3488 3787 3566 3838 ιιι,

1971 3871 2087 3942 56).
2117 3870 2267 3925 lianc
2288 3871 2423 3924 iram
2444 3867 2730 3923 Pharisaais
2756 3874 2811 3921 et
2830 3865 3138 3921 Sadduczeis
3164 3879 3287 3920 cum
3311 3863 3567 3931 objurga-

1973 3967 2124 4020 tione
2142 3963 2422 4018 denuntial
2445 3961 2629 4016 dicens
2656 3979 2670 4013 :
2700 3959 2972 4014 Genimina
3000 3959 3312 4028 viperarum,
3343 3956 3456 4026 quis
3483 3971 3570 4008 vo.

1975 4057 2053 4110 bis
2069 4054 2291 4109 ostendit
2311 4055 2530 4125 fugerea
2548 4054 2723 4124 futura
2742 4052 2822 4104 ira
2843 4048 3052 4120 (Matth.
3069 4064 3145 4115 ιιι,
3165 4048 3224 4114 7;
3247 4046 3377 4100 Luc.
3392 4044 3568 4116 111,7)?

1976 4146 2058 4201 Ab
2088 4147 2190 4201 hac
2217 4146 2296 4200 ira
2316 4160 2416 4199 nos
2427 4143 2686 4198 Dominus
2701 4141 2943 4197 Christus
2971 4140 3187 4209 eripuit,
3218 4139 3361 4209 quod
3375 4136 3571 4192 Paulus

1976 4237 2215 4294 veridica
2236 4235 2619 4307 prtedicatione
2641 4234 2890 4300 ﬁrmavit,
2915 4234 3100 4289 dicens
3126 4232 3571 4288 Thessalonicen-

1978 4329 2126 4384 sibus
2160 4345 2172 4380 :
2209 4325 2476 4391 Quomodo
2507 4327 2736 4380 conversi
2765 4325 2887 4379 estis
2907 4324 2974 4378 ad
3002 4322 3170 4378 Deum
3198 4341 3230 4376 a
3259 4322 3569 4385 simulacris,

1980 4422 2172 4475 servire
2195 4418 2305 4473 Deo
2334 4421 2444 4474 vivo
2483 4429 2533 4473 et
2558 4436 2698 4484 vero,
2731 4427 2781 4472 et
2808 4427 3108 4488 exspectare
3154 4416 3351 4470 Filium
3380 4416 3490 4486 ejus
3512 4414 3573 4469 de

1982 4513 2142 4573 cwlis,
2174 4529 2322 4585 quem
2349 4513 2616 4566 suscitavit
2636 4529 2669 4565 a
2697 4512 2912 4565 mortuis
2932 4509 2967 4562 Ι
2970 4527 3133 4577 esum,
3159 4510 3242 4581 qui
3272 4510 3455 4578 eripuit
3479 4524 3574 4562 nos

1983 4602 2047 4658 ab
2076 4606 2158 4658 ira
2188 4614 2404 4658 ventura
2444 4601 2499 4674 (Ι
2525 4601 2706 4657 Thess.
2738 4619 2778 4671 1,
2810 4603 2887 4673 9).
2921 4601 3071 4656 Hanc
3101 4601 3254 4664 iram,
3280 4601 3329 4654 id
3361 4608 3443 4654 est
3473 4615 3573 4668 pu—

1984 4697 2269 4762 nitionem,
2299 4711 2420 4764 quas
2460 4703 2649 4764 parata
2679 4703 2764 4750 est
2802 4696 2976 4760 malis,
3010 4695 3116 4749 alio
3147 4694 3267 4748 loco
3303 4692 3576 4746 interitum

1983 4795 2148 4844 vocat
2186 4787 2370 4842 dicens
2402 4805 2414 4839 :
2446 4787 2572 4840 Cum
2600 4787 2738 4840 enim
2783 4787 3011 4841 dixerint
3052 4802 3158 4856 pax
3204 4793 3253 4838 et
3303 4786 3575 4847 securitas,

1985 4889 2107 4935 tunc
2136 4882 2431 4950 repentinus
2452 4881 2524 4934 eis
2553 4881 2875 4950 superveniet
2896 4880 3154 4945 interitus,
3187 4881 3318 4933 sicut
3347 4877 3495 4931 dolor
3524 4877 3577 4930 in

1983 4982 2130 5026 utero
2160 4969 2388 5036 habenti,
2417 4980 2464 5024 et
2490 4986 2595 5023 non
2616 4970 2863 5041 effugient
2888 4968 2940 5040 (Ι
2972 4969 3150 5023 Thess.
3181 4986 3232 5036 ι’,
3259 4968 3334 5038 '5).

1984 5061 2167 5118 CAPUT
2209 5079 2317 5117 x1v.
2359 5063 2439 5116 An
2463 5079 2618 5132 Opera
2641 5062 3057 5132 damnandorum
3077 5063 3178 5114 sint
3207 5059 3580 5130 prcedestinata

2058 5135 2192 5205 sicut
2215 5151 2375 5205 opera
2388 5131 2671 5205 justorum.
2696 5133 2913 5205 Initium
2943 5131 3400 5205 bonmvolnnta‘tis
3439 5141 3580 5198 prtt~

2056 5199 2433 5258 destinatum'a
2459 5204 2588 5259 Deo.
2622 5203 2764 5257 Deus
2787 5203 2913 5275 facit
2935 5212 2989 5256 ut
3012 5204 3264 5275 faciamus
3294 5199 3528 5272 bonum.)

2071 5297 2170 5364 12
2220 5293 2533 5361 Quaeramus
2577 5294 2759 5363 itaque
2789 5303 2968 5349 utrum
2996 5291 3294 5348 credendus
3330 5292 3399 5347 sit
3437 5291 3578 5346 Deus

1991 5386 2299 5455 iniquorum
2326 5403 2490 5458 opera
2518 5386 2948 5458 prmdestinasse,
2981 5402 3080 5456 pro
3101 5387 3292 5456 quibus
3321 5401 3416 5441 eos
3443 5401 3578 5442 con-

1989 5474 2229 5544 demnet,
2261 5477 2402 5533 sicut
2443 5478 2496 5532 in
2519 5478 2720 5534 sanctis
2746 5476 3156 5548 praedestinasse
3193 5477 3406 5543 dicitur,
3437 5475 3581 5545 quod

1992 5571 2260 5627 coronet?
2291 5570 2426 5626 Cum
2453 5586 2584 5626 vero
2611 5587 2831 5627 causam
2859 5570 3324 5627 condemnationis
3373 5571 3583 5640 iniquo-

1989 5681 2131 5729 rum,
2153 5677 2210 5721 et
2227 5665 2633 5734 gloriﬁcationis
2653 5673 2960 5720 sanctorum
2991 5667 3298 5735 quaerimus,
3319 5680 3427 5721 non
3453 5675 3582 5732 pm

1991 5755 2287 5813 destinatos
2315 5770 2593 5825 negamus,
2625 5755 2711 5810 vel
2741 5755 2863 5811 illos
2891 5757 2958 5811 ad
2981 5772 3218 5827 poenam,
3249 5755 3336 5809 vel
3367 5753 3487 5808 illos
3515 5749 3584 5810 ad

1989 5847 2237 5917 gloriam.
2289 5845 2398 5902 Sed
2445 5853 2652 5911 utrum,
2687 5845 2830 5901 sicut
2871 5847 3166 5902 creduntur
3205 5845 3583 5917 praulestinata

1990 5941 2244 5997 divinitus
2263 5955 2429 6008 opera
2457 5939 2618 6008 bona,
2649 5953 2749 6010 pro
2775 5939 2972 6009 quibus
3013 5937 3459 6009 gloriﬁcabuntur
3494 5941 3583 6004 ju-
