4068 6484
484 348 587 422 165

1517 346 1576 406 S.
1614 339 1976 404 FULGENTII
2013 337 2312 402 EPISCOPI
2351 334 2723 394 RUSPENSIS

3640 327 3738 386 ια

477 464 566 534 sti,
617 464 697 521 sic
731 461 1008 520 credenda
1039 461 1147 518 sint
1197 461 1576 534 praedestinata
1605 461 1858 517 divinitus
1896 471 2059 528 opera
2088 460 2141 519 Α
2167 453 2363 522 giatur,
2385 453 2464 512 sic
2488 452 2796 516 facerenon
2823 462 3128 521 possumus,
3158 445 3261 506 nisi
3290 447 3405 517 ipso
3444 445 3600 504 nobis
3626 461 3743 514 quin

479 558 649 624 mala,
706 571 805 642 ιιι-φ
854 557 1048 626 quibus
1094 557 1146 612 in
1189 563 1450 610 aeternum
1496 553 1786 625 punientur
1840 550 2061 620 injusti?
2158 546 2384 615 largitus
2410 552 2494 602 est
2521 549 2794 614 operetur,

481 652 683 708 Dicitur
738 650 882 705 enim
914 651 964 703 in
995 649 1132 704 libro
1182 646 1518 705 Psalmorum
1551 666 1564 701 :
1599 645 1796 718 Injusti
1845 644 2064 716 punien-
2164 650 2344 716 cum.
2393 673 2482 714 ιν,
2534 656 2658 712 Non
2701 657 2941 712 deum“;
2986 653 3130 709 ηοω.
3170 652 3366 724 aliquid
3410 649 3530 706 boni
3577 653 3747 722 operis

484 753 582 807 tur,
614 751 663 796 et
711 759 880 796 semen
921 743 1197 809 impiorum
1237 739 1443 810 peribit,
1479 739 1620 794 salus
1677 748 1848 796 autem
1892 737 2065 808 justo-

480 855 596 891 rum
645 854 676 889 a
719 833 1161 906 Domino(Psal.
1216 849 1397 900 xxxvr,
1455 831 1567 896 9.8).
1622 832 1697 887 De
1733 831 1971 899 utrisque
2011 837 2067 885 et

481 928 731 984 Salvator
761 936 944 984 noster
969 927 1131 984 dicit:
1159 926 1299 982 Tunc
1323 926 1400 982 illi
1421 926 1566 981 ibunt
1592 926 1649 981 in
1667 925 2068 980 combustionem

482 1039 748 1088 aeternam,
767 1027 900 1095 justi
930 1037 1100 1081 autem
1123 1028 1177 1081 in
1207 1029 1362 1081 vitam
1403 1036 1655 1082 aeternam
1687 1025 1905 1096 (Matth.
1935 1041 2063 1089 xxv,

483 1118 595 1188 46).
624 1119 681 1174 1η
712 1120 954 1188 utrisque
982 1133 1132 1185 ergo,
1164 1117 1217 1172 id
1263 1129 1343 1172 est
1387 1119 1548 1187 justis
1602 1125 1657 1173 et
1706 1116 1937 1185 injustis,
1967 1115 2068 1169 tria

483 1217 726 1288 qumdam
776 1217 1163 1272 consideranda
1191 1217 1462 1279 existimo.
1516 1218 1724 1272 initium
1752 1217 2066 1284 voluntatis,

483 1332 822 1388 progressum
839 1319 1034 1388 operis,
1061 1316 1219 1372 linem
1250 1317 1638 1372 retributionis.
1662 1314 1731 1371 Ut
1752 1317 1805 1370 in
1829 1316 1913 1371 his
1933 1331 2075 1386 quie-

483 1423 692 1478 cunqne
736 1407 879 1476 justa
929 1415 983 1463 et
1013 1410 1152 1463 bona
1186 1409 1448 1472 videmus,
1487 1408 1632 1478 justo
1681 1417 1735 1463 et
1774 1409 1920 1463 bono
1959 1407 2072 1462 Deo

483 1500 696 1560 demus;
724 1498 814 1552 illa
836 1506 1018 1552 autem
1042 1497 1154 1552 Deo
1186 1499 1400 1567 indigna
1431 1500 1761 1561 noverimus,
1797 1498 1849 1551 in
1878 1498 2074 1566 quibus

485 1603 584 1644 nec
609 1590 906 1643 bonitatem
938 1604 1037 1642 nec
1063 1588 1327 1656 justitiam
1377 1589 1698 1644 invenimus.
1733 1585 1801 1641 Et
1823 1585 2075 1642 conside-

483 1688 596 1733 rata
624 1695 848 1749 Operum
873 1681 1152 1750 qualitate.
1187 1680 1274 1734 illa
1303 1680 1582 1736 credamus
1604 1695 1632 1734 a
1659 1679 1768 1734 Deo
1794 1677 2074 1748 prindesti-

483 1779 630 1837 nata,
665 1786 784 1840 quae
807 1770 1184 1825 misericordia:
1210 1771 1294 1824 vel
1333 1772 1572 1840 (nquitati
1595 1771 1786 1826 divina:
1809 1770 2073 1837 condigna

486 1867 831 1935 reperiuntur
862 1873 918 1919 ct
967 1879 1204 1932 congrua
1232 1883 1244 1918 :
1278 1863 1577 1918 Misericors
1607 1865 1748 1919 enim
1774 1871 1822 1917 et
1856 1864 2076 1918 misera—

485 1968 566 2012 tor
589 1967 639 2011 et
661 1958 835 2028 justus
858 1956 1114 2010 Dominus
1149 1955 1320 2028 (Psal.
1355 1971 1462 2019 (ιιι,
1497 1955 1573 2026 4).
1608 1958 1684 2009 Ac
1709 1957 1885 2024 primo
1911 1954 2077 2008 totius

485 2051 640 2105 boum
668 2050 966 2104 voluntatis
997 2049 1204 2103 initium
1235 2049 1301 2102 ab
1322 2049 1409 2102 illa
1437 2048 1764 2118 sempiterna
1793 2047 2074 2109 Trinitate,

486 2158 606 2212 qua:
628 2158 765 2196 unus
803 2141 951 2194 solus
979 2150 1033 2194 et
1075 2156 1234 2195 verus
1256 2149 1338 2194 est
1367 2141 1525 2204 Deus,
1559 2148 1614 2194 et
1642 2138 2079 2209 prmdestinatum

487 2230 809 2288 conﬁtemur
830 2240 886 2286 et
905 2232 1110 2287 datum.
1137 2229 1254 2285 Hoc
1281 2231 1423 2285 enim
1454 2229 1659 2286 homini
1689 2230 1923 2300 gratuita
1964 2226 2080 2297 jus-

490 2326 783 2382 titicatione
812 2325 998 2380 tribuit
1024 2331 1405 2395 praeparatum,
1458 2323 1602 2394 quod
1635 2325 1686 2379 in
1713 2331 1915 2378 :eterna
1945 2338 2081 2393 pra:-

488 2413 844 2470 destinatione
873 2423 1269 2485 praeparaverat
1319 2413 1684 2468 tribuendum.
1714 2410 1868 2468 Hanc
1891 2414 2083 2468 volun-

490 2508 616 2562 tatis
639 2509 1108 2577 praeparationem,
1135 2507 1387 2578 superius
1420 2515 1620 2562 sanctae
1649 2507 1940 2578 Scriptura:
1969 2515 2082 2562 tes-

489 2600 715 2657 timonio
741 2601 1125 2665 demonstravi,
1150 2616 1258 2670 quo
1283 2600 1485 2656 dictum
1505 2596 1968 2672 est:Pr'.eparatur
1998 2616 2088 2655 vo-

490 2697 666 2756 luntas
696 2716 726 2754 a
754 2699 1000 2755 Domino.
1034 2698 1115 2754 Ab
1146 2701 1264 2771 ipso
1294 2713 1424 2768 ergo
1449 2700 1704 2756 voluntas
1727 2708 2083 2770 prazparatur,

493 2796 585 2864 qui
625 2796 678 2849 in
710 2793 864 2849 nobis
890 2802 945 2848 et
969 2793 1108 2848 velle
1134 2801 1190 2848 et
1226 2791 1489 2864 perficere
1517 2794 1938 2849 misericorditer
1957 2808 2088 2863 ope-

492 2893 660 2941 ratur.
694 2883 834 2940 Dicit
863 2887 1006 2940 enim
1039 2884 1330 2955 Apostolus
1363 2901 1378 2938 :
1412 2883 1553 2939 Deus
1579 2894 1658 2939 est
1684 2886 1822 2939 enim
1850 2885 1936 2957 qui
1960 2899 2088 2954 ope--

493 2987 639 3031 ratur
681 2978 735 3031 in
762 2973 908 3030 nobis
937 2975 1132 3030 etvelle
1170 2982 1219 3028 et
1242 2976 1494 3046 perﬁcere
1517 2991 1616 3048 pro
1656 2973 1792 3029 bona
1829 2976 2091 3030 voluntate

495 3067 718 3141 (Philip.
744 3079 803 3136 ιι,
835 3065 950 3139 15).
973 3065 1228 3136 Loquens
1257 3069 1420 3122 etiam
1451 3066 1592 3122 Deus
1621 3083 1718 3138 per
1745 3067 2088 3138 prophetam,

2237 743 2480 803 tanquam
2505 738 2737 803 nostrum
2760 725 3034 803 ascribere.
3062 725 3126 803 lli
3155 726 3252 803 hac
3280 726 3381 777 vita
3404 735 3554 803 nemo
3583 728 3753 803 perfe-

2242 789 2354 857 ctus
2386 803 2483 855 nisi
2513 817 2604 870 sps
2633 802 2821 871 futura
2844 798 3044 868 gloriae.
3074 789 3271 850 Paulus
3296 796 3554 870 perfectus
3583 789 3632 848 et
3657 789 3754 846 im-

2242 875 2514 924 perlectus.

2237 879 2514 948 perfectas.

2240 961 2536 1034 Propterea
2565 959 2871 1017 nullatenus
2899 957 3141 1023 sinimur,
3175 958 3282 1013 imo
3312 957 3600 1012 salubriter
3628 971 3757 1028 pro—

2169 1053 2438 1122 hibemur,
2482 1061 2592 1107 tam
2621 1049 2673 1105 in
2702 1057 2885 1106 nostra
2918 1047 3020 1105 [ide
3048 1065 3208 1122 quam
3263 1047 3316 1103 in
3353 1057 3539 1103 nostro
3569 1062 3755 1118 opere,

2171 1154 2428 1214 tanquam
2458 1151 2698 1200 nostrum
2730 1139 2884 1198 nobis
2907 1139 3104 1213 aliquid
3130 1139 3420 1196 vindicare.
3449 1141 3587 1196 Dicit
3614 1142 3762 1195 enim

2172 1237 2281 1293 Vas
2310 1233 2622 1293 electionis:
2655 1231 2791 1299 Quid
2811 1244 2982 1289 autem
3012 1233 3166 1290 habes
3189 1231 3324 1305 quod
3354 1251 3457 1288 non
3485 1233 3764 1302 accepisti?

2174 1332 2221 1384 si
2245 1339 2417 1383 autem
2442 1329 2713 1396 accepisti,
2743 1327 2864 1399 quid
2906 1327 3168 1398 gloriaris,
3200 1326 3348 1398 quasi
3378 1343 3480 1380 non
3503 1326 3766 1395 acceperis

2179 1419 2233 1490 (Ι
2262 1417 2384 1474 Cor.
2437 1434 2510 1485 tv,
2541 1417 2636 1488 7)?
2666 1415 2733 1470 Et
2771 1419 2823 1470 in
2861 1425 3048 1472 sancto
3090 1415 3379 1484 Evangelia
3416 1416 3770 1486 praecursoria

2177 1509 2430 1568 dominici
2477 1527 2581 1565 vox
2629 1517 2744 1565 est:
2799 1505 2922 1563 Non
2968 1515 3134 1580 potest
3166 1507 3316 1564 homo
3348 1511 3582 1580 accipere
3611 1507 3768 1581 quid-

2178 1617 2352 1675 quam,
2380 1601 2480 1657 nisi
2508 1601 2684 1655 datum
2715 1601 2760 1654 ei
2791 1599 2945 1672 fuerit
2973 1600 3036 1653 de
3063 1599 3186 1655 ctelo
3215 1597 3392 1675 (Joan.
3427 1615 3502 1666 ιιι,
3533 1599 3648 1669 27).
3679 1597 3772 1653 Ja-

2179 1694 2345 1749 cobus
2370 1705 2585 1764 quoque
2612 1689 2891 1762 apostolus
2919 1699 3253 1760 protestatur
3279 1708 3291 1743 :
3321 1687 3456 1755 Quia
3496 1707 3647 1744 omne
3673 1690 3773 1742 da-

2181 1791 2289 1838 tum
2315 1787 2584 1854 Optimum,
2613 1789 2662 1836 et
2695 1797 2846 1836 omne
2866 1777 3055 1835 donum
3081 1783 3382 1852 perfectum,
3403 1779 3669 1834 desursum
3697 1787 3775 1833 est

2183 1869 2495 1925 descendens
2517 1887 2547 1922 a
2577 1865 2739 1922 Patre
2767 1865 3015 1921 luminum
3044 1861 3097 1938 (1
3103 1882 3185 1919 ac.
3210 1863 3374 1936 1,17).
3398 1864 3553 1932 Quod
3583 1872 3667 1918 est
3688 1880 3775 1918 au-

2183 1971 2292 2017 tem
2307 1959 2477 2029 magis
2497 1957 2696 2014 donum
2718 1956 3036 2028 perfectum,
3058 1967 3218 2026 quam
3244 1953 3562 2026 gloriﬁcatio
3593 1955 3771 2014 futura

2183 2061 2490 2106 sanctorum
2521 2049 2544 2104 ?
2588 2047 2740 2104 Nunc
2767 2049 2909 2104 enim
2940 2048 3244 2104 divinorum
3273 2063 3556 2104 munerum
3589 2052 3672 2114 (ut
3701 2048 3776 2102 ita

2183 2143 2382 2215 dicam)
2426 2141 2666 2197 nondmn
2719 2149 2802 2196 est
2850 2135 3088 2212 perfecta
3127 2139 3406 2211 perfectio,
3457 2150 3645 2210 utpote
3685 2141 3777 2195 ubi

2184 2234 2360 2290 omnis
2388 2233 2660 2306 perfectus
2691 2231 3034 2304 perfectionis
3063 2240 3144 2288 est
3175 2231 3402 2302 indigus.
3428 2231 3670 2303 Namque
3691 2233 3779 2288 ille

2183 2329 2275 2398 qui
2333 2325 2509 2383 dixit:
2559 2323 2818 2400 Quotquot
2869 2327 2966 2400 (al.
3011 2327 3337 2399 quicunque)
3393 2344 3515 2400 ergo
3563 2329 3779 2402 perfecti

2183 2437 2379 2487 sumus,
2407 2419 2501 2476 hoc
2525 2421 2805 2476 sentiamus
2831 2413 3050 2491 (Philip.
3075 2436 3150 2484 ιιι,
3177 2419 3442 2488 i5),idem
3471 2421 3627 2474 dicit:
3656 2417 3779 2475 Non

2187 2515 2325 2587 quod
2346 2513 2463 2588 jam
2485 2516 2791 2584 acceperim,
2822 2524 2910 2567 aut
2932 2517 3046 2586 jam
3073 2517 3330 2584 perfectus
3352 2513 3447 2567 sim
3474 2507 3639 2584 (Ibid.
3667 2509 3780 2582 1‘2).

2189 2603 2309 2661 Fuit
2365 2619 2493 2675 ergo
2525 2605 2794 2676 perfectus
2841 2621 2937 2677 spe
2965 2604 3158 2662 futurae
3202 2605 3650 2674 glorilicationis;
3682 2602 3779 2660 fuit

2190 2707 2372 2750 autem
2393 2690 2738 2766 imperfectus
2763 2705 2931 2752 onere
2953 2697 3317 2768 corruptionis
3336 2705 3392 2751 et
3413 2696 3780 2752 mortalitatis.

2191 2786 2391 2858 Corpus
2438 2788 2573 2842 enim
2613 2785 2750 2860 quod
2778 2787 3143 2857 corrumpitur,
3177 2794 3429 2858 aggravat
3458 2787 3710 2852 animam,
3736 2793 3786 2842 et

2192 2881 2434 2952 deprimit
2464 2891 2666 2933 terrena
2693 2877 3005 2934 inhabitatio
3034 2894 3237 2938 sensum
3278 2877 3440 2937 multa
3468 2879 3786 2949 cogitantem

2194 2969 2349 3045 (Sap.
2383 2987 2456 3038 ix,
2483 2969 2597 3040 15).
2628 2969 2752 3026 Fuit
2780 2969 3050 3042 perfectus
3080 2971 3484 3041 exspectatione
3514 2972 3786 3038 muneris;

2195 3059 2294 3117 fuit
2316 3061 2665 3133 imperfectus
2684 3059 2999 3132 fatigatione
3015 3064 3342 3120 certaminis.
3358 3061 3388 3116 Ε
3403 3059 3478 3117 uit
3492 3063 3778 3133 perfectus,

477 3158 555 3215 ‘be
601 3158 776 3229 ipsum
812 3156 991 3214 facere
1033 3156 1320 3213 conilrmat
1371 3157 1515 3227 quod
1561 3156 1808 3213 ﬁdelibus
1836 3157 2000 3213 donat
2031 3165 2092 3212 ut
2128 3219 2165 3229 _
2196 3157 2343 3229 quod
2393 3166 2574 3212 mente
2611 3158 2882 3213 serviebat
2929 3157 3031 3228 legi
3081 3153 3176 3212 Dei
3209 3175 3223 3222 ;
3282 3154 3381 3210 fuit
3421 3149 3778 3228 imperfectus,

493 3219 717 3315 faciant,
749 3237 1044 3304 secundum
1077 3248 1208 3303 illud
1237 3219 1538 3317 oraculum,
1568 3248 1712 3319 quod
1753 3257 1838 3305 est
1884 3266 1912 3304 a
1935 3250 2092 3305 nobis
2119 3219 2168 3282 α
2197 3219 2346 3322 quod
2391 3265 2554 3306 carne
2590 3249 2860 3308 serviebat
2912 3219 3016 3317 ιεέὶ
3069 3219 3298 3319 peccati.
3330 3247 3450 3304 Fuit
3493 3219 3782 3319 perfectus,

494 3355 660 3411 supra
685 3339 794 3410 jam
826 3341 1080 3412 positum,
1111 3353 1222 3408 quo
1250 3337 1382 3393 dicit
1417 3356 1429 3391 :
1459 3335 1528 3393 Et
1556 3337 1750 3411 faciam
1771 3349 1829 3393 ut
1855 3339 1909 3394 in
1933 3337 2092 3410 justi-

499 3430 825 3505 ﬁcationibus
867 3431 995 3487 meis
1035 3431 1329 3497 ambuletis,
1359 3441 1411 3486 et
1428 3431 1631 3504 judicia
1659 3449 1775 3488 mea
1818 3436 2092 3491 observetis

499 3532 548 3576 et
577 3523 788 3595 faciatis
810 3520 1025 3594 (Ezech.
1057 3535 1240 3587 xxxvi,
1259 3520 1374 3591 27).
1397 3521 1535 3590 Quid
1565 3530 1646 3578 est
1675 3533 1874 3592 autem,
1901 3527 2095 3598 faciam

500 3632 558 3672 ut
585 3617 810 3690 faciatis,
845 3615 968 3680 nisi,
997 3617 1106 3671 mei
1135 3615 1237 3670 erit
1283 3617 1465 3686 operis
1504 3632 1664 3672 omne
1708 3618 1910 3673 bonum
1950 3619 2096 3688 quod

499 3708 712 3778 operati
741 3705 986 3763 fueritis?
1016 3705 1134 3780 Ipse
1159 3721 1288 3777 ergo
1337 3706 1465 3764 facit
1509 3717 1568 3764 ut
1594 3707 1874 3779 faciamus,
1905 3726 2013 3781 quo
2041 3712 2094 3767 in

501 3807 659 3862 nobis
687 3817 966 3878 operante,
1033 3803 1092 3862 lit
1131 3821 1291 3862 omne
1331 3805 1529 3861 bonum
1567 3805 1712 3875 quod
1742 3803 1983 3860 fat-imus.
2021 3803 2097 3860 De

502 3911 612 3968 quo
640 3896 836 3954 dicitur
857 3898 922 3953 ad
953 3894 1207 3952 Hebraeos
1240 3915 1252 3950 :
1284 3897 1435 3965 Apte!
1465 3910 1550 3950 vos
1573 3895 1626 3949 in
1658 3896 1798 3949 omni
1838 3891 1987 3959 bona,
2015 3896 2099 3966 fa-

503 3989 644 4044 ciens
672 3989 727 4044 in
755 3987 896 4044 vobis
922 3985 1060 4060 quod
1097 3986 1302 4059 placeat
1329 4003 1504 4042 coram
1541 4001 1596 4040 se
1625 3983 1812 4052 (Hebr.
1840 4000 1958 4053 xm,
1979 3983 2093 4055 2|).

503 4075 885 4136 Demonstrata
934 4080 1116 4148 itaque
1149 4077 1245 4131 Dei
1270 4077 1441 4146 gratia
1475 4075 1526 4130 in
1556 4075 1698 4130 bona
1741 4074 2016 4129 voluntate
2043 4081 2100 4130 et

495 4173 828 4242 operatione
859 4171 1114 4236 hominis,
1140 4168 1329 4224 fatum
1352 4182 1567 4239 quoque
1590 4164 1956 4221 retributionis
1983 4166 2100 4234 glo-

507 4266 666 4331 riam,
710 4281 830 4336 quae
857 4265 1147 4320 donabitur
1170 4263 1390 4325 sanctis,
1422 4260 1542 4330 quis
1563 4258 1755 4314 divinae
1781 4259 1972 4326 gratia:-
1991 4273 2101 4312 non

504 4367 628 4412 esse
655 4355 989 4410 contendat?
1018 4368 1140 4409 cum
1164 4353 1276 4407 sive
1300 4350 1604 4416 credentes,
1629 4349 1742 4404 sive
1790 4357 2096 4420 operantes,

507 4447 636 4504 licet
665 4454 849 4503 nostra
880 4447 950 4500 sit
979 4445 1131 4512 fides,
1157 4453 1213 4501 et
1256 4454 1440 4500 nostra
1469 4445 1575 4499 sint
1605 4457 1790 4514 opera,
1824 4430 2103 4516 sicut'ipse

511 4539 772 4595 Dominus
825 4537 1002 4593 dicit:
1036 4535 1334 4593 Secundum
1380 4537 1538 4607 ﬁdem
1586 4546 1725 4592 tuam
1768 4539 1863 4610 ﬁat
1893 4538 2001 4594 tibi.
2033 4539 2101 4594 Et

2199 3339 2514 3396 desiderium
2536 3340 2732 3394 habens
2767 3340 2976 3395 dissolvi
3001 3349 3181 3395 etesse
3201 3356 3314 3394 cum
3337 3339 3538 3395 Christo
3561 3337 3785 3412 (Philip.

2199 3439 2360 3511 1,95);
2376 3437 2476 3495 fuit
2495 3449 2674 3496 autem
2697 3438 3200 3510 imperfectus,quia
3218 3440 3456 3510 quandiu
3470 3440 3569 3496 fuit
3592 3441 3645 3498 in
3667 3458 3789 3496 cor-

2197 3545 2351 3602 pore,
2396 3529 2838 3602 peregrinabatur
2864 3546 2895 3586 a
2925 3528 3172 3586 Domino.
3203 3528 3323 3584 Fuit
3360 3530 3650 3600 perfectus,
3683 3532 3791 3601 ple~

2199 3621 2411 3676 nissime
2431 3622 2618 3684 sciens,
2652 3622 2771 3692 quia
2795 3619 2954 3686 Deus,
2991 3637 3304 3692 quiscunque
3327 3624 3581 3692 promisit,
3608 3631 3791 3693 potens

2201 3722 2343 3770 estet
2360 3713 2718 3786 facere(Rom.
2739 3711 2936 3783 tv,2l);
2961 3712 3058 3767 fuit
3084 3723 3261 3770 autem
3284 3713 3792 3785 imperfectus,quia

2202 3806 2345 3860 Deus
2373 3805 2426 3860 in
2455 3805 2655 3860 sanctis
2678 3805 2791 3860 suis
2832 3803 3077 3874 quaedam
3108 3804 3343 3860 nondum
3379 3805 3503 3861 fecit
3524 3823 3591 3862 es
3616 3808 3793 3863 omni-

2202 3898 2304 3953 bus
2331 3913 2450 3966 quae
2471 3897 2735 3968 promisit.
2762 3895 2991 3966 Propter
3017 3897 3160 3966 quod
3184 3897 3344 3952 etiam
3368 3913 3557 3954 omnes
3584 3900 3795 3969 antiqui

2197 3991 2332 4060 justi
2384 3991 2559 4060 (sicut
2607 3990 2747 4046 idem
2793 3988 3084 4058 Apostolus
3112 3987 3283 4057 dicit),
3316 3988 3630 4045 Testimonio
3669 3992 3796 4061 ﬁdei

2205 4081 2542 4154 comprobati,
2581 4097 2684 4136 non
2713 4089 3018 4150 acceperunt
3064 4081 3536 4154 repromissioncm,
3567 4080 3676 4136 Deo
3701 4095 3794 4152 prs

2205 4174 2354 4230 nobis
2406 4173 2588 4228 melius
2633 4170 2949 4239 providente,
2984 4187 3047 4224 ns
3095 4172 3207 4224 sine
3240 4169 3386 4225 nobis
3426 4173 3797 4242 perﬁcerentur

2209 4264 2396 4336 (Hebr.
2431 4281 2482 4320 ιιι
2501 4302 2515 4328 ,
2561 4261 2672 4332 59).
2701 4261 2852 4317 Sicut
2889 4277 3018 4331 ergo
3048 4263 3415 4332 praecedentes
3444 4266 3614 4320 sancti
3644 4267 3795 4322 testi-

2208 4358 2392 4412 monio
2415 4355 2536 4410 fidei
2551 4353 2910 4423 comprobati,
2933 4367 3040 4407 non
3067 4361 3194 4408 sunt
3209 4355 3325 4408 sine
3353 4355 3794 4424 subsequendam

2209 4447 2542 4518 perfectione
2564 4444 2784 4513 perfecti
2808 4462 2818 4496 :
2845 4445 2923 4500 sic
2947 4445 3337 4513 subsequentes
3352 4448 3521 4502 sancti
3548 4461 3655 4503 non
3677 4463 3799 4519 pos-

2208 4555 2334 4601 sunt
2370 4545 2488 4598 sine
2517 4540 2948 4612 pmeedentibus
2984 4541 3187 4610 perlici.
3222 4540 3431 4596 Donum
3462 4543 3644 4612 itaque
3673 4557 3796 4615 per.

509 4631 701 4686 beatus
728 4628 964 4686 Joannes
985 4629 1242 4700 praedicat
1274 4646 1287 4680 :
1322 4605 1451 4684 Haec
1485 4640 1562 4684 est
1591 4605 1804 4685 victoria
1843 4648 1959 4701 quae
1983 4631 2099 4685 vin-
2129 4605 2182 4664 Ῑ)
2213 4639 2411 4694 fectum
2439 4605 2566 4690 tunc
2594 4634 2846 4690 omnibus
2872 4605 3089 4689 dabitur
3127 4635 3340 4704 quando
3368 4605 3570 4692 sanctis
3596 4605 3798 4694 aeterna

511 4729 582 4782 cit
609 4727 882 4796 mundum,
905 4727 1037 4799 ﬁdes
1066 4735 1249 4781 nostra
1283 4725 1342 4797 (1
1359 4723 1516 4782 Joan.
1542 4741 1598 4796 ν,
1628 4727 1707 4800 4).
1741 4727 1937 4784 Paulus
1965 4745 2101 4800 quo—

511 4833 618 4890 que
646 4820 719 4873 ita
741 4819 928 4875 scribit
952 4836 964 4872 :
995 4817 1206 4873 Gratias
1233 4835 1330 4890 ago
1361 4816 1469 4873 Deo
1496 4837 1607 4874 meo
1638 4837 1728 4891 per
1748 4820 1924 4874 Iesum
1950 4819 2104 4875 Chri-

509 4923 645 4967 stum
673 4925 767 4984 pro
791 4911 1026 4966 omnibus
1057 4907 1216 4978 vobis,
1254 4914 1373 4980 quia
1412 4911 1542 4985 ﬁdes
1569 4921 1737 4968 vestra
1761 4915 2104 4968 annuntiatur

510 5006 567 5058 in
589 5005 827 5058 universo
848 5001 1041 5057 mundo
1061 5000 1276 5074 (Ephes.
1303 5015 1337 5068 ι,
1367 5001 1442 5075 4).
1476 5001 1648 5074 Opera
1679 5019 1894 5073 quoque
1917 5013 2103 5060 nostra

518 5096 778 5151 Dominus
808 5096 922 5166 ipse
943 5103 1171 5152 testatur
1190 5095 1374 5151 dicens
1402 5113 1414 5148 :
1441 5094 1531 5151 Sic
1552 5095 1722 5150 luceat
1737 5095 1828 5150 (ua:
1842 5105 2009 5151 vestra
2023 5111 2109 5149 co-

512 5207 626 5246 ram
641 5190 952 5256 hominibus,
975 5190 1269 5245 utsidentes
1291 5198 1457 5245 vestra
1473 5189 1609 5246 bona
1619 5207 1800 5261 opera,
1819 5190 2112 5261 gloriﬁcent

512 5281 728 5338 Patrem
753 5292 974 5338 vestrum
994 5284 1080 5355 qui
1100 5283 1156 5337 in
1185 5281 1325 5338 calis
1344 5291 1422 5337 est
1449 5279 1663 5348 (Matth.
1680 5297 1731 5344 ν,
1763 5279 1874 5350 lii).
1909 5280 2110 5337 Tamen

516 5374 646 5447 quia
685 5377 786 5434 ista
832 5393 955 5434 cum
977 5377 1237 5433 habemus
1270 5393 1378 5432 non
1409 5376 1670 5430 habemus
1693 5389 1761 5430 ex
1785 5373 1942 5428 nobis
1965 5384 2111 5440 nata,

515 5469 612 5526 sed
632 5484 663 5524 a
701 5470 813 5527 Deo
840 5470 1061 5538 donata,
1094 5470 1235 5526 sicut
1260 5466 1552 5539 Apostolus
1581 5465 1713 5522 dicit
1745 5484 1757 5519 :
1800 5462 1918 5520 Nos
1943 5474 2114 5520 autem

516 5580 620 5623 non
641 5567 877 5636 spiritum
905 5565 1084 5622 mundi
1107 5564 1420 5636 accepimus,
1450 5561 1542 5618 sed
1561 5561 1800 5632 spiritum
1821 5561 1908 5632 qui
1922 5576 1986 5614 ex
2003 5559 2110 5616 Deo

515 5668 614 5725 est,
638 5667 695 5713 ut
721 5661 946 5716 sciamus
981 5657 1081 5730 13
1123 5672 1238 5731 qua
1269 5672 1303 5710 α
1333 5653 1444 5709 Des
1470 5652 1670 5709 donata
1709 5661 1827 5706 sunt
1855 5649 2004 5706 nobis
2035 5657 2049 5716 (
2078 5649 2112 5705 Ι

517 5748 640 5809 Cor.
671 5768 729 5817 ιι,
758 5753 886 5825 1%)};
917 5760 973 5809 et
997 5753 1123 5820 quia
1178 5761 1513 5819 quascunque
1549 5744 1708 5801 nobis
1736 5742 1981 5800 facienda
2011 5744 2111 5800 do-

521 5851 635 5912 nat,
657 5845 798 5902 sicut
825 5845 1027 5902 habere
1065 5858 1172 5899 non
1199 5854 1511 5914 possumus,
1534 5837 1639 5894 nisi
1663 5837 1785 5896 inse
1811 5837 1971 5895 nobis
1999 5838 2108 5895 lar-

2213 4726 2533 4799 gior-iﬁcatio
2559 4725 2849 4782 tribuetur.
2881 4725 3033 4779 Tunc
3061 4726 3198 4781 sicut
3226 4726 3438 4782 Veritas
3465 4728 3592 4782 dicit
3618 4747 3630 4780 :
3660 4728 3800 4784 Iusti

2215 4819 2483 4891 fulgebunt
2509 4819 2639 4872 sicut
2679 4818 2757 4871 sol
2802 4819 2855 4870 in
2903 4831 3061 4888 regno
3099 4816 3278 4871 Patris
3317 4821 3394 4872 sui
3431 4815 3652 4889 (Matth.
3686 4837 3802 4886 ιιιιι,

2213 4911 2326 4982 45).
2357 4910 2504 4966 illius
2531 4909 2802 4977 estigitur
2836 4909 2998 4962 etiam
3041 4909 3142 4962 hoc
3172 4905 3374 4962 donum
3419 4909 3736 4980 perfectum,
3771 4925 3802 4967 ει

2213 5018 2323 5072 quo
2353 5009 2434 5058 est
2462 5001 2589 5057 doni
2621 5001 2784 5055 totius
2813 4999 3041 5054 initium.
3073 4999 3225 5065 Quod
3254 5001 3438 5070 utique
3465 5003 3664 5058 donum
3694 5019 3804 5060 non

2215 5095 2506 5161 diceretur,
2537 5094 2583 5149 st
2609 5107 2715 5146 non
2745 5093 2906 5146 etlam
2931 5091 3034 5146 hoc
3058 5105 3124 5145 ex
3154 5093 3324 5159 gratia
3345 5092 3656 5149 donaretur.

2213 5207 2396 5263 CAPUT
2437 5221 2542 5262 xvr.
2594 5203 2769 5275 Gratis
2815 5214 3076 5275 aperatur
3105 5199 3238 5260 Deus
3283 5203 3499 5262 salutem
3550 5220 3803 5268 nostram.

2622 5271 2756 5330 Vera
2779 5271 2947 5347 gloria
2973 5292 3005 5329 ιι
3038 5273 3144 5329 Deo
3165 5277 3275 5332 solo
3295 5287 3391 5333 est.

2294 5376 2443 5433 Unus
2470 5379 2650 5432 autem
2673 5371 2809 5429 Deus
2839 5384 2940 5440 εει,
2965 5375 3055 5446 qui
3084 5375 3252 5444 gratis
3277 5381 3332 5433 et
3359 5385 3517 5436 vocat
3539 5377 3809 5450 praedesti-

2222 5477 2399 5534 natos,
2439 5477 2493 5524 et
2531 5465 2794 5536 justlllcat
2823 5469 3065 5532 Vocatus,
3095 5475 3151 5523 et
3178 5465 3442 5537 giorilicat
3466 5469 3806 5541 justillcatos.
3863 5451 3868 5456 ³

2221 5561 2374 5617 Sicut
2403 5565 2586 5614 autem
2643 5571 2748 5613 non
2779 5563 2862 5614 est
2891 5558 3030 5614 aliud
3055 5559 3374 5629 justiticare.
3405 5561 3506 5617 nlsi
3532 5563 3705 5633 justas
3732 5559 3810 5618 fa-

2218 5664 2364 5717 cere,
2389 5652 2468 5707 sic
2491 5663 2598 5706 non
2613 5656 2696 5706 est
2715 5650 2859 5706 aliud
2875 5649 3198 5720 gloriﬁcare,
3213 5651 3312 5706 nisi
3334 5651 3598 5722 gloriosos
3613 5653 3810 5710 facere.

2217 5742 2475 5812 Proinde,
2497 5744 2624 5815 quia
2640 5741 2784 5799 Deus
2804 5753 2933 5799 suOs
2951 5750 3007 5797 et
3021 5741 3277 5812 jostlllcat
3297 5747 3351 5798 et
3370 5744 3653 5813 glorificat,
3672 5747 3811 5801 sicut

2213 5838 2403 5908 gratiae
2414 5838 2582 5907 ipsius
2595 5853 2733 5908 opus
2746 5845 2855 5907 est,
2865 5833 3334 5906 cumiscitjustos,
3349 5837 3427 5893 sic
3440 5839 3624 5908 gratim
3647 5840 3808 5908 ipsius
