4068 6460
1509 357 1602 415 ΔΙ)
1636 352 1956 416 nonnum
1995 354 2124 415 LIB.
2163 355 2206 416 ἰ.

3413 359 3518 434 Ms

229 476 368 541 opus
391 465 530 534 erit,
557 480 684 526 cum
709 465 874 526 faciet
900 467 1183 539 gloriosos.
1207 472 1346 538 Quia
1372 469 1512 530 sicut
1539 483 1700 528 nemo
1724 487 1820 543 po-
1845 478 1897 538 Α
1990 473 2264 546 rationalis
2282 472 2328 528 si
2349 488 2404 546 ig
2428 469 2546 546 Deo
2560 471 2798 546 subjicit,
2821 472 3164 546 sublimatur;
3185 475 3309 546 sise
3328 473 3500 546 οισι.

230 567 338 616 test
372 558 576 616 habere
617 576 799 616 veram
819 561 1099 631 justitiam,
1141 563 1243 620 nisi
1271 563 1433 620 fuerit
1456 563 1816 633 justiﬁcatus,

229 653 307 708 sic
347 667 507 708 nemo
556 662 733 724 potest
770 654 971 712 habere
1018 672 1201 712 veram
1243 657 1490 726 gloriam,
1524 657 1625 712 nisi
1656 656 1818 713 fuerit

227 744 578 814 gloritlcatus.
613 742 764 799 Unde
785 754 966 802 autem
988 747 1058 802 sit
1080 762 1206 802 vera
1229 747 1330 819 15
1347 748 1538 816 gloria,
1566 746 1817 802 Salvator

227 842 413 888 noster
433 849 553 888 cum
577 831 792 890 Judaeos
821 835 1128 905 increparet
1154 837 1409 903 ostendit,
1433 835 1648 891 dicens:
1675 833 1817 900 Quo-

226 924 380 978 modo
411 926 624 996 potestis
659 942 744 980 vos
771 926 997 993 credere,
1038 929 1122 999 qui
1145 929 1363 998 gloriam
1386 929 1450 984 ab
1481 929 1699 984 inuicem
1727 945 1817 984 ac-

217 1018 398 1086 cipitis
430 1033 446 1070 :
482 1026 532 1070 et
558 1017 780 1088 gloriam
809 1035 922 1090 qua:
957 1036 989 1072 α
1029 1019 1140 1074 solo
1169 1018 1278 1074 Deo
1301 1030 1396 1083 est,
1446 1037 1549 1075 non
1585 1021 1815 1092 quwritis

228 1105 410 1177 (Joan.
432 1124 484 1175 ν,
503 1105 629 1178 ll)?
651 1107 804 1164 Hunc
832 1125 1046 1165 sensum
1070 1111 1275 1166 habens
1298 1110 1497 1166 Paulus
1523 1119 1578 1166 et
1605 1110 1816 1166 veraci-

225 1207 310 1257 ter
341 1200 574 1256 dicens:
613 1199 726 1257 Nos
769 1213 942 1257 autem
979 1219 1186 1258 sensum
1230 1202 1422 1258 Christi
1475 1203 1718 1258 habemus
1760 1199 1815 1273 (I

225 1298 344 1354 Cor.
374 1297 557 1367 11,16),
593 1299 730 1354 sicut
759 1299 984 1368 gloriam
1011 1316 1193 1354 veram
1215 1315 1246 1354 a
1269 1299 1381 1355 Deo
1411 1315 1530 1355 esse
1557 1305 1811 1362 noverat,

223 1393 578 1462 ita.justitiam
601 1408 783 1448 veram
813 1408 880 1448 ex
903 1393 1013 1447 Deo
1042 1408 1164 1448 esse
1187 1391 1471 1448 conlirmat
1492 1392 1674 1446 dicens
1698 1410 1711 1443 :
1745 1388 1817 1444 Ut

222 1487 457 1540 inveniar
476 1487 528 1538 in
551 1485 639 1539 illo
665 1501 769 1538 non
790 1485 982 1540 habens
1009 1501 1175 1540 meam
1186 1486 1592 1556 justitiam,qua:
1610 1499 1675 1536 ea:
1704 1484 1815 1553 lege

223 1592 315 1647 est,
351 1582 444 1636 sed
469 1582 633 1643 illam.
666 1597 780 1652 qua?
808 1598 871 1636 ex
899 1581 1004 1652 ﬁde
1028 1590 1104 1636 est
1133 1579 1344 1644 Christi,
1369 1597 1483 1650 qua:
1512 1596 1576 1633 ea:
1597 1577 1707 1632 Deo
1736 1586 1815 1630 est

222 1673 424 1746 justitia
462 1673 519 1726 in
565 1672 669 1740 ﬁde
691 1671 909 1743 (Philip.
941 1688 1015 1735 Ill,
1041 1670 1118 1738 9).
1162 1669 1229 1725 Et
1267 1671 1510 1742 quamvis
1541 1669 1815 1724 abundent

230 1761 452 1834 plurima
477 1761 819 1824 documenta,
852 1763 1047 1832 quibus
1074 1763 1278 1818 clareat
1321 1779 1426 1818 non
1454 1762 1629 1819 solum
1658 1761 1813 1816 bona:

1994 544 2320 615 deprimitur.
2354 542 2496 598 Deus
2525 542 2743 600 humiles
2771 543 2920 616 facit,
2945 561 3048 599 non
3074 545 3286 600 invenit.

1995 644 2176 701 Bonus
2199 659 2328 713 ergo
2351 643 2492 700 Deus
2505 645 2766 702 bonarum
2792 651 2878 699 est
2898 643 3143 700 conditor
3167 655 3506 702 naturarum.

1932 739 2074 794 Vidit
2094 740 2233 794 enim
2255 737 2394 794 Deus
2427 738 2587 810 (sicut
2613 738 2872 810 scriptum
2899 736 3002 809 est)
3025 738 3200 794 omnia
3219 754 3336 811 qua
3365 739 3508 810 fecit,

1922 842 1973 888 et
2000 848 2116 886 ecce
2153 830 2289 887 bona
2336 833 2484 888 ualde
2523 831 2677 903 (Gen.
2707 849 2745 896 ι,
2789 831 2903 905 51).
2948 833 3007 888 In
3038 833 3234 902 quibus
3259 833 3512 889 omnibus

1921 943 2042 997 quae
2065 926 2211 993 fecit,
2234 927 2553 983 rationalem
2576 936 2880 984 creaturam
2903 927 3182 983 meliorem
3211 927 3419 983 ueteris
3443 924 3515 980 fe-

1921 1021 2014 1075 cit.
2047 1018 2137 1075 Sic
2175 1029 2352 1074 tanien
2383 1021 2581 1090 potiori
2621 1028 2884 1078 creatum
2930 1020 3105 1090 majus
3127 1021 3300 1076 voluit
3338 1019 3515 1074 inesse

1922 1110 2158 1176 bonum,
2202 1119 2261 1166 ut
2314 1113 2477 1167 etiam
2527 1109 2725 1167 infmia:
2763 1119 3026 1167 creatum
3071 1111 3273 1166 nullum
3316 1111 3518 1164 inesset
3589 1118 3598 1127 ‘

1922 1203 2350 1258 substantialiter
2394 1203 2612 1258 malum.
2665 1203 2744 1258 Ac
2771 1218 2869 1274 per
2918 1202 3041 1269 hoc,
3094 1203 3344 1273 superius
3372 1207 3517 1256 esset

1923 1291 2108 1348 inﬁmo
2125 1294 2268 1348 bono
2292 1293 2484 1349 melius
2504 1301 2745 1348 creatum
2773 1294 2996 1356 bonum,
3013 1293 3099 1350 cui
3124 1309 3390 1349 summum
3418 1292 3516 1347 bo-
3607 1308 3612 1314 ·

1924 1403 2054 1442 num
2086 1384 2250 1457 (quod
2274 1395 2514 1442 creatum
2539 1402 2645 1441 non
2676 1394 2778 1451 est,
2803 1395 2858 1442 et
2887 1402 2916 1441 a
2937 1402 3046 1455 quo
3073 1402 3234 1441 omne
3257 1385 3515 1440 mutabile

1921 1476 2124 1532 bonum
2137 1487 2378 1532 creatum
2390 1477 2648 1546 est)juste
2659 1477 3044 1532 dominaretur.
3054 1476 3130 1532 Cu
3129 1477 3218 1546 jus
3227 1477 3388 1531 etiam
3402 1491 3518 1546 par-

1922 1571 2238 1641 ticipatione
2273 1571 2372 1641 15
2401 1571 2614 1624 beatum
2645 1578 2809 1638 esset,
2841 1570 2885 1624 si
2915 1585 3125 1625 summo
3164 1569 3310 1623 bono
3330 1566 3518 1622 humili

1922 1663 2214 1718 dilectione
2269 1664 2517 1717 serviret.
2549 1661 2847 1717 Creatums
2874 1663 3074 1732 quippe
3120 1659 3374 1715 rationali
3415 1658 3519 1717 alia

1921 1754 2202 1809 beatitudo
2233 1771 2336 1810 nec
2379 1756 2574 1824 potuit,
2625 1769 2725 1808 nec
2771 1761 2952 1824 potest
2997 1769 3138 1818 esse,
3170 1767 3272 1808 nec
3299 1751 3518 1822 poterit,

231 1853 516 1908 voluntatis
542 1853 806 1922 boumque
827 1853 1156 1922 operationis
1171 1852 1526 1920 gratiam,sed
1551 1852 1714 1906 etiam
1739 1852 1816 1922 ip-
1847 1865 1898 1929 B
1923 1846 2026 1901 nisi
2057 1855 2114 1901 ut
2145 1862 2464 1917 agnoscens,
2495 1863 2526 1902 a
2547 1863 2656 1916 quo
2684 1863 2792 1902 non
2832 1848 3006 1901 solum
3037 1846 3199 1911 facta,
3232 1845 3329 1902 sed
3357 1845 3522 1901 etiam

226 1960 340 1999 sam
375 1953 683 1998 sanctorum
713 1943 1180 2013 gloriﬁcationem,
1205 1946 1462 2001 divinitus
1490 1955 1544 1998 et
1572 1946 1816 2002 inchoari

222 2047 448 2102 prorsus
477 2042 533 2087 ct
570 2031 784 2103 perﬁci,
829 2041 1006 2090 tamen
1037 2034 1269 2090 arbitror
1298 2036 1462 2090 etiam
1491 2035 1608 2089 haec
1635 2051 1755 2104 qua:
1783 2050 1817 2089 ιι

223 2123 383 2179 nobis
408 2125 581 2183 uosita
612 2131 738 2177 sunt
760 2130 1030 2193 utcunque
1059 2123 1325 2178 suﬂicere.

215 2234 405 2292 CAPUT
435 2253 561 2292 xvu.
597 2236 811 2293 Initium
854 2239 1021 2308 omnis
1053 2239 1250 2308 peccati
1279 2236 1538 2308 superbia.
1574 2235 1736 2291 Casus
1766 2245 1818 2290 et

487 2325 635 2379 ptena
667 2308 913 2379 Luciferi.
946 2307 1108 2363 Casus
1130 2311 1284 2378 primi
1306 2307 1548 2363 hominis.

290 2398 362 2477 Et
386 2399 505 2455 ideo
523 2400 655 2468 jam,
690 2409 748 2460 ut
772 2401 936 2457 libelli
967 2400 1134 2456 series
1170 2407 1520 2470 temperetur,
1551 2399 1817 2456 malorum

216 2506 440 2562 quoque
469 2493 819 2561 voluntatem,
869 2494 1240 2564 Operationem
1285 2509 1350 2548 ac
1403 2492 1816 2548 retributionem

191 2580 572 2650 considerare
615 2581 893 2638 debemus.
924 2581 994 2637 Ut
1029 2597 1383 2651 agnoscamus
1435 2590 1614 2637 utrum
1644 2582 1817 2652 malos

218 2671 370 2725 Deus
381 2670 554 2739 justus
569 2672 634 2724 ad
650 2673 753 2726 hoc
768 2673 1224 2742 praedestinaverit
1245 2673 1567 2736 faciendum,
1586 2673 1731 2742 quod
1761 2673 1817 2730 in

220 2765 306 2818 eis
336 2764 618 2832 puniturus
646 2773 728 2818 est
757 2764 973 2819 factum.
1008 2766 1089 2820 An
1120 2765 1318 2820 idcirco
1349 2768 1560 2834 iniquos
1591 2768 1657 2822 ad
1686 2783 1816 2836 sup-

192 2849 197 2855 ’
220 2853 448 2923 plicium
460 2852 603 2921 juste
628 2851 1104 2925 pnndcstinaverit,
1119 2855 1244 2926 quia
1260 2872 1446 2914 eorum
1468 2857 1609 2912 mala
1628 2874 1813 2929 opera,

218 2942 354 2999 licet
388 2943 565 3000 futura
595 2947 892 3016 pnesciret,
926 2963 1033 3002 non
1066 2958 1243 3002 tamen
1277 2950 1389 3018 ipse
1419 2949 1817 3018 praedestinavit

220 3046 279 3092 It
311 3035 491 3092 futura
519 3041 861 3109 essent,quia
895 3057 1001 3096 non
1028 3040 1144 3112 ipse
1174 3040 1296 3096 fecit
1327 3051 1386 3096 ut
1408 3041 1816 3112 lierent.ltaque

216 3129 264 3184 si
292 3129 505 3184 initium
533 3133 740 3199 peccati
762 3133 1073 3202 requiritur,
1102 3134 1234 3189 nihil
1255 3134 1398 3188 aliud
1426 3135 1529 3189 nisi
1559 3135 1814 3204 superbia

1923 1956 1955 1993 a
1984 1954 2092 2010 quo
2112 1939 2394 1994 rationalis
2412 1948 2492 1995 est
2519 1939 2680 2004 facta,
2712 1939 2975 2008 majorem
2996 1938 3344 1994 dilectionem
3371 1936 3524 1992 eihi-

1923 2031 2052 2086 beat
2078 2032 2222 2087 bono
2251 2033 2482 2087 creatori
2508 2047 2670 2100 quam
2701 2031 2822 2084 sibi.
2856 2030 3041 2099 Neque
3080 2030 3225 2085 enim
3254 2030 3303 2084 ei
3347 2028 3524 2084 inesse

1923 2129 2110 2193 posset
2137 2121 2405 2178 ullatenus
2433 2122 2597 2189 ratio,
2628 2121 2728 2177 nisi
2755 2121 2804 2175 ei
2835 2127 3019 2190 posset
3048 2117 3309 2174 creatoris
3348 2118 3525 2173 inesse

1923 2213 2164 2280 dilectio,
2195 2215 2321 2285 quia
2345 2229 2446 2270 nec
2476 2221 2559 2270 est
2588 2214 2691 2268 alia
2720 2227 2841 2282 qua:
2869 2227 2995 2268 vera
3033 2212 3104 2266 sit
3145 2210 3410 2281 sapientia
3439 2207 3526 2267 vel

1924 2306 2280 2376 intelligentia
2309 2315 2572 2362 creatura:
2599 2305 2900 2372 rationalis,
2927 2304 3029 2360 nisi
3057 2303 3277 2358 dilectio
3306 2309 3526 2358 creato-

1898 2399 2020 2464 ,ris,
2054 2399 2109 2453 in
2135 2413 2242 2468 qua
2284 2406 2434 2452 tanto
2493 2397 2665 2466 magis
2710 2397 2957 2452 minusve
3005 2405 3089 2450 est
3141 2393 3362 2450 dilectio
3407 2393 3524 2458 sui,

1924 2500 2129 2562 quanto
2152 2492 2323 2562 magis
2349 2491 2596 2546 minusve
2625 2489 2973 2546 dilectionem
2999 2504 3098 2546 suo
3126 2487 3349 2542 exhibet
3373 2499 3526 2544 crea~

1925 2587 2052 2642 tori.
2084 2585 2347 2642 Voluntas
2376 2600 2536 2655 porro
2576 2592 2838 2640 creatura:
2868 2583 3153 2642 rationalis
3190 2582 3308 2638 sine
3345 2579 3526 2650 quali-

1924 2693 2138 2748 cunque
2167 2692 2353 2732 amore
2382 2693 2490 2732 non
2513 2683 2693 2746 potest
2716 2691 2835 2732 esse
2869 2693 2882 2728 :
2916 2689 3018 2731 nec
3056 2675 3134 2730 sic
3178 2681 3358 2744 potest
3401 2671 3525 2728 dili~

1923 2784 2071 2839 gere,
2115 2779 2173 2826 ut
2194 2786 2433 2826 amorem
2461 2785 2617 2825 suum
2647 2785 2755 2825 non
2784 2768 2913 2824 velit
2953 2769 3020 2824 ad
3052 2766 3255 2837 aliquid
3277 2767 3526 2836 religare,

1924 2877 2042 2931 qua:
2073 2863 2212 2917 inter
2241 2878 2508 2917 sunnnnm
2539 2864 2761 2930 bonum,
2790 2877 2824 2916 a
2851 2877 2959 2932 quo
2987 2869 3170 2918 creata
3196 2867 3300 2929 est,
3322 2867 3379 2917 et
3405 2859 3526 2915 ιιιιι-

1924 2968 2071 3006 mum
2101 2953 2322 3018 bonum,
2355 2955 2440 3007 cui
2481 2953 2701 3023 pratlata
2739 2961 2856 3018 est,
2902 2950 3083 3007 medio
3131 2951 3363 3020 quodam
3405 2950 3526 3005 loco

1923 3046 2119 3116 posita,
2153 3047 2395 3116 profecto
2417 3056 2507 3102 aut
2538 3048 2592 3102 in
2619 3045 2804 3102 intimo
2832 3046 2977 3101 bono
3002 3060 3222 3102 necesse
3251 3054 3335 3100 est
3369 3046 3526 3100 mise~

1923 3139 2167 3194 rabiliter
2183 3139 2384 3207 jaceat,
2412 3148 2505 3194 aut
2533 3140 2585 3194 in
2616 3153 2828 3195 summo
2873 3138 3019 3194 bono
3062 3137 3327 3192 veraciter
3354 3135 3525 3196 felici-

217 3221 514 3278 invenitur.
557 3222 698 3278 Dicit
725 3226 867 3279 enim
897 3225 1204 3296 Scriptura:
1240 3225 1458 3281 Initium
1487 3229 1655 3282 omnis
1696 3243 1816 3298 pec-
1843 3249 1890 3314 ρ
1923 3239 2113 3301 terque
2152 3230 2478 3300 requiescat.
2516 3229 2761 3296 Quodam
2816 3228 3018 3284 etenim
3065 3240 3250 3282 amore
3299 3225 3524 3295 rapitur,

215 3315 321 3367 cati
344 3312 585 3384 superbia
616 3314 803 3386 (Eccli.
839 3333 894 3382 κ,
925 3316 1037 3389 15).
1068 3316 1198 3384 Qua:
1229 3319 1413 3389 utique
1444 3330 1572 3374 tunc
1602 3320 1815 3375 initium

217 3407 464 3475 sumpsit,
493 3423 616 3462 cum
642 3409 866 3477 angelus
895 3409 1153 3466 adversus
1181 3410 1349 3466 Deum
1392 3413 1586 3477 elatus,
1622 3423 1678 3470 et
1697 3414 1814 3484 ipsa

218 3501 458 3558 elatione
488 3509 805 3572 prostratus,
846 3517 942 3571 per
972 3503 1462 3573 concupiscentiam
1489 3505 1630 3577 (qum
1659 3505 1814 3560 radix

217 3605 301 3650 εει
315 3596 558 3650 omnium
576 3594 860 3666 malorum)
877 3595 1060 3650 volens
1077 3609 1339 3666 usurpare
1363 3596 1509 3666 quod
1535 3597 1609 3651 illi
1625 3598 1812 3652 datum

222 3700 253 3740 a
279 3686 394 3741 Deo
432 3703 540 3742 non
569 3685 691 3754 fuit,
720 3702 750 3739 a
781 3685 894 3742 Deo
923 3689 1169 3742 discessit
1205 3697 1261 3743 et
1287 3691 1514 3758 cecidit,
1546 3691 1598 3745 in
1629 3705 1737 3759 quo
1765 3693 1812 3746 si

219 3779 491 3844 stetisset,
538 3794 644 3833 non
698 3778 998 3834 cecidisset.
1048 3778 1158 3833 Sed
1195 3793 1294 3849 per
1320 3783 1812 3850 concupiscentiam

219 3871 440 3935 malam,
473 3872 598 3948 quia
623 3872 934 3941 concupivit
979 3871 1097 3941 plus
1122 3881 1275 3926 extra
1327 3888 1405 3938 se,
1436 3873 1611 3929 minus
1642 3875 1814 3930 factus

216 3973 298 4020 est
319 3965 380 4020 in
408 3980 488 4020 se.
506 3963 672 4031 Quam
704 3965 1216 4035 concupiscentiam,
1242 3964 1370 4020 licet
1393 3967 1614 4037 explere
1634 3970 1817 4038 nequi-

215 4057 356 4110 verit
406 4070 590 4125 0pere,
625 4065 804 4111 tamen
845 4056 1066 4111 retinuit
1096 4056 1390 4111 voluntate.
1433 4055 1524 4113 Sic
1568 4058 1680 4128 ipse
1710 4057 1813 4113 sibi

211 4145 317 4218 jam
376 4145 546 4202 iactus
586 4156 668 4202 est
713 4163 911 4217 panis,
959 4155 1020 4202 ut
1057 4148 1380 4218 supplicium
1427 4164 1644 4220 semper
1669 4159 1814 4205 esset

216 4239 361 4295 maio
417 4238 666 4294 voiuntas
713 4254 852 4294 maia
883 4280 897 4306 ,
955 4247 1211 4308 tanquam
1254 4256 1400 4296 amco
1439 4242 1552 4312 ipsa
1599 4241 1814 4297 cazcitas

217 4341 326 4386 tua.
385 4328 454 4384 Et
499 4332 930 4400 concupiscentia
979 4333 1236 4401 peccandi
1281 4342 1608 4390 tormentum
1657 4335 1812 4391 ﬂeret

219 4422 526 4488 peccaturi,
574 4431 630 4475 et
677 4423 924 4488 rebellis,
949 4438 1015 4478 ac
1059 4422 1270 4492 refuga,
1305 4427 1396 4494 qui
1429 4426 1573 4480 illam
1613 4427 1810 4498 imper-

226 4514 544 4572 Wrbabilem
597 4517 837 4583 requiem
895 4516 1146 4583 fugerat,
1213 4517 1468 4588 deinceps
1523 4520 1809 4588 perturba-

1921 3338 2018 3380 seu
2042 3337 2165 3377 cum
2185 3321 2492 3378 obedientia
2523 3321 2854 3385 sublevatur,
2879 3327 2934 3374 et
2955 3318 3188 3374 creatori
3218 3316 3362 3372 bono
3389 3315 3526 3371 bene

1920 3412 2201 3482 subjicitur
2234 3430 2246 3465 :
2279 3412 2391 3468 sive
2428 3427 2550 3468 cum
2593 3409 2845 3481 superbia
2892 3407 3230 3479 deprimitur,
3289 3412 3348 3461 ut
3375 3419 3526 3459 erea~

1921 3521 2055 3567 tura:
2076 3512 2233 3566 home
2261 3511 2404 3566 male
2432 3509 2760 3566 dominetur.
2795 3505 2948 3564 Sicut
2989 3506 3136 3561 enim
3183 3504 3244 3561 lit
3289 3503 3526 3560 elatione

1920 3604 2157 3669 humilis,
2191 3604 2269 3659 sic
2293 3602 2350 3657 tit
2380 3603 2680 3658 humilitate
2703 3599 2967 3656 sublimis.
3001 3597 3140 3654 Dicit
3168 3598 3312 3652 enim
3341 3597 3525 3652 Domi~

1919 3713 2020 3752 nus
2049 3705 2106 3751 et
2131 3695 2387 3764 Magister
2415 3704 2601 3750 noster
2632 3711 2644 3746 :
2680 3691 2865 3746 Omnis
2893 3692 2979 3762 qui
3006 3707 3062 3745 se
3089 3689 3414 3753 emanauerit,
3439 3686 3525 3751 Ita.

1919 3791 2208 3844 miliabitur
2236 3807 2253 3842 :
2283 3798 2332 3842 et
2379 3791 2464 3858 qui
2504 3803 2560 3842 se
2597 3786 2974 3850 humiliauerit,
3025 3781 3339 3838 exaltabitur
3369 3778 3524 3852 (Luc.

1923 3897 2031 3944 xiv,
2065 3881 2180 3948 H).
2210 3879 2442 3949 Pmpter
2469 3877 2613 3947 quod
2647 3880 2777 3932 item
2820 3877 3080 3946 scriptum
3109 3883 3191 3929 est
3224 3891 3238 3926 :
3263 3872 3404 3926 Deus
3431 3888 3524 3926 su-

1920 3970 2092 4041 perbis
2121 3971 2338 4037 resistit,
2367 3968 2642 4022 humilibus
2663 3975 2835 4021 autem
2863 3966 2954 4018 dat
2976 3965 3202 4036 gratiam
3227 3961 3430 4034 (Iacob.
3448 3973 3523 4029 tv,

1920 4061 1988 4126 6;
2021 4060 2051 4114 ι
2082 4059 2228 4114 Petr.
2262 4076 2314 4122 ν,
2344 4059 2423 4130 5).
2475 4059 2659 4127 Neque
2689 4073 2820 4113 vero
2855 4055 2997 4112 Deus
3024 4054 3287 4120 humiles,
3332 4052 3524 4122 quibus

1919 4153 2014 4209 dat
2040 4155 2289 4223 gratiam,
2321 4161 2447 4207 ante
2475 4153 2658 4206 datam
2689 4151 2918 4206 humiles
2948 4148 3152 4204 invenit
3185 4166 3197 4201 :
3226 4146 3321 4203 sed
3345 4144 3524 4202 dando
3617 4207 3622 4212 ,

1918 4244 2172 4314 gratiam,
2205 4243 2438 4298 humiles
2465 4241 2613 4298 facit.
2648 4240 2764 4297 Hoc
2792 4241 2967 4311 ipsum
2997 4241 3164 4307 enim,
3203 4238 3344 4294 Deus
3370 4246 3396 4277 ι
3426 4251 3523 4307 per

1917 4336 2146 4406 gratiam
2177 4335 2344 4390 donat
2376 4351 2388 4386 :
2425 4341 2481 4388 nt
2527 4323 2770 4403 quisquis
2813 4347 2934 4387 eam
2973 4329 3276 4400 acceperit,
3307 4328 3522 4386 humilis

1919 4428 2033 4482 iiat.
2066 4426 2294 4498 Propter
2321 4426 2463 4497 quod
2492 4426 2606 4496 ipse
2634 4424 2949 4494 linigenitus
2979 4431 3180 4479 sanctae
3208 4420 3522 4476 humilitatis

1916 4520 2110 4576 doctor
2144 4526 2306 4587 atque
2357 4518 2578 4586 largitor
2622 4517 2752 4572 dicit
2779 4535 2791 4568 :
2824 4515 3019 4570 Discite
3044 4531 3076 4566 a
3103 4530 3213 4578 me,
3240 4515 3360 4584 quia
3384 4513 3522 4568 mitis

226 4605 346 4661 tiuni
391 4607 648 4670 serviret,
695 4617 855 4676 atque
902 4624 930 4660 a
981 4609 1126 4663 bono
1163 4609 1382 4664 domino
1412 4612 1813 4680 relinqueretur
1836 4620 1894 4682 ι)
1920 4627 2032 4666 sum
2075 4619 2122 4664 et
2159 4610 2366 4663 humilis
2395 4609 2549 4663 corde
2572 4624 2589 4661 :
2614 4617 2663 4662 et
2692 4608 2960 4662 invenietis
2986 4607 3211 4678 requiem
3247 4603 3521 4658 animabus

213 4692 391 4764 juste,
450 4714 610 4766 quem
656 4699 767 4767 ipse
807 4699 1022 4768 reliquit
1069 4699 1285 4770 injuste.
1346 4701 1422 4756 lta
1477 4704 1678 4758 factum
1729 4715 1814 4760 est

219 4795 275 4840 ut
303 4803 660 4858 perseverans
692 4789 1026 4844 inordinatus
1046 4805 1114 4844 ex
1143 4809 1222 4856 se,
1254 4793 1595 4850 ordinaretur
1619 4797 1670 4849 in
1703 4812 1762 4852 se
1789 4816 1801 4850 :

219 4882 345 4936 etin
377 4899 446 4937 eo
495 4883 588 4951 qui
619 4883 670 4937 in
712 4899 769 4937 se
799 4882 1044 4940 ordinem
1099 4886 1368 4954 perderet,
1401 4887 1561 4942 divini
1604 4889 1808 4946 ordinis

222 4975 355 5028 ratio
388 4983 496 5028 non
529 4975 749 5044 periret.
790 4974 904 5030 Hec
932 4985 987 5031 et
1028 4978 1080 5032 in
1103 4978 1321 5032 homine
1347 4979 1596 5047 contigit,
1643 4995 1805 5049 quem

225 5063 335 5131 ipse
355 5065 603 5119 diabolus
624 5067 932 5135 serpentina
961 5067 1251 5123 calliditate
1279 5069 1494 5137 dejecit.
1516 5073 1559 5124 Δ
1585 5071 1804 5126 domino

217 5158 419 5227 quippe
450 5159 592 5213 bono
620 5159 960 5227 dissentiens,
991 5169 1046 5216 et
1071 5177 1229 5217 servo
1268 5164 1411 5218 malo
1439 5165 1802 5226 consentiens,

220 5253 374 5307 malae
398 5254 689 5311 voluntatis
710 5255 958 5310 ell'ectum
980 5257 1195 5326 plenum
1223 5258 1445 5328 adipisci
1470 5274 1576 5313 non
1599 5259 1800 5329 potuit:

219 5347 341 5413 quia
364 5348 478 5417 ipsa
504 5349 704 5405 malitia
719 5350 1006 5406 voluntatis
1025 5365 1054 5405 a
1069 5351 1178 5405 Deo
1202 5367 1307 5406 non
1331 5352 1443 5406 fuit.
1462 5350 1613 5408 Hauc
1635 5355 1800 5421 enim,

222 5435 266 5489 si
293 5453 323 5492 ιι
354 5439 464 5494 Deo
496 5456 602 5495 non
632 5440 952 5508 discederet,
980 5458 1086 5496 non
1118 5443 1360 5498 haberet.

164 5547 178 5555 ”
220 5541 397 5626 Carur
411 5561 571 5626 _xvm.
605 5549 1160 5626 Rationaliscreatura
1191 5553 1339 5606 beata
1367 5569 1466 5608 non
1497 5563 1664 5626 potest
1690 5571 1801 5612 esse

286 5618 389 5674 nisi
401 5619 696 5677 Creatorem
717 5623 833 5693 plus
857 5622 1043 5693 diligat
1061 5639 1215 5693 quam
1229 5641 1285 5679 se
1313 5618 1506 5695 ipsum:
1546 5626 1797 5684 Voluntas

298 5862 317 5887 ⁸
351 5853 510 5908 Abest
541 5870 569 5908 a
597 5853 717 5908 cod.
754 5868 880 5906 mss.
916 5869 1002 5908 uer
1031 5853 1278 5915 gratiam.

949 6053 959 6087 l

1920 4704 2102 4758 uestris
2134 4701 2350 4773 (Matth.
2396 4717 2478 4764 χι,
2529 4698 2640 4768 29).
2682 4697 2833 4754 lianc
2859 4698 3100 4767 requiem
3147 4696 3520 4767 perdiderunt,

1921 4792 2013 4861 qui
2044 4791 2347 4846 humilitate
2382 4789 2582 4858 rejecta
2613 4787 2870 4844 adversus
2902 4788 3064 4844 vitam
3103 4802 3253 4842 suam
3307 4796 3520 4841 tumue-

1921 4884 2068 4946 runt,
2097 4889 2152 4934 et
2198 4880 2249 4934 in
2298 4888 2526 4934 mortem
2577 4894 2674 4949 per
2718 4879 3024 4948 superbiam
3071 4877 3400 4934 reciderunt.
3449 4877 3520 4933 De

1922 4974 2118 5027 talibus
2146 4974 2287 5028 enim
2312 4973 2513 5027 dictum
2539 4981 2624 5027 est
2655 4989 2665 5023 :
2699 4969 2948 5042 Dejecisti
2985 4987 3105 5037 eos,
3154 4986 3268 5024 cum
3305 4970 3520 5023 extolle-

1919 5073 2097 5118 rentur
2147 5062 2318 5132 (Psal.
2366 5079 2532 5127 Lxxn,
2577 5061 2685 5132 18).
2731 5060 2948 5119 Talibus
2995 5070 3175 5118 autem
3230 5068 3518 5130 propterea

1921 5155 2064 5211 Deus
2093 5157 2322 5220 resistit,
2355 5157 2478 5226 quia
2521 5157 2574 5210 in
2605 5155 2683 5210 eis
2711 5157 3016 5226 superbiam
3049 5153 3163 5224 ipse
3203 5169 3310 5206 non
3344 5150 3469 5206 fecit
3504 5169 3517 5204 :

1917 5265 2016 5319 per
2045 5265 2204 5319 quam
2249 5250 2446 5319 injuste
2471 5249 2676 5304 malunt
2706 5251 2757 5304 in
2788 5257 3067 5320 peccatum
3095 5244 3309 5307 cadere,
3338 5251 3393 5299 et
3421 5260 3516 5314 per

1918 5355 2078 5411 quam
2099 5341 2241 5409 juste
2263 5350 2535 5396 merentur
2560 5342 2612 5396 in
2639 5351 2862 5411 peccato
2891 5339 2916 5378 δ
2945 5349 3281 5408 permanere.

1915 5451 2098 5509 Cum
2134 5459 2238 5510 xxx;
2276 5451 2524 5510 Interitus
2555 5471 2657 5509 non
2679 5471 2744 5507 ex
2773 5449 2901 5512 Deo.
2934 5451 3026 5505 sed
3052 5465 3116 5504 ea:
3156 5447 3394 5520 superbia
3413 5457 3509 5504 est.

2205 5525 2341 5580 Deus
2368 5529 2565 5596 peccati
2595 5527 2732 5579 ultor
2758 5529 2867 5590 est,
2891 5538 2992 5578 non
3022 5532 3222 5577 auctor.

1989 5628 2242 5688 Proinde.
2265 5629 2390 5684 quia
2411 5628 2622 5683 initium
2650 5626 2805 5681 mala:
2829 5625 3122 5683 voluntatis
3142 5625 3391 5696 superbia
3406 5627 3508 5694 est,

1997 5856 2024 5896 δ
2050 5856 2131 5912 ΔΙ.
2157 5874 2444 5916 remanere.
2477 5864 2534 5910 ut
2554 5855 2756 5912 habent
2785 5870 2910 5912 mss.
