4068 6466
481 317 485 328 ’
551 313 655 396 ιω

1584 337 1642 396 8.
1681 332 2047 394 FULGENTII
2082 323 2388 392 EPISCOPI
2427 333 2795 396 RUSPENSIS

3717 333 3833 398 ‘168

551 475 672 532 quae
700 475 767 516 ex
793 459 904 517 Deo
932 471 1043 518 non
1081 467 1193 526 est,
1241 459 1525 532 perSpicue
1557 459 1745 528 claret,
1777 476 1884 516 non
1915 474 1982 515 ex
2027 457 2139 514 Deo
2164 456 2222 520 Α
2245 472 2300 524 ιι,
2335 453 2548 528 15,16).
2575 455 3059 514 Hicautemmundi
3076 449 3294 514 nomine
3312 457 3844 529 hominessigniﬁcat

553 571 672 612 esse
707 556 1015 612 hominibus
1053 557 1331 613 interitum
1376 556 1531 611 malte
1577 554 1927 626 operationis,
1969 553 2064 610 sed
2108 568 2141 608 a

552 649 695 719 justo
718 649 900 720 judice
939 651 1163 707 retribui
1209 651 1363 706 malis
1402 650 1677 706 interitum
1715 648 1951 705 ultionis.
2003 645 2141 702 Mala

552 743 752 813 quippe
782 745 1028 800 voluntas
1058 761 1164 801 non
1181 745 1414 816 pertinet
1432 744 1498 798 ad
1527 743 1789 815 optimum
1816 749 2137 806 creatorem;

551 836 691 902 iusta
721 849 852 889 vero
874 844 900 872 ι
926 836 1106 906 injusti
1130 838 1301 907 angeli
1323 837 1640 907 hominisque
1671 834 1942 890 damnatio
1970 832 2141 904 perti-

552 933 645 978 net
675 924 742 979 ad
769 927 1130 997 aequissimum
1161 928 1517 996 cognitorem.
1558 926 1640 982 Ad
1666 927 1999 982 voluntatem
2039 924 2140 993 igi-

552 1023 640 1069 tur
666 1017 863 1072 malam
894 1019 1036 1075 Deus
1071 1020 1343 1075 hominem
1388 1036 1497 1076 non
1533 1020 1967 1092 praedestinavit,
2017 1018 2143 1087 quia

552 1105 756 1162 homini
782 1125 901 1164 eam
939 1111 1160 1166 daturus
1200 1113 1315 1182 ipse
1360 1127 1469 1167 non
1512 1111 1630 1168 fuit.
1671 1110 1952 1179 Quomodo
1999 1111 2144 1165 enim

552 1196 694 1254 Deus
723 1201 1015 1268 hominem,
1041 1218 1199 1273 quem
1223 1203 1290 1257 ad
1313 1203 1602 1272 imaginem
1630 1219 1782 1259 suam
1812 1203 1966 1268 fecit,
2006 1217 2144 1272 prte-

553 1289 846 1347 destinaret
868 1293 935 1346 ad
956 1293 1154 1347 malam
1174 1293 1531 1362 voluntatem,
1554 1309 1712 1363 quam
1737 1293 1849 1363 ipse
1869 1309 1978 1348 non
1997 1291 2146 1347 fecit?

553 1379 737 1453 Itaque
788 1400 1014 1455 peccare
1067 1385 1121 1439 in
1164 1385 1268 1440 hoc
1322 1386 1485 1441 homo
1533 1385 1714 1455 cuipit,
1749 1385 1801 1438 in
1843 1400 1949 1454 quo
1979 1383 2147 1439 aDeo

553 1475 818 1532 discessit.
848 1475 1119 1548 Scriptum
1150 1486 1234 1532 est
1262 1478 1406 1532 enim
1440 1496 1452 1530 :
1487 1478 1621 1544 Quia
1650 1478 1853 1531 initium
1898 1475 2149 1547 superbiae

554 1577 851 1640 apostatare
896 1589 928 1623 a
976 1571 1088 1625 Deo
1113 1569 1302 1642 (Eccli.
1338 1588 1390 1635 x,
1436 1571 1545 1642 Μ).
1579 1569 1644 1624 Ει
1685 1570 1791 1625 alio
1820 1571 1979 1625 loco:
2012 1567 2150 1623 Ecce

553 1677 728 1715 omnes
768 1664 854 1733 qui
883 1680 937 1716 se
965 1663 1216 1734 clangunt
1249 1680 1287 1716 ο
1321 1672 1394 1725 te,
1427 1661 1703 1732 peribunt:
1728 1660 1999 1732 perdidisti
2026 1677 2148 1715 om-

553 1768 646 1806 nes
675 1754 760 1824 qui
783 1755 1108 1824 fornicamur
1139 1753 1228 1807 abs
1264 1762 1313 1808 te
1346 1753 1515 1824 (Psal.
1548 1769 1714 1819 Lxxu,
1743 1751 1857 1819 27).
1900 1751 1991 1806 Isti
2019 1766 2149 1820 ergo

2245 551 2429 606 mundi
2455 551 2609 606 istius
2637 550 2922 606 dilectores
2946 569 2958 604 :
2987 551 3077 622 qui
3106 567 3214 607 non
3255 551 3376 608 ideo
3404 569 3504 624 pro
3544 553 3846 611 dilectione

2244 641 2428 696 mundi
2455 641 2712 712 puniendi
2738 653 2882 711 sunt,
2907 643 3030 712 quia
3061 643 3296 714 aliquam
3334 644 3688 700 substantiam
3718 661 3846 701 ma-

2245 732 2352 786 lam
2381 731 2630 803 diligunt,
2683 748 2806 789 cum
2857 734 3155 791 substantia
3207 737 3524 793 naturaliter
3579 740 3722 796 nulla
3770 740 3852 795 sit

2244 825 2407 890 mala,
2433 827 2528 881 sed
2557 826 2683 895 quia
2710 826 3012 883 dilectionis
3027 827 3269 884 ordinem
3293 847 3400 887 non
3430 832 3851 899 tenentes,dum

2244 916 2366 987 plus
2394 915 2541 987 justo
2571 917 2798 988 diligunt
2833 919 3126 987 mundum,
3178 923 3357 980 minus
3408 923 3574 979 Deum
3615 926 3856 995 diligunt

2246 1024 2410 1079 quam
2438 1010 2659 1079 diligere
2697 1011 3015 1069 debuerunt.
3057 1015 3175 1071 Non
3204 1026 3384 1073 autem
3414 1018 3611 1088 aliquid
3640 1014 3856 1075 inordi—

2247 1110 2433 1155 natum
2462 1101 2603 1157 Deus
2632 1103 2776 1170 fecit,
2808 1120 2907 1160 nec
2935 1105 3136 1174 aliquid
3164 1106 3530 1163 inordinatum
3557 1108 3675 1164 ﬁeri
3698 1125 3852 1181 pra:-

2245 1191 2554 1260 destinavit,
2578 1194 2669 1264 qui
2690 1210 2788 1265 per
2815 1197 3119 1267 apostolum
3161 1214 3316 1254 suum
3356 1201 3615 1271 imperat,
3643 1211 3702 1257 ut
3727 1219 3855 1258 om—

2249 1287 2340 1340 nia
2368 1287 2578 1341 honeste
2596 1297 2645 1341 et
2664 1289 2947 1344 secundum
2967 1291 3203 1344 ordinem
3215 1292 3348 1362 fiant
3370 1292 3426 1363 (Ι
3447 1293 3565 1348 Cor.
3598 1310 3709 1362 xrv,
3730 1294 3852 1363 40).

2250 1374 2480 1445 Propter
2505 1376 2649 1447 quod
2677 1387 2732 1432 et
2759 1378 2811 1432 in
2838 1380 3039 1435 sanctis
3059 1381 3318 1452 eloquiis,
3359 1391 3420 1438 ut
3453 1391 3735 1453 peccatum
3776 1385 3856 1439 vi—

2251 1476 2413 1534 tetur,
2446 1470 2644 1524 caritas
2670 1471 2904 1527 ordinari
2931 1475 3258 1544 praecipitur.
3277 1475 3544 1548 Scriptum
3561 1485 3646 1533 est
3666 1459 3852 1534 enim:

2256 1560 2533 1618 Ordinavit
2577 1566 2634 1618 in
2673 1583 2754 1621 me
2799 1567 3068 1624 caritatem
3100 1569 3275 1643 (Cant.
3308 1588 3364 1639 ιι,
3395 1571 3471 1643 4).
3505 1572 3642 1630 lluic
3671 1575 3856 1631 ordini

2253 1655 2657 1723 congratulatur
2700 1657 2992 1727 Apostolus
3046 1657 3275 1717 dicens:
3308 1663 3452 1719 Nam
3492 1667 3588 1719 etsi
3635 1681 3857 1737 corpore

2255 1746 2437 1802 absens
2465 1766 2597 1812 sum,
2625 1751 2716 1804 sed
2741 1754 2924 1823 spiritu
2952 1754 3207 1810 vobiscum
3233 1774 3346 1812 sum
3366 1760 3598 1830 gaudens
3617 1803 3632 1829 ,
3678 1771 3730 1815 et
3773 1764 3851 1816 ui-

554 1843 726 1913 quise
751 1844 1004 1914 elongant
1029 1853 1084 1899 et
1104 1844 1433 1899 fornicamur
1456 1844 1634 1908 aDeo,
1664 1844 1848 1913 utique
1875 1843 2151 1913 peccando
2181 1843 2230 1904 B
2257 1840 2382 1894 deus
2427 1843 2662 1896 ordinem
2707 1854 2928 1900 vestrum
2981 1845 3202 1914 (Coloss.
3251 1866 3308 1917 ιι,
3359 1848 3434 1921 5).
3463 1848 3683 1908 Peccati
3722 1869 3850 1910 vero

554 1942 784 2005 pereunt
805 1951 902 2006 per
929 1951 1082 1990 suam
1112 1935 1308 1989 malam
1332 1934 1684 2000 voluntatem,
1709 1949 1829 2003 qua:
1849 1949 1958 1987 non
1977 1941 2061 1988 est
2087 1948 2154 1988 ex

556 2022 689 2081 Deo.
720 2024 919 2080 Perdet
942 2034 1123 2081 autem
1154 2026 1276 2080 illos
1311 2025 1454 2080 Deus
1489 2026 1634 2094 juste
1655 2025 1968 2094 judicando,
2010 2024 2158 2096 quod

563 2116 666 2186 16
692 2116 952 2186 competit
978 2116 1111 2170 Deo.
1143 2115 1258 2170 Non
1281 2116 1425 2171 enim
1445 2131 1542 2171 eos
1565 2116 1706 2170 Deus
1725 2115 1928 2186 judicio
1956 2117 2154 2186 perde-

555 2215 660 2274 ret,
691 2209 792 2263 nisi
819 2223 918 2278 per
945 2225 1070 2264 suas
1099 2209 1408 2278 iniquitates
1429 2209 1529 2280 ipsi
1551 2209 1853 2274 periissem.
1883 2209 2154 2282 Scriptum

555 2308 640 2356 est
667 2301 810 2356 enim
837 2319 850 2354 :
875 2300 1224 2373 Defecerunt,
1274 2303 1538 2372 perierunt
1575 2312 1784 2373 propter
1830 2303 2155 2375 iniquitatem

536 2409 705 2447 .suam
738 2392 1007 2465 (Ibidem).
1059 2393 1309 2450 Defectus
1340 2409 1468 2463 ergo
1497 2409 1527 2449 a
1567 2409 1776 2450 summo
1804 2394 1948 2450 bono
1975 2395 2043 2450 ad
2071 2395 2155 2450 in-

555 2485 739 2541 ﬁmum
768 2487 990 2553 bonum,
1023 2487 1128 2543 hoc
1147 2495 1229 2543 est
1248 2487 1554 2558 peccatoris
1583 2487 1859 2558 proprium
1887 2496 1945 2543 et
1962 2487 2154 2543 volun-

555 2578 752 2633 tarium
779 2579 1001 2644 malum,
1033 2595 1141 2650 quo
1165 2580 1308 2635 malo
1337 2580 1574 2650 seipsum
1605 2579 1780 2650 perdit
1807 2579 2054 2649 injustus.
2083 2579 2154 2635 Et

556 2671 680 2742 quia
708 2671 836 2728 huic
854 2671 997 2728 malo
1027 2680 1220 2728 auctor
1247 2688 1356 2728 non
1382 2679 1464 2727 est
1492 2671 1661 2740 Deus,
1709 2671 1806 2728 sed
1833 2673 1996 2728 homo
2023 2687 2151 2743 per-

533 2776 764 2828 .versus,
788 2762 947 2832 digne
974 2764 1158 2835 itaque
1183 2764 1410 2831 homini,
1439 2765 1532 2834 qui
1556 2780 1616 2820 se
1643 2764 1877 2835 perdidit
1903 2773 2150 2836 peccato,

557 2856 802 2912 redditur
823 2858 879 2912 in
903 2857 1188 2914 tormentis
1206 2865 1408 2912 aeterna
1433 2856 1664 2928 perditio
1693 2875 1706 2911 :
1739 2864 1799 2913 ut
1818 2865 2008 2927 pereat
2026 2858 2150 2928 qui-

558 2948 704 3016 dem,
734 2950 826 3021 qui
850 2950 1028 3022 perire
1060 2950 1243 3017 voluit,
1275 2965 1382 3005 non
1407 2957 1586 3005 tamen
1608 2951 1685 3006 sic
1711 2958 1917 3020 pereat,
1957 2964 2150 3019 quem-

555 3039 844 3095 admodum
871 3040 1062 3096 voluit.
1092 3040 1195 3107 Qui
1236 3040 1381 3095 enim
1418 3041 1498 3096 sic
1548 3041 1740 3110 periit,
1791 3040 2152 3097 delectatione

555 3139 902 3200 peccatorum
951 3131 1179 3197 illectus,
1213 3139 1273 3186 ut
1325 3131 1372 3187 si
1411 3140 1596 3202 posset
1643 3131 1780 3200 ﬁeri,
1824 3139 2068 3187 maneret
2095 3132 2151 3186 in

556 3235 723 3290 opere
748 3221 959 3292 peccati
986 3228 1280 3291 perpetuus
1307 3263 1322 3288 ,
1360 3220 1505 3289 juste
1531 3221 1747 3290 quidem
1776 3229 1860 3275 est
1886 3221 1942 3275 in
1969 3219 2152 3291 perdi-

556 3311 705 3366 tione
731 3312 941 3382 peccati
969 3311 1239 3378 dimissus,
1273 3327 1382 3381 quo
1401 3311 1621 3382 propria
1641 3310 1834 3366 cecidit
1853 3311 2149 3366 voluntate.

557 3399 666 3456 Sed
686 3418 795 3458 non
815 3402 890 3457 ibi
918 3402 1016 3458 fuit
1040 3404 1260 3474 impune
1286 3402 1665 3469 dimittendus,
1698 3418 1766 3458 ne
1794 3403 1935 3458 Deus
1959 3403 2148 3470 ﬁdelis,

557 3491 613 3545 in
641 3505 748 3561 quo
774 3505 882 3547 non
911 3499 996 3548 est
1024 3492 1300 3564 iniquitas,
1331 3493 1422 3562 qui
1448 3500 1531 3549 est
1545 3492 1723 3562 justus
1751 3500 1808 3548 et
1844 3500 2081 3560 sanctus,
2105 3493 2153 3548 si

558 3590 901 3654 peccatorem
920 3599 1135 3655 semper
1149 3585 1203 3639 in
1223 3592 1450 3655 peccato
1464 3584 1793 3654 relinqueret
1807 3583 2150 3654 impunitum,

557 3680 839 3744 putaretur
865 3674 942 3728 illi
966 3674 1180 3745 placere
1205 3683 1506 3747 peccatum.
1537 3673 1708 3741 Quam
1745 3675 2069 3731 sententiam
2098 3676 2152 3732 in

557 3762 880 3832 quibusdam
908 3765 1051 3820 Deus
1089 3767 1267 3836 arguit
1309 3783 1409 3837 per
1445 3766 1763 3822 Malachiam
1807 3769 2150 3840 prophetam,

557 3856 650 3924 qui
679 3856 904 3912 dicunt:
939 3857 1123 3913 Omnis
1143 3860 1230 3931 qui
1262 3860 1392 3932 facit
1417 3859 1636 3926 malum,
1658 3858 1822 3915 bonus
1858 3870 1937 3916 est
1974 3878 2152 3916 coram

555 3945 802 4016 Domino,
833 3960 885 4005 et
908 3953 1020 4023 ipse
1041 3953 1098 4006 in
1118 3969 1178 4008 eo
1201 3952 1425 4023 placuit,
1455 3960 1507 4006 et
1535 3951 1622 4006 ubi
1659 3961 1736 4006 est
1761 3951 1902 4006 Deus
1929 3953 2153 4024 justitiat

559 4040 816 4115 (Malach.
840 4061 896 4111 ιι,
930 4044 1043 4116 17).
1072 4044 1224 4102 Juste
1255 4046 1416 4116 igitur
1445 4053 1529 4102 est
1566 4046 1851 4102 subsecuta
1887 4048 2152 4103 severitas

555 4135 770 4205 judicis,
803 4137 894 4192 ubi
921 4139 1195 4207 praecessit
1222 4139 1481 4209 iniquitas
1503 4141 1823 4211 peccatoris,
1855 4140 1981 4211 quia
2007 4141 2152 4197 illius

555 4226 637 4280 rei
665 4225 809 4281 Deus
847 4226 991 4282 ultor
1029 4235 1144 4294 est,
1174 4229 1328 4297 cujus
1355 4237 1545 4285 auctor
1583 4246 1691 4285 non
1719 4239 1821 4294 est,
1854 4231 1908 4284 id
1936 4239 2020 4287 est
2044 4233 2150 4286 ini-

556 4316 797 4385 quitatis,
829 4332 992 4386 quam
1019 4327 1200 4388 potest
1226 4319 1368 4374 Deus
1388 4322 1598 4390 punire,
1622 4337 1730 4376 non
1767 4311 1963 4378 facere.
2006 4322 2152 4378 Scri-

555 4417 709 4479 ptum
739 4417 823 4464 est
849 4411 992 4464 enim
1019 4429 1032 4464 :
1058 4409 1244 4465 Omnis
1260 4414 1343 4483 qui
1374 4414 1500 4482 facit
1528 4422 1822 4483 peccatum,
1849 4416 2150 4489 etiniquita-

557 4509 660 4554 tem
685 4503 830 4572 facit,
860 4511 910 4556 et
937 4512 1201 4573 peccatum
1220 4512 1297 4558 est
1323 4505 1584 4576 iniquitas.
1619 4503 1690 4558 Et
1717 4508 1884 4574 scitis,
1915 4509 2036 4580 quia
2061 4509 2150 4564 ille

2259 1931 2470 1986 initium
2519 1933 2562 1987 si
2612 1935 2948 2002 attendatur,
2999 1947 3132 2007 puto
3196 1941 3342 2010 quod
3395 1942 3528 1997 nihil
3571 1951 3658 1998 est
3704 1942 3840 2000 aliud

2257 2034 2420 2089 quam
2448 2022 2813 2078 ordinatarum
2841 2041 2873 2079 a
2895 2024 3008 2082 Deo
3035 2043 3216 2084 rerum
3245 2029 3547 2086 inordinata
3569 2033 3845 2088 rationalis

2256 2121 2520 2169 creatura:
2545 2113 2782 2184 dilectio,
2831 2131 2950 2186 qua:
2995 2128 3189 2190 sponte
3229 2123 3502 2192 perdendo
3548 2124 3852 2182 dilectionis

2257 2205 2527 2273 ordinem,
2563 2209 2796 2278 perdidit
2823 2219 2879 2266 et
2906 2211 3156 2268 salutem.
3188 2213 3271 2269 Ad
3297 2215 3403 2272 hoc
3429 2231 3538 2271 non
3567 2225 3643 2273 est
3673 2233 3702 2272 a
3738 2218 3851 2274 Deo

2255 2298 2638 2368 prmdestinata
2665 2304 2946 2360 rationalis
2973 2314 3238 2361 creatura.
3269 2306 3454 2376 Neque
3475 2308 3620 2363 enim
3649 2309 3755 2364 alia
3773 2317 3855 2368 est

2255 2389 2372 2458 ejus
2395 2393 2814 2462 pnedestinalio,
2834 2396 2933 2451 nisi
2952 2395 3254 2453 futurorum
3270 2386 3493 2468 operum
3513 2398 3634 2468 ejus
3651 2408 3852 2460 aeterna

2254 2488 2599 2557 przeparatio,
2623 2488 2675 2543 in
2701 2503 2806 2558 qua
2835 2490 3032 2548 nullius
3059 2507 3220 2546 causa
3234 2493 3359 2547 mali
3375 2495 3575 2564 poterit
3603 2495 3851 2560 inveniri,

2255 2577 2381 2647 quia
2410 2593 2481 2634 ex
2509 2579 2788 2636 voluntate
2817 2581 2913 2638 Dei
2955 2599 3226 2656 nunquam
3255 2586 3519 2656 processit
3546 2587 3700 2656 origo
3725 2601 3850 2659 pec~

2254 2669 2380 2724 cati.
2802 2663 2818 2688 '

2256 2784 2329 2842 CA
2339 2803 2440 2843 PUT
2456 2806 2587 2866 _xx1.
2609 2788 2763 2866 _Non_
2787 2790 3124 2866 prcedestinat
3169 2790 3309 2848 Deus
3357 2791 3618 2848 hominem
3638 2794 3712 2848 ad
3734 2809 3850 2866 pecs

2327 2861 2572 2937 cundum.
2600 2860 3008 2937 Drazdestinatio
3037 2863 3288 2918 bonorum
3306 2873 3470 2919 estea:
3497 2860 3851 2937 gratuita'Dei

2325 2932 2698 2987 misericordia.

2333 3023 2433 3093 17
2456 3021 2765 3080 Misericors
2783 3025 3256 3098 etenimjDominus
3269 3035 3323 3083 et
3331 3026 3526 3097 justus,
3539 3027 3604 3082 de
3615 3042 3726 3098 quo
3742 3027 3851 3082 alio

2256 3111 2380 3169 loco
2409 3116 2666 3186 scriptum
2695 3125 2780 3172 est
2807 3136 2821 3172 :
2845 3117 3263 3174 Misericordiam
3297 3129 3347 3175 et
3386 3121 3637 3176 veritatem
3670 3117 3843 3188 diligit

2183 3214 2230 3279 ρ
2259 3204 2518 3260 Dominus
2541 3207 2683 3262 Deus
2713 3208 2885 3279 (Psal.
2911 3227 3148 3278 Lxxxut,
3194 3211 3305 3285 12).
3330 3211 3390 3266 In
3435 3210 3677 3268 omnibus
3715 3223 3847 3280 ergo

2261 3297 2515 3366 operibus
2553 3297 2690 3366 ejus,
2726 3307 2822 3354 aut
2860 3299 3007 3369 justa
3047 3302 3246 3357 veritas
3292 3301 3607 3368 custoditur,
3639 3309 3734 3355 aut
3759 3299 3850 3371 pia
3941 3348 3947 3354 .

2258 3387 2632 3444 misericordia
2660 3401 3013 3462 praerogatur.
3045 3393 3216 3450 Porro
3239 3403 3440 3460 autem,
3487 3410 3609 3450 cum
3652 3407 3849 3463 negare

2257 3493 2368 3534 non
2396 3480 2664 3550 possimus
2698 3496 2730 3536 a
2767 3480 2882 3537 Deo
2910 3483 3056 3539 bono
3083 3481 3281 3540 factum
3314 3483 3587 3540 hominem
3625 3483 3850 3553 bonum,

2256 3572 2306 3627 si
2328 3571 2622 3630 dixerimus
2645 3590 2771 3631 eum
2797 3591 2830 3630 a
2856 3575 2969 3632 Deo
2997 3577 3436 3648 przedestinatum
3478 3577 3545 3631 ad
3586 3592 3725 3648 opus
3750 3576 3850 3631 ali-

2257 3665 2406 3735 quod
2429 3667 2654 3735 malum,
2683 3683 2784 3724 nos
2813 3667 2927 3724 Deo
2953 3670 3292 3726 misericordi
3321 3677 3376 3725 et
3407 3669 3554 3740 justo
3580 3669 3691 3724 tale
3718 3683 3852 3739 opus

2259 3757 2431 3830 (quod
2459 3758 2620 3831 absit)
2668 3761 3006 3826 ascribimus,
3056 3762 3146 3818 ubi
3197 3777 3299 3819 nec
3343 3762 3653 3817 misericors
3682 3760 3852 3832 possit

2255 3850 2508 3918 inveniri,
2536 3869 2639 3910 nec
2653 3853 2848 3924 justus.
2877 3854 2934 3910 Si
2956 3856 3099 3911 enim
3123 3871 3247 3912 cum
3271 3872 3302 3911 a
3340 3854 3453 3911 Deo
3473 3855 3628 3911 ﬂeret
3665 3855 3849 3923 homo,

2255 3943 2336 3998 sic
2358 3951 2476 3999 erat
2505 3944 2560 3998 in
2587 3946 2840 4014 praesenti
2869 3961 3034 4016 opere
3055 3946 3150 4002 Dei
3178 3947 3371 4016 bonus,
3401 3955 3462 4002 ut
3490 3947 3545 4002 in
3571 3946 3853 4018 praedesti-

2256 4035 2477 4090 natione
2505 4035 2621 4106 ejus
2645 4047 2790 4093 esset
2817 4039 3008 4105 malus,
3035 4040 3223 4110 procul
3245 4039 3408 4096 dubio
3428 4039 3525 4095 Dei
3545 4055 3714 4110 opere
3741 4055 3854 4094 ma-

2255 4127 2341 4182 lus
2366 4126 2577 4185 futurus
2605 4139 2741 4196 erat,
2773 4146 2805 4185 a
2833 4146 2942 4200 quo
2970 4132 3039 4187 ad
3066 4131 3398 4202 peccandum
3441 4132 3855 4203 przedestinatus

2256 4220 2440 4275 ﬁebat.
2477 4221 2575 4276 Ubi
2602 4223 2783 4277 statim
2812 4223 2902 4278 illa
2932 4232 3294 4299 consequetur
3320 4223 3658 4290 absurditas,
3688 4231 3752 4279 ut
3775 4221 3856 4278 di-

2255 4320 2440 4378 catur,
2471 4314 2598 4383 quia
2631 4314 2800 4382 Deus,
2840 4315 2907 4371 de
2935 4330 3044 4387 quo
3084 4317 3350 4389 propheta
3394 4317 3525 4373 dicit
3556 4335 3569 4370 :
3595 4313 3700 4381 Qui
3734 4316 3857 4388 fecit

2256 4422 2373 4477 qua:
2419 4408 2595 4479 futura
2635 4419 2756 4464 sunt
2805 4409 2968 4482 (Isai.
3026 4409 3134 4484 rx),
3191 4412 3246 4466 in
3292 4428 3353 4468 se
3400 4411 3650 4467 habuerit
3687 4408 3857 4482 (quod

2255 4501 2416 4573 absit)
2441 4502 2740 4573 iniquitatis
2769 4506 3068 4575 originem,
3087 4505 3132 4560 si
3180 4505 3456 4562 hominem
3496 4519 3528 4559 a
3555 4519 3615 4561 se
3651 4501 3857 4560 factum

556 4595 800 4664 apparuit
826 4604 882 4648 ut
908 4603 1119 4665 peccata
1149 4595 1366 4662 tolleret,
1396 4606 1446 4650 et
1472 4607 1736 4670 peccatum
1764 4602 1820 4655 in
1839 4618 1898 4656 eo
1925 4619 2029 4656 non
2054 4612 2148 4658 est.
2176 4600 2237 4667 Β
2260 4591 2375 4663 ipse
2399 4594 2875 4665 prmdestinaverat
2895 4605 3267 4667 peccatorem;
3289 4596 3688 4668 praedestinatio
3706 4596 3858 4652 enim

560 4680 742 4738 Omnis
763 4686 847 4756 qui
863 4687 919 4740 in
941 4701 1002 4740 eo
1024 4695 1218 4754 manet,
1247 4703 1351 4741 non
1371 4697 1548 4756 peccat
1578 4688 1632 4761 (Ι
1647 4689 1805 4744 Joan.
1827 4706 1906 4760 ιιι,
1928 4691 2065 4764 4-6).
2085 4675 2153 4750 Et

557 4775 754 4831 iterum
790 4795 803 4830 :
839 4777 980 4831 Deus
1007 4778 1200 4848 ﬁdelis,
1225 4780 1282 4834 in
1308 4797 1406 4853 quo
1435 4799 1542 4837 non
1567 4793 1644 4840 est
1670 4785 1913 4857 iniquitas
1937 4829 1952 4855 ,
1977 4789 2150 4859 justus

555 4879 608 4924 et
632 4879 840 4926 sanctus
868 4869 1124 4926 Dominus
1173 4871 1352 4944 (Deut.
1378 4890 1549 4943 χχιιι,
1572 4875 1648 4947 4).
1681 4877 1937 4949 lniquitas
1965 4882 2145 4954 igitur,

555 4962 680 5034 quia
711 4963 764 5018 in
795 4963 904 5018 Deo
934 4979 1043 5019 non
1071 4973 1173 5031 est,
1197 4965 1385 5035 utique
1413 4983 1481 5023 ex
1510 4966 1620 5026 Deo
1642 4986 1748 5026 non
1779 4982 1881 5030 est.

555 5052 738 5110 CAPUT
759 5071 850 5110 xx.
876 5053 1136 5127 Iniquitas
1158 5074 1224 5112 ex
1242 5059 1541 5115 inordinata
1570 5079 1746 5118 amore
1772 5069 1972 5124 mundi.
2009 5069 2147 5126 Pec-

901 5127 1006 5180 cati
1028 5128 1232 5182 initium
1251 5130 1555 5186 inordinata
1579 5134 1806 5192 dilectio.

627 5217 757 5285 Quae
785 5225 868 5273 est
888 5225 1068 5272 autem
1097 5218 1370 5289 iniquitas,
1401 5222 1504 5278 nisi
1527 5225 1668 5281 mala
1687 5230 2147 5300 concupiscentia?

553 5321 716 5379 quam
745 5324 812 5364 ex
836 5309 947 5365 Deo
974 5326 1082 5367 non
1109 5327 1228 5368 esse
1253 5311 1488 5373 Joannes
1515 5321 1792 5390 apostolus
1812 5322 2140 5393 manifestat,

553 5399 736 5456 dicens
767 5419 780 5455 :
813 5400 875 5456 Si
900 5403 1011 5474 quis
1032 5404 1202 5479 diligit
1228 5409 1495 5476 mundum,
1519 5428 1623 5466 non
1648 5421 1726 5468 est
1744 5415 1936 5470 caritas
1963 5415 2144 5480 Patris

551 5492 606 5546 in
643 5509 725 5562 eo,
771 5496 893 5565 quia
921 5514 1072 5553 omne
1092 5501 1230 5573 quod
1270 5514 1347 5557 est
1387 5505 1444 5558 in
1483 5507 1699 5576 mundo,
1729 5511 2142 5580 concupiscentia

550 5587 726 5640 carnis
779 5590 876 5655 est;
923 5599 971 5644 et
1019 5595 1434 5665 concupiscentia
1478 5598 1764 5666 oculorum,
1811 5611 1862 5655 et
1901 5601 2143 5672 superbia

549 5679 684 5746 siue,
713 5699 828 5754 qua:
847 5699 953 5740 non
974 5696 1050 5741 est
1067 5704 1133 5742 ea:
1161 5687 1344 5759 Patre,
1375 5691 1465 5745 sed
1491 5708 1556 5746 ea:
1583 5692 1776 5749 mundo
1795 5703 1872 5749 est
1896 5693 1948 5766 (1
1975 5693 2134 5752 Joan.

2253 4681 2390 4754 ejus,
2419 4686 2746 4756 praeparatio
2774 4695 2856 4742 est
2883 4702 3107 4758 operum
3150 4687 3286 4757 ejus.
3318 4686 3387 4743 Et
3427 4688 3566 4742 sicut
3592 4686 3859 4758 competit

2255 4774 2369 4831 Deo
2418 4777 2565 4833 bono
2608 4785 2666 4833 ut
2693 4793 2857 4834 causa
2896 4779 2968 4833 sit
2995 4779 3162 4835 totius
3191 4781 3372 4849 operis
3391 4780 3540 4844 boni,
3571 4778 3650 4834 sic
3664 4777 3860 4834 incon-

2252 4881 2447 4938 gruum
2475 4877 2558 4925 est
2587 4878 2648 4924 ut
2692 4870 2986 4940 imputetur
3037 4872 3088 4926 ei
3142 4887 3304 4928 causa
3349 4854 3632 4942 cujuslibet
3671 4871 3858 4942 operis

2253 4960 2404 5015 mali.
2439 4961 2644 5017 Deinde
2681 4963 3026 5018 attendamus
3057 4963 3182 5032 quia
3232 4964 3379 5018 nulla
3423 4964 3563 5018 ratio
3609 4963 3857 5018 redditur

2255 5071 2364 5126 qua
2378 5056 2542 5112 homo
2565 5056 2634 5111 ad
2661 5063 2946 5126 peccatum
2969 5040 3381 5127 prtedestina'tus
3397 5056 3553 5112 aDeo
3577 5056 3852 5111 credatur.

2255 5149 2312 5204 Si
2344 5149 2488 5204 enim
2518 5149 2573 5203 in
2601 5149 2686 5204 his
2721 5165 2859 5219 quos
2891 5149 3033 5204 Deus
3054 5159 3102 5204 et
3121 5149 3286 5205 Pater
3305 5150 3518 5205 Domini
3539 5150 3705 5204 nostri
3724 5147 3853 5202 Jesst

2255 5241 2449 5297 Christi
2469 5243 2730 5298 benedixit
2749 5246 2807 5300 in
2828 5246 2971 5299 omni
2993 5243 3342 5299 benedictione
3369 5244 3590 5316 spiritali
3618 5244 3674 5297 iu
3696 5242 3850 5296 caele-

2249 5331 2412 5387 stibus
2450 5334 2506 5386 in
2548 5332 2750 5388 Christo
2790 5334 2935 5400 Jesu,
2977 5336 3110 5390 sicut
3149 5336 3302 5407 elegit
3342 5351 3438 5392 eos
3479 5337 3534 5389 in
3573 5335 3688 5404 ipso
3728 5342 3852 5387 ante

2250 5424 2431 5478 mundi
2471 5426 2912 5490 constitutionem,
2955 5437 3011 5480 ut
3033 5438 3216 5484 essent
3241 5420 3415 5483 sancti
3445 5439 3497 5482 et
3528 5425 3850 5482 immaculati

2247 5518 2304 5571 in
2332 5526 2607 5588 conspectu
2628 5519 2740 5590 ejus
2761 5520 2817 5572 in
2839 5521 3092 5589 caritate,
3128 5523 3214 5594 qui
3248 5519 3631 5592 praedestinavit
3657 5533 3755 5573 eos
3793 5517 3847 5570 in

2248 5607 2577 5678 adoptionem
2621 5609 2853 5678 ﬁliorum
2906 5629 2998 5683 per
3048 5612 3229 5667 Jesum
3277 5611 3538 5668 Christum
3582 5613 3637 5665 in
3676 5611 3846 5681 ipsum

2250 5699 2464 5773 (Ephes.
2489 5717 2528 5768 ι,
2557 5698 2608 5767 4,
2638 5699 2693 5774 5)
2715 5719 2730 5769 ;
2756 5704 2802 5759 si
2824 5718 2956 5776 ergo
2984 5706 3040 5761 in
3070 5706 3154 5761 his
3173 5721 3334 5763 causa
3361 5698 3840 5777 praedestinationis

623 5865 648 5895 ἰ
679 5853 809 5916 Haec
839 5861 1028 5930 verba,
1074 5864 1259 5936 injuin
1298 5867 1473 5940 angeli
1503 5866 1846 5944 hominisque,
1883 5871 2078 5932 absunt
2105 5889 2138 5934 a
2171 5875 2297 5938 cod.
2329 5876 2539 5938 Thuan.
2559 5888 2613 5938 et
2628 5879 2938 5950 Victorino;
2969 5880 3286 5955 leguntusin
3307 5881 3428 5941 cod.
3455 5878 3788 5942 Corbeiensi.
