4074 6456
207 389 317 452 {69

1480 426 1483 427 ν
1530 393 1608 452 ΑΒ
1643 388 1962 450 MONIMUM
1999 390 2125 448 ω.
2163 390 2205 448 l.

3375 388 3503 448 170·

205 517 498 581 qumratur,
526 521 636 564 non
666 507 851 578 utique
887 507 1011 575 alia,
1051 507 1146 564 sed
1172 485 1285 565 sola
1315 509 1543 578 gratuita
1573 508 1670 565 Dei
1689 509 1792 578 mig
1820 514 1871 574 Α
1895 507 2158 566 luatatem
2179 506 2394 573 malam,
2425 521 2547 576 quae
2575 513 2660 562 est
2689 507 2854 564 totius
2880 507 3031 578 origo
3059 509 3288 580 peccati,
3320 525 3484 580 quam

207 598 503 657 sericordia
525 599 810 670 reperitur.
840 598 961 670 Ipse
989 606 1071 655 est
1100 600 1242 655 enim
1263 600 1329 656 de
1353 616 1460 671 quo
1488 601 1618 657 dicit
1646 602 1791 672 psal-

211 706 330 755 mus
355 708 367 744 :
393 681 693 745 Misericors
713 700 765 745 et
785 693 1059 746 miserator
1079 689 1332 746 Dominus
1347 733 1362 758 ,
1402 691 1714 762 longanimis
1748 700 1798 746 et

211 783 386 839 multa:
406 781 774 848 misericordia:
795 800 814 839 .°
836 800 940 839 non
968 787 1024 840 in
1063 785 1222 855 finem
1259 787 1537 852 irascetur,
1564 803 1725 858 neque
1745 788 1798 840 in

209 884 459 929 teternum
491 875 850 946 indignabitur
872 893 890 929 :
912 893 1018 931 non
1058 877 1339 931 secundum
1370 888 1579 948 peccata
1620 887 1800 932 nostra

209 967 332 1037 fecit
353 966 521 1033 nobis,
542 983 702 1039 neque
721 968 998 1022 secundum
1019 969 1314 1039 iniquitates
1339 979 1544 1025 nostras
1565 968 1799 1024 retribuit

208 1056 378 1114 nobis.
408 1056 545 1122 Quia
567 1058 846 1113 secundum
867 1059 1187 1115 altitudinem
1211 1061 1323 1116 caeli
1345 1078 1377 1115 a
1406 1071 1541 1117 terra
1579 1063 1798 1133 elonga-

209 1151 278 1206 vit
318 1151 860 1222 iniquitatesnostras
901 1169 935 1205 a
974 1153 1140 1208 nobis.
1167 1154 1315 1208 Sicut
1343 1155 1614 1208 miseretur
1653 1165 1800 1225 pater

208 1243 357 1314 ﬁliis,
385 1244 458 1298 ita
504 1243 740 1297 misertus
778 1253 854 1298 est
883 1243 1136 1300 Dominus
1169 1246 1456 1301 timentibus
1478 1263 1594 1300 eum
1626 1246 1796 1308 (Psal.

210 1352 299 1399 cu,
325 1333 402 1397 8).
433 1334 490 1390 In
521 1335 602 1390 his
629 1335 879 1396 omnibus
901 1344 983 1392 tot
1009 1353 1073 1393 ac
1104 1338 1295 1394 talibus
1323 1339 1498 1404 bonis,
1543 1355 1662 1409 qua:
1687 1339 1798 1395 Do-

211 1427 388 1483 minus
415 1427 667 1493 retribuit
692 1428 845 1482 malis
864 1467 879 1493 ,
903 1429 1031 1498 quid
1073 1430 1215 1496 aliud
1245 1446 1404 1501 quam
1435 1431 1670 1487 indebita
1699 1431 1800 1486 mi-

211 1517 500 1574 sericordia
529 1519 779 1574 canitur?
799 1521 996 1589 quidve
1023 1522 1165 1596 aliud
1189 1537 1348 1592 quam
1375 1525 1604 1594 gratuita
1626 1528 1802 1596 pietas

211 1609 567 1680 prmdicatur?
598 1609 729 1664 Nam
761 1619 817 1666 et
860 1613 913 1666 in
942 1628 1040 1678 eo,
1071 1613 1216 1682 quod
1247 1631 1352 1670 non
1381 1616 1661 1670 secundum
1681 1634 1802 1687 pec-

213 1710 330 1754 cata
349 1709 527 1754 nostra
547 1700 671 1771 fecit
691 1699 863 1766 nobis,
889 1720 1050 1774 neque
1074 1705 1353 1760 secundum
1375 1709 1671 1780 iniquitates
1701 1727 1799 1764 no-

214 1799 351 1846 stras
372 1793 602 1847 retribuit
621 1794 786 1861 nobis,
824 1797 1055 1864 gratuita
1083 1798 1455 1854 manifestatur
1490 1799 1800 1869 justiﬁcatio

1896 603 2080 670 utique
2100 609 2192 664 aut
2219 599 2533 656 retribuisse
2551 599 2715 655 Deum
2733 598 2968 654 nondum
2990 602 3233 670 peccanti
3255 601 3484 670 homini,

1897 702 1988 749 aut.
2015 694 2326 750 retribuisse
2350 694 2677 750 credendum
2698 701 2781 767 est
2801 694 3094 765 peccatori.
3123 693 3273 750 Hanc
3303 694 3487 765 itaque

1897 787 1940 841 si
1963 785 2197 841 nondum
2226 786 2470 856 peccanti
2501 786 2706 841 homini
2737 786 2952 855 tribuit,
2977 786 3094 857 ipse
3125 787 3290 859 (quod
3323 788 3486 858 absit)

1899 884 2085 931 auctor
2115 876 2413 945 iniquitatis
2440 878 2666 944 exstitit,
2696 878 2787 948 qui
2807 878 3006 932 malam
3035 877 3368 936 voluntatem
3391 877 3490 933 dea

1897 968 1976 1024 dit
2007 968 2212 1024 homini
2242 969 2407 1038 bono,
2437 986 2534 1040 per
2574 985 2735 1040 quam
2781 985 3013 1040 peccans
3064 979 3268 1026 aeterno
3307 985 3490 1026 mere-

1897 1066 1986 1113 tur
2023 1059 2199 1128 puniri
2241 1059 2523 1128 supplicio.
2556 1058 2621 1114 Et
2667 1061 2758 1114 ubi
2797 1068 2898 1125 est,
2933 1060 3057 1128 quia
3093 1059 3242 1129 Deus
3270 1071 3488 1115 mortem

1900 1167 2002 1205 non
2028 1151 2149 1223 fecit
2175 1151 2327 1220 (Sap.
2359 1167 2394 1213 ι,
2423 1150 2538 1219 15)?
2564 1150 2629 1205 Et
2661 1153 2784 1220 quia
2817 1169 2918 1206 non
2955 1162 3032 1206 est
3069 1153 3313 1222 iniquitas
3345 1152 3490 1220 apud

1901 1239 2101 1294 Deum?
2129 1239 2196 1294 Et
2225 1241 2350 1308 quia
2385 1240 2558 1310 justus
2599 1240 2870 1303 Dominus,
2913 1251 2961 1295 et
2983 1242 3240 1312 justitiam
3272 1241 3474 1305 dilexit,

1902 1334 2192 1404 (equitatem
2248 1332 2372 1386 vidit
2419 1333 2586 1387 vultus
2633 1336 2742 1403 ejus
2790 1333 2964 1393 (Psal.
3004 1332 3176 1399 x,-8)?
3207 1333 3265 1388 Si
3311 1342 3491 1387 autem

1901 1425 2058 1482 malae
2086 1425 2376 1480 voluntatis
2399 1425 2610 1480 initium
2633 1427 2903 1495 peccatori
2931 1426 3134 1481 homini
3152 1442 3259 1480 non
3284 1425 3492 1490 tribuit,

1902 1516 1997 1572 sed
2037 1517 2288 1572 retribuit
2327 1517 2489 1584 Deus,
2515 1529 2572 1572 ut
2613 1517 2679 1572 ab
2721 1518 2940 1573 homine
2975 1519 3231 1574 credatur
3265 1517 3497 1588 cmpisse

1903 1615 2210 1678 peccatum,
2252 1623 2284 1662 a
2334 1607 2445 1662 Deo
2493 1615 2672 1662 autem
2713 1607 2978 1663 redditum
3015 1609 3167 1663 mala:
3207 1609 3498 1664 voluntatis

1904 1700 2114 1755 initiqu
2155 1701 2385 1764 dicatur,
2415 1699 2558 1771 quod
2587 1709 2865 1770 peccatum
2895 1701 3060 1757 homo
3094 1700 3272 1756 facere
3299 1701 3494 1770 potuit,
3524 1740 3529 1746 .

1906 1790 1959 1844 in
1985 1806 2092 1860 quo
2118 1789 2368 1844 voluntas
2391 1789 2529 1843 mala
2551 1806 2658 1844 non
2687 1789 2822 1844 fuit?
2843 1805 2963 1845 cum
2987 1791 3165 1845 nullus
3185 1790 3387 1845 fructus
3407 1790 3504 1843 inii

216 1881 518 1955 impiorum.
545 1884 610 1942 Et
639 1887 691 1941 in
720 1903 820 1953 eo,
845 1889 987 1958 quod
1016 1891 1147 1944 sicut
1184 1894 1458 1947 miseram,-
1483 1904 1630 1961 ραεεν
1650 1895 1797 1966 μίξεσί
1831 1891 1880 1953 Β
1905 1880 2128 1947 quitatis
2171 1879 2371 1934 exoriri
2421 1880 2608 1948 possit,
2664 1879 2764 1934 nisi
2815 1895 2974 1948 quem
3022 1880 3172 1935 radix
3214 1881 3501 1935 voluntatis

215 1979 290 2031 ita
315 1978 554 2034 misertus
573 1989 650 2035 est
671 1979 926 2036 Dominus
948 1983 1239 2039 timentibus
1261 2002 1396 2052 eum,
1419 1989 1652 2057 gratuita
1692 1989 1803 2044 cla-

215 2077 298 2125 ret
335 2085 433 2140 per
477 2071 721 2127 eamdem
765 2072 886 2128 tidei
921 2072 1358 2142 justiﬁcationem
1405 2078 1622 2149 adoptio
1671 2079 1807 2136 ﬁlio-

217 2178 355 2220 rum.
378 2161 564 2234 Neque
591 2164 734 2219 enim
762 2164 899 2220 sicut
935 2173 1088 2235 pater
1120 2165 1242 2223 ﬁliis
1287 2169 1654 2238 misereretur,
1704 2171 1808 2226 nisi

217 2257 373 2314 nobis
395 2259 569 2328 gratia
600 2268 752 2330 pater
781 2261 974 2329 tactus,
995 2278 1096 2317 nos
1115 2263 1216 2318 sibi
1247 2262 1382 2320 tilios
1405 2263 1584 2320 facere
1623 2265 1811 2334 digna-

217 2357 386 2406 retur.
421 2350 680 2423 Quotquot
707 2356 845 2408 enim
880 2365 1181 2426 receperunt
1214 2373 1362 2425 eum,
1397 2358 1539 2414 dedit
1558 2360 1634 2414 eis
1665 2369 1812 2430 pote-

221 2450 405 2496 statem
430 2442 568 2513 filios
591 2443 686 2499 Dei
706 2446 822 2516 ﬁeri
849 2445 1027 2518 (Joan.
1053 2463 1091 2514 ι,
1124 2447 1234 2516 12).

222 2557 402 2616 CAPUT
433 2576 561 2616 χιιι.
593 2558 762 2617 Nemo
790 2562 1192 2636 prtedestinatur
1218 2565 1286 2619 ad
1321 2567 1670 2638 perpetranda
1691 2584 1812 2639 pec-

947 2645 1080 2690 sata.

296 2720 420 2779 11ωο
447 2730 528 2780 est
557 2724 609 2779 in
633 2726 832 2780 sanctis
860 2741 1021 2784 causa
1061 2728 1550 2798 przedestinationis
1595 2730 1811 2794 divinae,

227 2816 545 2886 praeparatio
575 2815 779 2872 scilicet
797 2816 1198 2886 justiticationis
1235 2827 1289 2874 et
1327 2819 1635 2889 adoptionis
1663 2821 1815 2894 inde-

227 2903 381 2973 bitae,
410 2920 568 2976 quam
609 2909 736 2976 quia
766 2924 874 2964 non
930 2909 1240 2965 merebatur
1292 2911 1537 2966 voluntas
1585 2911 1821 2968 hominis

229 2996 391 3062 mala,
441 3013 546 3054 non
588 3007 671 3055 est
717 3000 834 3069 ejus
880 3016 1064 3065 causa,
1115 3002 1218 3056 nisi
1262 3002 1375 3057 sola
1423 3002 1519 3058 Dei
1569 3003 1820 3059 voluntas

208 3087 388 3144 .bona.
419 3089 476 3145 In
503 3091 586 3148 his
613 3101 791 3149 autem
814 3093 904 3164 qui
933 3101 1190 3164 putantur
1218 3093 1598 3165 prmdestinati,
1621 3111 1732 3150 non
1753 3093 1820 3150 ad

230 3183 425 3239 luenda
452 3186 712 3258 supplicia
732 3227 748 3253 ,
778 3186 876 3243 sed
904 3187 976 3242 ad
1016 3189 1373 3259 perpetranda
1411 3196 1662 3259 peccata,
1695 3205 1818 3244 cum

1911 1971 2064 2025 mala:
2115 1970 2419 2040 protulerit.
2470 1969 2549 2024 De
2595 1970 2750 2023 corde
2779 1972 2915 2024 enim
2959 1971 3117 2040 (sicut
3147 1970 3356 2025 Veritas
3405 1971 3502 2041 ait)

1910 2070 2097 2114 exeunt
2125 2060 2459 2132 cogitationes
2494 2059 2667 2125 malae,
2696 2061 2995 2125 homicidia,
3025 2060 3304 2122 adulteria,
3339 2062 3502 2131 forni-

1911 2153 2161 2217 cationes,
2204 2154 2362 2222 furta,
2421 2152 2560 2221 falsa
2614 2151 2922 2215 testimonia,
2975 2152 3325 2223 blasphemiae.
3375 2149 3505 2206 Htec
3574 2209 3584 2232 ι

1913 2253 2031 2298 sunt
2059 2261 2173 2315 qute
2199 2245 2534 2315 coinquinant
2576 2243 2830 2298 hominem
2864 2241 3077 2316 (Matth.
3119 2261 3210 2308 xv,
3243 2244 3354 2312 i9).
3383 2242 3505 2299 Pro-

1913 2350 2035 2412 pter
2063 2339 2208 2410 quod
2239 2335 2378 2395 Deus
2407 2340 2520 2410 ipse
2547 2353 2645 2410 per
2664 2340 2947 2396 Jeremiam
2973 2328 3052 2397 sic
3080 2341 3327 2395 humanae
3354 2340 3508 2396 utalia

1914 2431 2043 2485 tiam
2082 2431 2378 2486 voluntatis
2406 2431 2674 2501 obiurgat,
2718 2439 2776 2486 ut
2804 2447 2922 2486 eam
2967 2448 2995 2486 a
3037 2447 3096 2487 se
3122 2432 3351 2488 alienam
3390 2448 3510 2490 esse

1917 2522 2224 2595 perdoceat.
2252 2522 2389 2579 Dicit
2409 2524 2550 2578 enim
2579 2541 2591 2577 :
2617 2522 2734 2595 Ego
2764 2533 2812 2578 te
2832 2523 3061 2592 plantavi
3099 2524 3296 2577 vineam
3327 2524 3512 2601 fructi.

1919 2618 2102 2690 feram,
2152 2617 2405 2688 quomodo
2454 2633 2699 2672 conversa
2740 2633 2792 2670 es
2834 2617 2887 2669 in
2942 2615 3340 2669 amaritudinem
3396 2616 3513 2670 vitis

1917 2707 2101 2762 aliena:
2125 2707 2258 2776 (Jer.
2284 2724 2338 2772 ιι,
2372 2705 2497 2779 2|)?
2527 2707 2772 2761 Alieuam
2815 2706 3000 2775 utique
3029 2721 3060 2760 a
3089 2721 3148 2762 se
3173 2706 3338 2760 vilem
3383 2705 3515 2763 dicit

1920 2816 2028 2855 non
2057 2799 2189 2854 vitio
2218 2798 2412 2854 divina:
2435 2798 2782 2861 conditionis,
2815 2797 2911 2853 sed
2951 2797 3233 2853 aversione
3280 2797 3513 2873 propriae.

1921 2893 2230 2959 voluntatis,
2256 2908 2375 2964 quae
2389 2893 2534 2961 juste
2563 2893 2832 2962 culpatur,
2865 2907 2964 2962 pro
2992 2908 3059 2947 eo
3079 2892 3222 2961 quod
3253 2892 3515 2947 amaritu-a

1922 2985 2100 3040 dinem
2132 2981 2374 3055 protulit,
2402 2999 2563 3054 quam
2596 2986 2648 3039 in
2677 3000 2740 3040 ea
2765 2984 2905 3040 Deus
2931 2985 3045 3054 ipse
3069 3000 3176 3038 nou
3200 2984 3341 3038 fecit.
3368 2984 3514 3050 Quo-

1925 3075 2066 3130 niam
2099 3076 2270 3146 ipsam
2300 3074 2734 3139 amaritudinem,
2783 3088 2886 3128 nec
2916 3088 2981 3126 ex
3023 3072 3116 3126 Dei
3167 3072 3514 3142 praedestina-

1924 3168 2092 3234 tione,
2125 3182 2224 3221 nec
2263 3183 2330 3221 ex
2374 3165 2469 3220 Dei
2499 3179 2682 3235 opere,
2715 3162 2810 3218 sed
2839 3178 2907 3217 ex
2943 3161 3144 3216 malitia
3179 3177 3289 3216 sua:
3331 3161 3516 3217 volun.

231 3290 390 3332 causa
419 3249 906 3348 praedestinationis
949 3249 1226 3350 quaeritur,
1259 3295 1364 3336 non
1411 3249 1658 3336 invenio.
1688 3280 1821 3350 quid
1846 3276 1891 3338 C
1927 3261 2051 3316 mis
2072 3260 2275 3316 habui"
2309 3258 2413 3313 Pro
2441 3271 2545 3326 qua
2575 3253 2932 3350 “Wariludif'e
2971 3252 3064 3350 δίο,
3086 3267 3204 3307 eam
3236 3249 3518 3350 Deus)?!

238 3371 340 3442 18
365 3370 694 3440 respondere
721 3380 936 3442 posset,
969 3375 1210 3444 quisquis
1247 3374 1388 3428 hanc
1426 3387 1670 3430 asserere
1705 3389 1819 3429 ine-

231 3459 447 3516 ditatur.
480 3461 728 3533 Nunquid
759 3465 923 3528 enim,
955 3464 1096 3520 sicut
1122 3474 1270 3521 recte
1309 3465 1554 3531 dicimus,
1601 3465 1668 3520 ad
1715 3465 1821 3522 hoc

232 3555 640 3628 prtedestinatos
663 3566 908 3626 sanctos,
953 3566 1013 3612 ut
1049 3559 1162 3614 Deo
1203 3560 1256 3613 in
1284 3559 1362 3616 eis
1396 3559 1821 3615 misericorditer

231 3655 514 3717 operante,
562 3663 632 3702 ex
673 3649 830 3703 malis
867 3647 1055 3704 tierent
1082 3651 1228 3715 boni,
1275 3660 1330 3705 et
1367 3668 1432 3706 ex
1465 3652 1642 3721 impiis
1665 3651 1817 3721 justi,

235 3739 388 3808 quod
417 3755 540 3795 cum
567 3739 816 3804 dicimus,
836 3740 903 3795 ad
932 3741 1027 3796 Dei
1055 3743 1279 3810 gloriam
1299 3744 1549 3808 dicimus,
1576 3744 1820 3814 nunquid

234 3830 314 3886 sic
333 3838 480 3885 recte
497 3829 677 3887 dicere
707 3832 1021 3901 poterimus,
1053 3831 1120 3887 ad
1148 3833 1252 3887 hoc
1281 3833 1689 3902 pnedestinatos
1716 3835 1820 3888 ini-

232 3936 392 3992 quos,
421 3928 481 3976 ut
507 3920 620 3977 Deo
645 3922 696 3976 in
727 3923 824 3988 eis,
863 3923 966 3978 etsi
993 3939 1102 3978 non
1143 3924 1589 3990 misericorditer,
1632 3926 1820 3981 saltem

233 4013 374 4085 iuste
394 4024 674 4086 operante,
713 4031 783 4071 ex
828 4016 982 4071 bonis
1030 4017 1222 4072 tierent
1251 4017 1392 4083 mali,
1426 4027 1519 4072 aut
1562 4035 1628 4074 ex
1664 4018 1825 4087 justis

207 4155 212 4161 .
238 4105 428 4162 tierent
458 4106 644 4178 impii?
674 4105 829 4163 Absit
857 4109 962 4164 hoc
993 4125 1022 4164 a
1053 4110 1208 4164 nobis
1259 4118 1421 4178 atque
1463 4110 1530 4165 ab
1576 4111 1825 4166 omnibus

235 4196 578 4266 Christianis,
625 4207 685 4255 ut
711 4215 926 4256 causam
973 4201 1259 4271 cujuslibet
1295 4203 1500 4272 peccati
1540 4203 1823 4272 quisquam

206 4347 209 4350 .
237 4291 493 4363 deputare
521 4293 714 4350 divinae
743 4293 938 4350 audeat
972 4295 1211 4366 :equitati
1237 4312 1250 4348 :
1280 4310 1400 4350 cum
1441 4311 1542 4351 nec
1589 4295 1825 4362 malitiae,

236 4399 337 4440 nec
371 4385 661 4456 impietatis
690 4368 1014 4458 cujusquam‘
1045 4403 1207 4442 causa
1245 4403 1362 4444 esse
1400 4388 1588 4458 posait,
1641 4387 1741 4442 nisi
1772 4386 1826 4442 in

237 4488 306 4529 eo
339 4476 430 4544 qui
468 4477 639 4532 malus
675 4486 838 4550 atque
873 4477 1069 4550 impius
1109 4479 1288 4534 fuerit.
1331 4476 1400 4534 Ut
1428 4493 1556 4548 ergo
1583 4494 1649 4534 ex
1673 4478 1828 4535 malis

238 4567 370 4623 ﬁant
399 4569 645 4626 homines
666 4571 816 4638 boni,
848 4580 903 4626 et
942 4587 1010 4627 ex
1050 4571 1227 4642 impiis
1251 4571 1403 4642 justi,
1454 4571 1719 4627 laudanda
1746 4580 1830 4627 est

1925 3369 2085 3424 supra
2115 3358 2470 3407 memoratum
2502 3347 2818 3419 prophetam
2847 3345 3023 3400 denuo
3051 3345 3292 3414 inerepat
3324 3361 3336 3396 :
3371 3342 3519 3398 Scito

1923 3459 2078 3514 quam
2104 3440 2298 3495 malum
2326 3448 2402 3493 est
2440 3437 2530 3492 tibi
2561 3447 2611 3490 et
2653 3451 2888 3490 amarum
2931 3434 3198 3506 reliquisse
3237 3433 3517 3489 Dominum

1924 3530 2088 3586 Deum
2119 3541 2280 3598 tuum,
2311 3539 2360 3584 et
2389 3545 2491 3584 non
2514 3543 2626 3582 esse
2649 3528 2882 3581 timerent
2905 3524 3223 3595 meum‘apud
3254 3534 3299 3579 te
3324 3523 3517 3595 (Ibid.,

1926 3621 2037 3690 19).
2069 3621 2202 3676 Cum
2233 3634 2362 3689 ergo
2391 3620 2495 3675 hoc
2522 3619 2592 3673 sit
2628 3617 2833 3671 homini
2866 3616 3064 3670 malum
3089 3623 3145 3670 ct
3169 3630 3410 3670 amarum
3430 3629 3518 3670 rc-

1927 3712 2147 3783 liquisse
2177 3712 2481 3779 Dominum,
2521 3719 2578 3766 et
2624 3712 2873 3765 timorem
2918 3708 3010 3764 Dei
3061 3709 3200 3778 apud
3239 3723 3362 3763 eum
3407 3724 3521 3763 nou

1925 3820 2076 3866 esse,
2109 3805 2227 3874 quis
2259 3805 2331 3858 ita
2359 3805 2429 3858 sit
2451 3803 2754 3858 contrarius
2783 3801 3016 3864 veritati,
3051 3809 3106 3854 ut
3141 3808 3292 3870 putet
3314 3816 3344 3854 a
3373 3800 3520 3855 bono

1927 3911 1990 3951 ac
2016 3897 2167 3950 suavi
2190 3895 2300 3949 Deo
2325 3896 2412 3966 (de
2428 3909 2536 3964 quo
2557 3893 2816 3962 scriptum
2838 3901 2920 3946 est
2937 3890 2976 3960 z)
3006 3889 3174 3955 Quam
3197 3890 3358 3944 bonus
3377 3889 3519 3945 Deus

1929 3987 2099 4043 Israel
2129 3988 2280 4040 rectis
2310 3987 2462 4040 corde
2487 3983 2660 4055 (Psal.
2691 3997 2854 4048 Lxxu,
2887 3983 2940 4051 1)
2962 3984 2985 4036 ?
3008 3981 3075 4035 Et
3102 3982 3226 4052 quia
3255 3997 3402 4034 nemo
3425 3980 3519 4036 bo-

1927 4098 2022 4135 nus
2047 4079 2146 4133 nisi
2175 4079 2316 4132 solus
2344 4077 2445 4149 19
2467 4076 2605 4130 Deus
2629 4074 2822 4148 (Marc.
2849 4091 2902 4140 x,
2937 4073 3045 4145 i8),
3071 4082 3126 4128 et
3152 4073 3219 4128 de
3241 4079 3348 4142 quo
3375 4074 3520 4143 Apo—

1927 4170 2097 4226 stolus
2125 4168 2284 4222 dicit:
2323 4166 2389 4222 Ut
2433 4166 2671 4221 ostendat
2711 4166 2764 4219 in
2803 4165 3006 4219 saeculis
3049 4163 3519 4235 supervenientibus

1929 4261 2252 4316 abundantes
2284 4259 2488 4314 divitias
2518 4259 2703 4330 gratia:
2740 4274 2846 4313 sua:
2889 4273 2936 4310 :n
2969 4257 3198 4312 bonitate
3235 4242 3389 4327 supér
3424 4274 3521 4312 nos

1931 4350 2145 4423 (Ep/tes.
2181 4366 2238 4418 ιι,
2271 4349 2345 4420 7).
2370 4349 2438 4404 Ει
2463 4349 2529 4404 de
2559 4349 2714 4420 cujus
2741 4349 3004 4404 suavitate
3024 4349 3236 4405 canitur
3261 4367 3273 4402 :
3307 4347 3522 4404 Gustata

1929 4451 1977 4497 et
1999 4443 2163 4497 videte
2189 4459 2342 4514 quam
2364 4443 2536 4496 suavis
2557 4450 2636 4495 est
2663 4439 2917 4496 Dominus
2943 4438 3113 4512 (Psul.
3139 4456 3323 4508 χχχιιι,
3354 4438 3430 4509 9).
3455 4439 3525 4497 Et

1929 4534 1998 4590 de
2041 4533 2191 4603 cujus
2229 4534 2459 4602 eloquiis
2502 4532 2680 4588 denuo
2725 4531 3092 4604 praedicatur:
3139 4530 3308 4597 Quam
3348 4531 3523 4586 dulcia
3605 4551 3616 4560 ι

316 4622 320 4623 ν
855 4622 900 4626 --
948 4622 1010 4627 νη
1051 4622 1403 4642 ---τ---,----.
1454 4622 1719 4627 msh—M—
1753 4622 1827 4627 η-
1953 4629 1961 4640 ,
2063 4628 2073 4638 .
2288 4626 2298 4636 .
2513 4623 2525 4635 .
3377 4622 3389 4634 .

236 4656 333 4714 Dei
360 4660 723 4718 misericordia
753 4680 766 4716 ε
816 4670 875 4717 ιιι
916 4672 1092 4718 autem
1137 4678 1202 4717 ex
1243 4663 1398 4718 bonis
1427 4663 1556 4718 tiant
1583 4663 1831 4720 homines
1857 4658 1908 4718 D
1936 4625 2171 4720 “fimi,”
2201 4641 2326 4680 ’⁷³⁸³³
2353 4626 2564 4720 .8534“?
2589 4633 2699 4690 ma’
2730 4622 3082 4720 “palmi”:
3105 4624 3283 4720 (“iam
3307 4637 3523 4720 °".”'"’f’

236 4748 386 4818 mali,
415 4758 505 4806 aut
534 4767 597 4807 ex
623 4751 782 4822 justis
811 4753 998 4824 iniqui,
1039 4755 1083 4809 si
1125 4753 1315 4810 divinae
1343 4755 1828 4824 praedestinationis

237 4845 495 4900 asscritur
513 4862 696 4914 causa,
720 4848 823 4903 erit
849 4846 1010 4920 (quod
1035 4847 1196 4915 absit)
1230 4848 1577 4918 vituperanda
1593 4848 1821 4918 justitia.

237 4934 488 5004 Quinimo
539 4955 642 4996 nec
684 4939 891 5010 justitia
935 4941 1080 5010 justa
1127 4940 1354 5004 dicetur,
1405 4941 1450 4994 si
1499 4941 1827 5009 puniendum

237 5043 393 5084 reum
431 5047 538 5087 non
569 5031 857 5096 invenisse,
891 5033 985 5088 sed
1015 5032 1205 5088 fecisse
1245 5031 1474 5086 dicatur.
1503 5030 1673 5100 Major
1697 5046 1825 5087 vero

237 5125 344 5180 erit
368 5124 644 5194 injustitia,
673 5127 718 5182 si
747 5127 895 5198 lapso
923 5126 1064 5190 Deus
1102 5125 1347 5182 retribuit
1385 5141 1629 5206 pmnam,
1668 5141 1829 5196 quem

239 5224 471 5274 stantem
498 5220 902 5292 praedestinasse
929 5220 1125 5276 dicitur
1145 5220 1210 5274 ad
1240 5221 1467 5274 ruinam.

240 5330 421 5388 CAPUT
447 5349 598 5389 χχιιι.
633 5332 776 5388 Mala
797 5335 1018 5390 hominis
1040 5335 1276 5390 voluntas
1306 5349 1409 5389 non
1438 5341 1514 5388 est
1551 5332 1644 5388 Dei
1664 5302 1828 5404 ptan-

315 5405 461 5460 tatio.
479 5405 666 5460 Suavis
689 5417 735 5459 et
759 5406 918 5458 bonus
930 5405 1183 5462 Dominus
1199 5423 1300 5460 non
1327 5405 1513 5458 creavit
1536 5404 1838 5468 amaritudi-

314 5489 429 5548 nem
458 5484 506 5529 et
528 5477 781 5530 malitiam
809 5475 1084 5530 rolunatis
1107 5493 1377 5548 perrerstc.
1407 5474 1669 5530 Pra’scivit
1696 5473 1834 5528 Deus

319 5545 546 5600 homines
582 5557 911 5617 peccaturos,
964 5548 1054 5601 sed
1108 5545 1197 5602 eos
1237 5548 1306 5601 ad
1359 5548 1680 5616 peccandum
1729 5560 1835 5599 non

317 5617 720 5684 prwdestinavit.

319 5718 510 5785 Quaero
534 5727 713 5776 autem
743 5735 839 5775 cur
859 5720 1090 5790 primum
1120 5721 1390 5775 hominem
1411 5761 1427 5788 ,
1467 5735 1628 5792 quem
1672 5719 1832 5791 (sicut

243 5817 505 5888 scriptum
529 5820 634 5887 est)
665 5820 788 5890 fecit
828 5817 1080 5874 Dominus
1121 5827 1315 5874 rectum
1343 5818 1567 5890 (Eccles.
1591 5835 1683 5885 vn,
1714 5820 1826 5889 '50),

211 5937 216 5940 ·
246 5909 631 5983 pmdestinare
668 5912 904 5982 potuerit
940 5918 1006 5968 ad
1034 5912 1380 5985 peccandum.
1427 5912 1476 5967 id
1506 5920 1588 5968 est
1625 5913 1689 5967 ad
1735 5927 1828 5968 v0-

452 6006 718 6068 Ps'raon.
801 6004 988 6068 LXV.

1937 4715 2106 4787 (Psal.
2138 4730 2319 4778 cxvtu,
2349 4712 2495 4783 105).
2526 4711 2591 4766 Et
2616 4728 2833 4767 rursus:
2863 4711 3072 4782 Iudicia
3093 4711 3190 4766 Dei
3210 4728 3348 4775 vera,
3371 4711 3522 4784 justic

1934 4808 2093 4878 licata
2114 4808 2166 4860 in
2190 4805 2494 4874 semetipsis,
2521 4803 2890 4858 desiderabilia
2916 4820 3071 4875 super
3093 4819 3275 4858 aurum
3303 4811 3354 4857 et
3389 4803 3524 4874 lapi-

1934 4897 2052 4951 dem
2079 4897 2360 4966 pretiosum
2381 4894 2613 4960 multum,
2645 4903 2694 4948 et
2725 4895 2958 4948 dulciora
2979 4911 3131 4966 super
3157 4896 3258 4949 mel
3284 4904 3332 4948 et
3351 4896 3525 4965 favum

1937 4987 2107 5059 (Psul.
2132 5002 2277 5049 xvni,
2312 4985 2420 5057 il).
2444 4986 2575 5053 Quis
2595 5000 2724 5056 ergo
2749 4995 2946 5057 puteta
2975 4985 3119 5042 bono
3148 5001 3212 5042 ac
3239 4986 3390 5041 suavi
3414 4985 3523 5040 Deo

1936 5079 2371 5150 praedestinatum
2399 5078 2674 5134 hominem
2705 5087 2797 5133 aut
2824 5077 2893 5133 ad
2919 5078 3176 5132 malitiam
3214 5076 3525 5144 voluntatis,

1838 5232 1846 5242 ,
1939 5188 2044 5241 qua
2071 5171 2271 5225 bonum
2300 5169 2467 5225 Deum
2495 5168 2843 5239 relinqueret.
2879 5179 2974 5224 aut
3008 5168 3075 5222 ad
3113 5165 3525 5242 amaritudinem

1937 5265 2307 5330 Contumacim,
2364 5279 2470 5334 qua
2523 5277 2738 5319 suavem
2794 5261 3076 5318 Dominum
3131 5274 3237 5313 non
3279 5233 3526 5314 tiineret‘!
3578 5333 3585 5340 _

1939 5355 2173 5411 Proinde
2196 5355 2440 5412 ﬁdelibus
2466 5355 2717 5424 congruit
2736 5353 2960 5411 credere
2980 5360 3036 5407 et
3062 5350 3217 5404 fateri
3247 5350 3414 5407 Deum
3435 5352 3527 5406 ho-

1941 5466 2068 5505 nuni
2101 5458 2158 5505 et
2193 5449 2395 5519 justum
2424 5449 2702 5518 priescisse
2737 5445 2950 5516 quidem
2993 5451 3311 5514 peccaturos
3359 5442 3528 5498 homi-

1938 5558 2053 5608 nes,
2085 5538 2210 5610 quia
2239 5541 2367 5597 nihil
2406 5556 2529 5597 eum
2573 5540 2742 5596 latere
2771 5536 2947 5609 potuit
2989 5534 3287 5592 futurorum
3321 5537 3528 5608 (neque

1939 5637 2081 5692 enim
2112 5635 2198 5691 vel
2235 5635 2413 5690 futura
2452 5640 2652 5698 essent,
2693 5631 2740 5685 si
2790 5630 2843 5684 in
2881 5628 2996 5699 ejus
3033 5629 3370 5701 prmscientia
3419 5644 3527 5682 non

1938 5729 2207 5799 fuissent),
2237 5745 2344 5784 non
2381 5735 2560 5782 tamen
2593 5723 2997 5796 prmdestinasse
3019 5723 3316 5795 quemlibet
3347 5722 3520 5778 homi-

1937 5837 2058 5877 nem
2091 5820 2158 5875 ad
2183 5829 2481 5890 peccatum,
2504 5815 2628 5885 quia
2651 5817 2696 5872 si
2719 5815 2787 5872 ad
2815 5825 3094 5888 peccatum
3124 5811 3341 5882 aliquod
3363 5811 3530 5867 homi-

1940 5930 2060 5971 nem
2093 5915 2234 5970 Dcus
2266 5911 2689 5984 prmdestinarct,
2722 5927 2821 5982 pro
2851 5911 3083 5981 peccatis
3120 5905 3388 5965 hominem
3421 5917 3530 5958 non

3000 6006 3038 6062 ti
