4068 6472
555 409 665 478 'm

1594 425 1648 479 s.
1689 417 2048 478 FULGENTll
2087 397 2388 475 EPlSCOPl
2430 403 2795 475 nUsrsnsrs

3741 409 3848 470 172

570 529 802 600 puniret.
842 527 936 585 Dei
968 530 1110 586 enim
1153 530 1622 600 praedestinatione
1669 537 1759 584 aut
1807 537 2150 598 peccatorum
2179 523 2233 592 Α
2255 543 2387 584 vero
2424 528 2684 585 severitas
2712 525 2999 598 aliquando
3033 519 3334 583 contriStét.
3374 521 3529 593 Quod
3575 525 3850 608 prephetn

568 627 870 689 praeparata
909 629 993 677 est
1025 621 1111 691 pia
1164 621 1429 685 remissio,
1478 629 1570 676 aut
1611 627 1956 690 peccatorum
2006 620 2150 689 justa

566 711 794 780 punitio.
828 711 1110 781 Nunquam
1134 711 1293 780 igitur
1308 710 1447 767 Deus
1468 712 1534 765 ad
1555 711 1659 766 hoc
1680 711 1954 766 hominem
1978 711 2154 780 potuit

565 803 966 874 praedestinare,
991 804 1134 873 quod
1156 804 1271 873 ipse
1291 803 1628 873 disposuerat
1647 811 1702 858 et
1730 809 2000 872 praecepto
2021 817 2150 872 pro~

564 891 784 959 bibere,
820 901 876 947 et
914 893 1280 948 misericordia
1313 892 1539 961 diluere,
1583 901 1638 947 et
1679 893 1883 962 justitia
1938 892 2150 962 punire.

563 983 784 1057 lniquos
811 987 1012 1058 itaque,
1063 1003 1200 1056 quos
1241 987 1507 1057 praescivit
1547 985 1688 1042 Deus
1712 987 1853 1042 hanc
1897 986 2062 1040 vitam
2098 985 2153 1039 in

564 1087 792 1148 peccato
815 1079 1216 1142 terminaturos,
1249 1077 1648 1146 praedestinavit
1689 1077 1951 1146 supplicio
1982 1076 2152 1130 inter-

563 1172 807 1228 minabili
837 1171 1154 1241 puniendos,
1193 1171 1245 1224 in
1275 1186 1383 1239 quo
1424 1170 1563 1225 sicut
1608 1169 1869 1238 culpanda
1919 1172 2156 1223 nonest

563 1263 902 1334 praescientia
953 1263 1201 1317 humana:
1261 1261 1578 1330 iniquitatis,
1630 1260 1703 1315 ita
1753 1259 2154 1330 praedestinatio

563 1351 871 1422 iustissimae
907 1349 1168 1405 laudanda
1200 1359 1284 1405 est
1331 1351 1569 1412 ultionis,
1605 1359 1664 1404 ut
1700 1355 2018 1418 agnosceret
2045 1362 2154 1402 non

487 1425 500 1431 ”
564 1444 636 1498 ab
665 1459 730 1498 eo
761 1443 1199 1512 praedestinatum
1229 1432 1500 1497 hominem
1527 1441 1593 1496 ad
1619 1441 1991 1511 qualecunque
2027 1455 2156 1509 pec.

563 1542 766 1600 catum,
784 1549 945 1603 quem
968 1533 1365 1603 praedestinavit
1380 1533 1586 1603 peccati
1601 1532 1795 1586 merito
1807 1531 2150 1601 puniendum.

562 1633 745 1690 CAPUT
785 1651 932 1689 xxrv.
968 1633 1107 1688 Deus
1146 1634 1524 1704 praedestinavit
1555 1635 1712 1704 bonos
1753 1631 2155 1704 misericorditer

635 1705 704 1758 ad
742 1705 984 1776 gloriam,
1017 1700 1180 1759 malos
1199 1705 1339 1773 juste
1375 1705 1441 1776 ad
1469 1703 1823 1776 supplicium.
1859 1700 2001 1755 Deus
2024 1717 2154 1776 Anon

636 1771 809 1832 omnia
845 1776 1078 1844 pruinisit
1106 1771 1220 1844 qua:
1256 1774 1517 1844 prazdixit,
1551 1771 1654 1826 nec
1683 1774 1858 1827 omnia
1886 1771 2154 1842 prazdesti-

635 1846 777 1900 navit
799 1862 913 1917 qua:
941 1846 1211 1914 praesciuit.

2254 631 2501 678 metuens
2538 620 2903 690 hujuscemodi
2944 609 3012 676 ad
3043 619 3209 676 Deum
3253 619 3551 676 orationem
3573 618 3797 674 effundit
3825 635 3846 673 :

2255 710 2342 767 Ne
2365 714 2522 768 intres
2552 713 2605 767 in
2639 712 2839 784 judicio
2867 728 2983 766 cum
3001 728 3144 767 servo
3168 720 3276 776 tuo;
3303 710 3423 783 quia
3461 725 3565 765 non
3579 709 3850 782 justiﬁed-

2255 804 2392 860 bitur
2417 807 2472 859 in
2519 815 2790 877 conspectu
2820 813 2905 860 tuo
2956 806 3122 861 omnis
3157 803 3328 858 vir-ens
3354 797 3527 872 (Ptol.
3569 816 3730 866 cnn,
3764 804 3842 858 2t.

2255 895 2470 951 Sciebat
2497 896 2636 950 enim
2668 904 2892 952 cunctos
2920 895 3036 965 pari
3065 893 3378 949 retinendos
3407 892 3699 962 punitionis
3728 894 3845 942 vin-

2255 989 2398 1053 culo,
2444 989 2546 1044 nisi
2582 989 2742 1057 Deus,
2785 990 2838 1044 in
2876 989 3070 1059 quibus
3109 987 3273 1042 vellet
3313 985 3734 1043 misericordiam
3769 977 3850 1041 fe-

2256 1080 2416 1150 cisse,
2443 1082 2852 1151 superexaltaret
2891 1080 3146 1152 judicium
3169 1079 3372 1150 (Jacob.
3410 1095 3467 1147 ιι,
3505 1077 3615 1149 l5).
3643 1076 3849 1133 Justiti—

2257 1172 2399 1228 catio
2431 1171 2525 1242 (al.
2563 1171 2788 1243 judicio)
2823 1173 2986 1242 igitur
3012 1179 3068 1227 et
3108 1167 3427 1240 gloriﬁcatio
3467 1187 3587 1244 quae
3626 1185 3730 1226 non
3763 1175 3850 1226 est

2257 1259 2462 1321 homini
2492 1279 2560 1320 ex
2587 1265 2825 1331 homine,
2857 1264 2949 1321 sed
2983 1259 3049 1320 ex
3081 1263 3213 1332 Deo,
3244 1265 3370 1337 quia
3399 1265 3624 1320 multum
3645 1265 3848 1320 sanctis

2257 1355 2432 1410 fuerat
2449 1353 2746 1425 profutura,
2781 1354 2901 1410 ideo
2929 1354 3180 1425 praedicta
3209 1363 3294 1410 est
3329 1363 3388 1411 et
3421 1355 3706 1426 promissa.
3737 1353 3847 1410 Pu-

2258 1449 2393 1503 uitio
2415 1464 2571 1517 vero,
2595 1462 2712 1517 qua:
2734 1449 2785 1502 iu
2815 1456 3074 1503 aeternum
3096 1446 3196 1503 fuit
3212 1447 3387 1519 impiis
3409 1446 3679 1516 obfutura,
3707 1463 3846 1518 prae-

2256 1539 2399 1594 dicta
2427 1547 2513 1595 est
2559 1539 2928 1596 tantummodo
2951 1580 2966 1606 ,
3008 1554 3114 1594 non
3153 1539 3441 1610 promissa.
3494 1538 3647 1606 Quod
3685 1540 3849 1594 etiam

2258 1629 2454 1684 divinis
2482 1630 2803 1685 testimoniis
2831 1629 3038 1686 facilius
3076 1629 3394 1687 ostenditur.
3425 1627 3482 1684 in
3523 1629 3616 1685 illo
3647 1629 3848 1702 quippe

2255 1722 2535 1792 prophetae
2580 1723 2700 1778 loco
2744 1731 3029 1794 utrumque
3076 1718 3278 1795 pariter
3317 1721 3586 1780 invenitur
3624 1740 3847 1795 expres—

2256 1825 2397 1876 sum,
2429 1813 2518 1868 ubi
2545 1813 2686 1869 Deus
2713 1829 2811 1885 per
2850 1813 3039 1870 Isaiam
3067 1831 3164 1872 eos
3192 1817 3284 1886 qui
3311 1816 3412 1872 sibi
3436 1831 3543 1872 non
3574 1817 3838 1883 serviunt,

634 1934 778 1989 Deus
801 1901 980 2002 itaque
1010 1932 1189 1987 omnia
1218 1932 1491 1987 hominum
1523 1946 1706 2002 opera,
1734 1931 1845 1986 sive
1867 1931 2027 1995 bona,
2060 1947 2153 1986 seu
2182 1901 2233 1963 Β
2259 1904 2346 2002 vis
2373 1905 2549 1973 “3"”
2575 1906 2753 1961 verbis
2785 1924 2798 1959 ³
2835 1905 2967 2002 Ec?"
2994 1907 3080 2002 ίῙΕί
3121 1908 3348 2002 “ivi?”
3372 1907 3525 2002 mihi'
3562 1908 3847 2002 νηφξξίιιερ·

565 2026 707 2085 mala
734 2025 1019 2096 pratscivit,
1041 2025 1164 2093 quia
1194 2039 1315 2078 eum
1344 2024 1514 2079 latere
1543 2025 1673 2079 nihil
1696 2024 1892 2095 potuit,
1919 2023 2014 2079 sed
2041 2022 2156 2080 sola

565 2116 707 2176 bona
739 2117 1154 2188 praedestinavit,
1187 2131 1305 2185 quae
1334 2132 1392 2172 se
1435 2118 1486 2170 in
1529 2116 1650 2172 ﬁliis
1676 2117 1860 2186 gratiae
1890 2117 2154 2172 facturum

560 2225 686 2283 esse
714 2209 1007 2279 praescivit;
1052 2208 1190 2262 mala
1217 2225 1346 2264 vero
1379 2208 1554 2264 futura
1583 2225 1747 2281 opera
1778 2210 1991 2265 illorum
2025 2225 2160 2279 quos

569 2317 675 2356 non
709 2299 1106 2370 praedestinavit
1133 2299 1200 2354 ad
1227 2312 1479 2368 regnum,
1508 2299 1601 2355 sed
1627 2300 1694 2353 ad
1724 2299 1995 2354 interitum
2019 2314 2159 2370 prm-

568 2392 722 2448 scivit
749 2390 1121 2462 potentissima
1167 2389 1388 2455 deitate,
1420 2399 1476 2445 ct
1514 2391 1780 2448 ordinavit
1808 2388 2028 2461 provida
2060 2391 2151 2445 bo-

567 2484 770 2547 nitate;
804 2493 858 2536 et
885 2482 1008 2550 quia
1039 2481 1292 2551 praescius
1345 2481 1443 2535 fuit
1469 2480 1610 2550 quod
1642 2481 1830 2536 eadem
1860 2479 2019 2547 mala,
2053 2495 2162 2534 non

568 2579 742 2636 solum
773 2579 884 2648 ipse
903 2578 1137 2633 facturus
1159 2593 1264 2633 non
1294 2586 1456 2645 esset,
1484 2578 1579 2634 sed
1605 2594 1706 2634 nec
1726 2579 1887 2633 homo
1910 2578 1966 2634 in
1993 2592 2163 2647 quan-

569 2679 679 2724 tum
710 2671 759 2724 ei
800 2669 1072 2724 humiliter
1100 2669 1429 2736 adhaesisset,
1463 2668 1516 2723 in
1555 2685 1621 2724 eo
1649 2668 1802 2722 nobis
1830 2666 2164 2738 insuperabi-

569 2761 676 2820 lem
706 2761 1002 2833 potentiam
1033 2762 1380 2832 praescientiae
1411 2778 1519 2819 sua:
1549 2761 1720 2832 magis
1748 2760 2008 2830 ostendit,
2038 2760 2164 2829 quia

570 2870 671 2909 nec
702 2853 753 2907 in
791 2853 947 2908 malis
996 2853 1520 2924 praedestinationem
1561 2853 1783 2925 justitiae
1826 2870 1935 2909 suae
1971 2867 2164 2909 vacare

570 2946 831 3019 permisit.
876 2945 1202 3001 Ostensurus
1243 2946 1423 3016 itaque
1464 2947 1622 3012 Deus,
1656 2945 1783 3016 quid
1834 2943 2164 3001 reddendum

569 3040 917 3111 praesciverit,
961 3048 1016 3094 et
1052 3039 1180 3108 quid
1214 3038 1555 3110 donandum,
1603 3035 2009 3109 praedestinavit
2046 3035 2165 3092 illos

570 3133 639 3189 ad
670 3134 1009 3204 supplicium,
1041 3149 1177 3202 quos
1206 3150 1235 3187 a
1283 3151 1343 3190 se
1380 3134 1644 3205 pnescivit
1684 3132 1974 3188 voluntatis
2012 3131 2165 3186 malae

571 3225 702 3280 vitio
728 3225 1077 3280 discessuros.
1119 3222 1186 3276 Et
1215 3224 1616 3293 praedestinavit
1654 3223 1720 3277 ad
1747 3238 1990 3292 regnum,
2030 3237 2167 3290 quos

573 3316 639 3370 ad
668 3331 727 3371 se
749 3315 1018 3387 praescivit
1045 3313 1424 3369 misericordia:
1454 3314 1825 3385 praevenientis
1853 3313 2051 3368 auxilio
2081 3329 2166 3367 re-

575 3409 780 3464 dituros
828 3416 882 3463 et
924 3407 975 3462 in
1021 3422 1080 3463 se
1118 3406 1499 3464 misericordiae
1547 3405 1923 3476 subsequentis
1963 3405 2164 3459 auxilio

574 3517 691 3557 esse
721 3519 1019 3559 mansuros.
1051 3501 1110 3558 In
1143 3503 1257 3559 istis
1289 3502 1712 3559 misericordiam
1750 3502 2076 3570 custodiens,
2111 3501 2166 3557 in

573 3595 676 3651 illis
718 3594 979 3666 justitiam
1033 3606 1247 3663 tenens;
1298 3597 1414 3652 istis
1453 3595 1599 3666 quod
1638 3595 1883 3666 promisit
1922 3596 2010 3666 pie
2067 3595 2163 3650 tri-

570 3687 762 3754 buens,
801 3687 905 3743 illis
948 3687 1292 3742 niliilominus
1332 3687 1477 3757 Quod
1521 3686 1767 3756 praedixit
1805 3685 1949 3756 juste
2002 3687 2164 3742 retri-

570 3779 763 3834 buens.
795 3779 885 3834 Sic
912 3787 1092 3835 autem
1115 3779 1255 3835 Deus
1277 3797 1385 3835 non
1411 3780 1592 3835 omnia
1616 3781 1862 3851 promisit
1887 3796 2005 3850 qua:
2030 3797 2167 3850 pne-

572 3869 727 3935 dixit,
755 3871 999 3941 quamvis
1030 3871 1338 3940 praedixerit
1364 3873 1546 3928 omnia
1577 3889 1696 3943 qum
1725 3873 1988 3944 promisit.
2016 3872 2167 3930 Sicut

571 3976 683 4018 non
710 3962 888 4018 omnia
913 3961 1442 4034 pmdestinavitquae
1462 3964 1744 4036 praescivit,
1777 3965 2021 4034 quamvis
2046 3979 2165 4019 om-

569 4055 660 4112 nia
689 4053 1064 4125 przedestinata
1108 4055 1456 4125 prmsciverit.
1500 4052 1772 4111 Praescivit
1800 4055 1943 4110 enim
1970 4054 2164 4110 volun-

571 4153 711 4202 tates
739 4146 1014 4201 hominum
1043 4146 1212 4202 bonas
1241 4155 1297 4203 et
1323 4148 1511 4214 malas,
1543 4147 1943 4218 praedestinavit
1981 4157 2164 4202 autem

571 4248 680 4289 non
709 4236 896 4302 malas,
939 4235 1033 4292 sed
1065 4237 1208 4292 solas
1245 4237 1435 4294 bonas.
1468 4236 1537 4291 Et
1579 4238 1704 4293 licet
1732 4239 1785 4292 in
1812 4237 1927 4308 ejus
1956 4238 2162 4308 praede-

569 4326 861 4383 stinatione
899 4345 1006 4383 non
1034 4328 1217 4394 fuerit,
1242 4338 1299 4382 ut
1328 4329 1591 4384 malitiam
1620 4329 1884 4384 voluntati
1914 4331 2164 4388 humanae

570 4418 825 4485 dedisset,
857 4419 954 4474 fuit
976 4428 1154 4474 tamen
1181 4420 1235 4473 in
1256 4418 1372 4489 ejus
1394 4418 1884 4489 pnedestinatione,
1909 4419 2035 4490 quid
2063 4421 2155 4476 hu-

569 4528 744 4569 manae
775 4511 1329 4568 voluntatis-malitia:
1377 4510 1712 4567 reddidisset.
1763 4509 1989 4582 Propter
2036 4513 2161 4581 hoc,

569 4603 694 4676 quia
725 4604 862 4660 sicut
889 4602 1172 4659 Psalmista
1200 4609 1451 4671 testatur,
1485 4604 1591 4673 2ο
1617 4601 1913 4658 Misericors
1942 4613 2016 4658 est
2045 4603 2159 4660 Do-

569 4697 742 4750 minus
779 4705 826 4749 et
861 4696 1034 4766 justus
1058 4695 1228 4765 (Psal.
1260 4710 1402 4759 CXIV,
1429 4692 1504 4764 5),
1549 4694 1949 4764 praedestinavit
1985 4696 2162 4765 justos

571 4788 640 4842 ad
669 4788 912 4855 gloriam,
947 4772 1158 4856 iniquos
1180 4787 1247 4841 ad
1278 4803 1507 4857 ptenam.
1542 4786 1900 4844 Justiﬁcandis
1922 4803 2050 4859 ergo
2075 4797 2160 4844 at-

572 4894 678 4950 que
729 4877 1088 4948 glorilicandis
1134 4879 1571 4950 praedestinatum
1626 4881 2004 4938 misericordiae
2051 4898 2160 4939 suae

573 4986 709 5038 Opus
737 4969 980 5040 praedixit
1010 4969 1209 5038 pariter
1238 4978 1291 5025 et
1315 4971 1578 5039 promisit.
1601 4971 1798 5042 lniquis
1823 4979 2002 5026 autem
2032 4989 2162 5044 prae-

573 5060 897 5116 destinatum
922 5059 1141 5129 justitiae
1170 5077 1279 5116 suae
1308 5076 1443 5132 opus
1471 5063 1718 5133 praedixit
1763 5066 2158 5138 tantummodo,

573 5167 684 5208 non
714 5151 978 5224 promisit.

864 5241 1046 5297 CAPUT
1079 5259 1201 5299 xxv.
1227 5241 1308 5298 De
1329 5245 1504 5299 eodem
1533 5257 1858 5317 argumento.

481 5338 486 5344 '
542 5387 549 5390 _
648 5331 805 5398 Quod
835 5333 879 5385 si
904 5333 1024 5403 quis
1050 5342 1254 5404 quaerat
1281 5351 1377 5390 cur
1399 5335 1540 5390 Deus
1575 5337 1755 5392 omnia
1783 5337 1997 5406 quidem
2028 5355 2163 5408 prae-

574 5421 841 5478 destinata
865 5425 1190 5493 praedixerit,
1217 5443 1324 5485 non
1365 5436 1545 5483 tamen
1576 5429 1756 5484 omnia
1784 5429 2163 5499 pnedestinata

574 5513 936 5583 promiserit,
993 5518 1382 5586 respondemus
1436 5521 1865 5589 promissionem’
1898 5521 2004 5576 dici
2052 5538 2162 5579 non

576 5622 752 5677 posse,
785 5608 886 5664 nisi
913 5625 1030 5664 cum
1057 5611 1252 5682 aliquid
1285 5612 1352 5665 ad
1381 5611 1485 5666 hoc
1513 5611 1815 5681 pnedicitur
1838 5612 2161 5684 faciendum,

576 5704 636 5750 ut
664 5698 830 5768 possit
853 5700 902 5754 ei
933 5701 1019 5755 cui
1063 5701 1394 5772 promittitur
1437 5701 1690 5770 prodesse
1715 5701 1825 5772 jam
1853 5703 2070 5759 factum.
2098 5703 2165 5761 Et

575 5789 898 5858 promissum
929 5808 1144 5862 semper
1165 5807 1283 5848 esse
1309 5792 1458 5861 doni,
1497 5809 1604 5847 non
1633 5809 1846 5864 seraper
1873 5812 1991 5851 esse
2011 5796 2160 5866 judi-

568 5878 668 5950 tii,
697 5897 821 5939 cum
860 5884 1110 5952 promissi
1159 5883 1374 5951 largitas
1410 5900 1626 5955 semper
1675 5885 1930 5956 laetiﬁca,
1974 5886 2162 5956 judicii

2260 1995 2405 2063 bunt,
2435 2011 2524 2052 vos
2561 2013 2678 2053 vero
2713 1998 2966 2052 esurietis.
3008 1996 3146 2053 Ecce
3185 1997 3270 2072 qui
3307 1999 3535 2055 serviunt
3581 1992 3731 2066 milii,
3779 1999 3849 2055 bi-

2260 2086 2399 2153 bent,
2426 2105 2512 2143 vos
2531 2104 2649 2144 vero
2671 2091 2873 2145 sitietis.
2899 2089 3036 2145 Ecce
3055 2092 3143 2162 qui
3172 2094 3394 2146 serviunt
3423 2089 3570 2158 mihi,
3603 2093 3850 2147 laetabun-

2262 2185 2365 2241 tur,
2407 2193 2495 2232 vos
2529 2194 2647 2233 vero
2695 2179 3105 2250 co'nfundemini.
3144 2177 3282 2234 Ecce
3321 2180 3408 2251 qui
3443 2181 3668 2235 serviunt
3707 2180 3848 2248 mihi,

2261 2269 2592 2324 exsultabant
2623 2271 2676 2325 in
2720 2271 2923 2339 la'titia,
2971 2287 3058 2327 vos
3096 2269 3265 2326 autem
3314 2271 3601 2328 clamabitis
3649 2283 3853 2345 propter

2263 2361 2494 2416 dolorem
2516 2362 2610 2430 (at.
2634 2377 2743 2431 prae
2767 2363 2974 2435 dolore)
3005 2364 3176 2420 cordis
3205 2364 3377 2431 vestri,
3408 2373 3459 2420 et
3485 2363 3519 2418 ά
3550 2365 3853 2421 contritione

2263 2453 2477 2521 spiritus
2524 2451 2786 2506 ululabilis
2815 2451 3000 2524 (Isaiae
3044 2467 3170 2521 va,
3227 2449 3340 2527 1'5).
3371 2454 3428 2509 ln
3475 2455 3559 2510 his
3586 2447 3849 2521 omnibus.

2265 2558 2599 2614 quaecunque
2642 2545 2710 2599 ad
2750 2545 3052 2614 iniquorum
3098 2563 3384 2618 personam
3413 2549 3685 2619 pertinent
3723 2565 3853 2621 prae-

2265 2633 2563 2689 dictasunt
2603 2637 2994 2703 tantummodo,
3037 2649 3143 2693 non
3183 2639 3468 2709 promissa.
3503 2636 3690 2709 Neque
3716 2641 3853 2696 enim

2266 2726 2550 2783 dicendum
2597 2736 2682 2782 est
2729 2729 2986 2787 bonitatis
3025 2730 3272 2800 largitate
3325 2732 3671 2803 promissum,
3717 2733 3853 2807 quod

2268 2817 2496 2874 intentat
2527 2818 2620 2890 (al.
2655 2819 2920 2892 intendat)
2941 2819 3239 2892 iniquitatis
3264 2821 3460 2879 merito
3485 2826 3748 2882 severitas
3775 2826 3850 2881 in-

2265 2908 2566 2966 ferendum.
2598 2909 2655 2966 Si
2675 2927 2780 2982 qua
2803 2927 2934 2969 vero
2963 2912 3032 2968 ad
3058 2927 3347 2985 personam
3376 2916 3721 2972 servientium
3747 2918 3853 2974 Deo

2268 3004 2561 3075 pertinent,
2590 3011 2646 3060 et
2672 3005 2925 3075 praedicta
2954 3014 3081 3062 sunt
3105 3017 3161 3063 et
3189 3008 3473 3079 promissa.
3501 3007 3630 3064 Tale
3659 3008 3856 3080 aliquid

2267 3103 2354 3149 est
2378 3095 2540 3150 etiam
2570 3095 2625 3150 in
2655 3095 2748 3151 illo
2775 3095 3071 3152 Salvatoris
3097 3099 3268 3155 nostri
3296 3113 3564 3168 sermone,
3593 3111 3702 3169 quo
3729 3100 3809 3154 ait
3840 3117 3855 3156 :

2272 3182 2415 3238 Tunc
2433 3185 2514 3239 illi
2541 3183 2688 3239 ibunt
2722 3186 2778 3240 in
2803 3186 3204 3244 combustionem
3241 3199 3506 3256 cateruam,
3529 3189 3654 3260 justi
3685 3197 3856 3246 autem

2198 3273 2244 3336 C
2272 3276 2329 3329 in
2360 3276 2514 3330 vitam
2541 3285 2789 3332 aeternam
2811 3277 3024 3350 (Matth.
3066 3295 3196 3351 xxv,
3227 3281 3338 3354 46).
3371 3281 3623 3338 Ριιωᾶίιίι
3651 3290 3708 3338 et
3734 3298 3854 3354 pro-

2268 3366 2417 3422 misit
2443 3368 2722 3437 praemium
2765 3385 2872 3440 quo
2899 3369 3143 3427 fruentur
3166 3371 3319 3442 juSti,
3353 3387 3460 3429 non
3503 3381 3687 3428 autem
3736 3388 3856 3444 pro-

2267 3457 2434 3525 misit,
2465 3459 2560 3515 sed
2580 3460 2828 3531 praedixit
2854 3463 3174 3533 supplicium
3203 3479 3312 3535 quo
3335 3465 3627 3536 punientur
3654 3464 3854 3535 injusti.

2268 3549 2454 3621 Neque
2482 3567 2634 3619 vero,
2663 3553 2805 3610 sicut
2834 3555 3231 3623 praedestinavit
3256 3566 3477 3614 sanctos
3508 3559 3575 3614 ad
3596 3558 3855 3630 justitiam

2268 3643 2660 3714 accipiendam,
2695 3647 2773 3702 sic
2804 3647 3206 3718 praedestinavit
3251 3650 3465 3722 iniquos
3510 3651 3578 3708 ad
3617 3653 3855 3710 eamdem

2264 3736 2528 3808 justitiam
2579 3739 2956 3808 amittendam,
3002 3743 3128 3813 quia
3173 3744 3469 3799 misericors
3514 3743 3769 3801 Dominus
3811 3751 3857 3802 et

2258 3829 2452 3902 justus,
2483 3833 2658 3902 potuit
2682 3835 2849 3904 gratis
2868 3851 2899 3890 a
2928 3835 3195 3906 pravitate
3219 3836 3449 3893 liberare
3469 3851 3632 3907 quem
3652 3838 3853 3905 "voluit;

2267 3923 2548 3993 pravitatis
2573 3931 2752 3980 autem
2783 3934 3039 3996 operator
3064 3941 3335 3997 nunquam
3363 3927 3481 3995 fuit,
3506 3929 3632 3999 quia
3662 3944 3855 4001 pravus

2267 4029 2540 4084 nunquam
2562 4017 2754 4087 aliquis
2773 4015 2891 4082 fuit,
2921 4017 3021 4074 nisi
3042 4019 3095 4074 in
3116 4030 3378 4091 quantum
3402 4035 3434 4076 a
3455 4021 3567 4079 Deo
3587 4022 3852 4080 discessit.

2265 4102 2378 4161 Nec
2410 4105 2767 4164 discessurum
2811 4108 2954 4164 Deus
2997 4111 3420 4182 praedestinavit,
3463 4115 3709 4185 quamvis
3745 4115 3854 4172 dis-

2263 4211 2540 4254 cessurum
2567 4199 2806 4271 cognitio
2834 4199 3011 4257 divina
3034 4203 3380 4272 praesciverlt.

2264 4311 2448 4388 Carm
2469 4327 2616 4388 xxvi.
2630 4312 2805 4388 __Deus_
2811 4314 2873 4368 de
2893 4314 3040 4388 malis
3064 4317 3335 4386 impiorum
3356 4316 3591 4388 operibus
3616 4328 3853 4388 operatur

2337 4382 2737 4458 bonumgiliter
2766 4383 2906 4440 Deus
2939 4384 3118 4458 bonos,
3135 4382 3296 4458 aliter
3319 4382 3487 4442 malos
3511 4382 3852 4458 praedestina-

2337 4453 2426 4525 vit.
2452 4453 2584 4508 Mali
2609 4456 2847 4508 dicuntur
2875 4473 2996 4512 vasa
3029 4457 3143 4524 iraa,
3173 4454 3290 4511 boni
3312 4474 3437 4525 vasa
3465 4453 3850 4516 misericordia.

2338 4524 2441 4578 Cur
2467 4525 2637 4600 potius
2675 4527 3045 4600 misericordia:
3089 4545 3244 4600 quam
3283 4528 3506 4600 justitia:
3541 4545 3666 4584 vasa
3698 4530 3854 4587 bonos

2336 4605 2482 4650 vocat
2505 4597 2800 4664 Apostolus.

2190 4657 2242 4720 θ
2339 4688 2480 4743 Deus
2508 4689 2710 4760 itaque,
2742 4689 2868 4747 licet
2896 4700 3085 4747 auctor
3117 4707 3224 4748 non
3252 4693 3323 4749 sit
3355 4692 3619 4750 malarum
3647 4697 3856 4767 cogita-

2269 4782 2508 4850 tionum,
2549 4782 2828 4840 ordinator
2862 4792 3043 4841 tamen
3073 4794 3158 4842 est
3196 4785 3458 4842 malarum
3496 4787 3855 4857 voluntatum,

2267 4883 2324 4931 et
2349 4873 2418 4930 de
2447 4875 2590 4931 malo
2616 4893 2779 4947 opere
2809 4877 3093 4946 cujuslibet
3115 4878 3243 4932 mali
3267 4893 3375 4934 non
3399 4878 3599 4936 desinit
3624 4879 3744 4951 ipse
3770 4881 3859 4937 bo.

2266 4984 2395 5024 num
2424 4970 2658 5040 operari.
2699 4969 2811 5026 Nec
2846 4970 2900 5026 in
2930 4970 3060 5041 ipsis
3102 4965 3311 5042 injustae
3346 4973 3639 5030 Voluntatis
3680 4975 3860 5046 operia

2265 5062 2368 5118 bus
2402 5061 2605 5118 deserit
2623 5079 2849 5133 operum
2877 5079 3096 5119 suorum
3119 5061 3323 5135 justum
3361 5066 3630 5134 ordinem,
3655 5069 3784 5137 quia
3809 5076 3861 5125 et

2216 5231 2228 5245 .
2267 5151 2372 5209 hoc
2397 5153 2452 5208 in
2481 5153 2597 5223 ipso
2620 5154 2808 5210 ordine
2835 5154 3015 5221 habet,
3057 5157 3201 5224 quod
3227 5159 3330 5230 21
3366 5158 3563 5214 malam
3594 5158 3742 5229 juste
3767 5159 3860 5218 de-

2265 5247 2398 5302 serit
2422 5247 2774 5303 voluntatem.
2806 5248 2978 5315 Quam
3007 5257 3189 5308 tamen
3224 5253 3302 5308 sic
3330 5253 3384 5308 in
3413 5249 3524 5309 suis
3553 5253 3710 5308 malis
3730 5251 3861 5325 ope-

2266 5338 2414 5394 ribus
2441 5354 2473 5392 a
2518 5354 2580 5394 se
2618 5339 2982 5397 discedentem
3011 5341 3229 5410 deserit,
3277 5353 3338 5399 ut
3376 5343 3451 5400 ibi
3495 5344 3862 5416 permittentil

2268 5430 2363 5486 Dei
2393 5433 2638 5503 operatio
2666 5433 2808 5489 bona
2837 5449 2948 5490 non
2973 5436 3133 5507 desit,
3157 5436 3285 5492 dum
3306 5439 3432 5494 etin
3456 5439 3732 5510 peccantis
3760 5453 3862 5498 vo-

2268 5524 2475 5581 luntate
2502 5522 2702 5594 injusta
2724 5523 2911 5598 implet
2937 5525 3053 5598 ipse
3070 5527 3355 5598 justitiam,
3379 5537 3435 5585 et
3462 5527 3529 5585 de
3549 5529 3716 5596 malo,
3749 5543 3860 5601 quo

2264 5624 2581 5686 peccantem
2605 5614 2833 5686 judicat,
2865 5619 3058 5689 quibus
3085 5620 3200 5691 ipse
3225 5621 3342 5676 vult
3368 5620 3690 5678 beneﬁcium
3719 5637 3858 5694 prae.

2263 5715 2438 5778 rogat.
2469 5708 2530 5764 In
2548 5711 2752 5768 sanctis
2770 5711 2934 5782 igitur
2951 5711 3288 5784 perfecturus
3306 5721 3392 5772 est
3408 5713 3690 5784 Dominus,
3712 5713 3858 5789 quod

2262 5807 2324 5855 ut
2349 5809 2532 5857 essent
2555 5802 2703 5870 boni,
2734 5805 2901 5873 gratis
2926 5803 3093 5862 dedit.
3125 5804 3284 5874 Quod
3309 5814 3494 5864 autem
3513 5807 3768 5866 daturum
3795 5819 3858 5867 se

2261 5895 2550 5962 puescivit,
2582 5896 2634 5952 in
2674 5906 2873 5955 aeterna
2901 5897 3159 5956 bonitatis
3193 5897 3551 5971 dispositione
3573 5899 3853 5973 pmdesti-
