4068 6484
297 390 397 454 I73

1588 397 1677 451 AD
1714 397 2034 457 MONIMUM
2069 402 2200 457 LIB.
2241 403 2279 457 1.

3452 404 3554 460 l7!-

295 513 454 572 tiav'it.
478 514 614 598 ipsa
656 523 739 572 est
767 517 908 573 enim
949 518 1345 586 prmdestinatio
1383 507 1497 588 Dei,
1542 523 1866 591 sempiterna
1896 528 1950 590 Α
1971 527 2274 581 mercedem
2301 525 2379 581 eis
2419 523 2677 598 Dominus
2710 539 2810 596 pro
2847 525 3100 596 operibus
3136 525 3248 581 suis
3279 523 3555 594 redderet,

293 596 490 664 acilii-el
519 603 802 677 dispositio
842 608 1005 664 futuri
1049 611 1227 680 operis
1258 612 1372 667 Dei.
1407 611 1575 668 Porro
1607 622 1786 669 autem
1816 616 1869 670 in

292 698 480 767 iniquis
508 696 789 768 puniturus
817 708 919 766 est,
963 701 1108 770 quod
1154 710 1212 757 ut
1249 711 1429 760 essent
1457 705 1601 772 inali,
1634 721 1743 760 non
1770 703 1869 760 de-

292 789 383 854 dit,
419 799 520 844 nec
556 803 651 846 eos
687 790 754 845 ad
788 791 1124 862 iniquitatem
1169 795 1405 864 aliquam
1452 796 1866 866 praedestinavit,

291 882 410 950 quia
435 890 494 936 ut
531 880 712 953 inique
739 884 976 962 vellent”
997 886 1102 942 hoc
1129 887 1208 943 eis
1233 888 1454 944 daturus
1481 890 1594 959 ipse
1616 871 1725 945 non
1747 889 1866 947 fuit.

290 970 354 1027 Et
374 974 498 1043 quia
524 975 679 1030 make
712 977 1004 1033 voluntatis
1039 991 1394 1049 perseverans
1421 981 1674 1052 iniquitas
1700 983 1870 1039 inulta

287 1075 564 1122 remanere
586 1075 694 1122 non
725 1067 929 1135 debuit,
961 1070 1095 1127 tales
1121 1070 1189 1126 ad
1215 1071 1490 1128 interitum
1525 1073 1871 1143 praedestina-

285 1159 376 1224 vit,
400 1163 528 1229 quia
561 1156 762 1219 talibus
790 1164 949 1233 justre
977 1165 1270 1235 puuitionis
1303 1167 1622 1237 supplicium
1661 1182 1870 1237 praepa-

286 1251 440 1306 ravit.
475 1252 633 1318 Quod
664 1255 847 1324 utique
875 1256 1160 1336 manifesto
1197 1257 1452 1314 Dominus
1482 1259 1598 1328 ipse
1622 1273 1873 1314 sermone

215 1349 222 1359 '
283 1343 584 1413 perdocuit,
618 1345 670 1399 in
701 1361 766 1401 eo
815 1348 958 1416 quod
1012 1363 1041 1401 a
1073 1363 1132 1404 se
1185 1349 1419 1403 ostendit
1455 1353 1722 1419 paratum,
1762 1365 1872 1404 non

283 1433 449 1490 solum
481 1449 726 1505 regnum,
752 1437 842 1492 ubi
870 1437 1116 1494 laetentur
1141 1439 1288 1504 boni,
1319 1440 1411 1494 sed
1435 1450 1490 1495 et
1518 1441 1692 1508 ignem
1715 1448 1876 1494 mter-

283 1541 425 1592 num,
459 1527 550 1582 ubi
571 1529 876 1584 crucientur
904 1531 1047 1585 mali.
1075 1529 1236 1586 Bonis
1263 1532 1460 1586 etenim
1486 1531 1722 1586 dicturus
1751 1535 1832 1586 εει
1857 1548 1871 1584 :

289 1615 490 1683 Venite,
524 1619 772 1674 benedicti
821 1618 993 1676 Patris
1032 1623 1154 1685 mei,
1193 1623 1438 1691 percipite
1476 1637 1691 1692 regnum
1740 1621 1875 1692 quod

281 1706 414 1762 vobis
449 1719 699 1779 paratum
728 1721 804 1765 est
845 1728 876 1764 α
907 1713 1270 1789 constitutione
1298 1714 1474 1767 mundi
1497 1712 1712 1784 (Matth.
1746 1729 1873 1780 xxv,

280 1795 397 1869 3.5);
422 1799 583 1855 malis
603 1788 782 1857 autem
803 1802 1040 1858 dicturus
1057 1788 1140 1858 est
1163 1821 1177 1856 :
1202 1802 1306 1871 Ite,
1327 1803 1603 1869 maledicti,
1627 1805 1683 1858 in
1703 1806 1877 1876 ignem

1969 634 2079 674 non
2107 619 2529 677 misericordiam
2549 619 2913 693 praei-egeret:
2947 621 3083 676 sicut
3102 617 3243 677 idem
3265 615 3559 691 Apostolus

1969 711 2079 766 alio
2121 711 2242 768 loco
2271 710 2444 768 dicit:
2477 710 2540 766 Ei
2583 722 2751 766 autem
2791 712 2878 782 qui
2917 717 3182 782 operatur,
3223 719 3416 767 merces
3451 725 3560 767 non

1966 804 2253 876 imputatur
2297 804 2576 859 secundum
2608 806 2851 877 gratiam,
2892 803 2985 858 sed
3025 802 3307 859 secundum
3333 801 3561 859 debitum

1969 895 2148 967 (Rom.
2181 910 2251 961 tv,
2277 895 2352 965 4).
2385 895 2527 951 Vasa
2559 897 2738 967 itaque
2765 893 3143 950 misericordia
3172 893 3237 948 ad
3268 893 3560 949 indebitam

1969 991 2095 1042 sunt
2122 984 2347 1052 gloriam
2388 994 2708 1056 praeparata,
2738 986 2862 1054 quia
2899 984 3064 1052 gratis
3102 985 3229 1039 sunt
3252 983 3562 1039 misericor-

1971 1074 2111 1131 diam
2159 1086 2469 1132 consecuta.
2499 1077 2576 1132 De
2624 1077 2817 1146 quibus
2846 1077 3008 1131 etiam
3047 1077 3162 1146 ipse
3191 1075 3381 1130 beatus
3412 1075 3562 1145 Apo-

1971 1168 2142 1222 stolus
2163 1183 2222 1222 se
2248 1183 2367 1223 esse
2394 1175 2640 1234 testatur,
2665 1167 2848 1223 dicens
2881 1187 2894 1222 :
2924 1165 3026 1232 Qui
3053 1168 3196 1238 prius
3225 1167 3300 1238 fui
3321 1166 3562 1236 blasphe-

1973 1275 2086 1313 mus
2126 1267 2175 1312 et
2200 1269 2490 1330 persecutor
2514 1269 2562 1312 et
2588 1259 3004 1323 contumeliosus,
3028 1258 3120 1314 sed
3154 1256 3566 1313 misericordiam

1971 1360 2273 1405 consecutus
2315 1361 2427 1404 sum
2451 1389 2466 1412 ,
2513 1352 2632 1421 quia
2671 1353 2920 1422 ignorans
2971 1352 3068 1421 feci
3113 1350 3169 1427 in
3207 1349 3568 1404 incredulitate

1975 1439 2034 1510 (Ι
2064 1439 2196 1494 Tim.
2231 1457 2267 1503 ι,
2299 1441 2412 1509 15).
2445 1437 2560 1496 Hoc
2594 1448 2677 1496 est
2705 1444 2840 1510 opus
2867 1441 2960 1495 Dei
3002 1441 3056 1495 in
3093 1441 3237 1495 vasis
3259 1440 3566 1496 misericor-
3641 1497 3651 1510 ,

1975 1531 2096 1596 diae,
2129 1541 2188 1586 ut
2224 1533 2550 1602 blasphemis
2590 1538 2646 1587 et
2672 1532 3112 1602 persecutoribus
3137 1538 3192 1586 et
3219 1531 3568 1587 contumelio-

1976 1625 2070 1689 sis,
2103 1629 2212 1678 nori
2241 1624 2456 1679 debitus
2483 1623 2803 1679 redderetur
2843 1623 3111 1688 interitus,
3141 1621 3239 1678 sed
3257 1622 3568 1678 misericor-

1977 1713 2080 1769 diae
2105 1715 2399 1769 donaretur
2425 1716 2716 1783 gratuitum
2743 1729 2958 1771 munus.
2983 1714 3138 1770 Vasis
3158 1727 3289 1769 vero
3311 1713 3404 1768 ira:
3433 1729 3570 1769 nun-

1978 1809 2139 1873 Quam
2169 1804 2311 1859 Deus
2353 1799 2603 1859 redderet
2639 1805 2935 1870 interitum,
2978 1805 3024 1860 si
3067 1819 3176 1860 non
3212 1807 3569 1875 spontaneum

279 1898 549 1959 teternum,
571 1895 657 1964 qui
685 1905 900 1962 paratus
921 1905 998 1949 est
1022 1894 1229 1951 diabolo
1254 1906 1302 1950 et
1319 1898 1519 1969 angelis
1546 1897 1657 1967 ejus
1681 1896 1870 1964 (Ibid,
1901 1894 1952 1958 B
1977 1895 2311 1950 inveniretur
2357 1895 2524 1951 homo
2561 1895 2765 1951 habere
2802 1902 3106 1965 peccatum,
3133 1896 3262 1965 Quia
3301 1909 3404 1951 nec
3428 1895 3571 1950 Deus

277 1981 392 2053 46).
421 1982 562 2039 Ecce
602 1985 668 2039 ad
695 1986 840 2054 quod
878 1987 1136 2042 Dominus
1175 1988 1387 2057 iniquos
1416 1997 1471 2044 et
1509 1989 1704 2060 impios
1731 2005 1873 2060 pra!-

278 2073 590 2140 destinavit,
635 2075 687 2130 id
721 2085 804 2133 est
851 2077 919 2133 ad
955 2080 1275 2150 supplicium
1298 2079 1524 2150 justum,
1553 2095 1661 2135 non
1683 2079 1754 2135 ad
1775 2081 1874 2135 ali-

279 2168 422 2236 quod
451 2183 589 2239 opus
618 2168 875 2237 injustum
899 2187 913 2237 ;
943 2170 1011 2226 ad
1041 2186 1273 2242 pinnam,
1305 2177 1413 2228 non
1439 2173 1506 2228 ad
1533 2174 1777 2243 culpam;
1807 2174 1876 2229 ad

279 2257 645 2327 punitiouem,
674 2275 779 2316 non
825 2261 892 2316 ad
927 2264 1435 2331 transgressionem;
1469 2250 1536 2318 ad
1573 2264 1872 2331 interitum,

278 2361 445 2418 quem
475 2351 554 2404 ira
579 2349 711 2418 justi
736 2351 932 2420 judicis
975 2355 1325 2424 peccantibus
1366 2355 1617 2421 reddidit,
1667 2367 1776 2412 non
1807 2355 1874 2411 ad

277 2440 581 2513 interitum,
612 2457 720 2514 quo
765 2446 819 2500 in
863 2447 925 2501 se
968 2447 1100 2502 iram
1132 2447 1224 2502 Dei
1254 2449 1594 2517 peccantium
1623 2450 1876 2518 iniquitas

277 2535 621 2603 provocavit.
675 2534 828 2603 Quod
875 2537 1020 2593 beati
1057 2538 1302 2608 Apostoli
1342 2541 1654 2609 praedicatio
1702 2541 1876 2594 mani-

275 2625 468 2694 festat,
496 2629 588 2698 qui
617 2628 808 2694 malos,
851 2641 988 2698 quos
1031 2630 1084 2684 in
1124 2638 1384 2685 internum
1416 2631 1766 2686 damnaturus
1793 2636 1878 2686 est

277 2717 447 2780 Deus,
475 2733 600 2770 vasa
633 2727 790 2774 vocat
830 2721 940 2785 ine,
969 2735 1074 2774 non
1103 2721 1293 2787 culpae.
1325 2720 1413 2773 Ait
1436 2720 1579 2774 enim
1609 2737 1622 2772 :
1652 2719 1804 2783 Quod
1833 2721 1879 2773 si

276 2805 456 2860 boletis
486 2803 627 2859 Deus
656 2807 921 2862 ostendere
944 2809 1096 2870 iram,
1127 2816 1176 2861 et
1199 2817 1377 2862 notam
1408 2809 1574 2877 facere
1593 2810 1877 2876 potentiam

277 2908 452 2959 suam,
495 2895 737 2949 sustinuit
779 2897 835 2950 in
867 2897 1028 2951 multa
1066 2898 1318 2966 patientia
1347 2913 1472 2950 uasa
1497 2898 1590 2951 ἅνω
1613 2907 1795 2965 aptata
1822 2901 1879 2953 in

275 2985 564 3051 interitum,
589 2996 644 3040 ut
673 2987 962 3057 ostenderet
989 2989 1193 3043 diuitias
1213 2988 1392 3059 gloria:
1421 3004 1527 3042 sua:
1548 2990 1603 3042 in
1638 3005 1762 3043 vasa
1780 2991 1880 3043 mi-

277 3078 602 3142 sericordiae,
632 3095 744 3150 qua:
771 3081 1086 3150 praeparavit
1113 3083 1168 3135 in
1199 3081 1418 3151 gloriam
1449 3081 1627 3151 (Rom.
1659 3098 1733 3148 lx,
1761 3081 1876 3155 22).

277 3169 498 3237 Quaeso,
535 3170 770 3226 Monime
797 3173 1093 3239 carissime,
1139 3180 1197 3226 ut
1235 3173 1378 3226 hunc
1416 3173 1660 3242 Apostoli
1698 3175 1875 3229 locum

1979 1987 2224 2056 peccanti
2251 1985 2455 2041 homini
2473 1985 2621 2054 'juste
2645 1985 2868 2041 inferret
2895 1986 3050 2051 iram,
3081 1986 3125 2040 si
3152 1986 3314 2042 homo
3338 2001 3407 2042 ex
3433 2001 3572 2057 prte-

1978 2076 2339 2132 destiuatione
2366 2077 2464 2131 Dei
2503 2077 2787 2132 cecidisset
2813 2077 2870 2132 in
2897 2078 3128 2147 culpam.
3158 2076 3267 2134 Sed
3295 2080 3423 2147 quia
3443 2093 3570 2135 cau-

1977 2181 2094 2224 sam
2124 2168 2421 2239 iniquitatis
2448 2183 2557 2224 suae
2604 2177 2674 2224 ex
2722 2169 2939 2239 propria
2975 2168 3142 2224 homo
3169 2167 3356 2223 habuit
3379 2169 3570 2225 volun-

1977 2267 2112 2325 tate,
2143 2268 2432 2330 propterea
2468 2260 2529 2316 Β.
2576 2255 2774 2316 Paulus
2817 2261 3134 2317 sustinuisse
3173 2263 3367 2319 asserit
3403 2259 3572 2317 Deum

1975 2351 2034 2404 in
2066 2352 2229 2405 multa
2267 2353 2517 2422 patientia
2544 2360 2669 2406 uasa
2693 2353 2809 2416 irai,
2841 2360 3023 2423 aptata
3054 2353 3110 2406 in
3136 2353 3419 2406 interitum.
3445 2350 3572 2408 Haec

1977 2442 2143 2510 igitur
2171 2443 2271 2507 ira,
2303 2443 2426 2498 ideo
2456 2443 2651 2498 talibus
2677 2443 2822 2498 vasis
2861 2443 3136 2498 interitum
3165 2441 3415 2508 reddidit,
3444 2442 3572 2513 quia

1979 2534 2035 2588 in
2061 2535 2140 2590 eis
2159 2535 2410 2591 meritum
2432 2534 2748 2590 voluntarias
2768 2533 3065 2604 iniquitatis
3093 2533 3316 2589 invenit.
3345 2522 3575 2600 Quando

1977 2635 2162 2682 autem
2187 2627 2433 2696 peccanti
2459 2641 2618 2682 servo
2640 2627 2774 2682 iram
2790 2625 2969 2695 justus
2998 2625 3255 2682 Dominus
3282 2625 3570 2693 intulisset,

1977 2720 2025 2774 si
2067 2731 2257 2774 servus
2302 2733 2370 2775 ex
2399 2719 2611 2775 Domini
2648 2717 3121 2790 pmdestinatione
3165 2718 3475 2790 peccasset?
3513 2717 3573 2776 In

1980 2809 2086 2864 hoc
2119 2810 2301 2878 itaque
2327 2810 2431 2864 ista
2457 2824 2586 2864 vasa
2614 2810 2756 2865 Deus
2783 2811 3006 2880 aptavit,
3047 2811 3101 2865 in
3132 2809 3278 2879 quod
3300 2810 3572 2880 praedesti-

1980 2901 2148 2965 navit,
2179 2903 2285 2956 hoc
2321 2909 2406 2956 est
2438 2902 2494 2956 in
2522 2901 2831 2967 interitum,
2875 2902 3024 2958 illum
3061 2903 3246 2971 utique
3275 2902 3570 2970 interitum,

1979 3001 2143 3061 quem
2167 2990 2364 3046 Paulus
2382 2991 2536 3047 malis
2560 3000 2782 3061 repente
2802 3000 3251 3063 superventurum
3271 2993 3570 3056 denuntiat,

1980 3082 2166 3136 dicens
2195 3094 2208 3134 :
2240 3079 2370 3135 Cum
2389 3083 2526 3136 enim
2554 3082 2782 3137 dicerint
2809 3097 2916 3154 pax
2956 3091 3006 3136 et
3047 3085 3318 3152 securitas,
3345 3091 3466 3138 tunc
3487 3099 3572 3138 re-

1979 3172 2221 3243 pentinus
2242 3174 2316 3227 eis
2335 3174 2656 3244 superueniet
2682 3174 2920 3229 interitus
2949 3173 3003 3246 (1
3023 3173 3202 3228 Thess.
3231 3189 3286 3241 v,
3315 3175 3394 3244 5).
3420 3173 3574 3242 Quod

281 3261 572 3330 diligenter
617 3262 883 3317 attendas.
935 3261 1131 3318 Notum
1173 3279 1404 3333 namque
1451 3272 1552 3330 est,
1602 3265 1737 3320 iram
1781 3266 1876 3322 Dei
1906 3273 1951 3337 C
1980 3263 2027 3318 si
2065 3263 2208 3320 Deus
2253 3265 2388 3320 tales
2423 3266 2477 3320 in
2517 3275 2801 3336 peccatum
2854 3267 3280 3337 praedestinaret,
3322 3282 3435 3325 non
3474 3281 3573 3326 eos

277 3350 384 3408 dici
427 3369 538 3408 non
586 3368 744 3422 posse
780 3355 882 3409 nisi
934 3355 1023 3409 ubi
1069 3355 1308 3410 creditur
1349 3356 1582 3411 hominis
1625 3358 1879 3427 iniquitas

282 3444 642 3512 praecessisse.
686 3444 871 3514 Neque
900 3445 1044 3500 enim
1086 3445 1228 3500 Deus
1259 3454 1351 3500 aut
1390 3447 1607 3514 ignarus
1635 3461 1756 3503 esse
1780 3465 1879 3518 po-

279 3528 400 3600 tuit,
439 3543 537 3588 aut
576 3535 821 3605 injustas,
853 3537 945 3604 qui
974 3545 1159 3606 posset
1197 3543 1290 3590 aut
1335 3538 1611 3606 peccantis
1645 3538 1880 3595 hominis

282 3624 496 3694 culpam
550 3641 656 3680 non
712 3633 1028 3696 agnoscere,
1080 3635 1172 3682 aut
1210 3643 1318 3682 non
1354 3630 1596 3698 peccanti
1622 3628 1879 3698 judicium

283 3715 582 3782 punitionis
610 3716 827 3770 inferre.
854 3715 986 3770 Nam
1012 3729 1067 3771 et
1096 3717 1210 3785 ipse
1253 3717 1444 3772 beatus
1482 3717 1676 3774 Paulus
1703 3721 1757 3774 in
1786 3720 1884 3774 ini-

283 3808 486 3876 quitate
522 3807 755 3862 hominis
775 3807 1038 3877 justitiam
1065 3809 1158 3863 Dei
1196 3810 1450 3878 praedicat
1494 3812 1880 3880 commendari,

284 3905 344 3953 ut
368 3898 648 3964 ostendat,
702 3915 808 3954 non
852 3899 1048 3968 injuste
1097 3899 1230 3953 iram
1259 3899 1647 3969 omnipotentis
1675 3900 1878 3957 inferri.

286 3988 372 4042 Ait
396 4003 638 4057 namque
665 4007 677 4041 :
711 3988 773 4043 Si
801 3999 972 4043 autem
1011 3989 1260 4058 iniquitas
1290 3997 1468 4043 nostra
1496 3991 1756 4060 justitiam
1785 3990 1883 4047 Dei

285 4082 633 4146 commendat,
677 4082 802 4153 quid
829 4081 1094 4136 dicemus?
1123 4082 1349 4154 nunquid
1377 4083 1580 4154 iniquus
1616 4081 1776 4149 Deus,
1799 4085 1884 4155 qui

285 4171 441 4243 infert
468 4173 650 4227 iram?
674 4171 974 4242 (secundum
1002 4173 1259 4227 hominem
1301 4171 1440 4243 dico)
1472 4172 1627 4239 absit,
1657 4173 1886 4245 alioquin

287 4262 550 4332 quomodo
571 4261 826 4333 judicabit
867 4260 1008 4317 Deus
1047 4265 1294 4316 mundum
1330 4263 1507 4337 (Rom.
1543 4279 1619 4331 ιιι,
1652 4263 1744 4335 5)?
1767 4264 1886 4321 Non

292 4353 472 4424 itaque
485 4355 692 4409 frustra
707 4353 826 4409 talis
839 4361 922 4409 est
932 4353 999 4409 ab
1011 4369 1078 4409 eo
1094 4355 1233 4409 facta
1249 4354 1388 4408 inter
1406 4355 1706 4426 puniendos
1719 4355 1886 4425 glori-

293 4440 648 4512 ticandosque
674 4443 950 4508 discretio,
983 4452 1043 4498 ut
1077 4444 1197 4499 illos
1221 4452 1441 4500 vocaret
1463 4460 1588 4500 vasa
1612 4446 1722 4512 im,
1755 4445 1887 4500 istos

295 4543 474 4592 autem
505 4550 637 4591 vasa
667 4535 1065 4601 misericordia,
1110 4536 1212 4591 nisi
1241 4519 1306 4591 ut
1324 4541 1668 4606 ostenderet,
1697 4547 1803 4592 tam
1835 4538 1888 4592 in

293 4626 435 4682 vasis
481 4627 581 4682 ira:
627 4641 788 4696 quam
839 4625 894 4680 in
933 4627 1076 4683 vasis
1127 4627 1505 4683 misericordim
1551 4627 1888 4697 iniquitatem

297 4718 572 4788 propriam
600 4719 956 4788 praecessisse.
984 4717 1130 4775 Talis
1149 4717 1233 4774 est.
1249 4717 1395 4774 enim
1422 4719 1681 4777 Dominus
1705 4727 1883 4787 verus,

298 4809 448 4878 cujus
469 4811 571 4880 (al.
601 4810 710 4879 cui)
741 4819 798 4866 et
824 4811 1054 4882 gratuita
1085 4811 1154 4866 sit
1181 4811 1568 4877 misericordia,
1591 4820 1645 4866 et
1673 4812 1751 4866 ira
1779 4826 1885 4866 non

298 4901 367 4955 sit
397 4903 640 4972 iniusta;
671 4917 734 4958 ac
767 4917 866 4973 per
893 4903 1015 4969 hoc,
1047 4911 1104 4958 et
1141 4902 1262 4958 illos
1305 4902 1555 4971 indignos
1596 4902 1888 4973 praeveniat

301 4990 546 5048 bonitate
573 5007 711 5063 quos
745 4991 1026 5063 justiﬁeat,
1059 5001 1116 5049 et
1151 4993 1271 5049 illos
1305 4993 1493 5063 dignos
1525 4993 1762 5048 inveniat
1789 5008 1888 5063 pu-

304 5083 505 5141 nitione
535 5099 674 5154 quos
728 5085 976 5152 damnat;
1023 5101 1086 5143 ac
1134 5087 1213 5142 sic
1255 5095 1530 5156 appareat,
1572 5093 1628 5142 et
1665 5086 1719 5141 in
1747 5086 1889 5142 vasis

307 5177 708 5244 misericordia),
756 5195 864 5233 non
901 5193 969 5234 ex
996 5179 1154 5249 ipsis,
1193 5178 1286 5233 sed
1321 5193 1392 5233 ex
1427 5176 1538 5233 Deo
1574 5192 1713 5245 esse,
1743 5175 1890 5248 quod

305 5265 429 5322 boni
457 5278 603 5334 sunt,
632 5276 688 5322 et
727 5268 778 5322 in
821 5270 964 5325 vasis
991 5270 1104 5337 irae,
1150 5285 1256 5324 non
1291 5284 1360 5324 ex
1383 5268 1519 5335 Deo,
1547 5267 1641 5325 sed
1667 5284 1737 5324 ex
1762 5269 1890 5340 ipsis

279 5375 284 5378 '
306 5373 422 5416 esse
450 5362 596 5432 quod
623 5362 748 5416 mali
771 5369 914 5417 sunt.
948 5362 1136 5420 Posset
1163 5365 1302 5419 enim
1333 5362 1620 5434 Apostolus
1645 5379 1782 5435 quos
1801 5363 1887 5419 di~

305 5452 382 5506 xit
409 5469 534 5507 rasa
559 5453 946 5528 misericordiqz,
973 5455 1151 5523 potius
1169 5472 1290 5510 vasa
1307 5455 1528 5526 iustitia:
1547 5470 1885 5526 nuncupare;

307 5543 400 5597 sed
436 5544 482 5598 si
524 5560 650 5599 vasa
698 5543 918 5614 iustitiae
947 5555 1284 5612 vocarentur,
1337 5546 1560 5602 forsitan
1606 5561 1674 5601 ex
1701 5546 1890 5617 seipsis

307 5629 508 5688 habere
532 5633 793 5702 justitiam
834 5642 1170 5705 putarentur.
1219 5637 1368 5692 Nunc
1413 5646 1592 5693 autem
1617 5653 1738 5694 cum
1765 5653 1889 5693 vasa

307 5723 678 5783 misericordite
700 5727 850 5795 dicit,
889 5728 1078 5797 procul
1113 5727 1296 5794 dubio,
1335 5730 1466 5800 quid
1514 5730 1616 5800 ipsi
1670 5729 1886 5801 fuerint,

309 5829 416 5870 non
443 5819 633 5889 tacuit,
666 5823 770 5892 αξ
795 5821 921 5890 quia
968 5820 1096 5892 quid
1140 5821 1218 5876 eis
1256 5836 1287 5875 a
1335 5822 1446 5878 Deo
1495 5824 1750 5879 collatum
1795 5826 1887 5895 sit,

309 5907 591 5967 evidenter
613 5911 866 5970 ostendit.
921 5913 976 5969 Si
1007 5913 1149 5971 eriim
1175 5929 1276 5978 per
1300 5914 1509 5980 seipsos
1536 5926 1714 5974 essent
1731 5917 1888 5984 justi,

1983 3355 2274 3427 Apostolus
2292 3373 2417 3414 vasa
2447 3359 2541 3414 irae
2579 3355 2764 3415 mallet
2800 3361 3103 3426 nominare,
3131 3361 3227 3418 sed
3252 3361 3441 3434 culpae,
3473 3377 3576 3420 nec

1982 3449 2037 3504 in
2065 3450 2338 3506 interitum
2368 3451 2497 3506 talia
2541 3465 2690 3517 vasa,
2722 3453 2819 3510 sed
2857 3455 2912 3509 in
2950 3463 3232 3525 peccatum
3267 3455 3576 3514 dicerentur

1979 3548 2183 3610 aptata.
2213 3541 2366 3598 Nunc
2393 3551 2573 3599 autem
2600 3545 2722 3601 ideo
2746 3559 2872 3602 vasa
2900 3547 2993 3602 iraa
3013 3548 3279 3615 dicuntur,
3304 3555 3364 3604 ut
3386 3553 3575 3605 oeten--

1979 3631 2164 3699 datur,
2183 3633 2238 3688 in
2261 3630 2453 3689 talibus
2473 3650 2541 3690 ex
2555 3635 2649 3691 Det
2673 3637 3148 3706 praedestinatione
3167 3653 3275 3695 non
3299 3639 3406 3695 hoc
3430 3651 3572 3706 esse,

1981 3721 2130 3790 quod
2149 3730 2233 3777 est
2260 3723 2401 3779 male
2421 3725 2489 3780 ab
2516 3727 2597 3781 eis
2623 3727 2937 3794 admissum,
2969 3727 3067 3785 sed
3099 3728 3245 3797 quod
3268 3737 3353 3785 est
3380 3729 3576 3786 talibus

1984 3815 2124 3871 bene
2150 3815 2442 3873 redditum.

1983 3923 2168 3983 CAPUT
2198 3943 2362 4001 xxvu.
2393 3929 2562 4001 Quam
2587 3931 2728 4001 juste
2753 3929 2889 3987 Deus
2917 3935 3108 3988 deserit
3127 3936 3291 3990 malos
3319 3947 3368 3991 et
3395 3939 3578 3993 interi-

2059 4007 2168 4078 tum
2194 4000 2268 4052 eis
2291 4000 2479 4078 reddit.
2515 4000 2690 4078 Iniqui
2713 4004 3066 4078 prwdestinati
3094 4015 3215 4078 sunt
3243 4007 3313 4059 ad
3338 4017 3578 4078 stagnum
3657 4053 3662 4058 .

2058 4068 2194 4139 ignis
2237 4078 2288 4148 et
2321 4068 2820 4148 sulphurinl’rima
2840 4075 3229 4148 _mors_animte
3265 4078 3321 4130 in
3350 4068 3580 4148 peccato,

2059 4139 2284 4216 iracunda
2331 4142 2385 4195 in
2424 4150 2610 4216 stagno
2643 4142 2798 4216 ignis.
2832 4142 2965 4216 _Via_s
3004 4146 3280 4216 impiorum
3309 4139 3413 4203 non
3441 4139 3579 4205 nooii

2062 4207 2334 4283 Dominus,
2364 4211 2483 4283 quia
2507 4207 2595 4267 eas
2620 4207 2721 4283 non
2746 4213 2884 4283 fecit.
2917 4207 3103 4269 Prima
3130 4233 3269 4271 mors
3299 4219 3489 4273 anima:
3518 4220 3579 4274 ab

2060 4279 2286 4356 nomine,
2317 4279 2543 4356 secunda
2580 4297 2620 4356 αΔ
2639 4279 2760 4356 Deo
2785 4283 3026 4356 infertur.
3059 4285 3282 4341 Peccata
3310 4289 3579 4356 praedesti-

2061 4351 2200 4406 navit
2222 4350 2362 4408 Deus
2384 4369 2488 4407 non
2517 4353 2777 4424 facienda,
2806 4350 2898 4410 sed
2917 4357 3059 4427 juste
3085 4350 3365 4426 punienda.

2064 4444 2210 4501 Bene
2235 4446 2435 4517 quippe
2453 4445 2612 4502 malis
2635 4446 2888 4503 interitus
2913 4463 2946 4502 a
2972 4449 3084 4504 Deo
3112 4451 3372 4517 redditur,
3390 4467 3582 4523 quam-

1991 4535 2072 4592 vis
2097 4535 2168 4592 sit
2195 4536 2370 4592 malus
2393 4536 2648 4595 interitus
2667 4539 2750 4595 eis
2797 4539 3052 4608 quinum
3073 4540 3220 4610 iuste
3237 4543 3580 4615 deseruntur,

1917 4651 1971 4713 D
1992 4635 2050 4683 et
2076 4625 2420 4698 postmodum
2451 4625 2597 4696 iuste
2636 4629 3048 4699 torquebantur.
3081 4629 3144 4686 in
3195 4633 3391 4690 talibus
3435 4637 3579 4694 enim

1993 4716 2136 4774 Deus
2157 4716 2418 4787 judicium
2444 4731 2600 4773 suum
2625 4718 2938 4777 desertione
2978 4721 3220 4791 inchoat,
3249 4726 3581 4785 cruciatione

1993 4817 2350 4866 consummat.
2382 4807 2517 4864 Nam
2544 4816 2603 4865 et
2655 4811 2760 4867 hoc
2811 4818 3066 4882 tempore
3089 4829 3202 4884 quo
3239 4816 3581 4875 discedentes

1992 4900 2166 4956 malos
2187 4899 2390 4956 deserit
2415 4899 2580 4969 Deus,
2608 4915 2719 4956 non
2747 4909 3002 4972 operatur
3027 4902 3083 4958 in
3110 4903 3190 4960 eis
3225 4906 3374 4975 quod
3391 4908 3443 4962 ei
3467 4907 3579 4962 dis-

1991 4991 2177 5062 plicet,
2219 4990 2316 5047 sed
2361 4999 2618 5062 operatur
2658 5006 2760 5064 per
2787 5006 2889 5050 eos
2922 4994 3072 5064 quod
3108 4996 3159 5052 ei
3195 4997 3390 5066 placet,
3429 5006 3581 5066 post-

1990 5081 2213 5138 modum
2236 5082 2317 5137 eis
2357 5081 2663 5140 redditurus
2683 5083 2834 5154 quod
2871 5085 2942 5141 ab
2980 5086 3099 5157 ejus
3123 5086 3330 5156 justitia
3359 5101 3578 5144 meren-

1989 5181 2098 5228 tur.
2155 5171 2438 5244 Recipient
2471 5173 2618 5229 enirn
2666 5189 2782 5231 non
2827 5174 2928 5247 pro
2967 5192 3035 5232 eo
3077 5177 3220 5247 quod
3265 5175 3408 5232 Deus
3440 5179 3579 5236 bene

1991 5279 2121 5320 usus
2141 5271 2225 5320 est
2250 5277 2439 5320 eorum
2459 5267 2710 5335 operibus
2737 5267 2911 5336 malis,
2935 5267 3038 5324 sed
3072 5281 3174 5336 pro
3201 5280 3270 5322 eo
3295 5268 3444 5338 quod
3475 5270 3580 5340 ipsi

1991 5355 2136 5411 male
2163 5355 2317 5412 abusi
2369 5365 2496 5412 sunt
2545 5357 2645 5413 Dei
2693 5359 2951 5430 operibus
2981 5357 3162 5415 bouis.
3197 5357 3354 5417 Tales
3394 5361 3579 5432 itaque

1997 5447 2137 5504 Deus
2160 5449 2366 5520 aptavit
2385 5449 2446 5504 in
2474 5449 2748 5506 'nteritmn
2776 5449 3091 5524 panitinuis,
3115 5465 3277 5524 quem
3301 5464 3578 5525 pexatori

1988 5542 2164 5612 justus
2196 5540 2363 5612 judex
2397 5542 2870 5614 pmdestiaatioue
2891 5541 3037 5613 iusta
3073 5543 3333 5603 decrevit.
3370 5547 3490 5604 Non
3517 5548 3576 5606 in

1992 5641 2273 5705 peccatum
2309 5635 2459 5705 quod
2499 5636 2660 5692 homo
2688 5651 2798 5690 non
2831 5647 2909 5690 ex
2957 5639 3430 5709 maestitiam
3481 5638 3566 5695 di-

1989 5729 2135 5796 vina,
2165 5728 2263 5786 sed
2285 5744 2355 5785 ex
2375 5724 2652 5784 voluntate
2685 5744 2804 5798 sua,
2839 5730 2981 5788 male
3007 5732 3434 5803 concupiscendo
3453 5743 3574 5789 ωε

1983 5823 2090 5892 pit,
2119 5832 2177 5879 et
2195 5822 2337 5878 male
2363 5821 2636 5892 operando
2662 5822 2892 5894 perfecit
2919 5843 2934 5880 :
2957 5825 3397 5897 mspisoeatia
3421 5823 3568 5880 enim

1987 5917 2298 5987 concipiens
2343 5915 2554 5986 peperit
2601 5925 2913 5989 peccantur,
2944 5925 3225 5989 peccatu-
3258 5929 3396 5972 m
3431 5927 3567 5974 oon-
