4068 6472
471 462 594 542 ,ιιι

1521 464 1583 526 8.
1622 467 1988 526 FULGENTU
2026 466 2324 524 EPISCOPI
2362 464 2737 526 RUSPENSIS

3654 465 3773 548 ns.

484 583 810 658 summatum
866 591 1054 648 genui.
1095 586 1323 636 mortem
1354 579 1494 650 (Jac.
1544 597 1580 647 ι,
1637 580 1750 649 l5).
1788 581 1907 636 Non
1949 595 2078 650 ergo
2107 587 2152 642 Α
2182 595 2214 634 a
2243 579 2354 635 Deo
2383 581 2545 636 habet
2571 580 2775 636 donum
2803 589 2860 636 et
2885 580 3075 638 messis
3097 588 3154 637 et
3180 577 3418 638 seminis.
3441 578 3598 648 Quod
3623 579 3766 638 Pau-

487 671 656 742 iniqui
689 670 1050 742 pnedestinati
1079 679 1205 728 sunt
1243 672 1309 726 ad
1345 682 1574 728 mortem
1604 673 1796 727 anima:
1825 674 2070 744 primam,

464 749 582 817 sed
625 764 987 833 pra-destinati
1034 772 1161 818 sunt
1205 763 1269 816 ad
1316 763 1622 830 secundum,
1667 764 1720 819 id
1748 772 1830 818 est
1871 765 1937 820 ad
1963 772 2076 820 sta-

488 868 650 924 gnum
683 856 818 922 ignis
854 863 906 910 et
938 855 1224 925 sulphuris.
1260 855 1334 909 De
1382 872 1488 925 quo
1516 855 1704 909 beatus
1730 854 1962 910 Joannes
1989 854 2074 910 di-

489 949 564 1005 cit
596 966 608 1001 :
643 947 709 1004 Et
733 947 971 1003 diabolus
1011 948 1097 1020 qui
1133 947 1402 1002 seducebat
1425 965 1532 1013 eos,
1563 950 1749 1002 missus
1777 956 1853 1003 est
1887 948 1941 1002 in
1969 957 2078 1002 sta-

491 1055 647 1109 gnum
675 1039 808 1109 ignis
837 1048 885 1092 et
918 1038 1179 1105 sulphuris
1207 1038 1395 1108 (Apoc.
1423 1055 1513 1103 xx,
1543 1038 1630 1109 9).
1663 1037 1727 1093 Et
1772 1039 1877 1093 alio
1906 1038 2028 1094 loco
2059 1057 2072 1090 :

493 1129 563 1184 Et
593 1148 731 1185 mors
760 1139 808 1184 et
838 1131 1071 1200 infernus
1101 1131 1242 1184 missi
1283 1139 1401 1185 sunt
1423 1132 1477 1185 in
1499 1141 1739 1202 stagnum
1766 1133 1920 1204 ignis.
1950 1131 2078 1189 Hazc

493 1229 568 1272 est
591 1236 729 1273 mors
752 1220 997 1284 secunda.
1025 1219 1092 1273 Et
1111 1221 1195 1291 qui
1223 1221 1327 1292 23
1361 1237 1464 1276 non
1501 1232 1579 1276 est
1604 1224 1836 1277 inventus
1863 1223 1916 1276 in
1947 1221 2080 1278 libro

494 1311 611 1364 vita:
638 1311 881 1380 scriptus,
912 1312 1096 1365 missus
1131 1321 1207 1365 est
1239 1312 1293 1364 in
1319 1322 1560 1384 stagnum
1587 1314 1721 1385 ignis
1751 1312 1938 1386 (Ibid.,
1967 1312 2076 1383 14).

496 1401 700 1458 Rursus
727 1403 893 1458 dicit:
930 1403 1109 1458 Dubiis
1153 1414 1340 1470 autem,
1374 1416 1423 1460 et
1461 1406 1774 1477 inﬁdelibus,
1823 1415 1873 1461 et
1903 1416 2084 1461 conta-

495 1495 723 1554 minatis.
747 1502 798 1564 et
822 1493 1113 1557 homicidis,
1146 1505 1194 1550 et
1213 1497 1506 1566 impudicis,
1545 1507 1594 1551 et
1622 1499 1878 1571 veneﬁcis,
1901 1507 1950 1552 et
1978 1497 2087 1553 ido-

493 1584 558 1638 lis
598 1587 951 1653 servientibus,
993 1599 1042 1642 et
1082 1589 1315 1644 omnibus
1355 1589 1705 1655 mendacibus,
1744 1607 1867 1658 pars
1907 1607 2084 1645 eorum

492 1679 549 1733 in
577 1688 762 1750 stagno
789 1680 1026 1746 ardente,
1054 1691 1103 1735 et
1132 1682 1396 1752 sulphure,
1427 1683 1563 1754 quod
1587 1693 1663 1736 est
1689 1699 1827 1737 mors
1857 1682 2083 1737 secunda

497 1772 679 1840 (Apoc.
722 1789 846 1837 χιιι,
889 1771 966 1843 8).
1008 1772 1155 1827 Illam
1198 1774 1486 1829 secundam
1534 1783 1807 1845 nuncupat
1855 1784 2084 1829 mortem

2179 672 2232 727 lo
2253 680 2389 726 teste
2410 673 2780 739 cognovimus,
2817 673 2896 729 sic
2921 671 3062 728 enim
3085 673 3159 728 ait
3184 691 3198 727 :
3231 671 3332 739 Qui
3361 685 3530 730 autem
3561 674 3652 729 dat
3685 691 3770 730 se-

2179 780 2293 818 men
2319 764 2618 834 seminanti,
2647 775 2704 821 et
2723 783 2910 836 panem
2936 766 3004 819 ad
3033 767 3452 822 manducandum
3478 768 3764 839 praestabit,

2178 863 2229 909 et
2256 854 2614 925 multiplicabit
2641 873 2810 910 semen
2842 867 3102 931 vestrum,_
3131 868 3180 924 et
3217 859 3421 931 augebit
3449 860 3770 916 incrementa

2180 946 2385 1018 frugum
2401 947 2623 1017 justitia:
2649 957 2830 1003 vestrm
2860 946 2949 1020 (II
2978 928 3106 1004 Cor:
3136 966 3188 1006 lx
3206 990 3222 1016 ,
3255 928 3376 1020 ill).
3396 950 3497 1017 Qui
3524 966 3655 1006 vero
3681 965 3771 1007 se-

2179 1035 2350 1089 minat
2391 1035 2444 1090 in
2483 1051 2668 1106 carne,
2707 1047 2763 1093 et
2808 1037 2876 1094 de
2918 1055 3081 1096 carne
3126 1049 3294 1096 metet
3331 1045 3768 1112 corruptionem;

2183 1128 2305 1183 ideo
2351 1144 2459 1198 non
2507 1128 2773 1186 ltctabitur
2816 1132 2870 1188 in
2909 1149 3104 1203 messe,
3151 1137 3276 1204 quia
3304 1151 3413 1191 non
3461 1135 3647 1201 Deum,
3675 1135 3774 1192 sed

2179 1217 2416 1287 seipsum
2447 1219 2635 1274 habuit
2659 1231 2935 1278 auctorem
2982 1224 3034 1278 in
3068 1225 3292 1281 semine.
3342 1227 3562 1282 I'eccata
3595 1227 3776 1297 itaque

2181 1309 2461 1366 hominum
2485 1320 2679 1368 cuncta
2707 1313 2925 1382 quidem
2962 1315 3108 1381 (Deus
3141 1317 3196 1372 in
3235 1319 3608 1388 peccatoribus
3636 1335 3776 1389 prae-

2183 1401 2339 1458 scivit
2361 1399 2575 1470 futura;
2604 1411 2661 1459 et
2687 1406 2812 1474 quia
2854 1406 2970 1477 ipse
3017 1425 3124 1465 non
3165 1425 3228 1466 ea
3269 1413 3668 1483 praedestinavit
3697 1414 3778 1468 fa-

2183 1499 2393 1564 cienda,
2432 1499 2578 1568 juste
2613 1499 3010 1570 praedestinavit
3053 1500 3255 1570 judicio
3300 1504 3588 1573 punienda.
3622 1502 3779 1570 Quod

2183 1593 2346 1648 etiam
2377 1593 2432 1648 in
2459 1593 2587 1664 ipsis
2615 1593 2773 1650 dictis
2802 1594 2976 1650 sancti
3015 1594 3316 1666 Augustini,
3348 1611 3467 1666 quae
3496 1604 3600 1652 tute
3643 1598 3781 1652 inse-

2185 1683 2339 1738 ruisti
2369 1683 2632 1755 epistolae,
2679 1685 2726 1740 si
2777 1685 3109 1752 consideres,
3171 1688 3416 1757 profecto
3463 1702 3777 1757 cognosces,

2185 1777 2277 1846 qui
2299 1785 2582 1848 postquam
2606 1776 2742 1833 dixit
2767 1795 2779 1831 :
2817 1797 2835 1830 ι
2862 1777 2977 1834 Hoc
3001 1792 3130 1847 ergo
3155 1780 3375 1846 bonum,
3397 1780 3538 1850 quod
3569 1789 3653 1835 est
3693 1796 3780 1835 re-

494 1876 612 1931 qua:
635 1864 966 1933 sequitur‘ex
997 1865 1262 1920 sententia
1283 1865 1411 1934 justi
1429 1863 1646 1934 judicis,
1669 1882 1773 1919 non
1798 1865 1941 1919 illam
1967 1879 2094 1938 quae,
2187 1869 2402 1940 quirere
2440 1869 2629 1935 Deum,
2669 1887 2774 1925 non
2823 1879 2936 1924 erat
2967 1872 3051 1943 qui
3083 1873 3294 1941 faceret,
3339 1887 3443 1925 non
3479 1880 3589 1925 erat
3625 1886 3782 1944 usque

495 1957 768 2025 praecessit
808 1957 861 2012 in
908 1959 1048 2012 mala
1105 1959 1535 2028 concupiscentia
1583 1959 1912 2029 peccatoris.
1968 1957 2084 2025 Qua
2117 1959 2161 2022 Β
2189 1963 2258 2016 ad
2285 1979 2445 2016 unum
2469 1962 2642 2031 (Psal.
2671 1980 2761 2027 ιιι,
2791 1962 2882 2034 4);
2919 1984 2937 2014 ι
2973 1963 3066 2019 sed
3096 1965 3148 2018 iu
3170 1979 3236 2019 eo
3263 1978 3461 2033 genere
3488 1965 3630 2035 quod
3653 1979 3782 2034 prab-

495 2058 671 2104 morte
699 2049 950 2102 Salvator
977 2050 1238 2118 quosdam
1269 2058 1510 2105 mortuos
1538 2049 1833 2115 asserebat,
1864 2050 2047 2106 dicens
2071 2067 2083 2104 :

496 2137 713 2194 Dimitte
766 2151 991 2197 mortuos
1043 2144 1258 2214 sepelire
1306 2154 1533 2200 mortuos
1579 2161 1701 2200 suos
1723 2145 1936 2218 (Matth.
1975 2162 2088 2215 vm,

498 2228 609 2301 29.).
642 2229 707 2284 Et
747 2232 1038 2302 Apostolus
1083 2235 1151 2290 de
1179 2234 1337 2289 vidua
1373 2253 1384 2288 :
1419 2233 1548 2299 Qua:
1581 2244 1752 2290 autem
1793 2238 1849 2290 in
1890 2237 2090 2294 deliciis

495 2334 572 2379 est
618 2327 786 2381 vivens
834 2336 1036 2382 mortua
1087 2338 1164 2383 est
1193 2327 1245 2399 (I
1276 2327 1463 2385 Timot.
1502 2346 1554 2396 v,
1593 2329 1670 2400 6).
1705 2330 1784 2384 Ad
1829 2330 2092 2401 Ephesios

496 2430 712 2485 quoque
741 2418 820 2472 sic
848 2417 1084 2486 loquitur
1116 2436 1128 2468 :
1159 2417 1230 2472 Et
1258 2436 1366 2484 vos,
1398 2437 1514 2474 cum
1557 2423 1736 2476 essetis
1776 2423 1966 2477 mortui
1998 2420 2091 2478 d'e-

490 2508 634 2581 lictis
663 2521 714 2563 et
757 2513 982 2581 peccatis
1023 2514 1234 2577 vestris,
1282 2515 1336 2568 in
1376 2515 1558 2587 quibus
1605 2516 1885 2588 aliquando
1919 2516 2092 2571 ambu-

499 2600 668 2665 lastis,
727 2601 1004 2655 secundum
1050 2604 1294 2658 sceculum
1346 2606 1527 2659 mundi
1581 2606 1753 2676 hujus,
1811 2606 2090 2662 secundum

498 2692 782 2760 principem
808 2694 1079 2762 potestatis
1102 2694 1239 2748 aeris
1259 2694 1434 2766 hujus,
1456 2696 1688 2766 spiritus,
1707 2697 1792 2766 qui
1812 2712 1949 2754 nunc
1969 2714 2090 2766 ope-

499 2791 650 2836 ratur
678 2783 733 2837 in
761 2783 888 2854 filiis
916 2784 1234 2854 difﬁdentiae,
1282 2786 1336 2840 in
1372 2786 1552 2857 quibus
1591 2798 1642 2840 et
1677 2803 1769 2841 nos
1793 2803 1970 2842 omnes
1989 2787 2092 2842 ali-

497 2873 702 2942 quando
727 2877 1016 2930 conversati
1043 2893 1240 2942 sumus,
1270 2878 1325 2930 in
1359 2877 1632 2936 desideriis
1671 2879 1845 2933 carnis
1874 2891 2086 2945 nostras,

497 2964 748 3035 facientes
771 2966 1087 3023 voluntatem
1124 2970 1297 3024 carnis
1333 2977 1383 3023 et
1423 2972 1818 3043 cogitationum.
1859 2970 1932 3026 Et
1972 2989 2092 3027 era-

496 3073 610 3113 mus
646 3070 835 3114 natura
863 3062 962 3130 ﬁlii
989 3063 1102 3126 irte,
1127 3063 1261 3117 sicut
1288 3071 1337 3118 et
1367 3064 1570 3129 cteteri;
1601 3063 1742 3119 Deus
1782 3073 1974 3128 autem,
2002 3065 2090 3136 qui

499 3149 636 3205 dives
664 3159 741 3206 est
786 3153 842 3205 in
879 3153 1264 3220 misericordia,
1303 3163 1512 3225 propter
1558 3156 1773 3209 nimiam
1820 3156 2092 3210 caritatem

498 3258 667 3308 suam,
695 3260 796 3314 qua
820 3243 1001 3298 dilexit
1028 3261 1144 3311 nos,
1169 3253 1217 3298 et
1248 3261 1359 3299 cum
1380 3262 1604 3300 essemus
1626 3246 1814 3300 mortui
1843 3247 2089 3315 peccatis,

2190 2056 2515 2112 destinatum
2547 2066 2628 2112 est
2652 2057 2717 2110 ad
2749 2058 3044 2125 interitum,
3069 2058 3248 2113 statim
3276 2066 3493 2113 secutus
3516 2057 3778 2127 adjunxit,

2191 2147 2418 2205 dicens:
2459 2149 2567 2220 24,
2614 2167 2632 2200 ι
2667 2149 2844 2219 Super
2885 2149 2991 2204 hoc
3038 2150 3180 2204 enim
3223 2149 3460 2218 respexit
3506 2147 3601 2203 Dei
3646 2164 3780 2218 prae.

2192 2241 2436 2306 scientia,
2478 2241 2809 2312 protulitque
2845 2242 3188 2298 sententiam.
3227 2261 3245 2293 ι
3289 2241 3493 2311 Nempe
3533 2241 3664 2295 satis
3698 2249 3783 2295 at-

2192 2347 2298 2403 que
2326 2332 2605 2389 evidenter
2631 2331 2716 2387 bis
2758 2331 2914 2388 dictis
2941 2331 3195 2396 ostendit,
3239 2331 3363 2400 quia
3393 2331 3536 2386 Deus
3563 2339 3783 2403 peccata

2193 2423 2468 2480 hominum
2507 2423 2846 2493 pnescientia
2887 2423 3040 2488 vidit,
3081 2422 3275 2492 quibus
3302 2422 3625 2479 sententiam
3651 2435 3783 2492 prte-

2193 2516 2553 2573 destinatioue
2574 2516 2814 2572 dictavit.
2847 2515 2986 2582 Quid
3007 2515 3151 2570 enim
3179 2515 3323 2570 aliud
3352 2515 3600 2586 accipere
3620 2515 3783 2570 debe-

2193 2625 2331 2674 mus,
2369 2609 2423 2664 in
2465 2609 2568 2665 hac
2603 2609 2906 2679 prolatione
2943 2607 3221 2664 sententiae
3266 2606 3380 2672 Dei,
3409 2606 3513 2662 nisi
3539 2613 3785 2677 paratum

2193 2700 2512 2772 supplicium
2560 2700 2878 2771 peccaturi?
2917 2698 3072 2755 Juste
3108 2706 3286 2754 autem
3328 2707 3411 2754 est
3449 2697 3518 2752 ad
3555 2698 3787 2767 punitio-

2194 2807 2318 2849 nem
2346 2792 2527 2847 divina
2558 2791 2812 2862 aequitate
2839 2791 3267 2862 praedestinatus,
3298 2789 3390 2860 qui
3429 2802 3682 2860 peccator
3705 2796 3787 2845 est

2195 2885 2378 2940 divina
2409 2883 2720 2952 cognitione
2763 2884 3081 2954 prmscitus;
3113 2891 3173 2938 ut
3209 2891 3364 2953 pote,
3406 2881 3497 2953 qui
3537 2881 3787 2952 iniquita-

2196 2987 2325 3045 tem,
2350 2977 2419 3034 ad
2447 2993 2606 3049 quam
2637 2993 2668 3032 a
2698 2976 2812 3032 Deo
2847 2992 2952 3032 non
2995 2983 3080 3032 est
3105 2975 3539 3046 pmdestinatus,
3571 2973 3787 3046 propria

2195 3081 2339 3128 esset
2359 3072 2640 3128 voluntate
2665 3069 2925 3126 facturus.
2978 3067 3048 3124 Ut
3091 3068 3144 3124 in
3183 3083 3292 3139 quo
3329 3067 3661 3138 prtescientia
3690 3064 3786 3121 Dei

2195 3162 2414 3220 videbat
2453 3160 2688 3216 futurum
2727 3174 2864 3230 opus
2910 3158 3190 3229 injustum,
3219 3159 3345 3214 huic
3384 3174 3481 3229 per
3511 3155 3784 3228 puedesti-

2197 3254 2433 3309 nationis
2459 3245 2782 3309 sententiam
2808 3259 3025 3322 pararet
3051 3252 3372 3323 supplicium
3394 3251 3613 3321 justum.

499 3333 872 3402 conviviﬁcavit
897 3349 990 3387 nos
1014 3331 1218 3389 Christo
1247 3335 1458 3404 (Ephes.
1494 3352 1549 3400 ιι,
1585 3335 1658 3405 1).
1692 3335 1767 3389 De
1794 3335 1895 3395 hac
1919 3345 2090 3392 morte

2200 3352 2381 3409 CAPUT
2429 3368 2615 3425 xxvm.
2665 3350 3016 3422 Conﬁrmatur
3054 3367 3126 3425 ea:
3169 3353 3230 3408 S.
3272 3353 3558 3425 Augustino
3599 3349 3785 3425 nullius

499 3440 608 3498 qua
650 3425 815 3481 homo
843 3435 924 3482 est
953 3435 1198 3481 mortuus
1229 3428 1280 3481 in
1321 3428 1555 3498 peccatis
1583 3426 1712 3484 dicit
1742 3427 1920 3484 Deus:
1953 3427 2094 3485 Nolo

499 3527 719 3574 mortem
766 3518 1054 3584 morientis,
1085 3518 1176 3574 sed
1210 3528 1266 3572 ut
1303 3527 1589 3573 revertatur
1621 3536 1654 3573 a
1694 3521 1777 3574 via
1809 3537 1904 3574 sua
1936 3519 2092 3587 mala,

499 3618 550 3665 et
577 3612 712 3666 vivat
741 3612 917 3665 anima
955 3612 1066 3682 ejus
1098 3608 1311 3680 (Ezech.
1351 3627 1498 3676 xvm,
1535 3610 1648 3666 52'.
1689 3610 1972 3678 Quomodo
1999 3627 2097 3667 au-

503 3709 614 3758 tem
645 3702 712 3756 ad
734 3711 964 3757 mortem
986 3703 1191 3772 peccati
1222 3702 1633 3772 prmdestinasse
1661 3702 1800 3756 Deus
1821 3702 2092 3758 hominem

501 3795 761 3860 creditur,
805 3809 965 3864 quam
1006 3796 1122 3864 ipse
1165 3809 1226 3850 se
1282 3793 1426 3849 nolle
1476 3795 1743 3849 testatur?
1786 3793 1929 3850 Mors
1965 3808 2096 3863 ergo

500 3885 604 3941 ista
634 3885 944 3952 morientis,
991 3887 1078 3941 via
1118 3902 1214 3942 sua
1266 3887 1404 3941 mala
1457 3894 1581 3942 est:
1614 3901 1733 3954 quae
1777 3887 1902 3958 quia
1932 3888 2093 3953 mala,

500 3969 616 4031 Deo
638 3977 837 4044 ignota.
870 3975 1142 4047 Scriptum
1182 3993 1414 4048 namque
1442 3987 1525 4032 est
1555 3995 1568 4031 :
1612 3976 1738 4034 Vias
1767 3979 1901 4032 enim
1930 3995 2043 4050 qnw
2065 3995 2097 4032 a

503 4069 702 4122 dextris
721 4078 860 4133 sunt,
884 4070 1018 4124 novit
1047 4068 1326 4131 Dominus:
1351 4084 1602 4141 perversa
1627 4079 1796 4124 autem
1823 4079 1962 4134 sunt,
1985 4085 2097 4141 qua:

503 4177 538 4215 α
562 4161 789 4216 sinistris
817 4171 936 4215 sunt
968 4159 1146 4231 (Prov.
1190 4178 1260 4228 Iv,
1295 4161 1407 4233 27).
1440 4162 1570 4218 Vias
1603 4176 1753 4230 ergo,
1794 4177 1926 4230 quas
1957 4160 2099 4217 Deus

505 4249 654 4317 fecit,
677 4251 850 4320 novit,
878 4266 1013 4322 quas
1040 4267 1148 4306 non
1177 4251 1322 4320 fecit,
1355 4251 1552 4321 perdit,
1593 4252 1717 4321 quia
1740 4267 1834 4308 eas
1861 4267 1968 4306 non
2000 4266 2098 4305 no-

505 4343 604 4398 vit.
637 4340 790 4398 Unde
816 4343 1079 4413 scriptum
1108 4351 1191 4398 est
1220 4360 1233 4396 :
1268 4341 1428 4398 Novit
1460 4341 1717 4397 Dominus
1758 4344 1893 4397 viam
1927 4343 2099 4412 justo-

487 4453 641 4504 .rum,
662 4445 713 4492 et
751 4438 851 4492 iter
877 4439 1150 4509 impiorum
1178 4435 1363 4507 peribit
1389 4435 1563 4505 (Psal.
1597 4453 1637 4504 ι,
1672 4435 1749 4506 6).
1791 4435 1882 4492 Ille
1917 4436 2094 4506 igitur,

507 4528 601 4599 qui
630 4527 733 4584 scit
759 4529 940 4585 omnia
961 4537 1251 4599 antequam
1274 4527 1424 4590 fiant,
1449 4535 1508 4582 et
1533 4526 1687 4597 cujus
1711 4528 1854 4582 oculi
1875 4529 1927 4582 in
1950 4529 2097 4584 omni

509 4619 632 4676 loco
670 4620 1015 4692 speculantur
1050 4619 1226 4675 bonos
1253 4626 1310 4674 et
1335 4617 1527 4684 malos,
1557 4617 1711 4688 cujus
1739 4619 1899 4673 etiam
1929 4620 2097 4675 imitus

2274 3426 2515 3478 humana:
2533 3423 2699 3492 culpae
2719 3439 2928 3476 causam
2958 3426 3011 3477 in
3042 3422 3208 3476 Deum
3235 3422 3718 3495 esse'rejerendam.

2275 3513 2531 3583 Quamvis
2561 3513 2720 3586 igitur
2749 3522 2803 3568 tu
2838 3514 2973 3584 ipse,
3003 3514 3291 3582 ceterique
3323 3513 3396 3568 tui
3436 3513 3640 3568 similes
3680 3520 3785 3568 stu-

2198 3606 2288 3662 dio
2318 3605 2549 3673 legendi,
2579 3605 2665 3660 vel
2705 3604 2992 3660 velocitate
3031 3605 3379 3673 intelligendi,
3414 3619 3484 3659 ex
3523 3603 3628 3659 hoc
3670 3603 3785 3660 loec

2197 3697 2464 3754 dictorum
2499 3696 2671 3751 sancti
2711 3694 3013 3764 Augustini,
3035 3710 3154 3766 quae
3192 3695 3244 3749 in
3295 3703 3383 3748 tua
3436 3693 3666 3763 epistola
3695 3708 3790 3763 po-

2198 3790 2372 3855 suisti,
2413 3790 2664 3845 facillime
2710 3790 3068 3858 cognoscatis,
3100 3788 3228 3858 quid
3272 3787 3572 3843 catholicus
3597 3786 3790 3842 habeat

2199 3865 2503 3937 intellectus
2539 3881 2606 3936 de
2651 3881 2734 3938 his
2779 3897 2915 3950 quos
2952 3881 3017 3935 ad
3061 3880 3333 3935 interitum
3384 3879 3792 3950 praedestinatos

2200 3975 2483 4039 audimus,
2518 3983 2698 4029 tamen
2743 3989 2811 4028 ne
2859 3973 3125 4029 tardiores
3165 3974 3362 4043 quique
3407 3972 3551 4028 hunc
3581 3979 3790 4028 tantum

2180 4066 2375 4121 locum
2406 4066 2582 4121 minus
2611 4066 2710 4121 sibi
2741 4074 2929 4136 putent
2972 4065 3022 4120 in
3049 4066 3173 4136 hac
3199 4065 3496 4136 quaestione
3521 4064 3788 4133 subicere,

2199 4158 2267 4214 de
2292 4159 2410 4214 aliis
2438 4174 2656 4229 quoque
2699 4159 2872 4213 sancti
2920 4158 3202 4228 Augustini
3239 4158 3388 4214 libris
3419 4158 3664 4228 quaedam
3709 4159 3790 4214 in-

2198 4250 2363 4312 serui,
2395 4250 2588 4319 quibus
2617 4249 2798 4305 docuit
2837 4249 3085 4304 humana:
3121 4249 3415 4318 iniquitatis
3442 4265 3661 4305 causam
3704 4265 3792 4305 so-

2200 4340 2306 4396 lam
2336 4357 2456 4397 esse
2480 4341 2806 4416 superbiam,
2835 4357 2934 4398 nec
2953 4342 3020 4398 ad
3049 4341 3376 4412 peccandum
3405 4343 3670 4409 homines,
3699 4340 3791 4397 sed

2200 4434 2267 4489 ad
2323 4433 2727 4490 damnationem
2779 4434 3189 4506 praedestinatos
3231 4450 3263 4490 a
3307 4432 3439 4498 Deo,
3471 4435 3563 4504 qui
3601 4442 3657 4488 ut
3683 4449 3792 4490 non

2199 4527 2520 4597 adjuventur
2547 4542 2577 4581 a
2607 4507 2832 4595 Deo,'in
2862 4528 2993 4598 ipsis
3019 4543 3182 4583 causa
3209 4534 3311 4590 est,
3354 4541 3461 4581 non
3492 4528 3544 4583 in
3574 4525 3707 4582 Deo.
3735 4524 3792 4580 in

2199 4619 2338 4675 libro
2375 4620 2558 4688 itaque
2601 4619 2839 4675 secundo
2889 4619 2956 4674 de
3001 4618 3276 4689 Baptismo
3326 4617 3670 4688 parvulorum
3726 4616 3792 4673 ad

507 4725 663 4780 super
691 4711 939 4781 facientes
977 4709 1139 4771 mala.
1186 4716 1243 4762 ut
1293 4708 1477 4778 perdat
1520 4707 1585 4762 de
1631 4715 1772 4762 terra
1797 4710 2099 4764 memoriam
2127 4727 2182 4787 D
2204 4711 2569 4768 Marcellinum
2606 4711 2868 4777 scribens,
2899 4711 3038 4766 inter
3070 4711 3175 4765 alia
3202 4710 3280 4766 sic
3316 4709 3447 4764 dicit
3469 4705 3615 4781 (Cap.
3652 4707 3742 4779 Π)
3773 4724 3789 4763 :

507 4815 690 4856 eorum
716 4798 889 4870 (Psal.
913 4814 1099 4865 χχχιιι,
1132 4797 1244 4868 17,,
1270 4798 1394 4855 ideo
1417 4799 1556 4853 viam
1579 4797 1772 4853 malam
1793 4815 1900 4855 non
1923 4800 2094 4868 novit,

487 4892 770 4961 nonquia
805 4889 1087 4948 scientiam
1115 4890 1279 4962 ipsius
1321 4891 1522 4961 aliquid
1560 4892 1614 4946 in
1643 4891 1894 4961 operibus
1921 4890 2096 4947 homi-

509 4997 638 5038 num
660 4979 818 5051 fugit,
845 4980 941 5036 sed
967 4982 1092 5051 quia
1121 4991 1350 5038 mortem
1379 4983 1659 5040 morientis
1682 4999 1787 5040 non
1817 4981 1972 5043 fecit;
2003 4982 2094 5052 qui

511 5080 694 5127 tamen
724 5078 948 5126 mortem
988 5079 1202 5128 mortuo
1235 5071 1382 5142 juste
1423 5073 1690 5128 retribuit.
1730 5069 1906 5126 Prima
1936 5071 2098 5142 igitur

469 5154 480 5195 ν
513 5177 661 5218 mors
687 5162 900 5228 animae,
929 5177 1090 5234 quam
1118 5164 1220 5220 sibi
1254 5165 1416 5220 homo
1444 5164 1640 5231 intulit,
1683 5163 1932 5220 secunda:
1959 5178 2098 5218 mor-

511 5257 582 5312 tis
610 5263 694 5312 est
733 5271 894 5313 causa
925 5274 939 5309 :
974 5265 1029 5311 et
1055 5256 1288 5314 secunda
1327 5273 1474 5312 mors
1512 5271 1675 5327 quam
1714 5254 1856 5310 Deus
1894 5253 2098 5310 homini

513 5346 765 5413 reddidit,
797 5349 983 5419 prima:
1010 5351 1199 5405 mortis
1244 5358 1328 5405 est
1355 5363 1537 5419 paena.
1566 5347 1635 5402 Et
1656 5348 1780 5416 quia
1810 5348 1968 5401 istam
1996 5347 2098 5402 sibi

509 5437 676 5494 homo
699 5437 925 5508 iujustus
954 5439 1148 5510 injuste
1169 5440 1368 5505 intulit,
1387 5439 1528 5494 illam
1545 5452 1575 5492 a
1592 5445 1739 5506 justo
1755 5434 1936 5506 judice
1951 5435 2098 5506 juste

509 5531 774 5601 percepit,
795 5542 854 5588 ut
873 5534 998 5604 quia
1016 5535 1068 5588 in
1091 5536 1191 5590 ista
1211 5533 1401 5589 volens
1420 5546 1605 5587 semen
1628 5529 1922 5599 iniquitatis
1936 5530 2098 5584 semi-

508 5629 605 5676 nat
628 5634 880 5694 peccator
907 5627 1269 5698 improvidus,
1330 5625 1383 5680 in
1432 5624 1522 5680 illa
1547 5631 1715 5677 metut
1739 5620 1966 5678 fructum
1996 5640 2098 5694 pu-

509 5717 730 5774 nitionis
758 5721 957 5776 invitus
988 5739 1000 5774 :
1033 5719 1134 5784 Qui
1172 5721 1307 5774 enim
1348 5717 1570 5772 seminat
1607 5717 1664 5770 in
1700 5733 1856 5771 carne
1876 5733 1990 5781 sua,
2036 5717 2100 5772 de

507 5824 664 5866 same
684 5821 835 5867 metet
860 5814 1238 5882 corruptionem
1261 5827 1280 5865 :
1301 5811 1388 5884 qui
1416 5819 1587 5865 autem
1623 5810 1844 5864 seminat
1864 5810 1918 5864 in
1937 5811 2095 5882 spiri-

504 5908 582 5967 tu,
607 5903 675 5958 de
691 5906 876 5975 spiritu
902 5913 1054 5958 metet
1079 5904 1234 5960 vitam
1254 5915 1500 5961 teternam
1522 5902 1662 5977 (Gal.
1683 5919 1756 5972 vx,
1777 5903 1856 5974 8).
1881 5903 1989 5961 Sed
2008 5905 2094 5977 qui

503 5995 730 6052 seminat
754 5997 813 6054 in
841 5996 1057 6066 spiritu,
1088 6007 1140 6056 et
1164 5999 1227 6056 de
1245 6000 1428 6069 spiritu
1463 6009 1616 6057 metet
1640 5999 1794 6056 vitam
1822 6007 2087 6060 «sternam.

2212 4823 2231 4856 s
2261 4803 2562 4874 Ignorantia
2607 4803 2769 4874 igitur
2808 4810 2863 4858 et
2899 4803 3180 4857 inﬁrmitas
3205 4801 3332 4856 vitia
3361 4808 3505 4863 sunt,
3533 4813 3654 4869 quae
3690 4799 3793 4854 im-

2201 4897 2425 4968 pediunt
2451 4894 2804 4958 voluntatem,
2835 4909 2905 4949 ne
2930 4902 3211 4949 moveatur
3237 4891 3302 4948 ad
3333 4891 3631 4948 faciendum
3659 4905 3794 4962 opus

2202 4987 2446 5050 bonum;
2470 4986 2556 5042 vel
2593 4986 2662 5041 ab
2709 4999 2876 5055 opere
2915 4983 3059 5039 malo
3094 4981 3488 5039 abstinendum.
3517 4979 3588 5035 Ut
3612 4989 3794 5036 autem

2203 5081 2511 5137 innotescat
2536 5079 2679 5150 quod
2711 5077 2933 5141 latebat,
2977 5085 3033 5132 et
3067 5079 3233 5132 suave
3262 5074 3354 5130 fiat
3381 5073 3524 5148 quod
3557 5089 3667 5129 non
3697 5073 3796 5130 de-

2203 5173 2457 5237 lectabat,
2489 5171 2674 5241 gratiae
2703 5169 2800 5225 Dei
2827 5178 2930 5231 est,
2962 5175 3080 5240 quae
3110 5168 3204 5240 (al.
3232 5167 3358 5241 qua)
3399 5168 3675 5224 hominum
3702 5165 3795 5222 ad-
3828 5163 3830 5166 ’

2198 5264 2352 5336 juvat
2377 5265 2710 5328 voluntates,
2751 5277 2856 5333 qua
2886 5261 2980 5334 (at.
3016 5261 3163 5334 quia)
3202 5270 3261 5317 ut
3298 5277 3406 5317 non
3449 5260 3793 5330 adjuventur,

2204 5355 2258 5410 in
2287 5354 2417 5426 ipsis
2443 5353 2626 5410 itidem
2653 5368 2818 5410 causa
2847 5361 2953 5417 est,
2979 5368 3087 5410 non
3123 5352 3176 5408 in
3206 5352 3337 5420 Deo,
3367 5353 3482 5409 sive
3501 5351 3795 5408 damnandi

2201 5446 2568 5518 prtedestiuati
2593 5445 2697 5504 sint
2732 5453 2957 5516 propter
2982 5445 3320 5515 iniquitatem
3355 5445 3642 5516 superbiae,
3671 5445 3795 5501 sive

2201 5547 2388 5595 contra
2435 5540 2606 5610 ipsam
2645 5538 2952 5608 superbiam
2986 5537 3261 5607 judicandi
3299 5545 3356 5594 et
3393 5536 3706 5599 erudiendi,
3746 5535 3790 5591 si

2202 5629 2295 5687 filii
2322 5631 2431 5686 sint
2454 5629 2853 5685 misericordiae.
2891 5648 2910 5682 ι
2942 5627 3043 5686 Hic
3087 5630 3270 5686 statim
3296 5637 3515 5685 sanctus
3541 5627 3792 5696 Augusti-

2198 5737 2302 5778 nus
2326 5721 2690 5778 testimonium
2711 5721 2989 5792 prophetae
3015 5721 3306 5792 subjunxit,
3331 5721 3553 5778 dicens:
3583 5738 3604 5773 ι
3637 5717 3790 5775 Unde

2196 5813 2480 5879 Jeremias,
2512 5830 2634 5870 cum
2672 5814 2916 5883 dixisset,
2963 5813 3108 5879 Scio,
3139 5811 3382 5880 Domine,
3411 5813 3656 5886 quoniam
3681 5827 3789 5868 non

2195 5917 2272 5963 est
2301 5908 2356 5963 in
2378 5907 2586 5964 homine
2604 5909 2687 5963 via
2712 5911 2844 5982 ejus,
2878 5925 2972 5964 nec
3004 5908 3100 5962 viri
3125 5916 3203 5963 est
3233 5917 3290 5963 ut
3316 5911 3558 5976 ambulet,
3582 5920 3636 5968 et
3655 5909 3786 5967 diri-

2194 6009 2283 6073 gat
2327 6017 2528 6070 qrsssus
2565 6018 2684 6060 suos
2710 6000 2922 6071 (let-em.
2956 6016 3009 6069 s,
3042 6000 3153 6073 23),
3177 6002 3433 6064 continuo
3472 6001 3784 6075 subjunxit,
