4068 6484
1185 333 1226 352 η,
1246 322 1348 342 ’.θ”ι
1389 327 1490 352 ρει-ο

313 429 408 496 I71

1618 425 1710 484 AD
1744 423 2065 485 MONIMUM
2103 425 2227 482 LIB.
2269 425 2307 488 Ι.

3467 411 3570 476 £78

194 601 209 610 .
313 547 518 621 Corripe
541 561 641 613 me,
672 543 913 610 Domine,
937 517 1282 600 uerumtamen
1305 543 1360 599 in
1378 541 1597 615 judicio,
1628 551 1801 597 etnon
1829 543 1883 596 in
1914 546 1966 607 Α
1988 541 2113 611 quia
2159 538 2388 595 inultum
2422 551 2531 594 non
2582 529 2922 610 relinquitur,
2960 531 3109 607 quod
3150 529 3267 588 sine
3307 536 3573 605 operante

313 648 475 702 'urore
507 653 610 697 tuo.
643 639 921 711 Tanquam
946 638 1153 694 diceret
1181 656 1204 708 :_
1227 636 1352 694 Scio
1389 637 1456 692 ad
1490 637 1886 708 correptionem

307 753 477 795 meant
509 735 798 806 pertinere,
827 731 972 803 quod
1001 732 1177 787 minus
1204 731 1300 786 abs
1329 738 1381 785 te
1408 729 1652 808 adquor,
1681 738 1738 784 ιιι
1766 744 1889 799 per-

312 812 448 885 fecte
483 828 781 896 dirigantur
809 839 1026 894 gressus
1073 824 1200 880 mei.
1245 822 1625 878 Verumtamen
1667 820 1737 876 ob
1784 820 1890 876 hoc

312 921 476 992 ipsum
508 918 617 974 noli
649 919 728 973 sic
757 932 965 972 mecum
1005 930 1186 986 agere,
1218 922 1468 984 tanquam
1499 914 1550 969 in
1581 913 1758 968 furore
1781 927 1890 983 quo

311 1010 521 1080 iniquos
543 1009 798 1065 damnare
817 1009 1070 1074 statuisti,
1095 1007 1186 1063 sed
1209 1018 1459 1078 tanquam
1483 1007 1535 1061 in
1561 1005 1763 1076 judicio
1783 1020 1891 1075 quo

308 1101 467 1158 doces
517 1111 635 1158 tuos
663 1115 770 1157 non
812 1099 1107 1170 superbire.
1171 1097 1320 1154 Unde
1385 1098 1508 1152 alibi
1549 1098 1744 1154 dicitur
1777 1116 1790 1150 :
1822 1095 1893 1152 Et

307 1195 503 1272 judicia
533 1204 618 1246 tua
647 1190 962 1262 adjuvabnnt
980 1208 1059 1245 me
1077 1189 1247 1263 (Psal.
1270 1206 1447 1250 cxvut.
1476 1187 1618 1259 175).
1642 1209 1660 1241 ι
1689 1189 1895 1259 Supra-

307 1286 507 1342 dictum
538 1285 718 1354 itaque
754 1281 1118 1339 Marcellinum
1149 1281 1239 1336 tali
1268 1280 1510 1338 doctrina
1541 1290 1758 1337 sanctus
1783 1280 1894 1337 Au-

305 1378 547 1450 gustinus
569 1376 879 1442 informans,
902 1375 1143 1446 sequitur
1163 1383 1219 1429 et
1238 1375 1365 1430 dicit
1391 1392 1404 1428 :
1437 1394 1454 1427 ι
1484 1373 1688 1430 Nullius
1710 1375 1894 1446 proin-

304 1472 371 1525 de
399 1468 573 1538 (ulpze
602 1468 845 1522 humanae
873 1467 924 1521 in
953 1466 1116 1521 Deum
1147 1465 1347 1522 referas
1375 1482 1612 1530 causam,
1639 1467 1894 1523 vitiorum

304 1574 538 1630 namque
571 1558 809 1613 omnium
861 1557 1217 1613 humanorum
1249 1573 1408 1613 causa
1455 1559 1703 1629 superbia
1733 1567 1837 1615 est.
1868 1579 1888 1613 ι

302 1647 357 1706 In
387 1650 506 1706 istis
529 1651 701 1705 sancti
731 1648 1009 1718 Augustini
1031 1649 1187 1704 dielis
1216 1650 1451 1714 attende,
1479 1665 1684 1720 quaeso,
1709 1651 1780 1705 mi
1805 1666 1897 1706 ca-

301 1747 537 1803 rissime.
571 1743 806 1799 Primum
842 1743 966 1813 quia
998 1751 1054 1796 ut
1096 1758 1203 1796 non
1235 1742 1480 1798 homines
1519 1742 1838 1812 adjuvantur
1864 1758 1895 1798 a

302 1837 434 1905 Deo,
448 1838 504 1892 in
522 1837 652 1908 ipsis
663 1851 824 1890 causa
838 1850 955 1890 esse
970 1835 1184 1900 dicitur,
1198 1849 1305 1888 non
1320 1834 1370 1889 in
1388 1834 1515 1889 Deo.
1536 1833 1754 1898 Deinde,
1772 1835 1895 1903 quia

301 1941 527 2002 propter
572 1929 906 1998 iniquitatem
957 1925 1219 1996 Superbia:
1257 1927 1613 1996 praedestinati
1643 1926 1896 1983 dicuntur
1927 1937 1976 2000 Β

301 2020 609 2088 damnandi,
641 2019 784 2092 quod
827 2019 1060 2089 pertinet
1103 2018 1169 2072 ad
1209 2016 1491 2086 judicium,
1541 2033 1646 2072 non
1695 2015 1894 2087 depra-

301 2113 479 2178 vandi,
510 2111 654 2183 quod
686 2111 919 2182 pertinet
939 2110 1006 2165 ad
1035 2119 1334 2180 peceatum.
1360 2108 1544 2164 Tertio
1572 2109 1736 2164 etiam
1763 2124 1897 2164 con-

300 2205 502 2273 sidera,
531 2204 655 2274 quia
687 2203 882 2258 nullius
911 2201 1080 2272 culpae
1100 2202 1346 2256 humana:
1377 2201 1427 2254 in
1461 2199 1626 2254 Deum
1658 2199 1898 2255 referen-

300 2296 423 2353 dam
439 2298 940 2360 admonetcausam,
958 2311 1061 2365 qua
1076 2293 1322 2367 (anuia)
1339 2293 1382 2347 si
1405 2292 1579 2362 aliqua
1594 2293 1898 2362 peccatoris

303 2389 558 2461 iniquitas
585 2405 614 2444 a
659 2389 767 2444 Deo
801 2387 1175 2461 pnedestinata
1205 2388 1465 2454 creditur,
1508 2387 1676 2458 ipsius
1704 2386 1899 2458 iniqui-

301 2481 428 2536 tatis
483 2497 644 2537 causa
696 2481 748 2536 in
798 2479 1265 2551 prtedestinatione
1312 2477 1488 2533 divina
1538 2487 1770 2548 ponetur
1797 2476 1891 2548 (al.

301 2570 706 2643 constituatur).
735 2569 890 2637 Quod
931 2570 1034 2641 25
1061 2584 1223 2638 quam
1252 2569 1322 2625 sit
1351 2569 1592 2640 impium,
1625 2582 1898 2639 quamque

302 2663 429 2718 ﬁdei
487 2663 800 2718 Christianae
847 2663 1214 2724 contrarium,
1273 2659 1476 2715 nullum
1527 2671 1658 2730 puto
1713 2661 1897 2730 fugere

301 2753 687 2808 Christianum.
723 2752 840 2808 Alio
877 2767 1093 2822 quoque
1139 2750 1378 2819 ejusdem
1423 2749 1548 2804 libri
1590 2751 1709 2805 loco
1741 2749 1894 2821 (Cap.

306 2842 398 2915 19)
446 2850 776 2899 memoratus
828 2843 885 2898 S.
939 2843 1262 2910 Augustinus
1305 2841 1384 2895 sic
1427 2841 1606 2894 dicit:
1644 2860 1661 2891 ι
1697 2839 1899 2894 Extolli

301 2933 507 3003 quippe
536 2933 587 2986 in
627 2931 934 3003 superbiam
983 2930 1213 3001 propria:
1260 2928 1550 2984 voluntatis
1595 2937 1679 2984 est
1724 2930 1901 2984 homi-

301 3037 455 3078 num.
506 3039 614 3078 non
652 3023 834 3093 operis
869 3021 983 3077 Dei.
1027 3021 1211 3092 Neque
1238 3021 1380 3077 enim
1408 3020 1600 3076 adhoc
1624 3035 1720 3076 eos
1746 3035 1898 3075 com-

290 3113 457 3198 pellit
481 3123 572 3170 aut
599 3113 822 3184 adjuvat
857 3115 1016 3170 Deus.
1053 3135 1071 3166 ι

303 3226 485 3282 Carm
518 3244 662 3300 xxrx‘.
714 3227 1112 3300 Prtedestinatio
1144 3229 1256 3283 sine
1292 3227 1389 3284 Dei
1407 3228 1757 3300 praescientia
1783 3244 1899 3284 esse

377 3316 482 3370 non
512 3299 695 3370 potest,
728 3299 819 3353 sed
863 3300 987 3354 bene
1029 3316 1058 3353 e
1103 3315 1364 3354 converso.

379 3367 479 3423 Dei
498 3367 626 3440 opus
645 3378 740 3433 est,
767 3369 856 3424 sed
876 3370 1152 3441 judicium.

377 3477 443 3533 Et
499 3488 558 3534 ut
607 3478 972 3536 manifestiore
1017 3481 1285 3536 dictorum
1331 3481 1447 3551 ejus
1488 3481 1685 3538 indicio
1709 3489 1894 3538 nostra

305 3571 562 3628 fulciatur
605 3573 853 3638 assertio,
899 3573 1116 3644 aliquid
1143 3575 1300 3629 nobis
1342 3575 1648 3645 ponendum
1696 3583 1781 3630 est
1826 3575 1896 3630 de

305 3661 440 3718 libro
467 3677 634 3733 quem
669 3663 884 3734 scripsit
928 3664 995 3720 de
1038 3666 1509 3735 praedestinatione
1561 3675 1894 3734 sanctorum,

303 3773 410 3828 quo
449 3755 793 3813 manifestius
833 3758 1085 3824 ostendit,
1114 3759 1230 3814 sine
1257 3759 1727 3828 praedestinatione
1755 3775 1894 3831 pra:-

248 3889 250 3891 ›
303 3850 590 3904 scientiam
611 3849 708 3903 Dei
731 3863 848 3903 esse
871 3863 1051 3918 posse,
1071 3848 1594 3918 pnedestinationem
1622 3864 1754 3904 vero
1782 3851 1898 3905 sine

289 3939 644 4010 praescientia
673 3953 793 3995 esse
817 3953 922 3991 non
951 3952 1147 4008 posse;
1191 3946 1246 3992 et
1291 3938 1418 4008 quia
1458 3937 1600 3994 Deus
1627 3937 1899 4008 prmscivit

302 4034 464 4089 etiam
493 4047 620 4102 qua:
650 4033 764 4102 ipse
793 4047 902 4085 non
934 4029 1076 4095 facit,
1109 4031 1213 4086 hoc
1239 4040 1343 4099 est,
1375 4039 1616 4102 peccata.
1650 4030 1703 4087 In
1734 4047 1898 4102 supra

302 4132 608 4180 memorato
636 4124 795 4192 igitur
821 4125 978 4187 libro,
1019 4122 1134 4178 haec
1161 4131 1244 4178 est
1272 4122 1510 4192 ejusdem
1541 4123 1685 4178 beati
1714 4124 1899 4193 Augu-

302 4217 425 4272 stini
475 4217 751 4273 sententia
805 4213 962 4288 (Lib.
1006 4229 1056 4283 ι,
1097 4231 1214 4287 cap.
1249 4213 1352 4286 10)
1387 4233 1399 4268 :
1439 4233 1458 4267 ι
1493 4213 1900 4289 Pnedestinatio

307 4315 408 4376 est,
442 4322 574 4378 quae
598 4307 713 4360 sine
728 4306 1059 4378 praescientia
1091 4321 1197 4360 non
1229 4313 1411 4378 potest
1436 4322 1573 4372 esse,
1597 4314 1776 4378 potest
1803 4323 1901 4363 au-

303 4402 416 4453 tem
442 4411 570 4455 esse
599 4397 716 4452 sine
737 4397 1205 4468 prmdeslinatione
1235 4399 1588 4468 prtescientia.
1622 4399 1902 4456 Prtedesti-

306 4492 532 4547 natione
560 4491 759 4559 quippe
799 4489 942 4543 Deus
989 4503 1053 4544 ea
1095 4489 1380 4559 praescivit,
1411 4505 1530 4560 quae
1575 4489 1746 4546 fuerat
1787 4493 1902 4562 ipse

308 4579 573 4647 facturus,
621 4580 760 4635 unde
807 4578 1006 4635 dictum
1048 4587 1132 4635 est
1163 4597 1176 4632 :
1209 4577 1358 4634 Fecit
1398 4597 1511 4652 qua?
1545 4583 1720 4653 futura
1758 4590 1896 4636 sunt.

1443 3316 1476 3353 n
1505 3300 1749 3369 peccatis,
1787 3315 1889 3354 non
1918 3312 1968 3379 ο

1991 631 2105 688 Deo
2133 633 2306 688 malus
2333 640 2607 704 operatur.

1981 724 2173 782 CAPUT
2207 743 2333 782 xxx.
2381 725 2666 794 Responsio
2695 723 2939 794 Prosperi
2977 721 3046 774 ad
3081 716 3575 794 quartamdecimam

2063 797 2420 868 objectionem.
2467 787 2753 866 Responsio
2792 787 2862 848 ad
2892 787 3400 868 quintamdecimam.
3435 787 3574 845 Con-

2063 870 2224 923 clusio
2246 869 2312 922 de
2330 868 2799 940 pra'destinatione.
3277 883 3282 888 δ

2065 961 2182 1017 Νοιι
2221 970 2400 1017 autem
2438 962 2654 1033 ignoras
2696 961 2858 1016 etiam
2899 958 3172 1030 praeterito
3212 966 3456 1029 tempore
3498 955 3576 1013 illi

1994 1054 2418 1111 luculentissitno
2455 1055 2629 1111 sancti
2671 1053 2952 1124 Augustini
2991 1053 3161 1123 operi,
3189 1051 3332 1122 quod
3363 1048 3578 1120 scripsit

1997 1145 2066 1201 de
2114 1145 2583 1217 praedestinatione
2629 1154 2958 1208 sanctorum,
2990 1159 3020 1199 a
3051 1142 3369 1213 quibusdam
3409 1139 3578 1196 Gallis

1996 1239 2290 1309 objectum,
2311 1238 2456 1309 quod
2479 1241 2667 1295 beatus
2687 1238 3011 1308 Augustinus
3039 1238 3094 1292 in
3120 1236 3420 1293 assertione
3439 1248 3578 1306 prte-

1997 1331 2370 1387 destinationis
2397 1330 2614 1399 divinae,
2644 1337 2977 1400 peccatores,
3009 1343 3115 1383 non
3145 1326 3212 1382 ad
3239 1325 3411 1382 solum
3437 1338 3577 1396 pra:-

1997 1421 2296 1478 destinatos
2322 1421 2528 1478 diceret
2551 1420 2834 1492 judicium,
2863 1419 2956 1475 sui
2984 1419 3146 1474 etiam
3175 1417 3242 1474 ad
3264 1424 3577 1489 peccatum;

1997 1512 2151 1583 cujus
2189 1513 2365 1582 dicta,
2408 1513 2534 1583 quia
2583 1512 2698 1582 ipse
2745 1510 2907 1565 celeri
2947 1497 3251 1580 praeventus
3285 1515 3369 1563 est
3406 1507 3580 1573 obitu,

1941 1624 1949 1629 ·
1998 1603 2234 1677 Prosper
2267 1606 2381 1672 vir,
2410 1604 2651 1661 eruditus
2673 1612 2728 1660 et
2753 1611 2993 1668 sanctus,
3029 1611 3176 1658 recta
3204 1598 3440 1656 defendit
3479 1595 3585 1654 fido

1999 1707 2056 1755 et
2087 1702 2103 1765 (
2131 1699 2203 1755 αι.
2237 1707 2387 1754 recte
2426 1697 2664 1754 defendit
2703 1697 2876 1764 ﬁdeli,
2919 1696 3008 1766 et)
3050 1695 3272 1766 copioso
3308 1704 3578 1766 sermone.

1999 1789 2080 1845 Ex
2109 1790 2302 1860 quibus
2325 1787 2600 1844 Gallorum
2625 1788 2896 1859 capitulis,
2923 1796 2983 1842 ut
3005 1801 3112 1842 non
3138 1785 3307 1840 multa
3328 1799 3468 1839 nunc
3493 1795 3586 1853 poo

2000 1898 2220 1948 namus,
2252 1897 2320 1937 ne
2366 1880 2604 1937 libellum
2634 1881 2845 1945 istum,
2888 1894 3050 1950 quem
3093 1878 3360 1950 prolixum
3405 1875 3588 1932 facere

2000 1973 2308 2044 disputandi
2363 1974 2657 2030 necessitas
2709 1974 2886 2042 cogit,
2928 1971 3273 2042 prolixiorem
3339 1968 3588 2024 voluntas

1999 2063 2182 2119 facere
2208 2063 2474 2127 videatur,
2497 2064 2722 2119 duarum
2751 2063 3163 2133 responsionum
3193 2061 3312 2115 loca
3342 2059 3589 2128 duximus

2000 2157 2305 2212 inserenda.
2356 2155 2769 2223 Quartadecima
2808 2155 3011 2229 quippe
3039 2152 3315 2208 Gallorum
3356 2149 3589 2219 objectio

1998 2247 2078 2304 sic
2108 2247 2306 2302 habet:
2339 2265 2358 2298 ι
2393 2245 2547 2314 Quod
2585 2246 2678 2316 qui
2719 2245 3043 2313 evangelica:
3085 2241 3453 2314 przedicationi
3480 2253 3588 2296 non

1999 2340 2246 2403 credunt.
2295 2353 2364 2395 ex
2411 2337 2507 2394 Dei
2548 2337 3024 2409 prtedestiuatione
3071 2352 3180 2392 non
3232 2335 3475 2392 credant.
3522 2332 3591 2389 Et

1999 2429 2150 2499 quod
2176 2430 2317 2486 Deus
2347 2431 2419 2484 ita
2461 2429 2749 2492 deﬁnierit,
2780 2438 2838 2484 ut
2875 2430 3184 2500 quicunque
3205 2444 3313 2484 non
3340 2424 3590 2494 credunt,

2001 2534 2071 2576 ex
2113 2521 2280 2591 ipsius
2316 2521 2706 2576 constitutione
2753 2535 2862 2575 non
2905 2520 3148 2575 credant.
3180 2537 3201 2572 ι
3234 2517 3368 2572 Huic
3408 2518 3592 2585 itaque

2000 2613 2254 2685 pravitati
2278 2627 2397 2684 qua:
2426 2614 2568 2669 beati
2593 2611 2877 2682 Augustini
2917 2613 3093 2678 dictis,
3120 2627 3226 2668 non
3247 2627 3314 2667 ex
3340 2613 3588 2678 veritate,

2000 2707 2098 2764 sed
2142 2721 2210 2763 ex
2263 2707 2432 2764 livore
2478 2705 2855 2776 objiciebatur,
2905 2705 2999 2760 tali
3047 2703 3286 2776 Prosper
3340 2715 3592 2761 sermone

1999 2796 2282 2867 respondit
2315 2815 2328 2851 :
2357 2808 2386 2850 ἰ
2423 2796 2716 2852 lnﬁdelitas
2749 2813 2860 2853 non
2901 2795 3235 2853 credentium
3279 2793 3591 2864 Evangelio,

2001 2905 2344 2960 nequaquam
2372 2905 2439 2945 ex
2463 2888 2560 2943 Dei
2583 2890 3054 2960 prtedestinatione
3082 2897 3391 2957 generatur.
3412 2886 3592 2942 Bono—

1999 2997 2125 3039 rum
2150 2981 2293 3036 enim
2323 2981 2466 3037 Deus
2489 2989 2679 3035 auctor
2704 2988 2806 3047 est,
2847 2995 2954 3035 non
2982 2980 3267 3034 malorum.
3309 2979 3419 3049 26
3447 2975 3593 3031 Prae-

2001 3075 2296 3132 destinatio
2318 3074 2482 3144 igitur
2500 3073 2594 3130 Dei
2615 3088 2830 3144 semper
2848 3073 2900 3127 in
2922 3073 3066 3127 bono
3093 3079 3194 3136 est,
3210 3079 3303 3125 aut
3330 3070 3397 3125 ad
3423 3069 3585 3124 retri-

1997 3165 2279 3222 butionem
2296 3165 2538 3235 justitim,
2551 3175 2644 3219 aut
2655 3163 2723 3219 ad
2733 3163 3110 3231 donationem]
3129 3161 3367 3216 ertinens
3383 3160 3586 3229 gratiae.

2005 3257 2272 3314 Universae
2284 3259 2421 3312 enim
2441 3257 2536 3313 ria:
2554 3256 2768 3311 Domini
2780 3253 3136 3310 misericordia
3147 3263 3194 3307 et
3214 3253 3397 3308 veritas
3420 3250 3593 3323 (Psal.
3638 3249 3645 3258 ’

1997 3365 2144 3416 xxiv,
2170 3349 2280 3416 10).
2313 3346 2547 3403 Proinde
2602 3346 2890 3402 infidelitas
2938 3361 3048 3401 non
3095 3343 3451 3410 credentium,
3483 3357 3596 3398 non

1995 3443 2064 3498 ad
2085 3439 2530 3499 constitutionem
2553 3439 2779 3507 Dei,sed
2805 3439 2871 3493 ad
2897 3437 3292 3509 prmscientiam
3312 3436 3595 3493 referenda

1997 3544 2102 3593 est.
2135 3535 2265 3604 Qua:
2297 3553 2403 3593 non
2431 3536 2556 3592 ideo
2583 3535 2959 3591 necessitatem
2986 3549 3094 3590 non
3116 3533 3369 3590 credendi
3393 3533 3592 3600 intulit,

1997 3631 2124 3701 quia
2143 3629 2266 3684 'falli
2284 3629 2352 3685 de
2381 3645 2466 3691 ea.
2496 3645 2618 3699 qua:
2647 3627 2826 3683 futura
2855 3636 2993 3691 erat,
3027 3625 3341 3684 inﬁdelitate
3363 3643 3468 3682 non
3498 3642 3597 3698 po-

1998 3723 2121 3777 tuit.
2152 3741 2172 3776 ι
2200 3721 2611 3796 Quintadecima
2637 3720 2798 3776 etiam
2827 3721 3060 3790 objectio
3089 3721 3173 3775 his
3193 3720 3369 3774 verbis
3397 3719 3597 3776 inserta

2000 3823 2104 3879 est,
2136 3815 2280 3883 quod
2324 3813 2465 3868 idem
2495 3814 2568 3868 sit
2619 3813 2954 3883 praescientia
2983 3814 3127 3884 quod
3167 3814 3594 3884 przcdestinatio.

1999 3904 2100 3962 Cui
2149 3904 2382 3976 Prosper
2406 3905 2484 3960 sic
2512 3903 2788 3976 respondit
2816 3923 2828 3958 :
2872 3924 2889 3955 ι
2924 3903 3028 3972 Qui
3085 3905 3472 3974 praesrientiam
3503 3904 3599 3961 Dei

2001 3995 2059 4052 in
2101 3995 2250 4050 nullo
2297 3993 2364 4048 ab
2397 3993 2566 4062 ipsius
2593 3990 3068 4064 prmdestinétione
3115 3994 3391 4048 discernit.
3444 3993 3600 4061 Quod

2002 4082 2350 4139 tribuendum
2381 4090 2464 4137 est
2491 4083 2602 4138 Deo
2625 4082 2695 4138 de
2724 4083 2905 4146 bonis,
2937 4084 3041 4138 hoc
3069 4083 3119 4138 ei
3148 4083 3308 4140 etiam
3351 4083 3418 4139 de
3445 4085 3601 4142 malis

2002 4187 2233 4236 conatur
2258 4177 2548 4234 ascribere.
2590 4177 2694 4233 Sed
2721 4193 2842 4233 cum
2876 4179 3015 4234 bona
3047 4178 3113 4234 ad
3163 4179 3469 4248 largitorem
3508 4194 3601 4236 co.

2003 4277 2457 4342 operatoremque
2486 4283 2672 4324 eorum
2707 4269 2894 4333 Deum,
2930 4270 3069 4325 mala
3101 4279 3280 4326 autem
3328 4272 3393 4326 ad
3416 4271 3603 4328 volun-

2004 4363 2198 4417 tariam
2228 4359 2508 4416 rationalis
2534 4369 2798 4416 creatura:
2827 4360 3121 4432 nequitiam
3163 4359 3444 4416 referenda
3474 4362 3604 4432 sint,

2004 4452 2224 4509 dubium
2252 4469 2358 4509 non
2388 4462 2490 4518 est,
2518 4453 2636 4509 sine
2665 4452 2770 4522 ulla
2796 4452 3078 4522 temporali
3109 4452 3406 4510 differentia
3435 4453 3604 4509 Deum

2005 4553 2062 4600 et
2091 4544 2369 4616 praescisse
2409 4544 2591 4608 simul,
2623 4551 2678 4598 et
2707 4542 3135 4613 praedestinasse,
3163 4559 3284 4614 quae
3312 4545 3429 4614 ipso
3451 4554 3607 4601 erant
3707 4591 3710 4593 λ

2008 4646 2233 4693 auctore
2264 4634 2529 4698 facienda,
2561 4632 2646 4687 vel
2675 4647 2794 4702 qua:
2824 4633 2978 4688 malis
3007 4635 3211 4690 meritis
3256 4633 3404 4703 justo
3451 4643 3606 4690 erant

308 4677 571 4738 Prtescire
600 4688 777 4734 autem
807 4687 1000 4749 potens
1027 4685 1110 4732 est
1136 4677 1298 4732 etiam
1327 4693 1445 4748 quas
1470 4680 1585 4749 ipse
1615 4696 1719 4735 non
1749 4679 1897 4748 facit,
1929 4701 1984 4766 υ
2008 4677 2233 4740 “.”“”.’“ἶ’“’
2264 4677 2529 4737 “””’Ῐ”“”“’
2572 4677 2646 4754 ’Ἴ
2678 4677 2794 4702 ΨΜ
2824 4677 2977 4736 ””.“””
3007 4677 3211 4690 "mm"
3256 4677 3403 4703 ⁴”””“’
3452 4677 3605 4690 ”’““““

495 4791 821 4798 “mnu”
875 4784 1089 4798 μμ-.-
1158 4773 1286 4798 nu,‘
1485 4787 1603 4798 ΑΜ,
1979 4727 2211 4798 .judICIO
2253 4724 2598 4780 retribuenda
2632 4763 2646 4776 .
2697 4739 2974 4795 pncsctsse
3002 4734 3181 4780 autem
3211 4728 3605 4795 tantummodo,

307 4779 447 4836 sicut
485 4791 826 4850 quaecunque
875 4784 1116 4846 peccata.
1157 4773 1291 4843 Quia
1335 4779 1434 4831 etsi
1482 4787 1609 4833 sunt
1650 4779 1894 4849 quaedam

309 4886 427 4942 qua}
476 4873 556 4927 ita
603 4877 823 4942 peccata
863 4876 1007 4935 sunt,
1040 4875 1098 4923 ut
1132 4884 1303 4939 poema
1328 4869 1433 4924 sint
1456 4871 1616 4925 etiam
1647 4881 1900 4942 peccato-

311 4967 451 5027 t'um,
483 4960 635 5017 unde
661 4959 862 5016 dictum
892 4965 977 5013 est
1009 4976 1022 5012 :
1059 4956 1298 5012 Tradidit
1326 4960 1444 5013 illos
1475 4957 1613 5014 Deus
1636 4962 1690 5014 in
1720 4977 1870 5031 repro

315 5052 428 5110 bum
454 5065 698 5120 mentem,
739 5062 795 5107 ut
824 5055 1020 5125 faciant
1047 5069 1162 5124 qua:
1188 5070 1292 5108 non
1319 5055 1623 5109 conveniunt
1651 5054 1834 5126 (Rom.
1859 5072 1897 5123 ι,

282 5153 439 5254 εει),
474 5171 586 5212 ιιοιι
628 5155 699 5210 ibi
732 5163 1014 5225 peccatum
1043 5151 1136 5209 Dei
1161 5162 1263 5217 est,
1295 5152 1400 5235 sed
1413 5153 1691 5223 judicium.
1717 5174 1736 5208 ι
1771 5153 1905 5212 Ριιιο

282 5255 367 5312 .in
419 5256 505 5312 his
555 5255 714 5312 dictis
762 5255 906 5310 beati
955 5255 1237 5326 Augustini
1279 5255 1560 5311 evidenter
1606 5266 1906 5326 ostensum,

316 5355 459 5412 bona
507 5338 676 5428 opera
712 5370 807 5413 sua
845 5355 1015 5411 Deum
1058 5356 1337 5426 praescisse
1387 5364 1443 5412 et
1480 5356 1905 5428 pnedestinasse,

282 5493 286 5498 ι
318 5453 423 5512 hoc
443 5464 548 5522 est,
569 5456 683 5511 sive
709 5469 831 5526 quae
853 5453 922 5508 ad
945 5453 1388 5520 misericordiam,
1411 5470 1506 5510 seu
1530 5469 1651 5526 qua:
1671 5456 1737 5512 ad
1751 5456 1911 5526 justi-

321 5556 448 5612 tiam
478 5557 790 5628 pertinent;
819 5553 959 5609 mala
995 5567 1126 5609 vero
1170 5569 1359 5626 opera,
1399 5555 1501 5610 hoc
1545 5565 1628 5611 est
1664 5567 1908 5627 peccata,

322 5656 601 5724 [traiecisse
629 5663 857 5719 tantum,
884 5667 993 5709 non
1017 5653 1179 5709 etiam
1207 5655 1645 5725 przedestinasse;
1675 5657 1800 5726 quia
1834 5659 1906 5714 ibi

322 5759 431 5804 nou
459 5763 598 5820 opus
624 5747 717 5803 Dei
738 5761 859 5804 esse
877 5745 1093 5811 dicitur,
1123 5746 1216 5802 sed
1238 5746 1520 5816 judicium.
1546 5747 1672 5805 Ideo
1699 5749 1752 5804 in
1783 5765 1908 5820 pec-

327 5844 451 5892 cato
477 5851 614 5909 opus
637 5837 730 5895 Dei
755 5851 864 5894 non
890 5844 992 5902 εει,
1017 5835 1140 5904 quia
1171 5843 1229 5890 ut
1258 5845 1538 5906 peccatum
1568 5835 1740 5904 fieret,
1772 5853 1910 5910 pne-

320 5927 648 5989 destt‘natum
671 5930 740 5988 ab
765 5943 834 5987 eo
861 5944 972 5986 non
996 5935 1097 5983 εει.
1136 5925 1266 5983 Ideo
1302 5935 1482 5982 autem
1509 5927 1766 5996 judicium
1796 5937 1903 5993 est,

2003 4836 2112 4876 non
2144 4820 2307 4875 etiam
2334 4817 2766 4888 praedestinasse,
2787 4833 2908 4886 quae
2925 4834 3032 4874 non
3061 4835 3125 4875 ex
3159 4821 3275 4890 ipso
3305 4832 3459 4877 erant
3479 4836 3608 4876 cau-

2002 4925 2117 4968 sam
2164 4910 2497 4981 operationis
2535 4909 2802 4964 babitura.
2842 4929 2861 4962 ›
2897 4909 3006 4966 Nos
3051 4914 3234 4982 itaque
3259 4953 3274 4978 ,
3308 4913 3607 4982 carissime,

2010 5004 2130 5060 haec
2160 5003 2375 5058 interim
2408 5016 2576 5072 pauca
2605 5001 2672 5056 de
2703 5001 2854 5057 libris
2890 5003 3062 5058 sancti
3107 5003 3410 5071 Augustini,
3440 5011 3496 5057 et
3541 5003 3609 5062 de

2013 5083 2456 5168 responsionibus
2477 5094 2746 5166 Prosperi,
2762 5096 2831 5152 ob
2853 5095 2956 5152 hoc
2977 5098 3260 5151 maluimus
3283 5096 3406 5150 huic
3429 5095 3610 5153 libello

2015 5189 2275 5254 inserere,
2301 5195 2361 5242 ut
2385 5186 2567 5243 cuncti
2597 5188 2847 5243 noverint
2882 5187 3010 5257 quid
3041 5187 3273 5242 debeant
3301 5186 3369 5240 de
3400 5188 3610 5257 praede-

2017 5280 2312 5336 stinatione
2356 5287 2665 5335 sanctorqu
2715 5280 3111 5351 impiorumque
3163 5279 3394 5342 sentire;
3426 5273 3642 5336 simul-i

2015 5386 2122 5442 que
2145 5409 2162 5435 ,
2194 5377 2253 5425 ut
2280 5377 2542 5442 appareat
2587 5368 2828 5440 ejusdem
2859 5367 3000 5423 beati
3032 5367 3311 5440 Augustini
3343 5369 3499 5428 dictis
3529 5382 3612 5428 te-

2021 5477 2208 5518 norem
2263 5472 2461 5518 nostrte
2511 5462 2791 5525 scutario:
2846 5458 3154 5514 convenire.
3207 5457 3439 5518 Proinde
3485 5467 3611 5533 quia

2015 5551 2348 5609 sufficienter
2381 5553 2463 5624 (ut
2505 5551 2762 5620 arbitror)
2795 5549 3008 5618 iniquos
3043 5565 3154 5606 non
3195 5551 3260 5606 ad
3303 5562 3606 5623 peccatum,
3659 5620 3662 5624 ἰ

2017 5645 2114 5702 sed
2143 5644 2210 5698 ad
2252 5644 2572 5714 :upplicium
2623 5641 3039 5712 praedestinatos
3080 5644 3438 5709 ostendimus,
3489 5633 3640 5702 huio'

2013 5740 2274 5797 volumini
2297 5740 2409 5809 jam
2433 5737 2722 5792 terminum
2744 5734 3023 5804 debemus,
3048 5747 3107 5793 ut
3127 5738 3194 5793 ad
3219 5738 3443 5794 aliarum
3471 5753 3612 5809 quaa-
3631 5729 3660 5761 θ’

2013 5835 2250 5891 stionum
2277 5829 2699 5901 disputationem
2733 5830 2992 5888 attentius
3039 5831 3456 5896 recensendam,
3490 5831 3610 5890 lec-

2014 5929 2149 5984 toris
2175 5931 2403 5986 renoret
2424 5921 2667 5989 sordium
2688 5925 2976 5996 temperies
3003 5923 3258 5994 distincta
3291 5925 3581 5986 librorum.
